  <div class='ocr_page' id='page_1' title='image "/cluster/home/n/w/nwhite01/storage/ocr_20150623/119/hvd.32044015466915/242.png"; bbox 0 0 3902 6300; ppageno 0'>
   <div class='ocr_carea' id='block_1_1' title="bbox 120 357 236 415">
    <p class='ocr_par' dir='ltr' id='par_1_1' title="bbox 120 357 236 415">
     <span class='ocr_line' id='line_1_1' title="bbox 120 357 236 415; baseline 0 0"><span class='ocrx_word' id='word_1_1' title='bbox 120 357 236 415; x_wconf 74' lang='grc'><strong>473</strong></span> 
     </span>
    </p>
   </div>
   <div class='ocr_carea' id='block_1_2' title="bbox 121 556 1716 635">
    <p class='ocr_par' dir='ltr' id='par_1_2' title="bbox 121 556 1716 635">
     <span class='ocr_line' id='line_1_2' title="bbox 121 556 1716 635; baseline -0.008 -16"><span class='ocrx_word' id='word_1_2' title='bbox 121 560 509 635; x_wconf 77' lang='lat' dir='ltr'><strong>flagitaverim,</strong></span> <span class='ocrx_word' id='word_1_3' title='bbox 555 566 616 614; x_wconf 89' lang='lat' dir='ltr'><strong>ut</strong></span> <span class='ocrx_word' id='word_1_4' title='bbox 647 565 827 614; x_wconf 91' lang='lat' dir='ltr'><strong>vestra</strong></span> <span class='ocrx_word' id='word_1_5' title='bbox 852 556 1116 613; x_wconf 78' lang='lat' dir='ltr'><strong>celsitudo</strong></span> <span class='ocrx_word' id='word_1_6' title='bbox 1162 556 1486 625; x_wconf 80' lang='lat' dir='ltr'><strong>parvitatem</strong></span> <span class='ocrx_word' id='word_1_7' title='bbox 1536 567 1716 607; x_wconf 86' lang='lat' dir='ltr'><strong>meam</strong></span> 
     </span>
    </p>
   </div>
   <div class='ocr_carea' id='block_1_3' title="bbox 119 645 1717 724">
    <p class='ocr_par' dir='ltr' id='par_1_3' title="bbox 119 645 1717 724">
     <span class='ocr_line' id='line_1_3' title="bbox 119 645 1717 724; baseline -0.008 -13"><span class='ocrx_word' id='word_1_8' title='bbox 119 670 240 711; x_wconf 81' lang='lat' dir='ltr'><strong>non</strong></span> <span class='ocrx_word' id='word_1_9' title='bbox 284 656 620 724; x_wconf 70' lang='lat' dir='ltr'><strong>aspernetur,</strong></span> <span class='ocrx_word' id='word_1_10' title='bbox 654 650 752 706; x_wconf 90' lang='lat' dir='ltr'><strong>sed</strong></span> <span class='ocrx_word' id='word_1_11' title='bbox 792 649 924 705; x_wconf 91' lang='lat' dir='ltr'><strong>olim</strong></span> <span class='ocrx_word' id='word_1_12' title='bbox 963 662 1281 705; x_wconf 86' lang='lat' dir='ltr'><strong>concessam</strong></span> <span class='ocrx_word' id='word_1_13' title='bbox 1312 645 1560 702; x_wconf 89' lang='lat' dir='ltr'><strong>notitiam</strong></span> <span class='ocrx_word' id='word_1_14' title='bbox 1587 659 1717 700; x_wconf 89' lang='lat' dir='ltr'><strong>con-</strong></span> 
     </span>
    </p>
   </div>
   <div class='ocr_carea' id='block_1_4' title="bbox 120 737 1718 815">
    <p class='ocr_par' dir='ltr' id='par_1_4' title="bbox 120 737 1718 815">
     <span class='ocr_line' id='line_1_4' title="bbox 120 737 1718 815; baseline -0.008 -11"><span class='ocrx_word' id='word_1_15' title='bbox 120 747 651 815; x_wconf 86' lang='lat' dir='ltr'><strong>descensionemque</strong></span> <span class='ocrx_word' id='word_1_16' title='bbox 673 743 905 799; x_wconf 80' lang='lat' dir='ltr'><strong>retinere</strong></span> <span class='ocrx_word' id='word_1_17' title='bbox 929 741 1202 814; x_wconf 78' lang='lat' dir='ltr'><strong>dignetur.</strong></span> <span class='ocrx_word' id='word_1_18' title='bbox 1232 739 1316 796; x_wconf 85' lang='lat' dir='ltr'><strong>Me</strong></span> <span class='ocrx_word' id='word_1_19' title='bbox 1343 754 1475 796; x_wconf 88' lang='lat' dir='ltr'><strong>vero</strong></span> <span class='ocrx_word' id='word_1_20' title='bbox 1504 737 1718 794; x_wconf 89' lang='lat' dir='ltr'><strong>noverit</strong></span> 
     </span>
    </p>
   </div>
   <div class='ocr_carea' id='block_1_5' title="bbox 117 830 1717 908">
    <p class='ocr_par' dir='ltr' id='par_1_5' title="bbox 117 830 1717 908">
     <span class='ocr_line' id='line_1_5' title="bbox 117 830 1717 908; baseline -0.008 -11"><span class='ocrx_word' id='word_1_21' title='bbox 117 841 183 896; x_wconf 84' lang='lat' dir='ltr'><strong>in</strong></span> <span class='ocrx_word' id='word_1_22' title='bbox 236 840 318 896; x_wconf 91' lang='lat' dir='ltr'><strong>sui</strong></span> <span class='ocrx_word' id='word_1_23' title='bbox 364 837 684 908; x_wconf 87' lang='lat' dir='ltr'><strong>obsequium</strong></span> <span class='ocrx_word' id='word_1_24' title='bbox 730 834 964 891; x_wconf 91' lang='lat' dir='ltr'><strong>ﬁdeliter</strong></span> <span class='ocrx_word' id='word_1_25' title='bbox 1012 840 1395 905; x_wconf 67' lang='lat' dir='ltr'><strong>praeparatum.</strong></span> <span class='ocrx_word' id='word_1_26' title='bbox 1448 830 1717 887; x_wconf 50' lang='lat' dir='ltr'><strong>Caeterum</strong></span> 
     </span>
    </p>
   </div>
   <div class='ocr_carea' id='block_1_6' title="bbox 113 923 1718 1001">
    <p class='ocr_par' dir='ltr' id='par_1_6' title="bbox 113 923 1718 1001">
     <span class='ocr_line' id='line_1_6' title="bbox 113 923 1718 1001; baseline -0.006 -14"><span class='ocrx_word' id='word_1_27' title='bbox 113 942 370 989; x_wconf 75' lang='lat' dir='ltr'><strong>vestram</strong></span> <span class='ocrx_word' id='word_1_28' title='bbox 398 930 830 1001; x_wconf 89' lang='lat' dir='ltr'><strong>opinatissimam</strong></span> <span class='ocrx_word' id='word_1_29' title='bbox 872 927 1058 1000; x_wconf 81' lang='lat' dir='ltr'><strong>ﬂagito</strong></span> <span class='ocrx_word' id='word_1_30' title='bbox 1093 925 1475 981; x_wconf 81' lang='lat' dir='ltr'><strong>liberalitatem</strong></span> <span class='ocrx_word' id='word_1_31' title='bbox 1501 930 1561 977; x_wconf 93' lang='lat' dir='ltr'><strong>ut</strong></span> <span class='ocrx_word' id='word_1_32' title='bbox 1582 923 1718 978; x_wconf 93' lang='lat' dir='ltr'><strong>duos</strong></span> 
     </span>
    </p>
   </div>
   <div class='ocr_carea' id='block_1_7' title="bbox 114 1018 1717 1092">
    <p class='ocr_par' dir='ltr' id='par_1_7' title="bbox 114 1018 1717 1092">
     <span class='ocr_line' id='line_1_7' title="bbox 114 1018 1717 1092; baseline -0.007 -9"><span class='ocrx_word' id='word_1_33' title='bbox 114 1035 346 1083; x_wconf 82' lang='lat' dir='ltr'><strong>nostros</strong></span> <span class='ocrx_word' id='word_1_34' title='bbox 364 1024 594 1079; x_wconf 88' lang='lat' dir='ltr'><strong>famulos</strong></span> <span class='ocrx_word' id='word_1_35' title='bbox 616 1038 647 1078; x_wconf 92' lang='lat' dir='ltr'><strong>a</strong></span> <span class='ocrx_word' id='word_1_36' title='bbox 664 1022 863 1079; x_wconf 83' lang='lat' dir='ltr'><strong>vestris</strong></span> <span class='ocrx_word' id='word_1_37' title='bbox 883 1020 1071 1085; x_wconf 83' lang='lat' dir='ltr'><strong>fabris,</strong></span> <span class='ocrx_word' id='word_1_38' title='bbox 1088 1035 1224 1092; x_wconf 89' lang='lat' dir='ltr'><strong>quos</strong></span> <span class='ocrx_word' id='word_1_39' title='bbox 1243 1018 1599 1090; x_wconf 87' lang='lat' dir='ltr'><strong>peritissimos</strong></span> <span class='ocrx_word' id='word_1_40' title='bbox 1620 1032 1717 1073; x_wconf 88' lang='lat' dir='ltr'><strong>vos</strong></span> 
     </span>
    </p>
   </div>
   <div class='ocr_carea' id='block_1_8' title="bbox 114 1108 1719 1189">
    <p class='ocr_par' dir='ltr' id='par_1_8' title="bbox 114 1108 1719 1189">
     <span class='ocr_line' id='line_1_8' title="bbox 114 1108 1719 1189; baseline -0.007 -14"><span class='ocrx_word' id='word_1_41' title='bbox 114 1119 329 1175; x_wconf 86' lang='lat' dir='ltr'><strong>habere</strong></span> <span class='ocrx_word' id='word_1_42' title='bbox 342 1118 500 1189; x_wconf 89' lang='lat' dir='ltr'><strong>longe</strong></span> <span class='ocrx_word' id='word_1_43' title='bbox 512 1116 730 1187; x_wconf 85' lang='lat' dir='ltr'><strong>lateque</strong></span> <span class='ocrx_word' id='word_1_44' title='bbox 742 1113 884 1170; x_wconf 86' lang='lat' dir='ltr'><strong>fama</strong></span> <span class='ocrx_word' id='word_1_45' title='bbox 898 1112 1152 1186; x_wconf 74' lang='lat' dir='ltr'><strong>vulgavit,</strong></span> <span class='ocrx_word' id='word_1_46' title='bbox 1168 1126 1235 1165; x_wconf 92' lang='lat' dir='ltr'><strong>au</strong></span> <span class='ocrx_word' id='word_1_47' title='bbox 1244 1110 1286 1165; x_wconf 89' lang='lat' dir='ltr'><strong>ri</strong></span> <span class='ocrx_word' id='word_1_48' title='bbox 1305 1118 1360 1165; x_wconf 90' lang='lat' dir='ltr'><strong>et</strong></span> <span class='ocrx_word' id='word_1_49' title='bbox 1372 1108 1581 1180; x_wconf 80' lang='lat' dir='ltr'><strong>argenti</strong></span> <span class='ocrx_word' id='word_1_50' title='bbox 1594 1122 1719 1179; x_wconf 88' lang='lat' dir='ltr'><strong>ope-</strong></span> 
     </span>
    </p>
   </div>
   <div class='ocr_carea' id='block_1_9' title="bbox 115 1202 1717 1282">
    <p class='ocr_par' dir='ltr' id='par_1_9' title="bbox 115 1202 1717 1282">
     <span class='ocr_line' id='line_1_9' title="bbox 115 1202 1717 1282; baseline -0.006 -12"><span class='ocrx_word' id='word_1_51' title='bbox 115 1216 284 1271; x_wconf 85' lang='lat' dir='ltr'><strong>ribus</strong></span> <span class='ocrx_word' id='word_1_52' title='bbox 301 1202 505 1271; x_wconf 86' lang='lat' dir='ltr'><strong>erudiri</strong></span> <span class='ocrx_word' id='word_1_53' title='bbox 525 1212 787 1282; x_wconf 76' lang='lat' dir='ltr'><strong>iubeatis,</strong></span> <span class='ocrx_word' id='word_1_54' title='bbox 801 1208 1266 1279; x_wconf 69' lang='lat' dir='ltr'><strong>vestro‘beneﬁcio</strong></span> <span class='ocrx_word' id='word_1_55' title='bbox 1286 1206 1443 1264; x_wconf 91' lang='lat' dir='ltr'><strong>nobis</strong></span> <span class='ocrx_word' id='word_1_56' title='bbox 1454 1215 1509 1262; x_wconf 90' lang='lat' dir='ltr'><strong>et</strong></span> <span class='ocrx_word' id='word_1_57' title='bbox 1524 1203 1717 1261; x_wconf 83' lang='lat' dir='ltr'><strong>vicinis</strong></span> 
     </span>
    </p>
   </div>
   <div class='ocr_carea' id='block_1_10' title="bbox 112 1300 1716 1376">
    <p class='ocr_par' dir='ltr' id='par_1_10' title="bbox 112 1300 1716 1376">
     <span class='ocr_line' id='line_1_10' title="bbox 112 1300 1716 1376; baseline -0.006 -14"><span class='ocrx_word' id='word_1_58' title='bbox 112 1306 333 1362; x_wconf 85' lang='lat' dir='ltr'><strong>nostris</strong></span> <span class='ocrx_word' id='word_1_59' title='bbox 378 1304 671 1376; x_wconf 90' lang='lat' dir='ltr'><strong>plurimum</strong></span> <span class='ocrx_word' id='word_1_60' title='bbox 712 1302 1045 1375; x_wconf 88' lang='lat' dir='ltr'><strong>profuturos.</strong></span> <span class='ocrx_word' id='word_1_61' title='bbox 1072 1300 1228 1358; x_wconf 88' lang='lat' dir='ltr'><strong>Unde</strong></span> <span class='ocrx_word' id='word_1_62' title='bbox 1271 1316 1341 1356; x_wconf 90' lang='lat' dir='ltr'><strong>ne</strong></span> <span class='ocrx_word' id='word_1_63' title='bbox 1373 1306 1559 1356; x_wconf 87' lang='lat' dir='ltr'><strong>nostra</strong></span> <span class='ocrx_word' id='word_1_64' title='bbox 1588 1303 1716 1353; x_wconf 85' lang='lat' dir='ltr'><strong>vota</strong></span> 
     </span>
    </p>
   </div>
   <div class='ocr_carea' id='block_1_11' title="bbox 112 1392 1717 1475">
    <p class='ocr_par' dir='ltr' id='par_1_11' title="bbox 112 1392 1717 1475">
     <span class='ocr_line' id='line_1_11' title="bbox 112 1392 1717 1475; baseline -0.006 -21"><span class='ocrx_word' id='word_1_65' title='bbox 112 1398 358 1455; x_wconf 87' lang='lat' dir='ltr'><strong>nimium</strong></span> <span class='ocrx_word' id='word_1_66' title='bbox 387 1396 755 1463; x_wconf 75' lang='lat' dir='ltr'><strong>differrentur,</strong></span> <span class='ocrx_word' id='word_1_67' title='bbox 792 1395 1013 1475; x_wconf 79' lang='lat' dir='ltr'><strong>siquod</strong></span> <span class='ocrx_word' id='word_1_68' title='bbox 1048 1392 1284 1465; x_wconf 88' lang='lat' dir='ltr'><strong>petimus</strong></span> <span class='ocrx_word' id='word_1_69' title='bbox 1309 1392 1557 1449; x_wconf 90' lang='lat' dir='ltr'><strong>obtinere</strong></span> <span class='ocrx_word' id='word_1_70' title='bbox 1601 1405 1717 1446; x_wconf 87' lang='lat' dir='ltr'><strong>me-</strong></span> 
     </span>
    </p>
   </div>
   <div class='ocr_carea' id='block_1_12' title="bbox 112 1482 1715 1559">
    <p class='ocr_par' dir='ltr' id='par_1_12' title="bbox 112 1482 1715 1559">
     <span class='ocr_line' id='line_1_12' title="bbox 112 1482 1715 1559; baseline -0.005 -14"><span class='ocrx_word' id='word_1_71' title='bbox 112 1492 358 1557; x_wconf 88' lang='lat' dir='ltr'><strong>ruimus,</strong></span> <span class='ocrx_word' id='word_1_72' title='bbox 387 1506 551 1546; x_wconf 90' lang='lat' dir='ltr'><strong>unum</strong></span> <span class='ocrx_word' id='word_1_73' title='bbox 590 1503 779 1545; x_wconf 91' lang='lat' dir='ltr'><strong>eorum</strong></span> <span class='ocrx_word' id='word_1_74' title='bbox 806 1501 944 1559; x_wconf 90' lang='lat' dir='ltr'><strong>quos</strong></span> <span class='ocrx_word' id='word_1_75' title='bbox 974 1487 1212 1558; x_wconf 86' lang='lat' dir='ltr'><strong>dirigere</strong></span> <span class='ocrx_word' id='word_1_76' title='bbox 1243 1485 1492 1556; x_wconf 90' lang='lat' dir='ltr'><strong>cupimus</strong></span> <span class='ocrx_word' id='word_1_77' title='bbox 1517 1497 1581 1539; x_wconf 91' lang='lat' dir='ltr'><strong>ea</strong></span> <span class='ocrx_word' id='word_1_78' title='bbox 1600 1482 1715 1554; x_wconf 88' lang='lat' dir='ltr'><strong>jam</strong></span> 
     </span>
    </p>
   </div>
   <div class='ocr_carea' id='block_1_13' title="bbox 112 1578 1714 1655">
    <p class='ocr_par' dir='ltr' id='par_1_13' title="bbox 112 1578 1714 1655">
     <span class='ocr_line' id='line_1_13' title="bbox 112 1578 1714 1655; baseline -0.007 -14"><span class='ocrx_word' id='word_1_79' title='bbox 112 1584 477 1641; x_wconf 87' lang='lat' dir='ltr'><strong>imbuendum</strong></span> <span class='ocrx_word' id='word_1_80' title='bbox 530 1591 648 1639; x_wconf 89' lang='lat' dir='ltr'><strong>arte</strong></span> <span class='ocrx_word' id='word_1_81' title='bbox 699 1580 1133 1655; x_wconf 90' lang='lat' dir='ltr'><strong>procuravimus.</strong></span> <span class='ocrx_word' id='word_1_82' title='bbox 1186 1578 1394 1633; x_wconf 85' lang='lat' dir='ltr'><strong>Aurum</strong></span> <span class='ocrx_word' id='word_1_83' title='bbox 1422 1584 1714 1648; x_wconf 59' lang='lat' dir='ltr'><strong>‘prazterea</strong></span> 
     </span>
    </p>
   </div>
   <div class='ocr_carea' id='block_1_14' title="bbox 111 1667 1713 1746">
    <p class='ocr_par' dir='ltr' id='par_1_14' title="bbox 111 1667 1713 1746">
     <span class='ocr_line' id='line_1_14' title="bbox 111 1667 1713 1746; baseline -0.006 -15"><span class='ocrx_word' id='word_1_84' title='bbox 111 1675 273 1746; x_wconf 86' lang='lat' dir='ltr'><strong>quod</strong></span> <span class='ocrx_word' id='word_1_85' title='bbox 323 1675 412 1730; x_wconf 89' lang='lat' dir='ltr'><strong>hic</strong></span> <span class='ocrx_word' id='word_1_86' title='bbox 458 1673 629 1729; x_wconf 83' lang='lat' dir='ltr'><strong>frater</strong></span> <span class='ocrx_word' id='word_1_87' title='bbox 676 1682 864 1729; x_wconf 86' lang='lat' dir='ltr'><strong>noster</strong></span> <span class='ocrx_word' id='word_1_88' title='bbox 904 1671 1045 1742; x_wconf 91' lang='lat' dir='ltr'><strong>apud</strong></span> <span class='ocrx_word' id='word_1_89' title='bbox 1098 1682 1197 1726; x_wconf 88' lang='lat' dir='ltr'><strong>vos</strong></span> <span class='ocrx_word' id='word_1_90' title='bbox 1242 1668 1492 1740; x_wconf 84' lang='lat' dir='ltr'><strong>deposuit</strong></span> <span class='ocrx_word' id='word_1_91' title='bbox 1537 1667 1713 1723; x_wconf 91' lang='lat' dir='ltr'><strong>eidem</strong></span> 
     </span>
    </p>
   </div>
   <div class='ocr_carea' id='block_1_15' title="bbox 110 1760 1714 1840">
    <p class='ocr_par' dir='ltr' id='par_1_15' title="bbox 110 1760 1714 1840">
     <span class='ocr_line' id='line_1_15' title="bbox 110 1760 1714 1840; baseline -0.007 -15"><span class='ocrx_word' id='word_1_92' title='bbox 110 1769 311 1840; x_wconf 83' lang='lat' dir='ltr'><strong>iubete</strong></span> <span class='ocrx_word' id='word_1_93' title='bbox 346 1767 593 1834; x_wconf 88' lang='lat' dir='ltr'><strong>restitui;</strong></span> <span class='ocrx_word' id='word_1_94' title='bbox 622 1774 684 1822; x_wconf 92' lang='lat' dir='ltr'><strong>ut</strong></span> <span class='ocrx_word' id='word_1_95' title='bbox 710 1780 875 1837; x_wconf 88' lang='lat' dir='ltr'><strong>opere</strong></span> <span class='ocrx_word' id='word_1_96' title='bbox 902 1765 1166 1836; x_wconf 91' lang='lat' dir='ltr'><strong>inspecto,</strong></span> <span class='ocrx_word' id='word_1_97' title='bbox 1208 1762 1337 1833; x_wconf 91' lang='lat' dir='ltr'><strong>quid</strong></span> <span class='ocrx_word' id='word_1_98' title='bbox 1366 1760 1523 1817; x_wconf 90' lang='lat' dir='ltr'><strong>nobis</strong></span> <span class='ocrx_word' id='word_1_99' title='bbox 1549 1774 1714 1831; x_wconf 84' lang='lat' dir='ltr'><strong>agen-</strong></span> 
     </span>
    </p>
   </div>
   <div class='ocr_carea' id='block_1_16' title="bbox 111 1830 1787 1928">
    <p class='ocr_par' dir='ltr' id='par_1_16' title="bbox 111 1830 1787 1928">
     <span class='ocr_line' id='line_1_16' title="bbox 111 1830 1787 1928; baseline -0.006 -10"><span class='ocrx_word' id='word_1_100' title='bbox 111 1830 255 1918; x_wconf 74' lang='lat' dir='ltr'><strong>dum</strong></span> <span class='ocrx_word' id='word_1_101' title='bbox 286 1862 355 1918; x_wconf 90' lang='lat' dir='ltr'><strong>sit</strong></span> <span class='ocrx_word' id='word_1_102' title='bbox 375 1830 647 1917; x_wconf 69' lang='lat' dir='ltr'><strong>aestimare</strong></span> <span class='ocrx_word' id='word_1_103' title='bbox 670 1830 966 1915; x_wconf 81' lang='lat' dir='ltr'><strong>valeamus.</strong></span> <span class='ocrx_word' id='word_1_104' title='bbox 987 1830 1250 1928; x_wconf 67' lang='lat' dir='ltr'><strong>Uptovos</strong></span> <span class='ocrx_word' id='word_1_105' title='bbox 1271 1854 1455 1912; x_wconf 89' lang='lat' dir='ltr'><strong>valere</strong></span> <span class='ocrx_word' id='word_1_106' title='bbox 1482 1830 1713 1911; x_wconf 89' lang='lat' dir='ltr'><strong>feliciter</strong></span> <span class='ocrx_word' id='word_1_107' title='bbox 1738 1830 1787 1892; x_wconf 76' lang='grc' dir='ltr'><strong>Β</strong></span> 
     </span>
    </p>
   </div>
   <div class='ocr_carea' id='block_1_17' title="bbox 113 1942 1354 2027">
    <p class='ocr_par' dir='ltr' id='par_1_17' title="bbox 113 1942 1354 2027">
     <span class='ocr_line' id='line_1_17' title="bbox 113 1942 1354 2027; baseline -0.006 -14"><span class='ocrx_word' id='word_1_108' title='bbox 113 1965 172 2013; x_wconf 88' lang='lat' dir='ltr'><strong>et</strong></span> <span class='ocrx_word' id='word_1_109' title='bbox 196 1958 458 2012; x_wconf 87' lang='lat' dir='ltr'><strong>virtutum</strong></span> <span class='ocrx_word' id='word_1_110' title='bbox 482 1955 540 2011; x_wconf 91' lang='lat' dir='ltr'><strong>in</strong></span> <span class='ocrx_word' id='word_1_111' title='bbox 568 1955 684 2012; x_wconf 90' lang='lat' dir='ltr'><strong>dies</strong></span> <span class='ocrx_word' id='word_1_112' title='bbox 711 1968 908 2027; x_wconf 89' lang='lat' dir='ltr'><strong>capere</strong></span> <span class='ocrx_word' id='word_1_113' title='bbox 937 1942 1354 2008; x_wconf 88' lang='lat' dir='ltr'><strong>incrementum.</strong></span> 
     </span>
    </p>
   </div>
   <div class='ocr_carea' id='block_1_18' title="bbox 567 2177 1264 2254">
    <p class='ocr_par' dir='ltr' id='par_1_18' title="bbox 567 2177 1264 2254">
     <span class='ocr_line' id='line_1_18' title="bbox 567 2177 1264 2254; baseline -0.004 -18"><span class='ocrx_word' id='word_1_114' title='bbox 567 2180 676 2254; x_wconf 70' lang='grc'><strong>47</strong></span> <span class='ocrx_word' id='word_1_115' title='bbox 707 2178 1045 2237; x_wconf 84' lang='lat' dir='ltr'><strong>EPISTOLA</strong></span> <span class='ocrx_word' id='word_1_116' title='bbox 1081 2177 1264 2235; x_wconf 83' lang='lat' dir='ltr'><strong>xxm.</strong></span> 
     </span>
    </p>
   </div>
   <div class='ocr_carea' id='block_1_19' title="bbox 412 2326 1423 2370">
    <p class='ocr_par' dir='ltr' id='par_1_19' title="bbox 412 2326 1423 2370">
     <span class='ocr_line' id='line_1_19' title="bbox 412 2326 1423 2370; baseline -0.004 -1"><span class='ocrx_word' id='word_1_117' title='bbox 412 2328 543 2369; x_wconf 78' lang='grc' dir='ltr'><strong>ιτειι</strong></span> <span class='ocrx_word' id='word_1_118' title='bbox 571 2328 640 2368; x_wconf 78' lang='grc' dir='ltr'><strong>ΔΙ)</strong></span> <span class='ocrx_word' id='word_1_119' title='bbox 664 2327 887 2370; x_wconf 69' lang='lat' dir='ltr'><strong>EUIDBI</strong></span> <span class='ocrx_word' id='word_1_120' title='bbox 912 2328 984 2367; x_wconf 73' lang='lat' dir='ltr'><strong>EX</strong></span> <span class='ocrx_word' id='word_1_121' title='bbox 1010 2327 1201 2370; x_wconf 75' lang='grc' dir='ltr'><strong>οιιοιιιε</strong></span> <span class='ocrx_word' id='word_1_122' title='bbox 1227 2326 1423 2367; x_wconf 76' lang='lat' dir='ltr'><strong>PARTE.</strong></span> 
     </span>
    </p>
   </div>
   <div class='ocr_carea' id='block_1_20' title="bbox 185 2485 1710 2560">
    <p class='ocr_par' dir='ltr' id='par_1_20' title="bbox 185 2485 1710 2560">
     <span class='ocr_line' id='line_1_20' title="bbox 185 2485 1710 2560; baseline -0.001 -14"><span class='ocrx_word' id='word_1_123' title='bbox 185 2488 525 2547; x_wconf 85' lang='lat' dir='ltr'><strong>Clarissimis</strong></span> <span class='ocrx_word' id='word_1_124' title='bbox 562 2486 859 2543; x_wconf 85' lang='lat' dir='ltr'><strong>honoribus</strong></span> <span class='ocrx_word' id='word_1_125' title='bbox 886 2487 1086 2544; x_wconf 87' lang='lat' dir='ltr'><strong>merito</strong></span> <span class='ocrx_word' id='word_1_126' title='bbox 1119 2485 1710 2560; x_wconf 69' lang='lat' dir='ltr'><strong>decorathudoguico</strong></span> 
     </span>
    </p>
   </div>
   <div class='ocr_carea' id='block_1_21' title="bbox 109 2577 1712 2647">
    <p class='ocr_par' dir='ltr' id='par_1_21' title="bbox 109 2577 1712 2647">
     <span class='ocr_line' id='line_1_21' title="bbox 109 2577 1712 2647; baseline 0.001 -12"><span class='ocrx_word' id='word_1_127' title='bbox 109 2579 349 2635; x_wconf 88' lang='lat' dir='ltr'><strong>ultimus</strong></span> <span class='ocrx_word' id='word_1_128' title='bbox 396 2579 677 2647; x_wconf 90' lang='lat' dir='ltr'><strong>abbatum,</strong></span> <span class='ocrx_word' id='word_1_129' title='bbox 711 2591 739 2621; x_wconf 71' lang='grc' dir='ltr'>α</span> <span class='ocrx_word' id='word_1_130' title='bbox 770 2577 886 2635; x_wconf 91' lang='lat' dir='ltr'><strong>Odo</strong></span> <span class='ocrx_word' id='word_1_131' title='bbox 932 2588 989 2635; x_wconf 89' lang='lat' dir='ltr'><strong>et</strong></span> <span class='ocrx_word' id='word_1_132' title='bbox 1039 2580 1291 2636; x_wconf 89' lang='lat' dir='ltr'><strong>universa</strong></span> <span class='ocrx_word' id='word_1_133' title='bbox 1342 2579 1712 2638; x_wconf 84' lang='lat' dir='ltr'><strong>Ferrariensis</strong></span> 
     </span>
    </p>
   </div>
   <div class='ocr_carea' id='block_1_22' title="bbox 107 2673 1313 2745">
    <p class='ocr_par' dir='ltr' id='par_1_22' title="bbox 107 2673 1313 2745">
     <span class='ocr_line' id='line_1_22' title="bbox 107 2673 1313 2745; baseline -0.004 -13"><span class='ocrx_word' id='word_1_134' title='bbox 107 2674 354 2732; x_wconf 79' lang='lat' dir='ltr'><strong>ccenobii</strong></span> <span class='ocrx_word' id='word_1_135' title='bbox 386 2674 715 2730; x_wconf 89' lang='lat' dir='ltr'><strong>unauimitas</strong></span> <span class='ocrx_word' id='word_1_136' title='bbox 740 2673 1029 2745; x_wconf 91' lang='lat' dir='ltr'><strong>plurimam</strong></span> <span class='ocrx_word' id='word_1_137' title='bbox 1061 2673 1313 2731; x_wconf 87' lang='lat' dir='ltr'><strong>salutem.</strong></span> 
     </span>
    </p>
   </div>
   <div class='ocr_carea' id='block_1_23' title="bbox 186 2765 1711 2838">
    <p class='ocr_par' dir='ltr' id='par_1_23' title="bbox 186 2765 1711 2838">
     <span class='ocr_line' id='line_1_23' title="bbox 186 2765 1711 2838; baseline 0.001 -16"><span class='ocrx_word' id='word_1_138' title='bbox 186 2767 418 2835; x_wconf 81' lang='lat' dir='ltr'><strong>Quoties</strong></span> <span class='ocrx_word' id='word_1_139' title='bbox 490 2766 669 2836; x_wconf 88' lang='lat' dir='ltr'><strong>aliqua</strong></span> <span class='ocrx_word' id='word_1_140' title='bbox 751 2765 1175 2838; x_wconf 83' lang='lat' dir='ltr'><strong>perturbationis</strong></span> <span class='ocrx_word' id='word_1_141' title='bbox 1230 2766 1316 2822; x_wconf 83' lang='lat' dir='ltr'><strong>vel</strong></span> <span class='ocrx_word' id='word_1_142' title='bbox 1369 2768 1711 2823; x_wconf 87' lang='lat' dir='ltr'><strong>necessitatis</strong></span> 
     </span>
    </p>
   </div>
   <div class='ocr_carea' id='block_1_24' title="bbox 108 2855 1710 2930">
    <p class='ocr_par' dir='ltr' id='par_1_24' title="bbox 108 2855 1710 2930">
     <span class='ocr_line' id='line_1_24' title="bbox 108 2855 1710 2930; baseline 0 -17"><span class='ocrx_word' id='word_1_143' title='bbox 108 2856 358 2930; x_wconf 85' lang='lat' dir='ltr'><strong>procella</strong></span> <span class='ocrx_word' id='word_1_144' title='bbox 396 2857 694 2928; x_wconf 88' lang='lat' dir='ltr'><strong>quatimur,</strong></span> <span class='ocrx_word' id='word_1_145' title='bbox 731 2855 802 2911; x_wconf 89' lang='lat' dir='ltr'><strong>ad</strong></span> <span class='ocrx_word' id='word_1_146' title='bbox 839 2856 1230 2912; x_wconf 81' lang='lat' dir='ltr'><strong>benevolentiae</strong></span> <span class='ocrx_word' id='word_1_147' title='bbox 1257 2865 1454 2912; x_wconf 65' lang='lat' dir='ltr'><strong>vestrae</strong></span> <span class='ocrx_word' id='word_1_148' title='bbox 1490 2867 1710 2927; x_wconf 90' lang='lat' dir='ltr'><strong>portum</strong></span> 
     </span>
    </p>
   </div>
   <div class='ocr_carea' id='block_1_25' title="bbox 106 2949 1709 3023">
    <p class='ocr_par' dir='ltr' id='par_1_25' title="bbox 106 2949 1709 3023">
     <span class='ocr_line' id='line_1_25' title="bbox 106 2949 1709 3023; baseline -0.001 -15"><span class='ocrx_word' id='word_1_149' title='bbox 106 2951 299 3008; x_wconf 87' lang='lat' dir='ltr'><strong>securi</strong></span> <span class='ocrx_word' id='word_1_150' title='bbox 325 2950 698 3023; x_wconf 87' lang='lat' dir='ltr'><strong>confugimus:</strong></span> <span class='ocrx_word' id='word_1_151' title='bbox 720 2964 842 3020; x_wconf 71' lang='lat' dir='ltr'><strong>quae</strong></span> <span class='ocrx_word' id='word_1_152' title='bbox 878 2949 1132 3006; x_wconf 90' lang='lat' dir='ltr'><strong>omnibus</strong></span> <span class='ocrx_word' id='word_1_153' title='bbox 1164 2951 1232 3005; x_wconf 90' lang='lat' dir='ltr'><strong>ad</strong></span> <span class='ocrx_word' id='word_1_154' title='bbox 1261 2949 1709 3007; x_wconf 86' lang='lat' dir='ltr'><strong>benefaciendum</strong></span> 
     </span>
    </p>
   </div>
   <div class='ocr_carea' id='block_1_26' title="bbox 106 3039 1710 3113">
    <p class='ocr_par' dir='ltr' id='par_1_26' title="bbox 106 3039 1710 3113">
     <span class='ocr_line' id='line_1_26' title="bbox 106 3039 1710 3113; baseline -0.001 -17"><span class='ocrx_word' id='word_1_155' title='bbox 106 3042 393 3113; x_wconf 81' lang='lat' dir='ltr'><strong>exposita,</strong></span> <span class='ocrx_word' id='word_1_156' title='bbox 437 3039 712 3096; x_wconf 89' lang='lat' dir='ltr'><strong>neminem</strong></span> <span class='ocrx_word' id='word_1_157' title='bbox 752 3039 965 3110; x_wconf 85' lang='lat' dir='ltr'><strong>repellit</strong></span> <span class='ocrx_word' id='word_1_158' title='bbox 990 3039 1084 3110; x_wconf 90' lang='lat' dir='ltr'><strong>qui</strong></span> <span class='ocrx_word' id='word_1_159' title='bbox 1121 3055 1242 3096; x_wconf 91' lang='lat' dir='ltr'><strong>sese</strong></span> <span class='ocrx_word' id='word_1_160' title='bbox 1280 3055 1436 3110; x_wconf 91' lang='lat' dir='ltr'><strong>opem</strong></span> <span class='ocrx_word' id='word_1_161' title='bbox 1477 3040 1710 3111; x_wconf 89' lang='lat' dir='ltr'><strong>petendo</strong></span> 
     </span>
    </p>
   </div>
   <div class='ocr_carea' id='block_1_27' title="bbox 107 3131 1705 3206">
    <p class='ocr_par' dir='ltr' id='par_1_27' title="bbox 107 3131 1705 3206">
     <span class='ocr_line' id='line_1_27' title="bbox 107 3131 1705 3206; baseline 0 -16"><span class='ocrx_word' id='word_1_162' title='bbox 107 3134 428 3206; x_wconf 85' lang='lat' dir='ltr'><strong>ingesserit.</strong></span> <span class='ocrx_word' id='word_1_163' title='bbox 474 3131 674 3188; x_wconf 78' lang='lat' dir='ltr'><strong>Verum</strong></span> <span class='ocrx_word' id='word_1_164' title='bbox 713 3146 782 3187; x_wconf 89' lang='lat' dir='ltr'><strong>ne</strong></span> <span class='ocrx_word' id='word_1_165' title='bbox 805 3146 903 3188; x_wconf 89' lang='lat' dir='ltr'><strong>vos</strong></span> <span class='ocrx_word' id='word_1_166' title='bbox 931 3132 985 3188; x_wconf 90' lang='lat' dir='ltr'><strong>in</strong></span> <span class='ocrx_word' id='word_1_167' title='bbox 1015 3132 1235 3205; x_wconf 90' lang='lat' dir='ltr'><strong>longum</strong></span> <span class='ocrx_word' id='word_1_168' title='bbox 1261 3133 1556 3202; x_wconf 89' lang='lat' dir='ltr'><strong>ducamus,</strong></span> <span class='ocrx_word' id='word_1_169' title='bbox 1588 3149 1705 3190; x_wconf 89' lang='lat' dir='ltr'><strong>me-</strong></span> 
     </span>
    </p>
   </div>
   <div class='ocr_carea' id='block_1_28' title="bbox 1576 340 1957 404">
    <p class='ocr_par' dir='ltr' id='par_1_28' title="bbox 1576 340 1957 404">
     <span class='ocr_line' id='line_1_28' title="bbox 1576 340 1957 404; baseline 0.003 -3"><span class='ocrx_word' id='word_1_170' title='bbox 1576 340 1957 404; x_wconf 67' lang='lat' dir='ltr'><strong>EPISTOLE.</strong></span> 
     </span>
    </p>
   </div>
   <div class='ocr_carea' id='block_1_29' title="bbox 120 456 1795 543">
    <p class='ocr_par' dir='ltr' id='par_1_29' title="bbox 120 456 1795 543">
     <span class='ocr_line' id='line_1_29' title="bbox 120 456 1795 543; baseline -0.008 -16"><span class='ocrx_word' id='word_1_171' title='bbox 120 472 356 543; x_wconf 83' lang='lat' dir='ltr'><strong>antiquo</strong></span> <span class='ocrx_word' id='word_1_172' title='bbox 384 473 573 525; x_wconf 85' lang='lat' dir='ltr'><strong>nostro</strong></span> <span class='ocrx_word' id='word_1_173' title='bbox 598 479 784 522; x_wconf 87' lang='lat' dir='ltr'><strong>amore</strong></span> <span class='ocrx_word' id='word_1_174' title='bbox 823 463 1095 536; x_wconf 83' lang='lat' dir='ltr'><strong>colligere.</strong></span> <span class='ocrx_word' id='word_1_175' title='bbox 1137 458 1273 518; x_wconf 88' lang='lat' dir='ltr'><strong>Illud</strong></span> <span class='ocrx_word' id='word_1_176' title='bbox 1308 456 1537 517; x_wconf 83' lang='lat' dir='ltr'><strong>forsitan</strong></span> <span class='ocrx_word' id='word_1_177' title='bbox 1567 457 1714 530; x_wconf 84' lang='lat' dir='ltr'><strong>juste</strong></span> <span class='ocrx_word' id='word_1_178' title='bbox 1738 464 1795 523; x_wconf 78' lang='grc' dir='ltr'><strong>Α</strong></span> 
     </span>
    </p>
   </div>
   <div class='ocr_carea' id='block_1_30' title="bbox 3299 335 3408 395">
    <p class='ocr_par' dir='ltr' id='par_1_30' title="bbox 3299 335 3408 395">
     <span class='ocr_line' id='line_1_30' title="bbox 3299 335 3408 395; baseline 0 -1"><span class='ocrx_word' id='word_1_179' title='bbox 3299 335 3408 395; x_wconf 70' lang='grc'><strong>474</strong></span> 
     </span>
    </p>
   </div>
   <div class='ocr_carea' id='block_1_31' title="bbox 2255 446 2968 531">
    <p class='ocr_par' dir='ltr' id='par_1_31' title="bbox 2255 446 2968 531">
     <span class='ocr_line' id='line_1_31' title="bbox 2255 446 2968 531; baseline -0.006 -19"><span class='ocrx_word' id='word_1_180' title='bbox 2255 450 2369 531; x_wconf 66' lang='grc' dir='ltr'><em>ω</em></span> <span class='ocrx_word' id='word_1_181' title='bbox 2406 446 2740 512; x_wconf 82' lang='lat' dir='ltr'><strong>EPISTOLA</strong></span> <span class='ocrx_word' id='word_1_182' title='bbox 2781 451 2968 509; x_wconf 80' lang='lat' dir='ltr'><strong>xxw.</strong></span> 
     </span>
    </p>
   </div>
   <div class='ocr_carea' id='block_1_32' title="bbox 2307 603 2919 654">
    <p class='ocr_par' dir='ltr' id='par_1_32' title="bbox 2307 603 2919 654">
     <span class='ocr_line' id='line_1_32' title="bbox 2307 603 2919 654; baseline -0.003 -9"><span class='ocrx_word' id='word_1_183' title='bbox 2307 605 2438 646; x_wconf 68' lang='lat' dir='ltr'><strong>1TB]!</strong></span> <span class='ocrx_word' id='word_1_184' title='bbox 2467 604 2536 645; x_wconf 78' lang='lat' dir='ltr'><strong>AD</strong></span> <span class='ocrx_word' id='word_1_185' title='bbox 2563 603 2706 654; x_wconf 74' lang='grc' dir='ltr'><strong>ρυειι</strong></span> <span class='ocrx_word' id='word_1_186' title='bbox 2733 603 2919 646; x_wconf 73' lang='grc' dir='ltr'><strong>ευριιΑ.</strong></span> 
     </span>
    </p>
   </div>
   <div class='ocr_carea' id='block_1_33' title="bbox 2838 693 2867 720">
    <p class='ocr_par' dir='ltr' id='par_1_33' title="bbox 2838 693 2867 720">
     <span class='ocr_line' id='line_1_33' title="bbox 2838 693 2867 720; baseline 0 0"><span class='ocrx_word' id='word_1_187' title='bbox 2838 693 2867 720; x_wconf 58' lang='grc' dir='ltr'><strong><em>υ</em></strong></span> 
     </span>
    </p>
   </div>
   <div class='ocr_carea' id='block_1_34' title="bbox 1889 748 3405 824">
    <p class='ocr_par' dir='ltr' id='par_1_34' title="bbox 1889 748 3405 824">
     <span class='ocr_line' id='line_1_34' title="bbox 1889 748 3405 824; baseline -0.001 -15"><span class='ocrx_word' id='word_1_188' title='bbox 1889 751 2128 809; x_wconf 92' lang='lat' dir='ltr'><strong>Summis</strong></span> <span class='ocrx_word' id='word_1_189' title='bbox 2173 751 2473 809; x_wconf 88' lang='lat' dir='ltr'><strong>honoribus</strong></span> <span class='ocrx_word' id='word_1_190' title='bbox 2520 752 2840 824; x_wconf 79' lang='lat' dir='ltr'><strong>dignissimo</strong></span> <span class='ocrx_word' id='word_1_191' title='bbox 2889 750 3201 823; x_wconf 87' lang='lat' dir='ltr'><strong>Ludogvico</strong></span> <span class='ocrx_word' id='word_1_192' title='bbox 3253 748 3405 820; x_wconf 83' lang='lat' dir='ltr'><strong>Odo,</strong></span> 
     </span>
    </p>
   </div>
   <div class='ocr_carea' id='block_1_35' title="bbox 1817 844 3309 917">
    <p class='ocr_par' dir='ltr' id='par_1_35' title="bbox 1817 844 3309 917">
     <span class='ocr_line' id='line_1_35' title="bbox 1817 844 3309 917; baseline -0.002 -14"><span class='ocrx_word' id='word_1_193' title='bbox 1817 848 2073 903; x_wconf 87' lang='lat' dir='ltr'><strong>abbatum</strong></span> <span class='ocrx_word' id='word_1_194' title='bbox 2104 845 2327 902; x_wconf 91' lang='lat' dir='ltr'><strong>ultimus</strong></span> <span class='ocrx_word' id='word_1_195' title='bbox 2350 887 2364 911; x_wconf 88' lang='lat'><strong>,</strong></span> <span class='ocrx_word' id='word_1_196' title='bbox 2400 845 2690 917; x_wconf 90' lang='lat' dir='ltr'><strong>plurimam</strong></span> <span class='ocrx_word' id='word_1_197' title='bbox 2719 847 2772 902; x_wconf 91' lang='lat' dir='ltr'><strong>in</strong></span> <span class='ocrx_word' id='word_1_198' title='bbox 2804 844 3031 902; x_wconf 91' lang='lat' dir='ltr'><strong>Domino</strong></span> <span class='ocrx_word' id='word_1_199' title='bbox 3058 846 3309 902; x_wconf 88' lang='lat' dir='ltr'><strong>salutem.</strong></span> 
     </span>
    </p>
   </div>
   <div class='ocr_carea' id='block_1_36' title="bbox 1885 937 3407 1008">
    <p class='ocr_par' dir='ltr' id='par_1_36' title="bbox 1885 937 3407 1008">
     <span class='ocr_line' id='line_1_36' title="bbox 1885 937 3407 1008; baseline 0 -15"><span class='ocrx_word' id='word_1_200' title='bbox 1885 937 2152 994; x_wconf 72' lang='lat' dir='ltr'><strong>Atl‘ectum</strong></span> <span class='ocrx_word' id='word_1_201' title='bbox 2180 946 2374 993; x_wconf 83' lang='lat' dir='ltr'><strong>vestrae</strong></span> <span class='ocrx_word' id='word_1_202' title='bbox 2406 937 2797 994; x_wconf 65' lang='lat' dir='ltr'><strong>benevolentiae</strong></span> <span class='ocrx_word' id='word_1_203' title='bbox 2823 952 3052 1008; x_wconf 88' lang='lat' dir='ltr'><strong>pronum</strong></span> <span class='ocrx_word' id='word_1_204' title='bbox 3084 937 3138 992; x_wconf 93' lang='lat' dir='ltr'><strong>in</strong></span> <span class='ocrx_word' id='word_1_205' title='bbox 3165 938 3407 1008; x_wconf 82' lang='lat' dir='ltr'><strong>parvita-</strong></span> 
     </span>
    </p>
   </div>
   <div class='ocr_carea' id='block_1_37' title="bbox 1818 1029 3407 1103">
    <p class='ocr_par' dir='ltr' id='par_1_37' title="bbox 1818 1029 3407 1103">
     <span class='ocr_line' id='line_1_37' title="bbox 1818 1029 3407 1103; baseline 0 -15"><span class='ocrx_word' id='word_1_206' title='bbox 1818 1039 1926 1088; x_wconf 85' lang='lat' dir='ltr'><strong>tem</strong></span> <span class='ocrx_word' id='word_1_207' title='bbox 1968 1046 2144 1087; x_wconf 90' lang='lat' dir='ltr'><strong>meam</strong></span> <span class='ocrx_word' id='word_1_208' title='bbox 2186 1030 2307 1086; x_wconf 91' lang='lat' dir='ltr'><strong>luce</strong></span> <span class='ocrx_word' id='word_1_209' title='bbox 2352 1029 2554 1087; x_wconf 87' lang='lat' dir='ltr'><strong>clarius</strong></span> <span class='ocrx_word' id='word_1_210' title='bbox 2597 1031 2909 1101; x_wconf 81' lang='lat' dir='ltr'><strong>pervidens,</strong></span> <span class='ocrx_word' id='word_1_211' title='bbox 2941 1047 3042 1103; x_wconf 91' lang='lat' dir='ltr'><strong>ago</strong></span> <span class='ocrx_word' id='word_1_212' title='bbox 3081 1030 3407 1100; x_wconf 89' lang='lat' dir='ltr'><strong>multiplices</strong></span> 
     </span>
    </p>
   </div>
   <div class='ocr_carea' id='block_1_38' title="bbox 1816 1122 3405 1197">
    <p class='ocr_par' dir='ltr' id='par_1_38' title="bbox 1816 1122 3405 1197">
     <span class='ocr_line' id='line_1_38' title="bbox 1816 1122 3405 1197; baseline 0.001 -19"><span class='ocrx_word' id='word_1_213' title='bbox 1816 1124 2019 1197; x_wconf 86' lang='lat' dir='ltr'><strong>gratias</strong></span> <span class='ocrx_word' id='word_1_214' title='bbox 2064 1123 2345 1194; x_wconf 87' lang='lat' dir='ltr'><strong>Deumque</strong></span> <span class='ocrx_word' id='word_1_215' title='bbox 2389 1122 2505 1179; x_wconf 90' lang='lat' dir='ltr'><strong>fore</strong></span> <span class='ocrx_word' id='word_1_216' title='bbox 2549 1123 2737 1194; x_wconf 90' lang='lat' dir='ltr'><strong>pietati</strong></span> <span class='ocrx_word' id='word_1_217' title='bbox 2781 1131 2976 1180; x_wconf 84' lang='lat' dir='ltr'><strong>vestrae</strong></span> <span class='ocrx_word' id='word_1_218' title='bbox 3022 1122 3405 1179; x_wconf 87' lang='lat' dir='ltr'><strong>retributorem</strong></span> 
     </span>
    </p>
   </div>
   <div class='ocr_carea' id='block_1_39' title="bbox 1816 1212 3406 1287">
    <p class='ocr_par' dir='ltr' id='par_1_39' title="bbox 1816 1212 3406 1287">
     <span class='ocr_line' id='line_1_39' title="bbox 1816 1212 3406 1287; baseline -0.003 -15"><span class='ocrx_word' id='word_1_219' title='bbox 1816 1223 2035 1287; x_wconf 82' lang='lat' dir='ltr'><strong>exopto.</strong></span> <span class='ocrx_word' id='word_1_220' title='bbox 2086 1214 2206 1285; x_wconf 90' lang='lat' dir='ltr'><strong>Ipse</strong></span> <span class='ocrx_word' id='word_1_221' title='bbox 2249 1221 2430 1269; x_wconf 87' lang='lat' dir='ltr'><strong>autem</strong></span> <span class='ocrx_word' id='word_1_222' title='bbox 2478 1221 2704 1284; x_wconf 87' lang='lat' dir='ltr'><strong>paratus</strong></span> <span class='ocrx_word' id='word_1_223' title='bbox 2750 1228 2893 1280; x_wconf 89' lang='lat' dir='ltr'><strong>sum,</strong></span> <span class='ocrx_word' id='word_1_224' title='bbox 2943 1213 2988 1269; x_wconf 91' lang='lat' dir='ltr'><strong>si</strong></span> <span class='ocrx_word' id='word_1_225' title='bbox 3035 1213 3164 1284; x_wconf 89' lang='lat' dir='ltr'><strong>quid</strong></span> <span class='ocrx_word' id='word_1_226' title='bbox 3214 1212 3406 1284; x_wconf 89' lang='lat' dir='ltr'><strong>jubere</strong></span> 
     </span>
    </p>
   </div>
   <div class='ocr_carea' id='block_1_40' title="bbox 1814 1306 3401 1381">
    <p class='ocr_par' dir='ltr' id='par_1_40' title="bbox 1814 1306 3401 1381">
     <span class='ocr_line' id='line_1_40' title="bbox 1814 1306 3401 1381; baseline -0.004 -15"><span class='ocrx_word' id='word_1_227' title='bbox 1814 1318 1998 1366; x_wconf 89' lang='lat' dir='ltr'><strong>vestra</strong></span> <span class='ocrx_word' id='word_1_228' title='bbox 2046 1309 2297 1381; x_wconf 86' lang='lat' dir='ltr'><strong>dignetur</strong></span> <span class='ocrx_word' id='word_1_229' title='bbox 2338 1307 2685 1373; x_wconf 80' lang='lat' dir='ltr'><strong>excellentia,</strong></span> <span class='ocrx_word' id='word_1_230' title='bbox 2735 1306 2965 1363; x_wconf 83' lang='lat' dir='ltr'><strong>fideliter</strong></span> <span class='ocrx_word' id='word_1_231' title='bbox 3004 1307 3401 1376; x_wconf 89' lang='lat' dir='ltr'><strong>obtemperare.</strong></span> 
     </span>
    </p>
   </div>
   <div class='ocr_carea' id='block_1_41' title="bbox 1815 1398 3404 1473">
    <p class='ocr_par' dir='ltr' id='par_1_41' title="bbox 1815 1398 3404 1473">
     <span class='ocr_line' id='line_1_41' title="bbox 1815 1398 3404 1473; baseline -0.004 -13"><span class='ocrx_word' id='word_1_232' title='bbox 1815 1402 2085 1460; x_wconf 72' lang='lat' dir='ltr'><strong>Caeterum</strong></span> <span class='ocrx_word' id='word_1_233' title='bbox 2112 1400 2339 1473; x_wconf 89' lang='lat' dir='ltr'><strong>impellit</strong></span> <span class='ocrx_word' id='word_1_234' title='bbox 2373 1417 2459 1457; x_wconf 91' lang='lat' dir='ltr'><strong>me</strong></span> <span class='ocrx_word' id='word_1_235' title='bbox 2489 1400 2787 1457; x_wconf 85' lang='lat' dir='ltr'><strong>necessitas</strong></span> <span class='ocrx_word' id='word_1_236' title='bbox 2827 1400 3022 1459; x_wconf 88' lang='lat' dir='ltr'><strong>iterum</strong></span> <span class='ocrx_word' id='word_1_237' title='bbox 3051 1400 3215 1457; x_wconf 80' lang='lat' dir='ltr'><strong>vestri</strong></span> <span class='ocrx_word' id='word_1_238' title='bbox 3244 1398 3404 1470; x_wconf 84' lang='lat' dir='ltr'><strong>adju-</strong></span> 
     </span>
    </p>
   </div>
   <div class='ocr_carea' id='block_1_42' title="bbox 1816 1489 3405 1565">
    <p class='ocr_par' dir='ltr' id='par_1_42' title="bbox 1816 1489 3405 1565">
     <span class='ocr_line' id='line_1_42' title="bbox 1816 1489 3405 1565; baseline -0.002 -16"><span class='ocrx_word' id='word_1_239' title='bbox 1816 1494 1939 1549; x_wconf 89' lang='lat' dir='ltr'><strong>torii</strong></span> <span class='ocrx_word' id='word_1_240' title='bbox 1992 1493 2356 1565; x_wconf 87' lang='lat' dir='ltr'><strong>patrocinium</strong></span> <span class='ocrx_word' id='word_1_241' title='bbox 2421 1491 2740 1563; x_wconf 89' lang='lat' dir='ltr'><strong>suppliciter</strong></span> <span class='ocrx_word' id='word_1_242' title='bbox 2789 1491 3102 1562; x_wconf 87' lang='lat' dir='ltr'><strong>implorare.</strong></span> <span class='ocrx_word' id='word_1_243' title='bbox 3161 1489 3405 1561; x_wconf 84' lang='lat' dir='ltr'><strong>Namque</strong></span> 
     </span>
    </p>
   </div>
   <div class='ocr_carea' id='block_1_43' title="bbox 1813 1579 3404 1656">
    <p class='ocr_par' dir='ltr' id='par_1_43' title="bbox 1813 1579 3404 1656">
     <span class='ocr_line' id='line_1_43' title="bbox 1813 1579 3404 1656; baseline -0.003 -15"><span class='ocrx_word' id='word_1_244' title='bbox 1813 1596 2101 1656; x_wconf 89' lang='lat' dir='ltr'><strong>postquam</strong></span> <span class='ocrx_word' id='word_1_245' title='bbox 2136 1584 2288 1640; x_wconf 88' lang='lat' dir='ltr'><strong>vobis</strong></span> <span class='ocrx_word' id='word_1_246' title='bbox 2332 1582 2715 1638; x_wconf 81' lang='lat' dir='ltr'><strong>auxiliantibus</strong></span> <span class='ocrx_word' id='word_1_247' title='bbox 2755 1582 3039 1653; x_wconf 89' lang='lat' dir='ltr'><strong>impetrata</strong></span> <span class='ocrx_word' id='word_1_248' title='bbox 3072 1582 3286 1637; x_wconf 88' lang='lat' dir='ltr'><strong>licentia</strong></span> <span class='ocrx_word' id='word_1_249' title='bbox 3334 1579 3404 1636; x_wconf 89' lang='lat' dir='ltr'><strong>ab</strong></span> 
     </span>
    </p>
   </div>
   <div class='ocr_carea' id='block_1_44' title="bbox 1812 1672 3400 1748">
    <p class='ocr_par' dir='ltr' id='par_1_44' title="bbox 1812 1672 3400 1748">
     <span class='ocr_line' id='line_1_44' title="bbox 1812 1672 3400 1748; baseline -0.003 -17"><span class='ocrx_word' id='word_1_250' title='bbox 1812 1676 2159 1748; x_wconf 82' lang='lat' dir='ltr'><strong>expeditione</strong></span> <span class='ocrx_word' id='word_1_251' title='bbox 2208 1674 2532 1745; x_wconf 79' lang='lat' dir='ltr'><strong>Aquitanica</strong></span> <span class='ocrx_word' id='word_1_252' title='bbox 2579 1682 2836 1745; x_wconf 89' lang='lat' dir='ltr'><strong>gravatus</strong></span> <span class='ocrx_word' id='word_1_253' title='bbox 2884 1673 3203 1728; x_wconf 87' lang='lat' dir='ltr'><strong>inﬁrmitate</strong></span> <span class='ocrx_word' id='word_1_254' title='bbox 3243 1672 3400 1737; x_wconf 86' lang='lat' dir='ltr'><strong>redii,</strong></span> 
     </span>
    </p>
   </div>
   <div class='ocr_carea' id='block_1_45' title="bbox 1814 1764 3417 1853">
    <p class='ocr_par' dir='ltr' id='par_1_45' title="bbox 1814 1764 3417 1853">
     <span class='ocr_line' id='line_1_45' title="bbox 1814 1764 3417 1853; baseline -0.004 -30"><span class='ocrx_word' id='word_1_255' title='bbox 1814 1772 2005 1824; x_wconf 87' lang='lat' dir='ltr'><strong>eadem</strong></span> <span class='ocrx_word' id='word_1_256' title='bbox 2052 1780 2191 1837; x_wconf 91' lang='lat' dir='ltr'><strong>pene</strong></span> <span class='ocrx_word' id='word_1_257' title='bbox 2221 1779 2435 1834; x_wconf 85' lang='lat' dir='ltr'><strong>semper</strong></span> <span class='ocrx_word' id='word_1_258' title='bbox 2466 1765 2706 1830; x_wconf 88' lang='lat' dir='ltr'><strong>attritus,</strong></span> <span class='ocrx_word' id='word_1_259' title='bbox 2743 1764 2973 1820; x_wconf 92' lang='lat' dir='ltr'><strong>necdum</strong></span> <span class='ocrx_word' id='word_1_260' title='bbox 3009 1764 3209 1820; x_wconf 89' lang='lat' dir='ltr'><strong>revalui</strong></span> <span class='ocrx_word' id='word_1_261' title='bbox 3237 1780 3251 1817; x_wconf 91' lang='lat'><strong>:</strong></span> <span class='ocrx_word' id='word_1_262' title='bbox 3281 1777 3417 1853; x_wconf 46' lang='lat' dir='ltr'><strong>quae</strong></span> 
     </span>
    </p>
   </div>
   <div class='ocr_carea' id='block_1_46' title="bbox 1815 1857 3403 1926">
    <p class='ocr_par' dir='ltr' id='par_1_46' title="bbox 1815 1857 3403 1926">
     <span class='ocr_line' id='line_1_46' title="bbox 1815 1857 3403 1926; baseline -0.003 -10"><span class='ocrx_word' id='word_1_263' title='bbox 1815 1875 1903 1916; x_wconf 91' lang='lat' dir='ltr'><strong>res</strong></span> <span class='ocrx_word' id='word_1_264' title='bbox 1927 1875 1995 1915; x_wconf 91' lang='lat' dir='ltr'><strong>ne</strong></span> <span class='ocrx_word' id='word_1_265' title='bbox 2023 1874 2144 1914; x_wconf 90' lang='lat' dir='ltr'><strong>cum</strong></span> <span class='ocrx_word' id='word_1_266' title='bbox 2178 1857 2303 1913; x_wconf 90' lang='lat' dir='ltr'><strong>aliis</strong></span> <span class='ocrx_word' id='word_1_267' title='bbox 2330 1858 2398 1912; x_wconf 90' lang='lat' dir='ltr'><strong>ad</strong></span> <span class='ocrx_word' id='word_1_268' title='bbox 2426 1858 2737 1913; x_wconf 87' lang='lat' dir='ltr'><strong>condictum</strong></span> <span class='ocrx_word' id='word_1_269' title='bbox 2776 1872 3120 1913; x_wconf 90' lang='lat' dir='ltr'><strong>occurrerem</strong></span> <span class='ocrx_word' id='word_1_270' title='bbox 3144 1857 3403 1926; x_wconf 89' lang='lat' dir='ltr'><strong>placitum</strong></span> 
     </span>
    </p>
   </div>
   <div class='ocr_carea' id='block_1_47' title="bbox 1814 1948 3403 2024">
    <p class='ocr_par' dir='ltr' id='par_1_47' title="bbox 1814 1948 3403 2024">
     <span class='ocr_line' id='line_1_47' title="bbox 1814 1948 3403 2024; baseline -0.003 -18"><span class='ocrx_word' id='word_1_271' title='bbox 1814 1950 2109 2024; x_wconf 85' lang='lat' dir='ltr'><strong>prohibuit.</strong></span> <span class='ocrx_word' id='word_1_272' title='bbox 2158 1948 2277 2004; x_wconf 83' lang='lat' dir='ltr'><strong>Misi</strong></span> <span class='ocrx_word' id='word_1_273' title='bbox 2326 1957 2505 2003; x_wconf 90' lang='lat' dir='ltr'><strong>tamen</strong></span> <span class='ocrx_word' id='word_1_274' title='bbox 2556 1949 2806 2004; x_wconf 90' lang='lat' dir='ltr'><strong>homines</strong></span> <span class='ocrx_word' id='word_1_275' title='bbox 2853 1956 3072 2003; x_wconf 88' lang='lat' dir='ltr'><strong>nostros</strong></span> <span class='ocrx_word' id='word_1_276' title='bbox 3117 1962 3221 2002; x_wconf 90' lang='lat' dir='ltr'><strong>una</strong></span> <span class='ocrx_word' id='word_1_277' title='bbox 3278 1960 3403 2003; x_wconf 90' lang='lat' dir='ltr'><strong>cum</strong></span> 
     </span>
    </p>
   </div>
   <div class='ocr_carea' id='block_1_48' title="bbox 1815 2039 3406 2114">
    <p class='ocr_par' dir='ltr' id='par_1_48' title="bbox 1815 2039 3406 2114">
     <span class='ocr_line' id='line_1_48' title="bbox 1815 2039 3406 2114; baseline -0.003 -14"><span class='ocrx_word' id='word_1_278' title='bbox 1815 2044 2015 2100; x_wconf 88' lang='lat' dir='ltr'><strong>comite</strong></span> <span class='ocrx_word' id='word_1_279' title='bbox 2043 2043 2189 2114; x_wconf 83' lang='lat' dir='ltr'><strong>pagi,</strong></span> <span class='ocrx_word' id='word_1_280' title='bbox 2213 2042 2307 2112; x_wconf 90' lang='lat' dir='ltr'><strong>qui</strong></span> <span class='ocrx_word' id='word_1_281' title='bbox 2334 2041 2697 2113; x_wconf 81' lang='lat' dir='ltr'><strong>expeditionis</strong></span> <span class='ocrx_word' id='word_1_282' title='bbox 2721 2040 2902 2097; x_wconf 84' lang='lat' dir='ltr'><strong>ofﬁcia</strong></span> <span class='ocrx_word' id='word_1_283' title='bbox 2939 2056 3092 2096; x_wconf 90' lang='lat' dir='ltr'><strong>more</strong></span> <span class='ocrx_word' id='word_1_284' title='bbox 3119 2039 3279 2095; x_wconf 91' lang='lat' dir='ltr'><strong>solito</strong></span> <span class='ocrx_word' id='word_1_285' title='bbox 3310 2055 3406 2096; x_wconf 80' lang='lat' dir='ltr'><strong>ex-</strong></span> 
     </span>
    </p>
   </div>
   <div class='ocr_carea' id='block_1_49' title="bbox 1816 2131 3402 2203">
    <p class='ocr_par' dir='ltr' id='par_1_49' title="bbox 1816 2131 3402 2203">
     <span class='ocr_line' id='line_1_49' title="bbox 1816 2131 3402 2203; baseline -0.003 -12"><span class='ocrx_word' id='word_1_286' title='bbox 1816 2142 2192 2203; x_wconf 88' lang='lat' dir='ltr'><strong>sequerentur.</strong></span> <span class='ocrx_word' id='word_1_287' title='bbox 2235 2131 2488 2188; x_wconf 85' lang='lat' dir='ltr'><strong>Vestram</strong></span> <span class='ocrx_word' id='word_1_288' title='bbox 2532 2131 2698 2203; x_wconf 89' lang='lat' dir='ltr'><strong>igitur</strong></span> <span class='ocrx_word' id='word_1_289' title='bbox 2733 2131 3104 2202; x_wconf 89' lang='lat' dir='ltr'><strong>supplicamus</strong></span> <span class='ocrx_word' id='word_1_290' title='bbox 3140 2131 3402 2201; x_wconf 89' lang='lat' dir='ltr'><strong>pietatem</strong></span> 
     </span>
    </p>
   </div>
   <div class='ocr_carea' id='block_1_50' title="bbox 1814 2225 3401 2299">
    <p class='ocr_par' dir='ltr' id='par_1_50' title="bbox 1814 2225 3401 2299">
     <span class='ocr_line' id='line_1_50' title="bbox 1814 2225 3401 2299; baseline -0.004 -13"><span class='ocrx_word' id='word_1_291' title='bbox 1814 2239 1874 2286; x_wconf 91' lang='lat' dir='ltr'><strong>ut</strong></span> <span class='ocrx_word' id='word_1_292' title='bbox 1915 2247 2014 2287; x_wconf 92' lang='lat' dir='ltr'><strong>nos</strong></span> <span class='ocrx_word' id='word_1_293' title='bbox 2053 2229 2275 2286; x_wconf 73' lang='lat' dir='ltr'><strong>offensae</strong></span> <span class='ocrx_word' id='word_1_294' title='bbox 2326 2236 2476 2284; x_wconf 90' lang='lat' dir='ltr'><strong>metu</strong></span> <span class='ocrx_word' id='word_1_295' title='bbox 2528 2228 2712 2284; x_wconf 89' lang='lat' dir='ltr'><strong>levare</strong></span> <span class='ocrx_word' id='word_1_296' title='bbox 2740 2226 3057 2299; x_wconf 88' lang='lat' dir='ltr'><strong>dignemini.</strong></span> <span class='ocrx_word' id='word_1_297' title='bbox 3117 2225 3401 2297; x_wconf 81' lang='lat' dir='ltr'><strong>Siquidem</strong></span> 
     </span>
    </p>
   </div>
   <div class='ocr_carea' id='block_1_51' title="bbox 1813 2320 3402 2397">
    <p class='ocr_par' dir='ltr' id='par_1_51' title="bbox 1813 2320 3402 2397">
     <span class='ocr_line' id='line_1_51' title="bbox 1813 2320 3402 2397; baseline -0.003 -18"><span class='ocrx_word' id='word_1_298' title='bbox 1813 2341 2121 2397; x_wconf 86' lang='lat' dir='ltr'><strong>quanquam</strong></span> <span class='ocrx_word' id='word_1_299' title='bbox 2151 2325 2218 2379; x_wconf 90' lang='lat' dir='ltr'><strong>ad</strong></span> <span class='ocrx_word' id='word_1_300' title='bbox 2250 2323 2656 2393; x_wconf 89' lang='lat' dir='ltr'><strong>obsequendum</strong></span> <span class='ocrx_word' id='word_1_301' title='bbox 2684 2338 2807 2377; x_wconf 90' lang='lat' dir='ltr'><strong>cum</strong></span> <span class='ocrx_word' id='word_1_302' title='bbox 2843 2320 2965 2376; x_wconf 91' lang='lat' dir='ltr'><strong>aliis</strong></span> <span class='ocrx_word' id='word_1_303' title='bbox 3002 2320 3402 2392; x_wconf 87' lang='lat' dir='ltr'><strong>paratissimam</strong></span> 
     </span>
    </p>
   </div>
   <div class='ocr_carea' id='block_1_52' title="bbox 1812 2412 3404 2491">
    <p class='ocr_par' dir='ltr' id='par_1_52' title="bbox 1812 2412 3404 2491">
     <span class='ocr_line' id='line_1_52' title="bbox 1812 2412 3404 2491; baseline -0.003 -18"><span class='ocrx_word' id='word_1_304' title='bbox 1812 2417 2070 2473; x_wconf 86' lang='lat' dir='ltr'><strong>haberem</strong></span> <span class='ocrx_word' id='word_1_305' title='bbox 2120 2416 2490 2483; x_wconf 89' lang='lat' dir='ltr'><strong>voluntatem,</strong></span> <span class='ocrx_word' id='word_1_306' title='bbox 2537 2413 2895 2491; x_wconf 85' lang='lat' dir='ltr'><strong>imbecillitati</strong></span> <span class='ocrx_word' id='word_1_307' title='bbox 2951 2421 3129 2470; x_wconf 90' lang='lat' dir='ltr'><strong>tamen</strong></span> <span class='ocrx_word' id='word_1_308' title='bbox 3179 2412 3404 2470; x_wconf 86' lang='lat' dir='ltr'><strong>obviare</strong></span> 
     </span>
    </p>
   </div>
   <div class='ocr_carea' id='block_1_53' title="bbox 1812 2508 2127 2581">
    <p class='ocr_par' dir='ltr' id='par_1_53' title="bbox 1812 2508 2127 2581">
     <span class='ocr_line' id='line_1_53' title="bbox 1812 2508 2127 2581; baseline -0.006 -16"><span class='ocrx_word' id='word_1_309' title='bbox 1812 2524 1921 2566; x_wconf 90' lang='lat' dir='ltr'><strong>non</strong></span> <span class='ocrx_word' id='word_1_310' title='bbox 1954 2508 2127 2581; x_wconf 90' lang='lat' dir='ltr'><strong>potui.</strong></span> 
     </span>
    </p>
   </div>
   <div class='ocr_carea' id='block_1_54' title="bbox 2334 2658 2875 2719">
    <p class='ocr_par' dir='ltr' id='par_1_54' title="bbox 2334 2658 2875 2719">
     <span class='ocr_line' id='line_1_54' title="bbox 2334 2658 2875 2719; baseline -0.004 -2"><span class='ocrx_word' id='word_1_311' title='bbox 2334 2659 2671 2719; x_wconf 82' lang='lat' dir='ltr'><strong>EPISTOLA</strong></span> <span class='ocrx_word' id='word_1_312' title='bbox 2706 2658 2875 2716; x_wconf 80' lang='lat' dir='ltr'><strong>XXV.</strong></span> 
     </span>
    </p>
   </div>
   <div class='ocr_carea' id='block_1_55' title="bbox 2300 2814 2918 2865">
    <p class='ocr_par' dir='ltr' id='par_1_55' title="bbox 2300 2814 2918 2865">
     <span class='ocr_line' id='line_1_55' title="bbox 2300 2814 2918 2865; baseline -0.002 -11"><span class='ocrx_word' id='word_1_313' title='bbox 2300 2814 2430 2855; x_wconf 73' lang='grc' dir='ltr'><strong>ιτειι</strong></span> <span class='ocrx_word' id='word_1_314' title='bbox 2460 2816 2529 2854; x_wconf 67' lang='lat' dir='ltr'><strong>an</strong></span> <span class='ocrx_word' id='word_1_315' title='bbox 2559 2814 2702 2865; x_wconf 73' lang='lat' dir='ltr'><strong>QUEM</strong></span> <span class='ocrx_word' id='word_1_316' title='bbox 2730 2814 2918 2856; x_wconf 63' lang='lat' dir='ltr'><strong>suras.</strong></span> 
     </span>
    </p>
   </div>
   <div class='ocr_carea' id='block_1_56' title="bbox 1884 2953 3404 3027">
    <p class='ocr_par' dir='ltr' id='par_1_56' title="bbox 1884 2953 3404 3027">
     <span class='ocr_line' id='line_1_56' title="bbox 1884 2953 3404 3027; baseline 0 -16"><span class='ocrx_word' id='word_1_317' title='bbox 1884 2953 2043 3011; x_wconf 88' lang='lat' dir='ltr'><strong>Omni</strong></span> <span class='ocrx_word' id='word_1_318' title='bbox 2068 2955 2387 3010; x_wconf 64' lang='lat' dir='ltr'><strong>reverentia:</strong></span> <span class='ocrx_word' id='word_1_319' title='bbox 2415 2956 2569 3027; x_wconf 88' lang='lat' dir='ltr'><strong>apice</strong></span> <span class='ocrx_word' id='word_1_320' title='bbox 2588 2955 2933 3027; x_wconf 92' lang='lat' dir='ltr'><strong>suspiciendo</strong></span> <span class='ocrx_word' id='word_1_321' title='bbox 2954 2954 3074 3013; x_wconf 88' lang='lat' dir='ltr'><strong>viro</strong></span> <span class='ocrx_word' id='word_1_322' title='bbox 3096 2953 3404 3011; x_wconf 86' lang='lat' dir='ltr'><strong>clarissimo</strong></span> 
     </span>
    </p>
   </div>
   <div class='ocr_carea' id='block_1_57' title="bbox 1811 3046 3404 3114">
    <p class='ocr_par' dir='ltr' id='par_1_57' title="bbox 1811 3046 3404 3114">
     <span class='ocr_line' id='line_1_57' title="bbox 1811 3046 3404 3114; baseline 0 -11"><span class='ocrx_word' id='word_1_323' title='bbox 1811 3046 2086 3104; x_wconf 87' lang='lat' dir='ltr'><strong>Ludovico</strong></span> <span class='ocrx_word' id='word_1_324' title='bbox 2110 3058 2132 3087; x_wconf 82' lang='grc' dir='ltr'><strong>ο</strong></span> <span class='ocrx_word' id='word_1_325' title='bbox 2158 3046 2245 3114; x_wconf 89' lang='grc'><strong>0.,</strong></span> <span class='ocrx_word' id='word_1_326' title='bbox 2270 3048 2511 3104; x_wconf 87' lang='lat' dir='ltr'><strong>omnium</strong></span> <span class='ocrx_word' id='word_1_327' title='bbox 2543 3047 2797 3104; x_wconf 91' lang='lat' dir='ltr'><strong>abbatum</strong></span> <span class='ocrx_word' id='word_1_328' title='bbox 2824 3047 3047 3104; x_wconf 91' lang='lat' dir='ltr'><strong>ultimus</strong></span> <span class='ocrx_word' id='word_1_329' title='bbox 3069 3056 3124 3105; x_wconf 91' lang='lat' dir='ltr'><strong>et</strong></span> <span class='ocrx_word' id='word_1_330' title='bbox 3148 3047 3404 3104; x_wconf 86' lang='lat' dir='ltr'><strong>universa</strong></span> 
     </span>
    </p>
   </div>
   <div class='ocr_carea' id='block_1_58' title="bbox 1815 3139 3398 3213">
    <p class='ocr_par' dir='ltr' id='par_1_58' title="bbox 1815 3139 3398 3213">
     <span class='ocr_line' id='line_1_58' title="bbox 1815 3139 3398 3213; baseline -0.001 -17"><span class='ocrx_word' id='word_1_331' title='bbox 1815 3140 2183 3198; x_wconf 88' lang='lat' dir='ltr'><strong>Ferrariensis</strong></span> <span class='ocrx_word' id='word_1_332' title='bbox 2212 3141 2445 3198; x_wconf 75' lang='lat' dir='ltr'><strong>ctenobii</strong></span> <span class='ocrx_word' id='word_1_333' title='bbox 2474 3139 2587 3213; x_wconf 65' lang='grc'><strong>49</strong></span> <span class='ocrx_word' id='word_1_334' title='bbox 2621 3141 2856 3197; x_wconf 90' lang='lat' dir='ltr'><strong>societas</strong></span> <span class='ocrx_word' id='word_1_335' title='bbox 2886 3140 2943 3196; x_wconf 92' lang='lat' dir='ltr'><strong>in</strong></span> <span class='ocrx_word' id='word_1_336' title='bbox 2975 3140 3205 3198; x_wconf 90' lang='lat' dir='ltr'><strong>Domino</strong></span> <span class='ocrx_word' id='word_1_337' title='bbox 3248 3139 3398 3197; x_wconf 88' lang='lat' dir='ltr'><strong>salu-</strong></span> 
     </span>
    </p>
   </div>
   <div class='ocr_carea' id='block_1_59' title="bbox 108 3188 1945 3301">
    <p class='ocr_par' dir='ltr' id='par_1_59' title="bbox 108 3188 1945 3301">
     <span class='ocr_line' id='line_1_59' title="bbox 108 3188 1945 3301; baseline -0.002 -17"><span class='ocrx_word' id='word_1_338' title='bbox 108 3225 359 3284; x_wconf 85' lang='lat' dir='ltr'><strong>ministis</strong></span> <span class='ocrx_word' id='word_1_339' title='bbox 389 3225 546 3282; x_wconf 92' lang='lat' dir='ltr'><strong>nobis</strong></span> <span class='ocrx_word' id='word_1_340' title='bbox 566 3224 596 3265; x_wconf 79' lang='grc' dir='ltr'><strong>ιι</strong></span> <span class='ocrx_word' id='word_1_341' title='bbox 629 3222 950 3280; x_wconf 86' lang='lat' dir='ltr'><strong>Zachariam</strong></span> <span class='ocrx_word' id='word_1_342' title='bbox 988 3223 1240 3280; x_wconf 90' lang='lat' dir='ltr'><strong>abbatem</strong></span> <span class='ocrx_word' id='word_1_343' title='bbox 1268 3226 1371 3281; x_wconf 90' lang='lat' dir='ltr'><strong>hoc</strong></span> <span class='ocrx_word' id='word_1_344' title='bbox 1390 3240 1534 3281; x_wconf 88' lang='lat' dir='ltr'><strong>anno</strong></span> <span class='ocrx_word' id='word_1_345' title='bbox 1557 3240 1708 3301; x_wconf 88' lang='lat' dir='ltr'><strong>com-</strong></span> <span class='ocrx_word' id='word_1_346' title='bbox 1735 3188 1786 3256; x_wconf 66' lang='grc' dir='ltr'>ο</span> <span class='ocrx_word' id='word_1_347' title='bbox 1819 3243 1945 3290; x_wconf 68' lang='lat' dir='ltr'><strong>tem.</strong></span> 
     </span>
    </p>
   </div>
   <div class='ocr_carea' id='block_1_60' title="bbox 106 3317 1708 3388">
    <p class='ocr_par' dir='ltr' id='par_1_60' title="bbox 106 3317 1708 3388">
     <span class='ocr_line' id='line_1_60' title="bbox 106 3317 1708 3388; baseline -0.001 -12"><span class='ocrx_word' id='word_1_348' title='bbox 106 3320 370 3386; x_wconf 87' lang='lat' dir='ltr'><strong>missum,</strong></span> <span class='ocrx_word' id='word_1_349' title='bbox 406 3317 625 3388; x_wconf 90' lang='lat' dir='ltr'><strong>quando</strong></span> <span class='ocrx_word' id='word_1_350' title='bbox 659 3326 715 3372; x_wconf 91' lang='lat' dir='ltr'><strong>et</strong></span> <span class='ocrx_word' id='word_1_351' title='bbox 748 3324 932 3373; x_wconf 85' lang='lat' dir='ltr'><strong>vestra</strong></span> <span class='ocrx_word' id='word_1_352' title='bbox 958 3317 1327 3387; x_wconf 89' lang='lat' dir='ltr'><strong>prudentiain</strong></span> <span class='ocrx_word' id='word_1_353' title='bbox 1372 3325 1578 3372; x_wconf 90' lang='lat' dir='ltr'><strong>tantum</strong></span> <span class='ocrx_word' id='word_1_354' title='bbox 1607 3334 1708 3374; x_wconf 90' lang='lat' dir='ltr'><strong>no-</strong></span> 
     </span>
    </p>
   </div>
   <div class='ocr_carea' id='block_1_61' title="bbox 107 3407 1710 3482">
    <p class='ocr_par' dir='ltr' id='par_1_61' title="bbox 107 3407 1710 3482">
     <span class='ocr_line' id='line_1_61' title="bbox 107 3407 1710 3482; baseline -0.002 -14"><span class='ocrx_word' id='word_1_355' title='bbox 107 3412 208 3469; x_wconf 85' lang='lat' dir='ltr'><strong>bis</strong></span> <span class='ocrx_word' id='word_1_356' title='bbox 236 3409 448 3466; x_wconf 87' lang='lat' dir='ltr'><strong>favitut</strong></span> <span class='ocrx_word' id='word_1_357' title='bbox 471 3424 610 3481; x_wconf 90' lang='lat' dir='ltr'><strong>pene</strong></span> <span class='ocrx_word' id='word_1_358' title='bbox 644 3424 755 3466; x_wconf 93' lang='lat' dir='ltr'><strong>non</strong></span> <span class='ocrx_word' id='word_1_359' title='bbox 792 3409 967 3473; x_wconf 91' lang='lat' dir='ltr'><strong>nobis,</strong></span> <span class='ocrx_word' id='word_1_360' title='bbox 1000 3408 1096 3465; x_wconf 88' lang='lat' dir='ltr'><strong>sed</strong></span> <span class='ocrx_word' id='word_1_361' title='bbox 1134 3407 1255 3465; x_wconf 89' lang='lat' dir='ltr'><strong>aliis</strong></span> <span class='ocrx_word' id='word_1_362' title='bbox 1295 3409 1710 3482; x_wconf 83' lang='lat' dir='ltr'><strong>commendare-</strong></span> 
     </span>
    </p>
   </div>
   <div class='ocr_carea' id='block_1_62' title="bbox 112 3501 1711 3575">
    <p class='ocr_par' dir='ltr' id='par_1_62' title="bbox 112 3501 1711 3575">
     <span class='ocr_line' id='line_1_62' title="bbox 112 3501 1711 3575; baseline -0.001 -14"><span class='ocrx_word' id='word_1_363' title='bbox 112 3514 231 3561; x_wconf 85' lang='lat' dir='ltr'><strong>tur.</strong></span> <span class='ocrx_word' id='word_1_364' title='bbox 269 3501 427 3560; x_wconf 84' lang='lat' dir='ltr'><strong>Nunc</strong></span> <span class='ocrx_word' id='word_1_365' title='bbox 454 3503 596 3560; x_wconf 92' lang='lat' dir='ltr'><strong>idem</strong></span> <span class='ocrx_word' id='word_1_366' title='bbox 620 3503 790 3559; x_wconf 89' lang='lat' dir='ltr'><strong>abbas</strong></span> <span class='ocrx_word' id='word_1_367' title='bbox 820 3502 1098 3559; x_wconf 90' lang='lat' dir='ltr'><strong>dominum</strong></span> <span class='ocrx_word' id='word_1_368' title='bbox 1124 3517 1307 3575; x_wconf 89' lang='lat' dir='ltr'><strong>regem</strong></span> <span class='ocrx_word' id='word_1_369' title='bbox 1341 3503 1475 3570; x_wconf 90' lang='lat' dir='ltr'><strong>adit,</strong></span> <span class='ocrx_word' id='word_1_370' title='bbox 1501 3503 1631 3574; x_wconf 91' lang='lat' dir='ltr'><strong>quid</strong></span> <span class='ocrx_word' id='word_1_371' title='bbox 1659 3504 1711 3559; x_wconf 90' lang='lat' dir='ltr'><strong>ei</strong></span> 
     </span>
    </p>
   </div>
   <div class='ocr_carea' id='block_1_63' title="bbox 105 3593 1713 3667">
    <p class='ocr_par' dir='ltr' id='par_1_63' title="bbox 105 3593 1713 3667">
     <span class='ocr_line' id='line_1_63' title="bbox 105 3593 1713 3667; baseline -0.001 -17"><span class='ocrx_word' id='word_1_372' title='bbox 105 3595 463 3667; x_wconf 86' lang='lat' dir='ltr'><strong>potissimum</strong></span> <span class='ocrx_word' id='word_1_373' title='bbox 505 3594 772 3665; x_wconf 88' lang='lat' dir='ltr'><strong>agendum</strong></span> <span class='ocrx_word' id='word_1_374' title='bbox 814 3594 887 3650; x_wconf 92' lang='lat' dir='ltr'><strong>sit</strong></span> <span class='ocrx_word' id='word_1_375' title='bbox 925 3594 1082 3650; x_wconf 90' lang='lat' dir='ltr'><strong>abeo</strong></span> <span class='ocrx_word' id='word_1_376' title='bbox 1104 3593 1452 3664; x_wconf 60' lang='lat' dir='ltr'><strong>quaesiturus.</strong></span> <span class='ocrx_word' id='word_1_377' title='bbox 1501 3593 1713 3650; x_wconf 86' lang='lat' dir='ltr'><strong>Habeat</strong></span> 
     </span>
    </p>
   </div>
   <div class='ocr_carea' id='block_1_64' title="bbox 109 3686 1712 3761">
    <p class='ocr_par' dir='ltr' id='par_1_64' title="bbox 109 3686 1712 3761">
     <span class='ocr_line' id='line_1_64' title="bbox 109 3686 1712 3761; baseline 0 -17"><span class='ocrx_word' id='word_1_378' title='bbox 109 3688 291 3761; x_wconf 80' lang='lat' dir='ltr'><strong>igitur</strong></span> <span class='ocrx_word' id='word_1_379' title='bbox 313 3696 497 3744; x_wconf 85' lang='lat' dir='ltr'><strong>vestra</strong></span> <span class='ocrx_word' id='word_1_380' title='bbox 520 3687 750 3758; x_wconf 87' lang='lat' dir='ltr'><strong>insignis</strong></span> <span class='ocrx_word' id='word_1_381' title='bbox 773 3686 1040 3743; x_wconf 90' lang='lat' dir='ltr'><strong>industria</strong></span> <span class='ocrx_word' id='word_1_382' title='bbox 1056 3687 1334 3743; x_wconf 89' lang='lat' dir='ltr'><strong>tenuitatis</strong></span> <span class='ocrx_word' id='word_1_383' title='bbox 1356 3696 1556 3743; x_wconf 80' lang='lat' dir='ltr'><strong>nostrae</strong></span> <span class='ocrx_word' id='word_1_384' title='bbox 1582 3704 1712 3745; x_wconf 87' lang='lat' dir='ltr'><strong>con-</strong></span> 
     </span>
    </p>
   </div>
   <div class='ocr_carea' id='block_1_65' title="bbox 107 3780 1711 3852">
    <p class='ocr_par' dir='ltr' id='par_1_65' title="bbox 107 3780 1711 3852">
     <span class='ocr_line' id='line_1_65' title="bbox 107 3780 1711 3852; baseline 0.001 -15"><span class='ocrx_word' id='word_1_385' title='bbox 107 3781 532 3848; x_wconf 88' lang='lat' dir='ltr'><strong>siderationem,</strong></span> <span class='ocrx_word' id='word_1_386' title='bbox 561 3789 617 3837; x_wconf 91' lang='lat' dir='ltr'><strong>et</strong></span> <span class='ocrx_word' id='word_1_387' title='bbox 643 3780 898 3852; x_wconf 89' lang='lat' dir='ltr'><strong>dignetur</strong></span> <span class='ocrx_word' id='word_1_388' title='bbox 920 3781 1201 3837; x_wconf 90' lang='lat' dir='ltr'><strong>elaborare</strong></span> <span class='ocrx_word' id='word_1_389' title='bbox 1232 3790 1291 3837; x_wconf 90' lang='lat' dir='ltr'><strong>ut</strong></span> <span class='ocrx_word' id='word_1_390' title='bbox 1324 3781 1409 3837; x_wconf 91' lang='lat' dir='ltr'><strong>vel</strong></span> <span class='ocrx_word' id='word_1_391' title='bbox 1435 3783 1500 3837; x_wconf 86' lang='lat' dir='ltr'><strong>ad</strong></span> <span class='ocrx_word' id='word_1_392' title='bbox 1530 3782 1711 3839; x_wconf 91' lang='lat' dir='ltr'><strong>locum</strong></span> 
     </span>
    </p>
   </div>
   <div class='ocr_carea' id='block_1_66' title="bbox 108 3871 1712 3945">
    <p class='ocr_par' dir='ltr' id='par_1_66' title="bbox 108 3871 1712 3945">
     <span class='ocr_line' id='line_1_66' title="bbox 108 3871 1712 3945; baseline -0.001 -13"><span class='ocrx_word' id='word_1_393' title='bbox 108 3874 267 3932; x_wconf 88' lang='lat' dir='ltr'><strong>unde</strong></span> <span class='ocrx_word' id='word_1_394' title='bbox 296 3873 365 3931; x_wconf 92' lang='lat' dir='ltr'><strong>ad</strong></span> <span class='ocrx_word' id='word_1_395' title='bbox 394 3889 496 3931; x_wconf 90' lang='lat' dir='ltr'><strong>nos</strong></span> <span class='ocrx_word' id='word_1_396' title='bbox 521 3874 671 3930; x_wconf 85' lang='lat' dir='ltr'><strong>venit</strong></span> <span class='ocrx_word' id='word_1_397' title='bbox 694 3874 779 3930; x_wconf 92' lang='lat' dir='ltr'><strong>vel</strong></span> <span class='ocrx_word' id='word_1_398' title='bbox 815 3874 883 3929; x_wconf 90' lang='lat' dir='ltr'><strong>ad</strong></span> <span class='ocrx_word' id='word_1_399' title='bbox 909 3874 1074 3929; x_wconf 90' lang='lat' dir='ltr'><strong>alium</strong></span> <span class='ocrx_word' id='word_1_400' title='bbox 1102 3872 1397 3945; x_wconf 88' lang='lat' dir='ltr'><strong>quemlibet</strong></span> <span class='ocrx_word' id='word_1_401' title='bbox 1425 3871 1538 3943; x_wconf 85' lang='lat' dir='ltr'><strong>jam</strong></span> <span class='ocrx_word' id='word_1_402' title='bbox 1581 3875 1712 3930; x_wconf 86' lang='lat' dir='ltr'><strong>diri-</strong></span> 
     </span>
    </p>
   </div>
   <div class='ocr_carea' id='block_1_67' title="bbox 108 3966 1714 4039">
    <p class='ocr_par' dir='ltr' id='par_1_67' title="bbox 108 3966 1714 4039">
     <span class='ocr_line' id='line_1_67' title="bbox 108 3966 1714 4039; baseline 0.002 -18"><span class='ocrx_word' id='word_1_403' title='bbox 108 3976 316 4039; x_wconf 82' lang='lat' dir='ltr'><strong>gatur;</strong></span> <span class='ocrx_word' id='word_1_404' title='bbox 343 3967 494 4037; x_wconf 90' lang='lat' dir='ltr'><strong>quia,</strong></span> <span class='ocrx_word' id='word_1_405' title='bbox 529 3976 591 4022; x_wconf 90' lang='lat' dir='ltr'><strong>ut</strong></span> <span class='ocrx_word' id='word_1_406' title='bbox 617 3982 734 4022; x_wconf 92' lang='lat' dir='ltr'><strong>rem</strong></span> <span class='ocrx_word' id='word_1_407' title='bbox 759 3966 915 4023; x_wconf 85' lang='lat' dir='ltr'><strong>vobis</strong></span> <span class='ocrx_word' id='word_1_408' title='bbox 954 3967 1035 4022; x_wconf 89' lang='lat' dir='ltr'><strong>uti</strong></span> <span class='ocrx_word' id='word_1_409' title='bbox 1074 3975 1161 4023; x_wconf 90' lang='lat' dir='ltr'><strong>est</strong></span> <span class='ocrx_word' id='word_1_410' title='bbox 1198 3967 1522 4037; x_wconf 85' lang='lat' dir='ltr'><strong>simpliciter</strong></span> <span class='ocrx_word' id='word_1_411' title='bbox 1543 3968 1714 4024; x_wconf 84' lang='lat' dir='ltr'><strong>fatea-</strong></span> 
     </span>
    </p>
   </div>
   <div class='ocr_carea' id='block_1_68' title="bbox 106 4059 1713 4131">
    <p class='ocr_par' dir='ltr' id='par_1_68' title="bbox 106 4059 1713 4131">
     <span class='ocr_line' id='line_1_68' title="bbox 106 4059 1713 4131; baseline 0.001 -16"><span class='ocrx_word' id='word_1_412' title='bbox 106 4075 266 4124; x_wconf 88' lang='lat' dir='ltr'><strong>mur,</strong></span> <span class='ocrx_word' id='word_1_413' title='bbox 290 4074 398 4114; x_wconf 94' lang='lat' dir='ltr'><strong>non</strong></span> <span class='ocrx_word' id='word_1_414' title='bbox 419 4059 769 4115; x_wconf 91' lang='lat' dir='ltr'><strong>mediocriter</strong></span> <span class='ocrx_word' id='word_1_415' title='bbox 790 4073 891 4114; x_wconf 89' lang='lat' dir='ltr'><strong>nos</strong></span> <span class='ocrx_word' id='word_1_416' title='bbox 915 4066 1145 4130; x_wconf 86' lang='lat' dir='ltr'><strong>gravant</strong></span> <span class='ocrx_word' id='word_1_417' title='bbox 1165 4074 1416 4130; x_wconf 83' lang='lat' dir='ltr'><strong>expensae</strong></span> <span class='ocrx_word' id='word_1_418' title='bbox 1428 4076 1549 4131; x_wconf 87' lang='lat' dir='ltr'><strong>quae</strong></span> <span class='ocrx_word' id='word_1_419' title='bbox 1570 4060 1713 4117; x_wconf 89' lang='lat' dir='ltr'><strong>illius</strong></span> 
     </span>
    </p>
   </div>
   <div class='ocr_carea' id='block_1_69' title="bbox 106 4150 1715 4221">
    <p class='ocr_par' dir='ltr' id='par_1_69' title="bbox 106 4150 1715 4221">
     <span class='ocr_line' id='line_1_69' title="bbox 106 4150 1715 4221; baseline -0.001 -13"><span class='ocrx_word' id='word_1_420' title='bbox 106 4151 439 4208; x_wconf 81' lang='lat' dir='ltr'><strong>hominibus</strong></span> <span class='ocrx_word' id='word_1_421' title='bbox 465 4151 797 4207; x_wconf 88' lang='lat' dir='ltr'><strong>tribuuntur.</strong></span> <span class='ocrx_word' id='word_1_422' title='bbox 847 4150 1001 4207; x_wconf 88' lang='lat' dir='ltr'><strong>Unde</strong></span> <span class='ocrx_word' id='word_1_423' title='bbox 1037 4165 1133 4221; x_wconf 86' lang='lat' dir='ltr'><strong>per</strong></span> <span class='ocrx_word' id='word_1_424' title='bbox 1176 4166 1273 4207; x_wconf 90' lang='lat' dir='ltr'><strong>vos</strong></span> <span class='ocrx_word' id='word_1_425' title='bbox 1313 4151 1584 4207; x_wconf 86' lang='lat' dir='ltr'><strong>sublevari</strong></span> <span class='ocrx_word' id='word_1_426' title='bbox 1620 4153 1715 4207; x_wconf 85' lang='lat' dir='ltr'><strong>de-</strong></span> 
     </span>
    </p>
   </div>
   <div class='ocr_carea' id='block_1_70' title="bbox 108 4242 1712 4319">
    <p class='ocr_par' dir='ltr' id='par_1_70' title="bbox 108 4242 1712 4319">
     <span class='ocr_line' id='line_1_70' title="bbox 108 4242 1712 4319; baseline 0.002 -20"><span class='ocrx_word' id='word_1_427' title='bbox 108 4245 419 4319; x_wconf 84' lang='lat' dir='ltr'><strong>poscimus,</strong></span> <span class='ocrx_word' id='word_1_428' title='bbox 448 4252 510 4299; x_wconf 91' lang='lat' dir='ltr'><strong>ut</strong></span> <span class='ocrx_word' id='word_1_429' title='bbox 535 4243 608 4300; x_wconf 88' lang='lat' dir='ltr'><strong>sit</strong></span> <span class='ocrx_word' id='word_1_430' title='bbox 636 4245 778 4300; x_wconf 91' lang='lat' dir='ltr'><strong>unde</strong></span> <span class='ocrx_word' id='word_1_431' title='bbox 804 4243 926 4300; x_wconf 92' lang='lat' dir='ltr'><strong>aliis</strong></span> <span class='ocrx_word' id='word_1_432' title='bbox 953 4243 1021 4299; x_wconf 93' lang='lat' dir='ltr'><strong>ad</strong></span> <span class='ocrx_word' id='word_1_433' title='bbox 1058 4258 1158 4300; x_wconf 90' lang='lat' dir='ltr'><strong>nos</strong></span> <span class='ocrx_word' id='word_1_434' title='bbox 1185 4242 1583 4302; x_wconf 85' lang='lat' dir='ltr'><strong>conﬂuentibus</strong></span> <span class='ocrx_word' id='word_1_435' title='bbox 1610 4246 1712 4303; x_wconf 85' lang='lat' dir='ltr'><strong>bo-</strong></span> 
     </span>
    </p>
   </div>
   <div class='ocr_carea' id='block_1_71' title="bbox 110 4334 1274 4410">
    <p class='ocr_par' dir='ltr' id='par_1_71' title="bbox 110 4334 1274 4410">
     <span class='ocr_line' id='line_1_71' title="bbox 110 4334 1274 4410; baseline -0.001 -18"><span class='ocrx_word' id='word_1_436' title='bbox 110 4334 337 4410; x_wconf 85' lang='lat' dir='ltr'><strong>spitalis</strong></span> <span class='ocrx_word' id='word_1_437' title='bbox 365 4335 598 4406; x_wconf 82' lang='lat' dir='ltr'><strong>gratiam</strong></span> <span class='ocrx_word' id='word_1_438' title='bbox 628 4336 942 4407; x_wconf 86' lang='lat' dir='ltr'><strong>impendere</strong></span> <span class='ocrx_word' id='word_1_439' title='bbox 973 4334 1274 4394; x_wconf 88' lang='lat' dir='ltr'><strong>valeamus.</strong></span> 
     </span>
    </p>
   </div>
   <div class='ocr_carea' id='block_1_72' title="bbox 1885 3326 3406 3396">
    <p class='ocr_par' dir='ltr' id='par_1_72' title="bbox 1885 3326 3406 3396">
     <span class='ocr_line' id='line_1_72' title="bbox 1885 3326 3406 3396; baseline -0.003 -14"><span class='ocrx_word' id='word_1_440' title='bbox 1885 3327 2003 3384; x_wconf 86' lang='lat' dir='ltr'><strong>Non</strong></span> <span class='ocrx_word' id='word_1_441' title='bbox 2032 3342 2223 3385; x_wconf 92' lang='lat' dir='ltr'><strong>sumus</strong></span> <span class='ocrx_word' id='word_1_442' title='bbox 2253 3327 2424 3383; x_wconf 89' lang='lat' dir='ltr'><strong>nescii</strong></span> <span class='ocrx_word' id='word_1_443' title='bbox 2456 3326 2750 3382; x_wconf 88' lang='lat' dir='ltr'><strong>multarum</strong></span> <span class='ocrx_word' id='word_1_444' title='bbox 2778 3326 3249 3396; x_wconf 76' lang='lat' dir='ltr'><strong>maximarumque</strong></span> <span class='ocrx_word' id='word_1_445' title='bbox 3275 3339 3406 3380; x_wconf 87' lang='lat' dir='ltr'><strong>eau—</strong></span> 
     </span>
    </p>
   </div>
   <div class='ocr_carea' id='block_1_73' title="bbox 1814 3415 3404 3491">
    <p class='ocr_par' dir='ltr' id='par_1_73' title="bbox 1814 3415 3404 3491">
     <span class='ocr_line' id='line_1_73' title="bbox 1814 3415 3404 3491; baseline -0.005 -13"><span class='ocrx_word' id='word_1_446' title='bbox 1814 3436 1996 3478; x_wconf 89' lang='lat' dir='ltr'><strong>sarum</strong></span> <span class='ocrx_word' id='word_1_447' title='bbox 2031 3422 2272 3491; x_wconf 89' lang='lat' dir='ltr'><strong>undique</strong></span> <span class='ocrx_word' id='word_1_448' title='bbox 2305 3420 2695 3477; x_wconf 87' lang='lat' dir='ltr'><strong>conﬂuentium</strong></span> <span class='ocrx_word' id='word_1_449' title='bbox 2735 3435 2832 3476; x_wconf 87' lang='lat' dir='ltr'><strong>vos</strong></span> <span class='ocrx_word' id='word_1_450' title='bbox 2879 3419 3113 3475; x_wconf 89' lang='lat' dir='ltr'><strong>molibus</strong></span> <span class='ocrx_word' id='word_1_451' title='bbox 3147 3415 3404 3489; x_wconf 89' lang='lat' dir='ltr'><strong>opprimi,</strong></span> 
     </span>
    </p>
   </div>
   <div class='ocr_carea' id='block_1_74' title="bbox 1813 3504 3405 3583">
    <p class='ocr_par' dir='ltr' id='par_1_74' title="bbox 1813 3504 3405 3583">
     <span class='ocr_line' id='line_1_74' title="bbox 1813 3504 3405 3583; baseline -0.006 -14"><span class='ocrx_word' id='word_1_452' title='bbox 1813 3514 1999 3583; x_wconf 91' lang='lat' dir='ltr'><strong>eisque</strong></span> <span class='ocrx_word' id='word_1_453' title='bbox 2019 3511 2407 3583; x_wconf 89' lang='lat' dir='ltr'><strong>componendis</strong></span> <span class='ocrx_word' id='word_1_454' title='bbox 2430 3512 2516 3565; x_wconf 85' lang='lat' dir='ltr'><strong>vix</strong></span> <span class='ocrx_word' id='word_1_455' title='bbox 2546 3518 2791 3580; x_wconf 88' lang='lat' dir='ltr'><strong>tempora</strong></span> <span class='ocrx_word' id='word_1_456' title='bbox 2828 3509 2947 3581; x_wconf 89' lang='lat' dir='ltr'><strong>ipsa</strong></span> <span class='ocrx_word' id='word_1_457' title='bbox 2988 3507 3260 3563; x_wconf 81' lang='lat' dir='ltr'><strong>sufﬁcere.</strong></span> <span class='ocrx_word' id='word_1_458' title='bbox 3295 3504 3405 3561; x_wconf 90' lang='lat' dir='ltr'><strong>Sed</strong></span> 
     </span>
    </p>
   </div>
   <div class='ocr_carea' id='block_1_75' title="bbox 1814 3599 3407 3676">
    <p class='ocr_par' dir='ltr' id='par_1_75' title="bbox 1814 3599 3407 3676">
     <span class='ocr_line' id='line_1_75' title="bbox 1814 3599 3407 3676; baseline -0.004 -16"><span class='ocrx_word' id='word_1_459' title='bbox 1814 3617 2009 3662; x_wconf 72' lang='lat' dir='ltr'><strong>vestrae</strong></span> <span class='ocrx_word' id='word_1_460' title='bbox 2052 3604 2241 3676; x_wconf 92' lang='lat' dir='ltr'><strong>pietati</strong></span> <span class='ocrx_word' id='word_1_461' title='bbox 2305 3619 2373 3660; x_wconf 91' lang='lat' dir='ltr'><strong>eo</strong></span> <span class='ocrx_word' id='word_1_462' title='bbox 2426 3617 2597 3672; x_wconf 90' lang='lat' dir='ltr'><strong>usque</strong></span> <span class='ocrx_word' id='word_1_463' title='bbox 2641 3602 2967 3658; x_wconf 88' lang='lat' dir='ltr'><strong>conﬁdimus</strong></span> <span class='ocrx_word' id='word_1_464' title='bbox 3016 3608 3075 3654; x_wconf 84' lang='lat' dir='ltr'><strong>ut</strong></span> <span class='ocrx_word' id='word_1_465' title='bbox 3121 3599 3261 3670; x_wconf 90' lang='lat' dir='ltr'><strong>apud</strong></span> <span class='ocrx_word' id='word_1_466' title='bbox 3306 3612 3407 3654; x_wconf 85' lang='lat' dir='ltr'><strong>vos</strong></span> 
     </span>
    </p>
   </div>
   <div class='ocr_carea' id='block_1_76' title="bbox 1813 3688 3409 3764">
    <p class='ocr_par' dir='ltr' id='par_1_76' title="bbox 1813 3688 3409 3764">
     <span class='ocr_line' id='line_1_76' title="bbox 1813 3688 3409 3764; baseline -0.006 -12"><span class='ocrx_word' id='word_1_467' title='bbox 1813 3697 2018 3753; x_wconf 90' lang='lat' dir='ltr'><strong>nostris</strong></span> <span class='ocrx_word' id='word_1_468' title='bbox 2046 3697 2209 3751; x_wconf 83' lang='lat' dir='ltr'><strong>rebus</strong></span> <span class='ocrx_word' id='word_1_469' title='bbox 2239 3695 2414 3750; x_wconf 86' lang='lat' dir='ltr'><strong>locum</strong></span> <span class='ocrx_word' id='word_1_470' title='bbox 2444 3709 2660 3764; x_wconf 87' lang='lat' dir='ltr'><strong>semper</strong></span> <span class='ocrx_word' id='word_1_471' title='bbox 2677 3701 2865 3762; x_wconf 85' lang='lat' dir='ltr'><strong>patere</strong></span> <span class='ocrx_word' id='word_1_472' title='bbox 2889 3691 3194 3747; x_wconf 87' lang='lat' dir='ltr'><strong>credamus.</strong></span> <span class='ocrx_word' id='word_1_473' title='bbox 3221 3688 3409 3759; x_wconf 82' lang='lat' dir='ltr'><strong>Expli-</strong></span> 
     </span>
    </p>
   </div>
   <div class='ocr_carea' id='block_1_77' title="bbox 1813 3783 3410 3861">
    <p class='ocr_par' dir='ltr' id='par_1_77' title="bbox 1813 3783 3410 3861">
     <span class='ocr_line' id='line_1_77' title="bbox 1813 3783 3410 3861; baseline -0.008 -15"><span class='ocrx_word' id='word_1_474' title='bbox 1813 3790 1927 3846; x_wconf 84' lang='lat' dir='ltr'><strong>cari</strong></span> <span class='ocrx_word' id='word_1_475' title='bbox 1954 3799 2132 3844; x_wconf 88' lang='lat' dir='ltr'><strong>autem</strong></span> <span class='ocrx_word' id='word_1_476' title='bbox 2165 3788 2252 3843; x_wconf 80' lang='lat' dir='ltr'><strong>vix</strong></span> <span class='ocrx_word' id='word_1_477' title='bbox 2279 3796 2462 3861; x_wconf 85' lang='lat' dir='ltr'><strong>potest</strong></span> <span class='ocrx_word' id='word_1_478' title='bbox 2482 3802 2644 3858; x_wconf 89' lang='lat' dir='ltr'><strong>quam</strong></span> <span class='ocrx_word' id='word_1_479' title='bbox 2674 3785 2844 3841; x_wconf 89' lang='lat' dir='ltr'><strong>simus</strong></span> <span class='ocrx_word' id='word_1_480' title='bbox 2871 3783 3049 3855; x_wconf 88' lang='lat' dir='ltr'><strong>parati</strong></span> <span class='ocrx_word' id='word_1_481' title='bbox 3081 3789 3277 3838; x_wconf 72' lang='lat' dir='ltr'><strong>vestrae</strong></span> <span class='ocrx_word' id='word_1_482' title='bbox 3313 3794 3410 3847; x_wconf 78' lang='lat' dir='ltr'><strong>vo-</strong></span> 
     </span>
    </p>
   </div>
   <div class='ocr_carea' id='block_1_78' title="bbox 1812 3876 3409 3951">
    <p class='ocr_par' dir='ltr' id='par_1_78' title="bbox 1812 3876 3409 3951">
     <span class='ocr_line' id='line_1_78' title="bbox 1812 3876 3409 3951; baseline -0.008 -12"><span class='ocrx_word' id='word_1_483' title='bbox 1812 3883 2022 3951; x_wconf 79' lang='lat' dir='ltr'><strong>luntati,</strong></span> <span class='ocrx_word' id='word_1_484' title='bbox 2071 3883 2114 3938; x_wconf 91' lang='lat' dir='ltr'><strong>si</strong></span> <span class='ocrx_word' id='word_1_485' title='bbox 2163 3882 2290 3951; x_wconf 92' lang='lat' dir='ltr'><strong>quid</strong></span> <span class='ocrx_word' id='word_1_486' title='bbox 2323 3879 2518 3949; x_wconf 84' lang='lat' dir='ltr'><strong>jubere</strong></span> <span class='ocrx_word' id='word_1_487' title='bbox 2564 3876 2880 3950; x_wconf 90' lang='lat' dir='ltr'><strong>dignemini,</strong></span> <span class='ocrx_word' id='word_1_488' title='bbox 2925 3876 3304 3945; x_wconf 87' lang='lat' dir='ltr'><strong>obtemperare</strong></span> <span class='ocrx_word' id='word_1_489' title='bbox 3349 3879 3409 3929; x_wconf 88' lang='lat' dir='ltr'><strong>et</strong></span> 
     </span>
    </p>
   </div>
   <div class='ocr_carea' id='block_1_79' title="bbox 1814 3965 3405 4047">
    <p class='ocr_par' dir='ltr' id='par_1_79' title="bbox 1814 3965 3405 4047">
     <span class='ocr_line' id='line_1_79' title="bbox 1814 3965 3405 4047; baseline -0.009 -13"><span class='ocrx_word' id='word_1_490' title='bbox 1814 3976 2094 4047; x_wconf 91' lang='lat' dir='ltr'><strong>condignis</strong></span> <span class='ocrx_word' id='word_1_491' title='bbox 2133 3974 2510 4032; x_wconf 82' lang='lat' dir='ltr'><strong>excellentiam</strong></span> <span class='ocrx_word' id='word_1_492' title='bbox 2551 3980 2787 4028; x_wconf 91' lang='lat' dir='ltr'><strong>vestram</strong></span> <span class='ocrx_word' id='word_1_493' title='bbox 2830 3968 3105 4039; x_wconf 91' lang='lat' dir='ltr'><strong>obsequiis</strong></span> <span class='ocrx_word' id='word_1_494' title='bbox 3130 3965 3405 4038; x_wconf 88' lang='lat' dir='ltr'><strong>prosequi.</strong></span> 
     </span>
    </p>
   </div>
   <div class='ocr_carea' id='block_1_80' title="bbox 1814 4060 3412 4143">
    <p class='ocr_par' dir='ltr' id='par_1_80' title="bbox 1814 4060 3412 4143">
     <span class='ocr_line' id='line_1_80' title="bbox 1814 4060 3412 4143; baseline -0.008 -13"><span class='ocrx_word' id='word_1_495' title='bbox 1814 4073 2072 4138; x_wconf 88' lang='lat' dir='ltr'><strong>Interim,</strong></span> <span class='ocrx_word' id='word_1_496' title='bbox 2120 4072 2264 4143; x_wconf 86' lang='lat' dir='ltr'><strong>quod</strong></span> <span class='ocrx_word' id='word_1_497' title='bbox 2313 4070 2611 4137; x_wconf 75' lang='lat' dir='ltr'><strong>valemus;</strong></span> <span class='ocrx_word' id='word_1_498' title='bbox 2642 4065 3021 4124; x_wconf 88' lang='lat' dir='ltr'><strong>devotissimas</strong></span> <span class='ocrx_word' id='word_1_499' title='bbox 3073 4078 3265 4135; x_wconf 90' lang='lat' dir='ltr'><strong>preces</strong></span> <span class='ocrx_word' id='word_1_500' title='bbox 3303 4060 3412 4118; x_wconf 83' lang='lat' dir='ltr'><strong>Do-</strong></span> 
     </span>
    </p>
   </div>
   <div class='ocr_carea' id='block_1_81' title="bbox 1816 4156 3411 4235">
    <p class='ocr_par' dir='ltr' id='par_1_81' title="bbox 1816 4156 3411 4235">
     <span class='ocr_line' id='line_1_81' title="bbox 1816 4156 3411 4235; baseline -0.009 -11"><span class='ocrx_word' id='word_1_501' title='bbox 1816 4169 1963 4223; x_wconf 93' lang='lat' dir='ltr'><strong>mino</strong></span> <span class='ocrx_word' id='word_1_502' title='bbox 1984 4168 2095 4222; x_wconf 90' lang='lat' dir='ltr'><strong>Deo</strong></span> <span class='ocrx_word' id='word_1_503' title='bbox 2114 4172 2301 4221; x_wconf 90' lang='lat' dir='ltr'><strong>nostro</strong></span> <span class='ocrx_word' id='word_1_504' title='bbox 2322 4179 2420 4235; x_wconf 92' lang='lat' dir='ltr'><strong>pro</strong></span> <span class='ocrx_word' id='word_1_505' title='bbox 2441 4170 2622 4219; x_wconf 91' lang='lat' dir='ltr'><strong>vestra</strong></span> <span class='ocrx_word' id='word_1_506' title='bbox 2643 4160 2816 4216; x_wconf 88' lang='lat' dir='ltr'><strong>salute</strong></span> <span class='ocrx_word' id='word_1_507' title='bbox 2839 4166 3004 4229; x_wconf 90' lang='lat' dir='ltr'><strong>atque</strong></span> <span class='ocrx_word' id='word_1_508' title='bbox 3025 4156 3411 4229; x_wconf 88' lang='lat' dir='ltr'><strong>prosperitate,</strong></span> 
     </span>
    </p>
   </div>
   <div class='ocr_carea' id='block_1_82' title="bbox 1816 4246 3409 4331">
    <p class='ocr_par' dir='ltr' id='par_1_82' title="bbox 1816 4246 3409 4331">
     <span class='ocr_line' id='line_1_82' title="bbox 1816 4246 3409 4331; baseline -0.009 -16"><span class='ocrx_word' id='word_1_509' title='bbox 1816 4274 1978 4331; x_wconf 90' lang='lat' dir='ltr'><strong>quam</strong></span> <span class='ocrx_word' id='word_1_510' title='bbox 2021 4266 2076 4312; x_wconf 92' lang='lat' dir='ltr'><strong>et</strong></span> <span class='ocrx_word' id='word_1_511' title='bbox 2113 4264 2356 4313; x_wconf 90' lang='lat' dir='ltr'><strong>nostram</strong></span> <span class='ocrx_word' id='word_1_512' title='bbox 2403 4255 2681 4318; x_wconf 89' lang='lat' dir='ltr'><strong>ducimus,</strong></span> <span class='ocrx_word' id='word_1_513' title='bbox 2728 4250 3100 4307; x_wconf 90' lang='lat' dir='ltr'><strong>indesinenter</strong></span> <span class='ocrx_word' id='word_1_514' title='bbox 3145 4246 3409 4318; x_wconf 85' lang='lat' dir='ltr'><strong>dependi-</strong></span> 
     </span>
    </p>
   </div>
   <div class='ocr_carea' id='block_1_83' title="bbox 1816 4340 3408 4415">
    <p class='ocr_par' dir='ltr' id='par_1_83' title="bbox 1816 4340 3408 4415">
     <span class='ocr_line' id='line_1_83' title="bbox 1816 4340 3408 4415; baseline -0.01 -8"><span class='ocrx_word' id='word_1_515' title='bbox 1816 4365 1955 4407; x_wconf 89' lang='lat' dir='ltr'><strong>mus.</strong></span> <span class='ocrx_word' id='word_1_516' title='bbox 1988 4349 2097 4406; x_wconf 85' lang='lat' dir='ltr'><strong>Vos</strong></span> <span class='ocrx_word' id='word_1_517' title='bbox 2120 4355 2302 4403; x_wconf 91' lang='lat' dir='ltr'><strong>autem</strong></span> <span class='ocrx_word' id='word_1_518' title='bbox 2331 4344 2560 4415; x_wconf 90' lang='lat' dir='ltr'><strong>accipite</strong></span> <span class='ocrx_word' id='word_1_519' title='bbox 2579 4342 2778 4399; x_wconf 90' lang='lat' dir='ltr'><strong>iterum</strong></span> <span class='ocrx_word' id='word_1_520' title='bbox 2799 4340 3115 4413; x_wconf 90' lang='lat' dir='ltr'><strong>petitionem</strong></span> <span class='ocrx_word' id='word_1_521' title='bbox 3138 4345 3408 4403; x_wconf 88' lang='lat' dir='ltr'><strong>nostram,</strong></span> 
     </span>
    </p>
   </div>
   <div class='ocr_carea' id='block_1_84' title="bbox 112 4531 3407 4629">
    <p class='ocr_par' dir='ltr' id='par_1_84' title="bbox 112 4531 3407 4629">
     <span class='ocr_line' id='line_1_84' title="bbox 112 4531 3407 4629; baseline -0.005 -25"><span class='ocrx_word' id='word_1_522' title='bbox 112 4535 380 4629; x_wconf 42' lang='grc' dir='ltr'><strong>υι-ξιῇεξῑ</strong></span> <span class='ocrx_word' id='word_1_523' title='bbox 412 4531 884 4629; x_wconf 35' lang='grc' dir='ltr'><strong>ξξξξιρῇξὲηξλῖῼ</strong></span> <span class='ocrx_word' id='word_1_524' title='bbox 914 4542 1186 4629; x_wconf 49' lang='lat' dir='ltr'><strong>DNS}??th</strong></span> <span class='ocrx_word' id='word_1_525' title='bbox 1210 4535 1442 4629; x_wconf 60' lang='grc' dir='ltr'><strong>(ιυοᾳιξξιι</strong></span> <span class='ocrx_word' id='word_1_526' title='bbox 1473 4552 1572 4608; x_wconf 87' lang='lat' dir='ltr'><strong>pro</strong></span> <span class='ocrx_word' id='word_1_527' title='bbox 1596 4554 1713 4595; x_wconf 87' lang='lat' dir='ltr'><strong>mo-</strong></span> <span class='ocrx_word' id='word_1_528' title='bbox 1740 4567 1795 4629; x_wconf 67' lang='grc' dir='ltr'><strong>Β</strong></span> <span class='ocrx_word' id='word_1_529' title='bbox 1820 4543 2531 4629; x_wconf 69' lang='lat' dir='ltr'><strong>tissimisSammarthanjs,</strong></span> <span class='ocrx_word' id='word_1_530' title='bbox 2575 4542 2667 4611; x_wconf 89' lang='lat' dir='ltr'><strong>qui</strong></span> <span class='ocrx_word' id='word_1_531' title='bbox 2707 4535 3075 4629; x_wconf 54' lang='lat' dir='ltr'><strong>gomenjlliqs</strong></span> <span class='ocrx_word' id='word_1_532' title='bbox 3106 4533 3407 4604; x_wconf 67' lang='lat' dir='ltr'><strong>praetermi-</strong></span> 
     </span>
    </p>
   </div>
   <div class='ocr_carea' id='block_1_85' title="bbox 112 4603 1714 4680">
    <p class='ocr_par' dir='ltr' id='par_1_85' title="bbox 112 4603 1714 4680">
     <span class='ocr_line' id='line_1_85' title="bbox 112 4603 1714 4680; baseline 0.003 -19"><span class='ocrx_word' id='word_1_533' title='bbox 112 4605 366 4680; x_wconf 81' lang='lat' dir='ltr'><strong>nasterio</strong></span> <span class='ocrx_word' id='word_1_534' title='bbox 411 4603 585 4661; x_wconf 87' lang='lat' dir='ltr'><strong>sancti</strong></span> <span class='ocrx_word' id='word_1_535' title='bbox 630 4603 871 4680; x_wconf 83' lang='lat' dir='ltr'><strong>I_)ionys_ii</strong></span> <span class='ocrx_word' id='word_1_536' title='bbox 899 4603 964 4657; x_wconf 57' lang='grc' dir='ltr'><strong>ξι</strong></span> <span class='ocrx_word' id='word_1_537' title='bbox 998 4603 1108 4680; x_wconf 57' lang='grc' dir='ltr'><strong>νιτ-</strong></span> <span class='ocrx_word' id='word_1_538' title='bbox 1126 4603 1451 4662; x_wconf 86' lang='lat' dir='ltr'><strong>venerabilis</strong></span> <span class='ocrx_word' id='word_1_539' title='bbox 1474 4603 1558 4665; x_wconf 61' lang='lat' dir='ltr'><strong>&#39;ac</strong></span> <span class='ocrx_word' id='word_1_540' title='bbox 1586 4626 1714 4680; x_wconf 89' lang='lat' dir='ltr'><strong>pro-</strong></span> 
     </span>
    </p>
   </div>
   <div class='ocr_carea' id='block_1_86' title="bbox 111 4674 1709 4750">
    <p class='ocr_par' dir='ltr' id='par_1_86' title="bbox 111 4674 1709 4750">
     <span class='ocr_line' id='line_1_86' title="bbox 111 4674 1709 4750; baseline 0.002 -18"><span class='ocrx_word' id='word_1_541' title='bbox 111 4679 365 4750; x_wconf 82' lang='lat' dir='ltr'><strong>pinquus</strong></span> <span class='ocrx_word' id='word_1_542' title='bbox 412 4684 611 4750; x_wconf 64' lang='lat' dir='ltr'><strong>nosten</strong></span> <span class='ocrx_word' id='word_1_543' title='bbox 640 4674 963 4750; x_wconf 72' lang='lat' dir='ltr'><strong>Ludovicus,</strong></span> <span class='ocrx_word' id='word_1_544' title='bbox 1004 4676 1174 4750; x_wconf 82' lang='lat' dir='ltr'><strong>abbas</strong></span> <span class='ocrx_word' id='word_1_545' title='bbox 1206 4681 1519 4734; x_wconf 81' lang='lat' dir='ltr'><strong>monasterii</strong></span> <span class='ocrx_word' id='word_1_546' title='bbox 1560 4674 1709 4750; x_wconf 57' lang='lat' dir='ltr'><strong>A&#39;po-</strong></span> 
     </span>
    </p>
   </div>
   <div class='ocr_carea' id='block_1_87' title="bbox 113 4744 1711 4819">
    <p class='ocr_par' dir='ltr' id='par_1_87' title="bbox 113 4744 1711 4819">
     <span class='ocr_line' id='line_1_87' title="bbox 113 4744 1711 4819; baseline 0.003 -15"><span class='ocrx_word' id='word_1_547' title='bbox 113 4744 391 4804; x_wconf 78' lang='lat' dir='ltr'><strong>stolorum</strong></span> <span class='ocrx_word' id='word_1_548' title='bbox 438 4744 1465 4819; x_wconf 76' lang='lat' dir='ltr'><strong>principis,_exce|lentissimorumque</strong></span> <span class='ocrx_word' id='word_1_549' title='bbox 1509 4744 1711 4809; x_wconf 79' lang='lat' dir='ltr'><strong>Christi</strong></span> 
     </span>
    </p>
   </div>
   <div class='ocr_carea' id='block_1_88' title="bbox 113 4816 1712 4891">
    <p class='ocr_par' dir='ltr' id='par_1_88' title="bbox 113 4816 1712 4891">
     <span class='ocr_line' id='line_1_88' title="bbox 113 4816 1712 4891; baseline 0.003 -17"><span class='ocrx_word' id='word_1_550' title='bbox 113 4816 717 4891; x_wconf 82' lang='lat' dir='ltr'><strong>martyrumDionysii.</strong></span> <span class='ocrx_word' id='word_1_551' title='bbox 749 4816 956 4872; x_wconf 82' lang='lat' dir='ltr'><strong>Rustici</strong></span> <span class='ocrx_word' id='word_1_552' title='bbox 993 4816 1399 4891; x_wconf 59' lang='lat' dir='ltr'><strong>et_I£leutherii&#39;.</strong></span> <span class='ocrx_word' id='word_1_553' title='bbox 1435 4841 1453 4873; x_wconf 73' lang='grc' dir='ltr'><strong>ι</strong></span> <span class='ocrx_word' id='word_1_554' title='bbox 1488 4822 1712 4891; x_wconf 85' lang='lat' dir='ltr'><strong>Propin-</strong></span> 
     </span>
    </p>
   </div>
   <div class='ocr_carea' id='block_1_89' title="bbox 112 4887 1711 4964">
    <p class='ocr_par' dir='ltr' id='par_1_89' title="bbox 112 4887 1711 4964">
     <span class='ocr_line' id='line_1_89' title="bbox 112 4887 1711 4964; baseline 0.003 -21"><span class='ocrx_word' id='word_1_555' title='bbox 112 4887 293 4960; x_wconf 82' lang='lat' dir='ltr'><strong>quum</strong></span> <span class='ocrx_word' id='word_1_556' title='bbox 324 4888 453 4943; x_wconf 91' lang='lat' dir='ltr'><strong>item</strong></span> <span class='ocrx_word' id='word_1_557' title='bbox 482 4887 637 4942; x_wconf 81' lang='lat' dir='ltr'><strong>suum</strong></span> <span class='ocrx_word' id='word_1_558' title='bbox 681 4895 1006 4964; x_wconf 28' lang='lat' dir='ltr'><strong>eumﬂvocat</strong></span> <span class='ocrx_word' id='word_1_559' title='bbox 1055 4887 1197 4964; x_wconf 81' lang='lat' dir='ltr'><strong>idem</strong></span> <span class='ocrx_word' id='word_1_560' title='bbox 1240 4890 1465 4964; x_wconf 76' lang='lat' dir='ltr'><strong>Garolus</strong></span> <span class='ocrx_word' id='word_1_561' title='bbox 1497 4893 1548 4946; x_wconf 92' lang='lat' dir='ltr'><strong>in</strong></span> <span class='ocrx_word' id='word_1_562' title='bbox 1576 4887 1711 4964; x_wconf 65' lang='lat' dir='ltr'><strong>prte-</strong></span> 
     </span>
    </p>
   </div>
   <div class='ocr_carea' id='block_1_90' title="bbox 114 4956 1711 5032">
    <p class='ocr_par' dir='ltr' id='par_1_90' title="bbox 114 4956 1711 5032">
     <span class='ocr_line' id='line_1_90' title="bbox 114 4956 1711 5032; baseline 0.003 -19"><span class='ocrx_word' id='word_1_563' title='bbox 114 4956 412 5032; x_wconf 61' lang='lat' dir='ltr'><strong>ceptopro</strong></span> <span class='ocrx_word' id='word_1_564' title='bbox 441 4958 772 5032; x_wconf 55' lang='lat' dir='ltr'><strong>monasterio</strong></span> <span class='ocrx_word' id='word_1_565' title='bbox 800 4956 1133 5032; x_wconf 77' lang='lat' dir='ltr'><strong>Cen_tu1en_si,</strong></span> <span class='ocrx_word' id='word_1_566' title='bbox 1167 4960 1530 5032; x_wconf 15' lang='lat' dir='ltr'><strong>quodgesstat</strong></span> <span class='ocrx_word' id='word_1_567' title='bbox 1568 4956 1711 5032; x_wconf 79' lang='lat' dir='ltr'><strong>apud</strong></span> 
     </span>
    </p>
   </div>
   <div class='ocr_carea' id='block_1_91' title="bbox 117 5027 1707 5099">
    <p class='ocr_par' dir='ltr' id='par_1_91' title="bbox 117 5027 1707 5099">
     <span class='ocr_line' id='line_1_91' title="bbox 117 5027 1707 5099; baseline 0.003 -14"><span class='ocrx_word' id='word_1_568' title='bbox 117 5027 433 5085; x_wconf 76' lang='lat' dir='ltr'><strong>Ilariull‘um</strong></span> <span class='ocrx_word' id='word_1_569' title='bbox 460 5028 552 5083; x_wconf 92' lang='lat' dir='ltr'><strong>lib.</strong></span> <span class='ocrx_word' id='word_1_570' title='bbox 580 5046 639 5085; x_wconf 90' lang='grc' dir='ltr'><strong>ιιι</strong></span> <span class='ocrx_word' id='word_1_571' title='bbox 663 5027 864 5085; x_wconf 91' lang='lat' dir='ltr'><strong>Chron.</strong></span> <span class='ocrx_word' id='word_1_572' title='bbox 889 5028 1130 5095; x_wconf 90' lang='lat' dir='ltr'><strong>Centul.,</strong></span> <span class='ocrx_word' id='word_1_573' title='bbox 1164 5027 1282 5099; x_wconf 86' lang='lat' dir='ltr'><strong>cap.</strong></span> <span class='ocrx_word' id='word_1_574' title='bbox 1318 5030 1369 5085; x_wconf 91' lang='lat'><strong>7.</strong></span> <span class='ocrx_word' id='word_1_575' title='bbox 1393 5031 1540 5088; x_wconf 90' lang='lat' dir='ltr'><strong>Illius</strong></span> <span class='ocrx_word' id='word_1_576' title='bbox 1565 5027 1707 5089; x_wconf 78' lang='lat' dir='ltr'><strong>enim</strong></span> 
     </span>
    </p>
   </div>
   <div class='ocr_carea' id='block_1_92' title="bbox 118 5098 1713 5161">
    <p class='ocr_par' dir='ltr' id='par_1_92' title="bbox 118 5098 1713 5161">
     <span class='ocr_line' id='line_1_92' title="bbox 118 5098 1713 5161; baseline 0.003 -5"><span class='ocrx_word' id='word_1_577' title='bbox 118 5100 441 5156; x_wconf 88' lang='lat' dir='ltr'><strong>monasterii</strong></span> <span class='ocrx_word' id='word_1_578' title='bbox 489 5099 659 5155; x_wconf 88' lang='lat' dir='ltr'><strong>abbas</strong></span> <span class='ocrx_word' id='word_1_579' title='bbox 696 5100 860 5155; x_wconf 90' lang='lat' dir='ltr'><strong>etiam</strong></span> <span class='ocrx_word' id='word_1_580' title='bbox 896 5098 999 5154; x_wconf 86' lang='lat' dir='ltr'><strong>fuit</strong></span> <span class='ocrx_word' id='word_1_581' title='bbox 1026 5101 1128 5156; x_wconf 90' lang='lat' dir='ltr'><strong>iste</strong></span> <span class='ocrx_word' id='word_1_582' title='bbox 1160 5098 1482 5157; x_wconf 82' lang='lat' dir='ltr'><strong>Ludovicus.</strong></span> <span class='ocrx_word' id='word_1_583' title='bbox 1522 5104 1713 5161; x_wconf 86' lang='lat' dir='ltr'><strong>Fuisse</strong></span> 
     </span>
    </p>
   </div>
   <div class='ocr_carea' id='block_1_93' title="bbox 118 5168 1712 5245">
    <p class='ocr_par' dir='ltr' id='par_1_93' title="bbox 118 5168 1712 5245">
     <span class='ocr_line' id='line_1_93' title="bbox 118 5168 1712 5245; baseline 0.003 -19"><span class='ocrx_word' id='word_1_584' title='bbox 118 5181 391 5245; x_wconf 50' lang='lat' dir='ltr'><strong>praeterea</strong></span> <span class='ocrx_word' id='word_1_585' title='bbox 416 5168 653 5239; x_wconf 85' lang='lat' dir='ltr'><strong>ejusdem</strong></span> <span class='ocrx_word' id='word_1_586' title='bbox 678 5170 858 5245; x_wconf 66' lang='lat' dir='ltr'><strong>Caroli</strong></span> <span class='ocrx_word' id='word_1_587' title='bbox 880 5170 1045 5245; x_wconf 51' lang='lat' dir='ltr'><strong>regis</strong></span> <span class='ocrx_word' id='word_1_588' title='bbox 1088 5172 1469 5245; x_wconf 82' lang='lat' dir='ltr'><strong>cancellarium</strong></span> <span class='ocrx_word' id='word_1_589' title='bbox 1500 5175 1712 5245; x_wconf 78' lang='lat' dir='ltr'><strong>collegit</strong></span> 
     </span>
    </p>
   </div>
   <div class='ocr_carea' id='block_1_94' title="bbox 121 5240 1714 5316">
    <p class='ocr_par' dir='ltr' id='par_1_94' title="bbox 121 5240 1714 5316">
     <span class='ocr_line' id='line_1_94' title="bbox 121 5240 1714 5316; baseline 0.003 -19"><span class='ocrx_word' id='word_1_590' title='bbox 121 5240 453 5316; x_wconf 61' lang='lat' dir='ltr'><strong>Sirmondus</strong></span> <span class='ocrx_word' id='word_1_591' title='bbox 496 5256 572 5316; x_wconf 82' lang='lat' dir='ltr'><strong>ex_</strong></span> <span class='ocrx_word' id='word_1_592' title='bbox 605 5241 830 5313; x_wconf 89' lang='lat' dir='ltr'><strong>epistola</strong></span> <span class='ocrx_word' id='word_1_593' title='bbox 869 5241 942 5316; x_wconf 71' lang='lat'><strong>27</strong></span> <span class='ocrx_word' id='word_1_594' title='bbox 971 5240 1123 5316; x_wconf 59' lang='lat' dir='ltr'><strong>&#39;Lupi</strong></span> <span class='ocrx_word' id='word_1_595' title='bbox 1160 5244 1373 5316; x_wconf 84' lang='lat' dir='ltr'><strong>nostri;</strong></span> <span class='ocrx_word' id='word_1_596' title='bbox 1420 5245 1473 5299; x_wconf 90' lang='lat' dir='ltr'><strong>in</strong></span> <span class='ocrx_word' id='word_1_597' title='bbox 1505 5262 1611 5316; x_wconf 90' lang='lat' dir='ltr'><strong>qua</strong></span> <span class='ocrx_word' id='word_1_598' title='bbox 1648 5240 1714 5302; x_wconf 85' lang='lat' dir='ltr'><strong>de</strong></span> 
     </span>
    </p>
   </div>
   <div class='ocr_carea' id='block_1_95' title="bbox 117 5312 1711 5385">
    <p class='ocr_par' dir='ltr' id='par_1_95' title="bbox 117 5312 1711 5385">
     <span class='ocr_line' id='line_1_95' title="bbox 117 5312 1711 5385; baseline 0.001 -16"><span class='ocrx_word' id='word_1_599' title='bbox 117 5313 402 5385; x_wconf 86' lang='lat' dir='ltr'><strong>Ludovico</strong></span> <span class='ocrx_word' id='word_1_600' title='bbox 430 5312 533 5385; x_wconf 89' lang='lat' dir='ltr'><strong>isto</strong></span> <span class='ocrx_word' id='word_1_601' title='bbox 559 5312 806 5385; x_wconf 62' lang='lat' dir='ltr'><strong>loquens,</strong></span> <span class='ocrx_word' id='word_1_602' title='bbox 831 5314 947 5368; x_wconf 91' lang='lat' dir='ltr'><strong>ait:</strong></span> <span class='ocrx_word' id='word_1_603' title='bbox 981 5312 1261 5383; x_wconf 64' lang='lat' dir='ltr'><strong>epistolam</strong></span> <span class='ocrx_word' id='word_1_604' title='bbox 1302 5316 1357 5368; x_wconf 84' lang='lat' dir='ltr'><strong>in</strong></span> <span class='ocrx_word' id='word_1_605' title='bbox 1394 5312 1595 5385; x_wconf 75' lang='lat' dir='ltr'><strong>palaiio</strong></span> <span class='ocrx_word' id='word_1_606' title='bbox 1620 5334 1711 5385; x_wconf 86' lang='lat' dir='ltr'><strong>ge-</strong></span> 
     </span>
    </p>
   </div>
   <div class='ocr_carea' id='block_1_96' title="bbox 122 5383 1713 5455">
    <p class='ocr_par' dir='ltr' id='par_1_96' title="bbox 122 5383 1713 5455">
     <span class='ocr_line' id='line_1_96' title="bbox 122 5383 1713 5455; baseline 0.003 -16"><span class='ocrx_word' id='word_1_607' title='bbox 122 5401 249 5455; x_wconf 72' lang='lat' dir='ltr'><strong>rens</strong></span> <span class='ocrx_word' id='word_1_608' title='bbox 309 5384 552 5455; x_wconf 70' lang='lat' dir='ltr'><strong>oﬂicium.</strong></span> <span class='ocrx_word' id='word_1_609' title='bbox 591 5383 932 5438; x_wconf 80' lang='lat' dir='ltr'><strong>&#39;Nominatur</strong></span> <span class='ocrx_word' id='word_1_610' title='bbox 985 5384 1130 5439; x_wconf 91' lang='lat' dir='ltr'><strong>inter</strong></span> <span class='ocrx_word' id='word_1_611' title='bbox 1182 5383 1442 5454; x_wconf 74' lang='lat' dir='ltr'><strong>praesides</strong></span> <span class='ocrx_word' id='word_1_612' title='bbox 1496 5383 1713 5443; x_wconf 83' lang='lat' dir='ltr'><strong>concilii</strong></span> 
     </span>
    </p>
   </div>
   <div class='ocr_carea' id='block_1_97' title="bbox 119 5454 1714 5527">
    <p class='ocr_par' dir='ltr' id='par_1_97' title="bbox 119 5454 1714 5527">
     <span class='ocr_line' id='line_1_97' title="bbox 119 5454 1714 5527; baseline 0.003 -17"><span class='ocrx_word' id='word_1_613' title='bbox 119 5454 447 5527; x_wconf 76' lang='lat' dir='ltr'><strong>Verneusis.</strong></span> <span class='ocrx_word' id='word_1_614' title='bbox 474 5454 705 5511; x_wconf 83' lang='lat' dir='ltr'><strong>Exstant</strong></span> <span class='ocrx_word' id='word_1_615' title='bbox 732 5465 913 5527; x_wconf 87' lang='lat' dir='ltr'><strong>autem</strong></span> <span class='ocrx_word' id='word_1_616' title='bbox 951 5455 1300 5527; x_wconf 86' lang='lat' dir='ltr'><strong>quamplures</strong></span> <span class='ocrx_word' id='word_1_617' title='bbox 1327 5455 1458 5527; x_wconf 86' lang='lat' dir='ltr'><strong>Lupi</strong></span> <span class='ocrx_word' id='word_1_618' title='bbox 1489 5460 1555 5513; x_wconf 88' lang='lat' dir='ltr'><strong>ad</strong></span> <span class='ocrx_word' id='word_1_619' title='bbox 1590 5474 1714 5515; x_wconf 93' lang='lat' dir='ltr'><strong>eum</strong></span> 
     </span>
    </p>
   </div>
   <div class='ocr_carea' id='block_1_98' title="bbox 122 5525 1720 5598">
    <p class='ocr_par' dir='ltr' id='par_1_98' title="bbox 122 5525 1720 5598">
     <span class='ocr_line' id='line_1_98' title="bbox 122 5525 1720 5598; baseline 0.002 -16"><span class='ocrx_word' id='word_1_620' title='bbox 122 5526 396 5598; x_wconf 80' lang='lat' dir='ltr'><strong>epistolae,</strong></span> <span class='ocrx_word' id='word_1_621' title='bbox 423 5542 544 5597; x_wconf 60' lang='lat' dir='ltr'><strong>quae</strong></span> <span class='ocrx_word' id='word_1_622' title='bbox 572 5540 838 5583; x_wconf 89' lang='lat' dir='ltr'><strong>summam</strong></span> <span class='ocrx_word' id='word_1_623' title='bbox 864 5525 981 5597; x_wconf 86' lang='lat' dir='ltr'><strong>ejus</strong></span> <span class='ocrx_word' id='word_1_624' title='bbox 1006 5525 1321 5598; x_wconf 88' lang='lat' dir='ltr'><strong>dignitatem</strong></span> <span class='ocrx_word' id='word_1_625' title='bbox 1349 5525 1720 5585; x_wconf 41' lang='lat' dir='ltr'><strong>et&#39;auctorita-</strong></span> 
     </span>
    </p>
   </div>
   <div class='ocr_carea' id='block_1_99' title="bbox 124 5597 572 5653">
    <p class='ocr_par' dir='ltr' id='par_1_99' title="bbox 124 5597 572 5653">
     <span class='ocr_line' id='line_1_99' title="bbox 124 5597 572 5653; baseline -0.002 -1"><span class='ocrx_word' id='word_1_626' title='bbox 124 5607 239 5652; x_wconf 87' lang='lat' dir='ltr'><strong>tem</strong></span> <span class='ocrx_word' id='word_1_627' title='bbox 270 5597 572 5653; x_wconf 86' lang='lat' dir='ltr'><strong>declarant.</strong></span> 
     </span>
    </p>
   </div>
   <div class='ocr_carea' id='block_1_100' title="bbox 202 5665 1723 5743">
    <p class='ocr_par' dir='ltr' id='par_1_100' title="bbox 202 5665 1723 5743">
     <span class='ocr_line' id='line_1_100' title="bbox 202 5665 1723 5743; baseline 0.003 -21"><span class='ocrx_word' id='word_1_628' title='bbox 202 5681 229 5709; x_wconf 72' lang='grc' dir='ltr'><strong>ι</strong></span> <span class='ocrx_word' id='word_1_629' title='bbox 256 5665 606 5743; x_wconf 36' lang='grc' dir='ltr'><strong>Οᾴοᾏᾼὺὺθξ</strong></span> <span class='ocrx_word' id='word_1_630' title='bbox 630 5669 1019 5735; x_wconf 85' lang='lat' dir='ltr'><strong>Ferrariensis,</strong></span> <span class='ocrx_word' id='word_1_631' title='bbox 1049 5680 1119 5743; x_wconf 88' lang='lat' dir='ltr'><strong>ut</strong></span> <span class='ocrx_word' id='word_1_632' title='bbox 1155 5670 1390 5743; x_wconf 51' lang='lat' dir='ltr'><strong>diximus</strong></span> <span class='ocrx_word' id='word_1_633' title='bbox 1419 5672 1483 5725; x_wconf 87' lang='lat' dir='ltr'><strong>ad</strong></span> <span class='ocrx_word' id='word_1_634' title='bbox 1524 5671 1723 5743; x_wconf 83' lang='lat' dir='ltr'><strong>episto-</strong></span> 
     </span>
    </p>
   </div>
   <div class='ocr_carea' id='block_1_101' title="bbox 121 5739 1722 5813">
    <p class='ocr_par' dir='ltr' id='par_1_101' title="bbox 121 5739 1722 5813">
     <span class='ocr_line' id='line_1_101' title="bbox 121 5739 1722 5813; baseline 0.002 -19"><span class='ocrx_word' id='word_1_635' title='bbox 121 5740 236 5794; x_wconf 85' lang='lat' dir='ltr'><strong>lam</strong></span> <span class='ocrx_word' id='word_1_636' title='bbox 266 5741 356 5794; x_wconf 63' lang='lat' dir='ltr'><strong>il.</strong></span> <span class='ocrx_word' id='word_1_637' title='bbox 387 5739 518 5813; x_wconf 86' lang='lat' dir='ltr'><strong>Ejus</strong></span> <span class='ocrx_word' id='word_1_638' title='bbox 536 5741 701 5813; x_wconf 86' lang='lat' dir='ltr'><strong>etiam</strong></span> <span class='ocrx_word' id='word_1_639' title='bbox 732 5749 858 5796; x_wconf 92' lang='lat' dir='ltr'><strong>sunt</strong></span> <span class='ocrx_word' id='word_1_640' title='bbox 904 5751 1013 5797; x_wconf 91' lang='lat' dir='ltr'><strong>tres</strong></span> <span class='ocrx_word' id='word_1_641' title='bbox 1039 5742 1281 5812; x_wconf 61' lang='lat' dir='ltr'><strong>epistolte</strong></span> <span class='ocrx_word' id='word_1_642' title='bbox 1315 5739 1619 5813; x_wconf 78' lang='lat' dir='ltr'><strong>sequentes.</strong></span> <span class='ocrx_word' id='word_1_643' title='bbox 1650 5742 1722 5798; x_wconf 92' lang='lat' dir='ltr'><strong>Ut</strong></span> 
     </span>
    </p>
   </div>
   <div class='ocr_carea' id='block_1_102' title="bbox 123 5810 1720 5871">
    <p class='ocr_par' dir='ltr' id='par_1_102' title="bbox 123 5810 1720 5871">
     <span class='ocr_line' id='line_1_102' title="bbox 123 5810 1720 5871; baseline 0.001 -3"><span class='ocrx_word' id='word_1_644' title='bbox 123 5813 329 5868; x_wconf 87' lang='lat' dir='ltr'><strong>mirum</strong></span> <span class='ocrx_word' id='word_1_645' title='bbox 354 5810 508 5868; x_wconf 84' lang='lat' dir='ltr'><strong>valde</strong></span> <span class='ocrx_word' id='word_1_646' title='bbox 534 5812 607 5868; x_wconf 87' lang='lat' dir='ltr'><strong>sit</strong></span> <span class='ocrx_word' id='word_1_647' title='bbox 633 5812 687 5868; x_wconf 89' lang='lat' dir='ltr'><strong>id</strong></span> <span class='ocrx_word' id='word_1_648' title='bbox 722 5828 827 5867; x_wconf 88' lang='lat' dir='ltr'><strong>non</strong></span> <span class='ocrx_word' id='word_1_649' title='bbox 854 5810 1287 5869; x_wconf 83' lang='lat' dir='ltr'><strong>animadversum</strong></span> <span class='ocrx_word' id='word_1_650' title='bbox 1326 5830 1355 5868; x_wconf 87' lang='lat' dir='ltr'><strong>a</strong></span> <span class='ocrx_word' id='word_1_651' title='bbox 1383 5810 1512 5871; x_wconf 83' lang='lat' dir='ltr'><strong>viris</strong></span> <span class='ocrx_word' id='word_1_652' title='bbox 1534 5816 1720 5870; x_wconf 87' lang='lat' dir='ltr'><strong>ocula-</strong></span> 
     </span>
    </p>
   </div>
   <div class='ocr_carea' id='block_1_103' title="bbox 1820 4607 3154 4687">
    <p class='ocr_par' dir='ltr' id='par_1_103' title="bbox 1820 4607 3154 4687">
     <span class='ocr_line' id='line_1_103' title="bbox 1820 4607 3154 4687; baseline -0.011 -14"><span class='ocrx_word' id='word_1_653' title='bbox 1820 4627 2009 4687; x_wconf 76' lang='lat' dir='ltr'><strong>serunt</strong></span> <span class='ocrx_word' id='word_1_654' title='bbox 2050 4616 2103 4670; x_wconf 95' lang='lat' dir='ltr'><strong>in</strong></span> <span class='ocrx_word' id='word_1_655' title='bbox 2142 4615 2387 4687; x_wconf 85' lang='lat' dir='ltr'><strong>catalogo</strong></span> <span class='ocrx_word' id='word_1_656' title='bbox 2422 4607 3154 4687; x_wconf 59' lang='lat' dir='ltr'><strong>abbatumjerrariensjuIn.</strong></span> 
     </span>
    </p>
   </div>
   <div class='ocr_carea' id='block_1_104' title="bbox 1892 4674 3408 4757">
    <p class='ocr_par' dir='ltr' id='par_1_104' title="bbox 1892 4674 3408 4757">
     <span class='ocr_line' id='line_1_104' title="bbox 1892 4674 3408 4757; baseline -0.008 -16"><span class='ocrx_word' id='word_1_657' title='bbox 1892 4688 1920 4728; x_wconf 72' lang='grc' dir='ltr'><strong>ι»</strong></span> <span class='ocrx_word' id='word_1_658' title='bbox 1941 4686 2104 4741; x_wconf 84' lang='lat' dir='ltr'><strong>Zach.</strong></span> <span class='ocrx_word' id='word_1_659' title='bbox 2145 4685 2261 4740; x_wconf 84' lang='lat' dir='ltr'><strong>abb.</strong></span> <span class='ocrx_word' id='word_1_660' title='bbox 2293 4674 2648 4757; x_wconf 44' lang='lat' dir='ltr'><strong>commissum.</strong></span> <span class='ocrx_word' id='word_1_661' title='bbox 2682 4679 2935 4757; x_wconf 72' lang='lat' dir='ltr'><strong>Solemne</strong></span> <span class='ocrx_word' id='word_1_662' title='bbox 2980 4677 3032 4730; x_wconf 92' lang='lat' dir='ltr'><strong>id</strong></span> <span class='ocrx_word' id='word_1_663' title='bbox 3062 4674 3408 4757; x_wconf 78' lang='lat' dir='ltr'><strong>vocabulum,</strong></span> 
     </span>
    </p>
   </div>
   <div class='ocr_carea' id='block_1_105' title="bbox 1820 4748 3411 4829">
    <p class='ocr_par' dir='ltr' id='par_1_105' title="bbox 1820 4748 3411 4829">
     <span class='ocr_line' id='line_1_105' title="bbox 1820 4748 3411 4829; baseline -0.006 -16"><span class='ocrx_word' id='word_1_664' title='bbox 1820 4759 2037 4829; x_wconf 88' lang='lat' dir='ltr'><strong>quoties</strong></span> <span class='ocrx_word' id='word_1_665' title='bbox 2065 4757 2528 4829; x_wconf 47' lang='lat' dir='ltr'><strong>diceres&#39;oleliant</strong></span> <span class='ocrx_word' id='word_1_666' title='bbox 2553 4754 2760 4806; x_wconf 84' lang='lat' dir='ltr'><strong>datum.</strong></span> <span class='ocrx_word' id='word_1_667' title='bbox 2777 4748 2936 4804; x_wconf 91' lang='lat' dir='ltr'><strong>alicui</strong></span> <span class='ocrx_word' id='word_1_668' title='bbox 2964 4748 3353 4829; x_wconf 71' lang='lat' dir='ltr'><strong>monasterium</strong></span> <span class='ocrx_word' id='word_1_669' title='bbox 3379 4762 3411 4803; x_wconf 89' lang='lat' dir='ltr'><strong>a</strong></span> 
     </span>
    </p>
   </div>
   <div class='ocr_carea' id='block_1_106' title="bbox 1820 4813 3406 4899">
    <p class='ocr_par' dir='ltr' id='par_1_106' title="bbox 1820 4813 3406 4899">
     <span class='ocr_line' id='line_1_106' title="bbox 1820 4813 3406 4899; baseline -0.008 -15"><span class='ocrx_word' id='word_1_670' title='bbox 1820 4813 2091 4899; x_wconf 71' lang='lat' dir='ltr'><strong>principe,</strong></span> <span class='ocrx_word' id='word_1_671' title='bbox 2136 4837 2196 4883; x_wconf 92' lang='lat' dir='ltr'><strong>ut</strong></span> <span class='ocrx_word' id='word_1_672' title='bbox 2225 4827 2333 4882; x_wconf 88' lang='lat' dir='ltr'><strong>illic</strong></span> <span class='ocrx_word' id='word_1_673' title='bbox 2374 4826 2544 4899; x_wconf 79' lang='lat' dir='ltr'><strong>abbas</strong></span> <span class='ocrx_word' id='word_1_674' title='bbox 2585 4829 2755 4887; x_wconf 84' lang='lat' dir='ltr'><strong>esset,</strong></span> <span class='ocrx_word' id='word_1_675' title='bbox 2800 4818 3196 4899; x_wconf 54' lang='lat' dir='ltr'><strong>ceundicemus</strong></span> <span class='ocrx_word' id='word_1_676' title='bbox 3229 4813 3406 4899; x_wconf 37' lang='lat' dir='ltr'><strong>‘infra.</strong></span> 
     </span>
    </p>
   </div>
   <div class='ocr_carea' id='block_1_107' title="bbox 1823 4886 3412 4965">
    <p class='ocr_par' dir='ltr' id='par_1_107' title="bbox 1823 4886 3412 4965">
     <span class='ocr_line' id='line_1_107' title="bbox 1823 4886 3412 4965; baseline -0.011 -9"><span class='ocrx_word' id='word_1_677' title='bbox 1823 4886 1928 4956; x_wconf 70' lang='lat' dir='ltr'><strong>Sed</strong></span> <span class='ocrx_word' id='word_1_678' title='bbox 1955 4886 2054 4954; x_wconf 73' lang='lat' dir='ltr'><strong>hoc</strong></span> <span class='ocrx_word' id='word_1_679' title='bbox 2074 4886 2200 4953; x_wconf 73' lang='lat' dir='ltr'><strong>ioco</strong></span> <span class='ocrx_word' id='word_1_680' title='bbox 2232 4914 2335 4953; x_wconf 89' lang='lat' dir='ltr'><strong>non</strong></span> <span class='ocrx_word' id='word_1_681' title='bbox 2370 4896 2635 4965; x_wconf 87' lang='lat' dir='ltr'><strong>accipitur</strong></span> <span class='ocrx_word' id='word_1_682' title='bbox 2660 4908 2723 4947; x_wconf 89' lang='lat' dir='ltr'><strong>ea</strong></span> <span class='ocrx_word' id='word_1_683' title='bbox 2743 4887 3182 4965; x_wconf 85' lang='lat' dir='ltr'><strong>_signiﬁcatione_.</strong></span> <span class='ocrx_word' id='word_1_684' title='bbox 3215 4886 3412 4965; x_wconf 77' lang='lat' dir='ltr'><strong>Agitur</strong></span> 
     </span>
    </p>
   </div>
   <div class='ocr_carea' id='block_1_108' title="bbox 1820 4957 3411 5040">
    <p class='ocr_par' dir='ltr' id='par_1_108' title="bbox 1820 4957 3411 5040">
     <span class='ocr_line' id='line_1_108' title="bbox 1820 4957 3411 5040; baseline -0.008 -14"><span class='ocrx_word' id='word_1_685' title='bbox 1820 4972 1964 5026; x_wconf 91' lang='lat' dir='ltr'><strong>enim</strong></span> <span class='ocrx_word' id='word_1_686' title='bbox 1997 4973 2061 5024; x_wconf 83' lang='lat' dir='ltr'><strong>de</strong></span> <span class='ocrx_word' id='word_1_687' title='bbox 2092 4970 2286 5040; x_wconf 82' lang='lat' dir='ltr'><strong>abbate</strong></span> <span class='ocrx_word' id='word_1_688' title='bbox 2327 4957 2579 5040; x_wconf 75' lang='lat' dir='ltr'><strong>quodam</strong></span> <span class='ocrx_word' id='word_1_689' title='bbox 2605 4961 2793 5018; x_wconf 85' lang='lat' dir='ltr'><strong>exsule</strong></span> <span class='ocrx_word' id='word_1_690' title='bbox 2823 4957 2935 5040; x_wconf 22' lang='lat' dir='ltr'><strong>ac.</strong></span> <span class='ocrx_word' id='word_1_691' title='bbox 2957 4958 3244 5040; x_wconf 82' lang='lat' dir='ltr'><strong>peregrino</strong></span> <span class='ocrx_word' id='word_1_692' title='bbox 3262 4957 3292 5040; x_wconf 32' lang='grc' dir='ltr'><strong>,ζ</strong></span> <span class='ocrx_word' id='word_1_693' title='bbox 3323 4957 3411 5013; x_wconf 89' lang='lat' dir='ltr'><strong>cui</strong></span> 
     </span>
    </p>
   </div>
   <div class='ocr_carea' id='block_1_109' title="bbox 1820 5030 3405 5102">
    <p class='ocr_par' dir='ltr' id='par_1_109' title="bbox 1820 5030 3405 5102">
     <span class='ocr_line' id='line_1_109' title="bbox 1820 5030 3405 5102; baseline -0.009 -5"><span class='ocrx_word' id='word_1_694' title='bbox 1820 5057 1942 5097; x_wconf 90' lang='lat' dir='ltr'><strong>cum</strong></span> <span class='ocrx_word' id='word_1_695' title='bbox 1973 5040 2151 5095; x_wconf 87' lang='lat' dir='ltr'><strong>omnia</strong></span> <span class='ocrx_word' id='word_1_696' title='bbox 2174 5030 2486 5101; x_wconf 74' lang='lat' dir='ltr'><strong>deﬁcerent,</strong></span> <span class='ocrx_word' id='word_1_697' title='bbox 2511 5036 2672 5089; x_wconf 83' lang='lat' dir='ltr'><strong>etiam</strong></span> <span class='ocrx_word' id='word_1_698' title='bbox 2695 5048 2814 5102; x_wconf 75' lang='lat' dir='ltr'><strong>quae</strong></span> <span class='ocrx_word' id='word_1_699' title='bbox 2834 5030 2995 5084; x_wconf 91' lang='lat' dir='ltr'><strong>victui</strong></span> <span class='ocrx_word' id='word_1_700' title='bbox 3022 5030 3348 5093; x_wconf 83' lang='lat' dir='ltr'><strong>necessaria,</strong></span> <span class='ocrx_word' id='word_1_701' title='bbox 3375 5043 3405 5082; x_wconf 88' lang='lat' dir='ltr'><strong>a</strong></span> 
     </span>
    </p>
   </div>
   <div class='ocr_carea' id='block_1_110' title="bbox 1818 5104 3409 5181">
    <p class='ocr_par' dir='ltr' id='par_1_110' title="bbox 1818 5104 3409 5181">
     <span class='ocr_line' id='line_1_110' title="bbox 1818 5104 3409 5181; baseline -0.009 -14"><span class='ocrx_word' id='word_1_702' title='bbox 1818 5112 2014 5167; x_wconf 85' lang='lat' dir='ltr'><strong>Carolo</strong></span> <span class='ocrx_word' id='word_1_703' title='bbox 2028 5126 2163 5181; x_wconf 81' lang='lat' dir='ltr'><strong>.rege</strong></span> <span class='ocrx_word' id='word_1_704' title='bbox 2191 5110 2387 5164; x_wconf 88' lang='lat' dir='ltr'><strong>missus</strong></span> <span class='ocrx_word' id='word_1_705' title='bbox 2413 5116 2497 5161; x_wconf 92' lang='lat' dir='ltr'><strong>est</strong></span> <span class='ocrx_word' id='word_1_706' title='bbox 2520 5104 2835 5181; x_wconf 66' lang='lat' dir='ltr'><strong>Ferrarias;</strong></span> <span class='ocrx_word' id='word_1_707' title='bbox 2863 5109 3295 5181; x_wconf 63' lang='lat' dir='ltr'><strong>prmcepturnque</strong></span> <span class='ocrx_word' id='word_1_708' title='bbox 3324 5106 3409 5155; x_wconf 90' lang='lat' dir='ltr'><strong>est</strong></span> 
     </span>
    </p>
   </div>
   <div class='ocr_carea' id='block_1_111' title="bbox 1818 5171 3409 5239">
    <p class='ocr_par' dir='ltr' id='par_1_111' title="bbox 1818 5171 3409 5239">
     <span class='ocr_line' id='line_1_111' title="bbox 1818 5171 3409 5239; baseline -0.008 0"><span class='ocrx_word' id='word_1_709' title='bbox 1818 5183 1991 5239; x_wconf 86' lang='lat' dir='ltr'><strong>Odoui</strong></span> <span class='ocrx_word' id='word_1_710' title='bbox 2019 5171 2200 5237; x_wconf 71' lang='lat' dir='ltr'><strong>abbati</strong></span> <span class='ocrx_word' id='word_1_711' title='bbox 2240 5190 2296 5235; x_wconf 93' lang='lat' dir='ltr'><strong>et</strong></span> <span class='ocrx_word' id='word_1_712' title='bbox 2328 5178 2610 5234; x_wconf 88' lang='lat' dir='ltr'><strong>monachis</strong></span> <span class='ocrx_word' id='word_1_713' title='bbox 2662 5174 2807 5229; x_wconf 92' lang='lat' dir='ltr'><strong>illius</strong></span> <span class='ocrx_word' id='word_1_714' title='bbox 2836 5171 3150 5227; x_wconf 85' lang='lat' dir='ltr'><strong>monasterii</strong></span> <span class='ocrx_word' id='word_1_715' title='bbox 3194 5179 3254 5225; x_wconf 94' lang='lat' dir='ltr'><strong>ut</strong></span> <span class='ocrx_word' id='word_1_716' title='bbox 3284 5185 3409 5226; x_wconf 90' lang='lat' dir='ltr'><strong>eum</strong></span> 
     </span>
    </p>
   </div>
   <div class='ocr_carea' id='block_1_112' title="bbox 1819 5242 3429 5336">
    <p class='ocr_par' dir='ltr' id='par_1_112' title="bbox 1819 5242 3429 5336">
     <span class='ocr_line' id='line_1_112' title="bbox 1819 5242 3429 5336; baseline -0.01 -27"><span class='ocrx_word' id='word_1_717' title='bbox 1819 5255 2104 5336; x_wconf 58' lang='lat' dir='ltr'><strong>sociosque</strong></span> <span class='ocrx_word' id='word_1_718' title='bbox 2138 5251 2255 5333; x_wconf 78' lang='lat' dir='ltr'><strong>ejus</strong></span> <span class='ocrx_word' id='word_1_719' title='bbox 2274 5248 2706 5336; x_wconf 45' lang='lat' dir='ltr'><strong>alerentﬂtaqqe</strong></span> <span class='ocrx_word' id='word_1_720' title='bbox 2731 5244 2985 5336; x_wconf 72' lang='lat' dir='ltr'><strong>quoniam</strong></span> <span class='ocrx_word' id='word_1_721' title='bbox 3008 5242 3429 5336; x_wconf 46' lang='lat' dir='ltr'><strong>monasterium,</strong></span> 
     </span>
    </p>
   </div>
   <div class='ocr_carea' id='block_1_113' title="bbox 1820 5313 3409 5389">
    <p class='ocr_par' dir='ltr' id='par_1_113' title="bbox 1820 5313 3409 5389">
     <span class='ocr_line' id='line_1_113' title="bbox 1820 5313 3409 5389; baseline -0.006 -9"><span class='ocrx_word' id='word_1_722' title='bbox 1820 5313 2182 5380; x_wconf 52' lang='lat' dir='ltr'><strong>Ferrariense&#39;</strong></span> <span class='ocrx_word' id='word_1_723' title='bbox 2208 5323 2257 5377; x_wconf 92' lang='lat' dir='ltr'><strong>ei</strong></span> <span class='ocrx_word' id='word_1_724' title='bbox 2290 5320 2441 5376; x_wconf 91' lang='lat' dir='ltr'><strong>oneri</strong></span> <span class='ocrx_word' id='word_1_725' title='bbox 2486 5313 2708 5375; x_wconf 84' lang='lat' dir='ltr'><strong>ferendo</strong></span> <span class='ocrx_word' id='word_1_726' title='bbox 2735 5313 2835 5389; x_wconf 83' lang='lat' dir='ltr'><strong>par</strong></span> <span class='ocrx_word' id='word_1_727' title='bbox 2868 5330 2973 5370; x_wconf 90' lang='lat' dir='ltr'><strong>non</strong></span> <span class='ocrx_word' id='word_1_728' title='bbox 3004 5322 3155 5380; x_wconf 86' lang='lat' dir='ltr'><strong>erat,</strong></span> <span class='ocrx_word' id='word_1_729' title='bbox 3181 5327 3275 5369; x_wconf 91' lang='lat' dir='ltr'><strong>cos</strong></span> <span class='ocrx_word' id='word_1_730' title='bbox 3301 5313 3409 5371; x_wconf 87' lang='lat' dir='ltr'><strong>alio</strong></span> 
     </span>
    </p>
   </div>
   <div class='ocr_carea' id='block_1_114' title="bbox 1819 5396 2176 5452">
    <p class='ocr_par' dir='ltr' id='par_1_114' title="bbox 1819 5396 2176 5452">
     <span class='ocr_line' id='line_1_114' title="bbox 1819 5396 2176 5452; baseline -0.014 0"><span class='ocrx_word' id='word_1_731' title='bbox 1819 5396 1958 5452; x_wconf 91' lang='lat' dir='ltr'><strong>mitti</strong></span> <span class='ocrx_word' id='word_1_732' title='bbox 1995 5402 2176 5449; x_wconf 91' lang='lat' dir='ltr'><strong>orant.</strong></span> 
     </span>
    </p>
   </div>
   <div class='ocr_carea' id='block_1_115' title="bbox 1894 5456 3407 5530">
    <p class='ocr_par' dir='ltr' id='par_1_115' title="bbox 1894 5456 3407 5530">
     <span class='ocr_line' id='line_1_115' title="bbox 1894 5456 3407 5530; baseline -0.007 -10"><span class='ocrx_word' id='word_1_733' title='bbox 1894 5477 1917 5505; x_wconf 78' lang='grc' dir='ltr'><strong>ο</strong></span> <span class='ocrx_word' id='word_1_734' title='bbox 1958 5465 2023 5520; x_wconf 91' lang='lat'><strong>0.</strong></span> <span class='ocrx_word' id='word_1_735' title='bbox 2052 5464 2110 5520; x_wconf 91' lang='lat' dir='ltr'><strong>Id</strong></span> <span class='ocrx_word' id='word_1_736' title='bbox 2140 5474 2220 5521; x_wconf 89' lang='lat' dir='ltr'><strong>est</strong></span> <span class='ocrx_word' id='word_1_737' title='bbox 2260 5461 2398 5526; x_wconf 86' lang='lat' dir='ltr'><strong>Odo,</strong></span> <span class='ocrx_word' id='word_1_738' title='bbox 2426 5463 2566 5517; x_wconf 90' lang='lat' dir='ltr'><strong>idem</strong></span> <span class='ocrx_word' id='word_1_739' title='bbox 2607 5460 2696 5530; x_wconf 91' lang='lat' dir='ltr'><strong>qui</strong></span> <span class='ocrx_word' id='word_1_740' title='bbox 2728 5461 2780 5515; x_wconf 92' lang='lat' dir='ltr'><strong>in</strong></span> <span class='ocrx_word' id='word_1_741' title='bbox 2820 5461 3029 5515; x_wconf 85' lang='lat' dir='ltr'><strong>duabus</strong></span> <span class='ocrx_word' id='word_1_742' title='bbox 3051 5456 3292 5528; x_wconf 87' lang='lat' dir='ltr'><strong>epistolis</strong></span> <span class='ocrx_word' id='word_1_743' title='bbox 3315 5471 3407 5511; x_wconf 88' lang='lat' dir='ltr'><strong>su-</strong></span> 
     </span>
    </p>
   </div>
   <div class='ocr_carea' id='block_1_116' title="bbox 1820 5530 3406 5609">
    <p class='ocr_par' dir='ltr' id='par_1_116' title="bbox 1820 5530 3406 5609">
     <span class='ocr_line' id='line_1_116' title="bbox 1820 5530 3406 5609; baseline -0.007 -18"><span class='ocrx_word' id='word_1_744' title='bbox 1820 5536 2144 5609; x_wconf 88' lang='lat' dir='ltr'><strong>perioribus.</strong></span> <span class='ocrx_word' id='word_1_745' title='bbox 2174 5536 2237 5609; x_wconf 90' lang='lat' dir='ltr'><strong>In_</strong></span> <span class='ocrx_word' id='word_1_746' title='bbox 2253 5533 2487 5609; x_wconf 80' lang='lat' dir='ltr'><strong>editione</strong></span> <span class='ocrx_word' id='word_1_747' title='bbox 2518 5542 2696 5587; x_wconf 88' lang='lat' dir='ltr'><strong>tamen</strong></span> <span class='ocrx_word' id='word_1_748' title='bbox 2726 5531 2961 5609; x_wconf 80' lang='lat' dir='ltr'><strong>Massoni</strong></span> <span class='ocrx_word' id='word_1_749' title='bbox 2980 5530 3181 5609; x_wconf 68' lang='lat' dir='ltr'><strong>Odonis</strong></span> <span class='ocrx_word' id='word_1_750' title='bbox 3212 5541 3406 5609; x_wconf 76' lang='lat' dir='ltr'><strong>nomen</strong></span> 
     </span>
    </p>
   </div>
   <div class='ocr_carea' id='block_1_117' title="bbox 1821 5599 3409 5675">
    <p class='ocr_par' dir='ltr' id='par_1_117' title="bbox 1821 5599 3409 5675">
     <span class='ocr_line' id='line_1_117' title="bbox 1821 5599 3409 5675; baseline -0.008 -12"><span class='ocrx_word' id='word_1_751' title='bbox 1821 5599 2083 5663; x_wconf 77' lang='lat' dir='ltr'><strong>omissum</strong></span> <span class='ocrx_word' id='word_1_752' title='bbox 2114 5614 2199 5661; x_wconf 90' lang='lat' dir='ltr'><strong>est</strong></span> <span class='ocrx_word' id='word_1_753' title='bbox 2224 5606 2327 5660; x_wconf 91' lang='lat' dir='ltr'><strong>hoc</strong></span> <span class='ocrx_word' id='word_1_754' title='bbox 2359 5604 2510 5675; x_wconf 87' lang='lat' dir='ltr'><strong>loco;</strong></span> <span class='ocrx_word' id='word_1_755' title='bbox 2539 5619 2637 5675; x_wconf 84' lang='lat' dir='ltr'><strong>pro</strong></span> <span class='ocrx_word' id='word_1_756' title='bbox 2663 5619 2836 5675; x_wconf 72' lang='lat' dir='ltr'><strong>eoque</strong></span> <span class='ocrx_word' id='word_1_757' title='bbox 2858 5604 3117 5675; x_wconf 81' lang='lat' dir='ltr'><strong>scriptum</strong></span> <span class='ocrx_word' id='word_1_758' title='bbox 3146 5599 3409 5675; x_wconf 69' lang='lat' dir='ltr'><strong>Lupino-</strong></span> 
     </span>
    </p>
   </div>
   <div class='ocr_carea' id='block_1_118' title="bbox 1822 5668 3409 5746">
    <p class='ocr_par' dir='ltr' id='par_1_118' title="bbox 1822 5668 3409 5746">
     <span class='ocr_line' id='line_1_118' title="bbox 1822 5668 3409 5746; baseline -0.008 -13"><span class='ocrx_word' id='word_1_759' title='bbox 1822 5693 1946 5733; x_wconf 87' lang='lat' dir='ltr'><strong>men</strong></span> <span class='ocrx_word' id='word_1_760' title='bbox 1997 5679 2099 5733; x_wconf 87' lang='lat' dir='ltr'><strong>hoc</strong></span> <span class='ocrx_word' id='word_1_761' title='bbox 2139 5677 2301 5734; x_wconf 89' lang='lat' dir='ltr'><strong>modo</strong></span> <span class='ocrx_word' id='word_1_762' title='bbox 2346 5694 2359 5730; x_wconf 91' lang='lat'><strong>:</strong></span> <span class='ocrx_word' id='word_1_763' title='bbox 2397 5668 2657 5731; x_wconf 69' lang='lat' dir='ltr'><strong>Ludovico</strong></span> <span class='ocrx_word' id='word_1_764' title='bbox 2711 5668 2924 5746; x_wconf 61' lang='lat' dir='ltr'><strong>Lupus,</strong></span> <span class='ocrx_word' id='word_1_765' title='bbox 2968 5668 3199 5728; x_wconf 73' lang='lat' dir='ltr'><strong>bmm’um</strong></span> <span class='ocrx_word' id='word_1_766' title='bbox 3232 5668 3409 5722; x_wconf 62' lang='lat' dir='ltr'><strong>abba-</strong></span> 
     </span>
    </p>
   </div>
   <div class='ocr_carea' id='block_1_119' title="bbox 1823 5756 2086 5818">
    <p class='ocr_par' dir='ltr' id='par_1_119' title="bbox 1823 5756 2086 5818">
     <span class='ocr_line' id='line_1_119' title="bbox 1823 5756 2086 5818; baseline 0 -14"><span class='ocrx_word' id='word_1_767' title='bbox 1823 5758 1959 5818; x_wconf 83' lang='lat' dir='ltr'><strong>tum,</strong></span> <span class='ocrx_word' id='word_1_768' title='bbox 1979 5756 2086 5806; x_wconf 87' lang='lat' dir='ltr'><strong>etc.</strong></span> 
     </span>
    </p>
   </div>
  </div>
