3902 6300
497 334 607 395 479

1011 462 1345 522 EPISTOLA
1382 463 1572 521 XXIX.

880 569 908 599 ⁸
931 574 998 614 ΑΙ)
1026 573 1360 614 GUENILONEH
1397 574 1712 618 EPISCOPUI.

552 651 711 706 ‘Dum
756 649 1061 708 abundante
1106 652 1388 721 iniquitate
1439 654 1678 710 Charitas
1715 652 1827 723 jam
1873 654 2085 711 refrixit

499 741 828 807 multorum,
868 752 922 798 et
946 742 1128 814 plures
1154 743 1325 800 laetari
1350 745 1596 802 videmus
1618 761 1740 801 cum
1774 745 1911 800 male
1938 744 2084 802 fece-

502 834 613 889 rint
632 842 688 889 et
714 836 768 890 in
794 835 956 890 rebus
978 835 1228 904 pessimis
1255 836 1529 894 exsultare
1552 878 1569 903 ,
1607 837 1820 909 quando
1850 838 2085 908 peccatis

503 926 707 982 nostris
760 925 1034 997 republica
1099 926 1362 998 dissipata
1428 927 1645 998 impune
1706 942 2084 999 perversurum

500 1027 779 1090 grassatur
804 1018 1033 1085 insania,
1057 1018 1344 1091 legumque
1366 1029 1542 1076 metus
1563 1020 1832 1086 aboletur,
1849 1022 2087 1075 maximo

500 1109 759 1165 debemus
805 1108 942 1166 allici
976 1111 1206 1183 gaudio,
1238 1113 1285 1168 si
1315 1112 1506 1168 saltem
1546 1112 1739 1184 aliquis
1784 1113 2088 1168 inveniatur

498 1201 612 1272 qui,
635 1216 845 1258 memor
865 1201 1190 1270 futurorum,
1204 1204 1236 1245 ιι
1252 1204 1431 1261 saeculi
1452 1203 1705 1277 fugientis
1722 1213 2087 1275 contemptum

497 1295 586 1365 pia
614 1304 795 1351 mente
823 1296 1113 1366 concipiat,
1137 1305 1192 1352 et
1204 1305 1463 1368 operante
1486 1298 1579 1352 Dei
1604 1298 1776 1369 gratia
1803 1295 2088 1369 perfectio-

497 1385 585 1440 nis
639 1385 848 1455 apicem
895 1386 1284 1456 apprehendat.
1342 1386 1495 1455 Quod
1548 1388 1679 1443 mibi
1723 1388 1849 1458 quia
1912 1387 2087 1444 moliri

496 1477 600 1533 visi
666 1487 793 1534 sunt
851 1478 959 1535 duo
1018 1480 1322 1551 presbyteri
1384 1481 1553 1536 nostri
1580 1521 1596 1548 ,
1668 1496 1897 1551 quorum
1948 1481 2088 1537 alter

495 1570 859 1643 Ardegarius,
901 1572 1039 1629 alter
1080 1573 1359 1631 Baldricus
1392 1583 1654 1643 vocatur,
1703 1592 1868 1632 unum
1899 1591 2084 1632 eorum

497 1703 616 1761 loco
643 1714 796 1776 putat
831 1717 1044 1764 veteres
1068 1706 1398 1765 Francorum
1429 1710 1696 1776 Annales,
1728 1710 1820 1776 qui
1851 1708 2088 1766 Carisia-

499 1726 616 1761 ioco
643 1726 796 1776 putat
831 1726 1044 1764 veteres
1068 1726 1398 1765 rrancorum
1429 1726 1696 1776 annales,
1769 1728 1820 1766 ιιι
1851 1726 2084 1766 uarrsra-

494 1790 621 1851 c_um
643 1776 708 1832 ad
733 1778 943 1851 Isarami
958 1779 1156 1851 locant;
1186 1778 1546 1851 admonetque
1567 1726 1847 1851 legengum
1870 1796 1993 1836 esse
2015 1780 2084 1835 ad

501 1845 713 1913 Saram,
736 1857 795 1903 ut
817 1849 888 1905 sit
906 1849 1246 1905 Cressiacum
1280 1854 1345 1906 ad
1374 1845 1587 1914 Saram,
1612 1845 1784 1907 (ἶνεδεὶ
1802 1850 2083 1914 surSerre,

502 1917 558 1992 in
607 1918 1238 1992 ditecesi_Laudunensi.
1289 1922 1431 1992 Sane
1470 1924 1609 1992 apud
1655 1921 1974 1978 Guibertum
2021 1922 2090 1978 de

500 1985 747 2063 Nogento
775 1990 828 2063 in
850 1990 990 2063 libro
1011 1990 1169 2045 tertio
1200 1992 1265 2046 de
1291 1991 1411 2063 Vita
1439 1985 1533 2047 sua
1562 2033 1578 2057 ,
1619 2007 1738 2063 cap.
1785 1993 1818 2046 5
1846 2033 1885 2063 ,γ
1909 2001 2089 2048 exstat

499 2059 704 2131 mentio
722 2059 999 2128 cujusdam
1026 2063 1295 2131 magnatis
1318 2059 1718 2128 Laudunensis',
1751 2064 1835 2118 cui
1860 2062 2089 2118 Girardo

503 2126 862 2203 Carisiacensi
889 2146 1084 2188 nomen
1110 2126 1231 2197 fuit,
1246 2148 1310 2188 eo
1331 2134 1473 2203 quod
1495 2126 1741 2190 dominus
1760 2143 1906 2189 esset
1925 2134 2091 2190 castri

501 2199 892 2272 Carisiaeensis
918 2216 933 2256 :
964 2204 1107 2272 quod
1135 2199 1701 2260 indicat-Carisiacum
1732 2204 1898 2260 fuisse
1926 2206 2089 2260 situm

505 2271 559 2345 in
592 2271 1119 2345 pagoLaudunensi.
1150 2273 1285 2345 Vide
1313 2274 1509 2329 librum
1543 2285 1793 2345 quartum
1831 2276 2089 2331 eruditis-

503 2342 625 2397 simi
656 2342 950 2416 Mabillouiii
979 2346 1043 2398 de
1066 2344 1144 2399 Re
1164 2344 1534 2416 diplomatica,
1563 2342 1685 2416 pag.
1718 2345 1842 2400 258.

574 2424 601 2453 ι
628 2414 711 2488 Aid
738 2411 949 2469 Cuem’l.
976 2411 1293 2488 episcopum.
1336 2411 1708 2488 Senonensem
1733 2456 1749 2481 ,
1795 2418 1888 2488 qui
1934 2417 2092 2488 vulgo

501 2482 716 2559 wenilo
738 2493 963 2559 voca_tur
992 2482 1045 2541 in
1076 2482 1295 2557 synodis
1315 2487 1609 2559 Gallicanis
1630 2503 1727 2558 per
1753 2482 1828 2543 ea'
1842 2482 2091 2559 tempora

500 2554 816 2631 celeb_r_-atis._
849 2556 1048 2631 Fuerat
1088 2554 1217 2631 vero
1242 2567 1400 2614 antea
1427 2554 1658 2631 clericus
1683 2558 1902 2631 capella:
1932 2554 2095 2631 regite

498 2624 680 2699 Caroli
725 2624 907 2693 Calvi,
956 2643 986 2699 a
1022 2643 1130 2699 quo
1157 2629 1356 2699 donum
1384 2629 1727 2699 episcopatus
1753 2624 2093 2686 'Senonen'sis

500 2698 713 2770 accepit
735 2706 855 2770 post
883 2698 1089 2770 obitum
1110 2698 1312 2755 Aldrici
1339 2698 1755 2770 archiepiscopi,
1780 2716 1921 2756 anno
1950 2700 2048 2756 8H
2076 2741 2091 2765 ,

499 2775 561 2822 ut
594 2768 708 2841 ipse
752 2767 979 2841 Carolus
1018 2779 1243 2826 testatur
1279 2770 1333 2825 in
1365 2767 1790 2841 proclamatione
1834 2771 2095 2827 adversus

498 2840 746 2922 eumdem
777 2839 1117 2925 chii‘onnﬁem
1157 2839 1454 2925 irimsynoiio
1494 2842 1787 2925 universali
1809 2843 1960 2924 apud
1991 2841 2093 2897 Sa-

498 2910 753 2981 ponarias
771 2926 913 2967 anno
942 2912 1046 2968 859
1071 2931 1083 2966 :
1116 2930 1134 2962 ι
1164 2910 1293 2967 Mihi
1316 2928 1347 2966 a
1379 2913 1608 2967 Domino
1627 2922 1682 2967 et
1701 2910 1945 2981 genitore
1976 2927 2096 2969 meo

499 2980 603 3050 piae
632 2981 911 3053 memoriae
938 2982 1209 3037 Ludovico
1241 2982 1483 3053 Augusto
1506 3024 1521 3050 ,
1557 3004 1575 3035 ι
1620 2980 1795 3052 inquit
1831 2983 2057 3039 Carolus
2077 3025 2092 3051 ,

506 3067 540 3125 c_
554 3064 683 3120 pars
713 3052 862 3122 regni
895 3052 1057 3125 inter
1071 3053 1268 3108 fratres
1298 3052 1445 3109 meos
1472 3069 1623 3125 reges
1652 3053 1832 3108 divina
1861 3054 2093 3125 disposi~

474 3188 477 3195 _
502 3121 652 3176 tione
675 3130 759 3176 est
785 3121 1096 3196 traditauln
1122 3138 1228 3193 qua
1256 3133 1407 3193 parte
1437 3121 1586 3196 regni
1608 3126 1835 3180 vacabat
1860 3121 1987 3180 tunc
2005 3140 2099 3195 pa-

1522 344 1584 405 B.
1627 347 1686 405 S.
1728 347 1886 406 LUPI
1921 349 2211 408 ABBATIS
2249 343 2751 411 FERRARIENSIS

3683 363 3773 418 480

2108 468 2207 538 Α(
2234 485 2358 524 nam
2422 469 2650 527 alterum
2686 472 3013 529 inevitabilis
3078 476 3372 531 necessitas
3439 475 3774 545 retinebat),

2183 559 2290 632 53
2318 572 2511 618 vestrae
2553 564 2870 619 reverentiae
2894 564 3089 632 direxi,
3126 566 3377 635 adjuncto
3412 568 3657 622 militari
3678 571 3777 625 viro

2182 655 2275 725 qui
2297 670 2421 710 eum
2442 656 2496 710 in
2514 655 2709 712 itinere
2729 665 2993 725 tueretur,
3012 667 3073 713 ut
3095 674 3125 713 a
3150 661 3480 732 presbytero
3502 662 3778 733 utriusque

2183 743 2512 803 desiderium
2557 750 2943 820 agnosceretis,
2997 759 3055 806 et
3082 752 3254 806 nuntii
3286 753 3467 808 nostri
3527 753 3778 811 l'ClaliOne

2191 840 2447 896 testatior
2488 856 2676 897 eorum
2713 842 2822 898 vita
2854 843 3004 915 prior
3042 851 3097 898 et
3124 859 3362 915 praesens
3412 846 3660 903 devotio
3707 863 3783 917 ap-

2184 940 2421 1002 pareret.
2478 932 2664 988 Vestra
2707 948 2838 989 vero
2869 933 3153 1003 prudentia
3199 934 3560 1006 relinquendi
3594 945 3620 974 ε
3678 952 3781 991 sum

2184 1025 2265 1080 eis
2303 1023 2489 1081 titulos
2529 1026 2741 1097 copiam
2796 1027 3011 1096 negavit
3057 1025 3321 1082 facturam
3366 1036 3430 1082 ut
3465 1026 3709 1083 liberius
3740 1037 3783 1083 et

2187 1114 2490 1171 dictrictius
2544 1116 2940 1172 institutionem
2997 1115 3143 1172 beati
3213 1117 3510 1173 Benedicti
3568 1133 3782 1189 sequan-

2190 1218 2299 1275 tur,
2339 1209 2442 1265 nisi
2492 1207 2631 1265 forte
2681 1218 2862 1265 nostra
2893 1210 3134 1281 parvitas
3183 1211 3599 1266 auctoritatem
3652 1211 3783 1266 vobis

2185 1301 2471 1373 depromat
2500 1302 2706 1371 absque
2740 1301 2872 1357 vitio
2896 1316 3057 1371 posse
3091 1300 3230 1358 lieri.
3283 1302 3342 1358 Id
3383 1303 3628 1358 tametsi
3676 1319 3785 1357 nmi-

2187 1407 2351 1462 quam
2401 1392 2455 1447 in
2489 1392 2918 1448 controversiam
2963 1401 3211 1449 vocatum
3248 1394 3333 1449 vel
3372 1395 3666 1449 audierim
3706 1411 3786 1448 nn-

2186 1497 2349 1553 quam
2395 1482 2481 1538 vel
2536 1482 2799 1553 magistra
2868 1481 3101 1540 lectione
3151 1485 3584 1554 compererim,
3627 1494 3784 1539 tamen

2187 1574 2508 1646 simpliciter
2533 1574 2675 1645 quod
2721 1574 2900 1630 sentio
2939 1584 3132 1631 vestra:
3162 1577 3497 1632 auctoritati
3531 1577 3785 1649 aperiam.

2187 1706 2483 1763 vanitatum
2513 1715 2568 1762 et
2589 1704 2884 1765 inlusiones
2915 1706 3368 1761 transvolantium
3406 1708 3784 1773 somniorum,

2191 1794 2445 1833 mansura
2488 1787 2543 1848 et
2582 1777 2752 1833 solida
2780 1778 3127 1848 concupivit,
3168 1789 3222 1833 et
3263 1779 3541 1848 despecto
3590 1780 3785 1835 tandem

2117 1838 2162 1898 Β
2190 1849 2371 1905 seculo
2395 1847 2615 1912 infelici,
2639 1857 2811 1902 artem
2834 1838 3218 1918 ejus'magnam
3240 1838 3452 1918 rapuit,
3475 1849 3785 1905 felicium

2192 1930 2250 1975 et
2282 1920 2490 1974 Iucrmn
2517 1920 2597 1974 sui
2623 1919 2689 1973 de
2726 1920 2927 1973 mundo
2953 1929 3210 1989 pereunte
3235 1921 3553 1988 acquisivit
3578 1962 3596 1986 ,
3650 1940 3671 1973 ι
3702 1932 3785 1976 etc.

2189 1991 2271 2046 Ac
2310 1991 2491 2045 dicere
2536 1990 2751 2044 videtur
2793 1989 3025 2044 Faustus
3074 1988 3354 2043 Ruricium
3403 1992 3685 2046 monachi
3721 1994 3787 2046 ia-

2191 2063 2439 2118 stitutum
2467 2060 2781 2133 arripuisse,
2814 2076 2968 2133 usum
2991 2060 3215 2133 collsilio
3237 2060 3417 2131 ipsius
3443 2060 3680 2128 Fausti,
3711 2063 3784 2133 φῖ

2192 2133 2268 2189 ita
2298 2129 2647 2188 consuluerat
2674 2131 2727 2185 in
2755 2130 2980 2189 epistola
3008 2129 3062 2184 5.

2266 2214 2296 2244 ο-
2334 2200 2471 2258 Suos
2518 2200 2718 2256 titulos,
2745 2200 2811 2272 Idi
2851 2212 2934 2258 est
2962 2200 3220 2257 ecclesias
3266 2202 3334 2256 ad
3361 2218 3521 2272 quas
3572 2204 3788 2265 ordinati

2192 2282 2369 2329 erant.
2401 2272 2538 2327 Nam
2564 2273 2689 2341 quia
2736 2271 2930 2343 priscis
2980 2272 3087 2327 illis
3129 2271 3475 2341 temporibus
3528 2276 3789 2341 neminem

2194 2345 2393 2400 licebat
2415 2344 2533 2399 sine
2572 2344 2727 2398 titulo
2752 2344 3027 2408 ordinare,
3059 2359 3120 2397 ea
3155 2343 3417 2398 nimirum
3442 2346 3791 2400 ordinatione

2193 2431 2315 2486 quzc
2344 2414 2587 2470 absoluta
2610 2414 2913 2480 dicebatur,
2944 2415 3021 2469 sic
3048 2414 3276 2486 clericos
3316 2415 3583 2484 episcopi
3620 2416 3788 2485 alliga.

2193 2485 2324 2541 bant
2355 2486 2530 2540 titulis
2554 2486 2620 2539 ad
2651 2500 2787 2555 quos
2814 2500 2909 2540 eos
2933 2485 3327 2540 ordinabautut
3352 2486 3521 2541 illinc
3545 2487 3789 2543 recedere

2197 2573 2301 2613 non
2343 2556 2528 2612 liceret
2559 2557 2763 2626 absque
2784 2557 2931 2626 gravi
2954 2571 3141 2619 causa,
3177 2570 3358 2626 neque
3383 2557 3440 2611 id
3489 2567 3668 2612 extra
3692 2572 3791 2626 per-

2196 2629 2421 2708 missum
2445 2627 2648 2708 proprii
2677 2625 2934 2708 cpi-scapi.
2978 2626 3162 2697 Itaque
3204 2625 3563 2708 Ard'cgarius
3585 2638 3654 2708 et

2196 2697 2403 2764 dricus,
2429 2695 2732 2768 presbyteri
2765 2695 3279 2768 Senonense'chum
3302 2695 3373 2768 ΒΣ
3389 2697 3699 2755 Benedicti
3725 2714 3788 2754 re-

2197 2770 2377 2839 gulam
2406 2766 2649 2839 proﬁteri
2678 2767 2730 2822 in
2756 2768 3101 2839 monasterio
3127 2766 3473 2839 Ferrariensi
3512 2770 3785 2824 destinas-

2197 2837 2318 2895 sent
2342 2837 2563 2903 animis,
2595 2837 2948 2894 Guenilonem
2975 2838 3459 2908 metropolitanum
3510 2841 3785 2903 adierunt,

2196 2921 2417 2966 orantes
2446 2919 2507 2982 ut
2526 2909 2626 2982 sibi
2642 2918 2860 2982 propter
2875 2924 2996 2982 eam
3019 2907 3239 2982 causam
3259 2907 3452 2982 liceret
3474 2911 3787 2982 relinquere

2198 2997 2326 3037 suos
2355 2981 2559 3036 titulos.
2608 2977 2835 3050 Negavit
2878 2978 3092 3035 Wenilo
3137 2994 3196 3033 se
3223 2979 3274 3032 id
3306 2977 3603 3036 facturum
3635 2977 3787 3038 tione:

2200 3050 2381 3123 Lupus
2428 3051 2596 3123 abbas
2647 3050 2950 3123 manifestis
2990 3061 3045 3123 et
3070 3050 3393 3123 antlienticis
3460 3053 3789 3107 testimonii

2200 3120 2553 3193 approbasset
2574 3121 2632 3193 id
2661 3120 2773 3193 fieri
2800 3136 2959 3193 posse
2985 3121 3095 3193 sine
3123 3121 3264 3193 uilio,
3297 3122 3351 3175 id
3373 3131 3461 3177 est
3488 3124 3787 3179 secundum

504 3198 651 3247 storc
680 3192 993 3268 metropolis
1014 3190 1289 3250 Senonum
1316 3212 1329 3249 :
1358 3190 1540 3264 quam,
1565 3195 1720 3268 juiiia
1749 3190 2095 3268 consuetu'di-
2120 3204 2165 3268 (ς
2197 3190 2456 3268 canones.
2496 3190 2910 3268 Sciebatenim
2943 3191 3086 3246 haud
3120 3190 3282 3268 dubie
3322 3194 3789 3268 prudentissimus

503 3277 629 3338 nem
654 3264 1123 3338 praedecessorum
1140 3280 1381 3319 meormn
1405 3264 1611 3338 regum,
1634 3266 1928 3333 Weniloni,
1959 3276 2089 3323 tunc

394 3336 407 3341 “
501 3333 702 3407 cierico
721 3335 927 3407 ‘meoin
957 3335 1161 3407 capella
1192 3352 1312 3391 mea
1342 3333 1491 3391 mihi
1507 3338 1789 3400 servienti,
1820 3338 1911 3407 qui
1938 3352 2090 3394 more

502 3401 660 3459 liberi
687 3402 869 3459 clerici
901 3421 958 3461 se
983 3401 1114 3461 mihi
1148 3408 1619 3463 commendaverat
1645 3449 1660 3472 ,
1689 3417 1743 3462 et
1776 3401 2089 3463 ﬁdelitatem

503 3483 849 3550 sacramento
874 3477 1228 3550 promiserat,
1257 3493 1525 3534 consensu
1565 3494 1844 3534 sacrorum
1876 3480 2087 3550 episco-

501 3545 900 3620 porum_ipsius
930 3548 1244 3619 metropolis
1271 3550 1336 3603 ad
1364 3551 1769 3620 gubernandum
1808 3545 2053 3606 commisi
2072 3591 2089 3617 ,

504 3625 561 3689 et
580 3617 720 3689 apud
740 3617 1042 3689 episcopos,
1058 3617 1317 3689 quantum
1336 3617 1401 3675 ex
1421 3636 1506 3676 me
1527 3620 1646 3686 fuit,
1667 3628 1724 3675 ut
1742 3636 1866 3675 eum
1888 3620 2091 3676 ibidem

501 3687 984 3771 Arcbiepiscopum
1029 3687 1616 3771 nidinarentnobtinui.
1657 3710 1681 3771 Δι
1734 3690 1925 3771 Postea
1966 3707 2090 3771 cum

502 3772 600 3813 rex
628 3758 933 3816 Germaniae
962 3759 1297 3827 Ludovicus,
1344 3760 1521 3816 Caroli
1564 3760 1733 3815 frater
1781 3770 1837 3816 et
1882 3762 2087 3828 hostis,

502 3829 861 3952 worumdam
903 3832 1277 3901 persuasione,
1309 3847 1531 3903 regnum
1560 3832 1737 3887 Caroli
1777 3832 2087 3898 invaderet,

578 3899 752 3952 enilo.
783 3901 930 3952 solus
956 3901 1353 3952 Gallicanorum
1383 3903 1757 3952 episcoporum
1776 3944 1791 3952 -
1822 3903 1875 3952 in
1906 3914 2087 3952 partes

578 3899 719 3974 enilo
736 3941 757 3974 ,ἓ
783 3899 930 3957 solus
956 3901 1353 3958 Gallicanorum
1374 3899 1792 3973 episcoporum,
1822 3903 1875 3974 in
1906 3914 2092 3974 partes

505 3969 763 4044 Ludovici
806 3981 1177 4044 transgressus
1214 3980 1298 4030 est
1324 4015 1339 4039 ,
1378 3969 1615 4044 pessimo
1654 3969 1923 4043 exemplo:
1956 3973 2093 4030 Hinc

504 4049 652 4095 mota
672 4040 850 4115 Caroli
874 4043 954 4096 ira
966 4040 996 4108 ’;
1026 4045 1161 4100 adeo
1183 4055 1241 4099 ut
1268 4045 1320 4099 in
1345 4040 1574 4100 concilio
1602 4045 1742 4115 apud
1763 4040 2091 4115 Saponarias

506 4125 726 4186 gravem
757 4112 1015 4186 adversus
1041 4114 1189 4170 illum
1218 4115 1613 4186 querimoniam
1636 4112 1943 4185 porrexerit
1968 4117 2078 4185 epi-

509 4181 709 4250 scopis;
742 4183 831 4306 aui
855 4186 1135 4240 sententias
1164 4203 1196 4238 α
1223 4181 1513 4255 majoribus
1542 4181 1824 4251 institutas,
1852 4186 1954 4240 hoc
1983 4181 2089 4252 est,

509 4265 722 4306 umnam
780 4254 1113 4306 enositionis.
1136 4257 1472 4306 intentarnnt
1492 4255 1783 4306 Weniloni.
1809 4256 1861 4306 ni
1882 4253 2089 4306 obieeta

506 4265 722 4322 ptenam
744 4254 1113 4323 depositionis,
1136 4254 1472 4311 intentarent
1492 4255 1783 4320 Weniloni,
1809 4256 1861 4310 ni
1882 4254 2090 4324 objecta

505 4323 1050 4398 ex_pnrgaret.‘Quod
1096 4335 1277 4381 autem
1328 4327 1575 4398 nuspiam
1619 4327 1922 4398 invenimus
1952 4323 2090 4382 eum

507 4392 1155 4480 iuiSSe'depositum,.non
1177 4397 1229 4480 id
1252 4392 1465 4480 quidem
1490 4399 1678 4480 datum
1692 4396 1809 4466 ejus
1833 4398 2091 4480 innocenf

506 4466 596 4520 tite
616 4505 631 4530 ,
664 4466 759 4540 sed
788 4467 1091 4540 clementiae
1111 4466 1374 4540 principis
1404 4469 1804 4540 imputandum,
1851 4480 1909 4540 ut
1934 4470 2092 4524 docet

505 4546 697 4592 auctor
716 4536 1003 4593 Annalium
1025 4537 1080 4593 S.
1111 4536 1314 4594 Bertiui
1338 4541 1404 4593 ad
1420 4536 1616 4594 annum
1641 4539 1744 4595 859
1769 4557 1781 4593 :
1814 4559 1831 4591 ι
1859 4538 2090 4596 Guanilo

504 4607 790 4682 episcopus
828 4607 1105 4682 Senonum
1153 4610 1670 4682 absque_audientia
1713 4611 2087 4682 episcoporum

506 4678 703 4735 Carolo
730 4680 840 4751 regi
864 4678 1311 4736 reconciliaturfi
1348 4680 1424 4735 Ea
1450 4689 1627 4736 tamen
1655 4678 1806 4736 labes
1825 4678 2085 4738 aeternum

507 4751 725 4840 ξηξιξνεὲι·
755 4751 1172 4840 “sanes-lim
1202 4752 1550 4840 ντοείίείξιέςδεη
1571 4753 1921 4840 remains.
1967 4753 2094 4840 We-

507 4819 704 4893 nilonis
735 4838 829 4893 seu
851 4819 1166 4879 Guenilonis
1196 4819 1470 4893 paululum
1512 4820 1710 4877 inﬂexo
1746 4824 1926 4879 vocati
1961 4824 2087 4879 dein

508 4899 634 4946 sunt
661 4891 969 4948 Ganelonea.
1018 4891 1302 4949 Matthaaus
1336 4893 1579 4948 Parisius
1617 4894 1681 4948 ad
1715 4909 1914 4948 annum
1951 4894 2089 4949 1216

508 4959 734 5030 loquens
782 4964 847 5017 de
896 4965 1093 5021 comite
1138 4965 1454 5020 Nivernensi
1482 5004 1498 5029 ,
1553 4964 1630 5018 ait
1665 4979 1788 5018 eum
1826 4962 1987 5020 fuisse
2025 4965 2090 5019 de

509 5030 1036 5111 Queneloniaqenere
1057 5037 1361 5111 proditoris.
1394 5036 1486 5090 Sic
1514 5035 1567 5089 in
1597 5033 1781 5111 Ma_rca_
1796 5032 2088 5111 Hispanica

507 5101 662 5158 Bene
706 5101 920 5159 comitis
964 5101 1374 5162 Barcinonensis
1429 5121 1624 5160 nomen
1678 5101 1966 5170 inclaruit,
2024 5106 2094 5163 ob

509 5174 673 5247 iidem
702 5174 979 5247 violatam,
1010 5191 1130 5247 quze
1156 5177 1424 5233 Ludovico
1456 5177 1549 5231 Pio
1579 5176 1893 5244 imperatori
1918 5177 2094 5247 debe-

508 5246 689 5301 batur.
738 5245 890 5302 Unde
943 5248 995 5303 in
1028 5245 1283 5303 _Usaticis
1340 5247 1869 5310 Barcinonensilius,
1907 5246 2019 5315 jam
2060 5265 2092 5303 a

511 5319 783 5390 sexcentis
805 5328 898 5373 aut
917 5319 1133 5374 circiter
1162 5320 1316 5373 annis
1345 5319 1588 5390 proditor
1604 5318 1699 5390 qui
1727 5316 1885 5390 litiein
1909 5318 2091 5374 datam

510 5388 698 5455 violat,
724 5387 868 5444 Bura
901 5391 1129 5455 dicitur;
1162 5400 1219 5444 ut
1254 5391 1304 5445 in
1329 5387 1463 5445 libro
1486 5405 1544 5443 Ill
1570 5387 1761 5443 Marem
1788 5387 2091 5458 Hispaniae

512 5459 737 5530 adnotat
767 5460 1163 5517 illustrissimus
1194 5463 1632 5530 archiepiscopus
1663 5458 2005 5530 Parisiensis.

582 5529 612 5570 ι’
636 5528 829 5586 chuli
855 5532 969 5657 (ag.
999 5542 1365 5602 contemptum.
1383 5528 1481 5588 Sic
1506 5528 1738 5587 Faustus
1762 5529 2009 5587 Reieusis
2040 5532 2091 5586 in

582 5601 733 5657 istola
778 5603 811 5657 6
878 5604 1036 5657 audat
1068 5602 1379 5657 Ruricium.
1408 5604 1498 5657 oui
1539 5601 1938 5657 Lemovicensis
1966 5602 2091 5657 dein

510 5601 733 5672 epistola
778 5603 811 5658 6
855 5601 1036 5659 laudat
1068 5602 1379 5666 Ruricium,
1408 5604 1498 5673 qui
1539 5601 1938 5673 Lemovicensis
1966 5602 2091 5658 dein

509 5675 795 5743 episcopus
817 5674 936 5738 fuit,
967 5676 1111 5743 quod
1139 5692 1157 5725 σ
1190 5684 1307 5743 post
1329 5672 1453 5728 vine
1482 5674 1640 5741 hujus
1660 5672 1985 5742 jactationes
2024 5674 2092 5728 ad

509 5754 725 5815 portum
759 5746 1053 5815 religionis,
1078 5761 1291 5815 proram
1319 5745 1527 5806 salutis.
1562 5744 1771 5799 lﬂxcelsi
1798 5762 1955 5798 manu
1990 5761 2087 5814 gu-

508 5818 799 5881 bernante,
839 5819 1136 5883 convertit,
1162 5831 1267 5886 quo
1284 5818 1300 5869 ,ι
1337 5827 1452 5886 post
1483 5815 1701 5870 umbras
1722 5815 2089 5870 seducentium

2232 3266 2438 3320 ontifex
2468 3262 2754 3320 clericatus
2794 3263 3041 3335 ordinem
3067 3262 3154 3335 ab
3195 3260 3516 3319 Innocentio
3555 3265 3787 3335 papaad

2232 3280 2438 3320 ontuex
2468 3280 2754 3320 clericatus
2794 3280 3041 3318 ormnem
3086 3280 3154 3316 an
3195 3280 3516 3319 mnocenuo
3555 3280 3779 3335 papaat

2195 3280 2512 3397 gictricium
2580 3335 2894 3405 episcopum
2954 3333 3453 3405 Botbomagensem
3498 3337 3779 3391 scribente

2194 3407 2300 3463 dici
2352 3404 2627 3461 meliorem’
2675 3405 2897 3475 gradum
2961 3404 3365 3475 comparatione
3418 3405 3787 3474 professionis

2195 3478 2530 3533 monasticae.
2565 3474 2807 3531 Reverso
2845 3475 2912 3530 ad
2962 3474 3279 3544 Lupum_eo
3319 3476 3411 3544 qui
3465 3475 3785 3532 Yeniloneu

2194 3549 2423 3614 adierat,
2472 3548 2802 3604 intellectum
2848 3554 2932 3601 est
2976 3542 3118 3600 nolle
3145 3542 3495 3601 Wenilouem
3549 3549 3789 3603 tribuere

2193 3619 2528 3691 presbyteris
2572 3618 2845 3691 licentiam
2892 3615 3175 3671 recedendi
3208 3630 3427 3691 {sacro
3474 3619 3784 3676 ministerio

2195 3684 2265 3745 ob
2303 3684 2421 3745 eain
2471 3705 2635 3760 quam
2677 3688 2915 3760 diximus
2943 3701 3187 3760 causam.
3219 3684 3359 3760 Tum
3390 3687 3587 3759 Lupus
3638 3692 3788 3745 istam

2195 3761 2262 3815 ad
2290 3757 2628 3816 Wenilonem
2660 3758 2946 3828 epistolam
2974 3757 3213 3826 scripsit,
3248 3757 3302 3812 in
3327 3773 3436 3827 qua
3469 3757 3675 3817 multis
3704 3778 3785 3815 ar-

2194 3831 2464 3903 gumentis
2491 3834 2739 3903 evincere
2766 3838 2991 3884 conatur
3019 3828 3183 3883 licere
3221 3830 3563 3903 presbyteris
3589 3847 3787 3886 mnuu-

2197 3898 2332 3958 tiare
2379 3903 2491 3957 suis
2533 3900 2702 3955 titulis
2733 3913 3029 3968 curamque
3079 3898 3405 3968 pastoralem
3437 3900 3714 3957 deserere
3739 3912 3788 3957 ut

2195 3973 2442 4028 monachi
2469 3972 2636 4044 fiant.
2680 3970 3591 4044 Nullamtamennauctoritatem,
3652 3973 3787 4044 quod

2195 4044 2396 4099 diserte
2427 4043 2776 4099 nihilominus
2815 4041 3047 4110 petierat
3090 4039 3304 4097 Wenilo
3332 4038 3519 4105 all‘ert,
3550 4038 3691 4098 sive'
3724 4060 3786 4099 ex

2194 4115 2490 4170 canonibus
2512 4114 2888 4174 conciliorum,
2923 4112 3036 4166 sive
3073 4127 3139 4165 ex
3181 4112 3417 4183 decretis
3462 4115 3786 4183 pontiﬁcum

2194 4185 2581 4247 Romanorum,
2606 4201 2710 4255 qua
2739 4184 2792 4238 id
2823 4183 2985 4255 licere
3022 4183 3291 4255 ostendat2
3327 4181 3555 4247 Sed,_ut
3581 4183 3693 4240 fuit
3722 4185 3785 4238 illi

2193 4257 2311 4311 viro
2358 4251 2640 4312 amomum
2674 4265 2730 4309 et
2777 4254 3064 4308 fecundum
3118 4251 3425 4323 ingenium,
3455 4255 3785 4310 mirabiliter

2193 4327 2308 4398 agit
2336 4342 2448 4382 rem
2475 4343 2654 4398 suam,
2677 4327 2781 4398 hoc
2807 4333 2911 4389 est,
2957 4323 3132 4398 modis
3173 4323 3428 4398 omnibus
3453 4328 3787 4394 persuadere

2194 4391 2423 4476 conatur
2470 4396 2830 4476 Weniloni_ut
2842 4391 3333 4476 presbyterosillos
3352 4391 3503 4450 sinat
3525 4398 3787 4476 accedere

2194 4469 2263 4523 ad
2293 4470 2704 4533 monasterium,
2738 4466 2799 4522 Β.
2842 4464 3113 4521 Benedicti
3148 4464 3386 4535 regulam
3412 4464 3784 4535 professum

2193 4539 2276 4594 An
2308 4554 2438 4595 vero
2472 4538 2604 4609 Lupi
2648 4538 2891 4594 consiliis
2937 4533 3268 4609 acquieverit
3310 4533 3533 4609 Weiiilo
3586 4552 3695 4609 non
3726 4533 3781 4586 Ii-

2193 4619 2341 4681 quet.
2365 4610 2509 4666 Idem
2532 4605 2710 4664 autem
2746 4620 2931 4681 postea
2960 4605 3500 4681 ac_ci_dit__Arnnlpiio,
3531 4607 3784 4681 episcopo

2191 4674 2533 4751 Lexoviensi,
2557 4681 2700 4751 quod
2722 4674 2993 4751 acciderat
3014 4674 3306 4751 weniloni.
3330 4674 3367 4728 c7
3386 4676 3504 4751 Duo
3537 4674 3784 4751 sacerdo-

2193 4740 2276 4808 tes
2311 4740 2654 4822 episcopatus
2682 4749 3038 4822 nostriLArn,
3067 4746 3319 4822 videlicet
3340 4756 3396 4822 et
3422 4747 3571 4822 Ric._
3593 4749 3781 4820 (inquit

2191 4816 2514 4892 Arnulphus'
2557 4823 2611 4877 in
2658 4821 2816 4892 epist.
2840 4818 2941 4892 765,
2966 4818 3033 4873 ad
3058 4817 3309 4892 abbatem
3332 4816 3778 4892 Cisterciensem)

2192 4889 2390 4951 saeculo
2443 4889 2752 4949 renuntiare
2799 4891 3219 4960 disponentes,
3245 4889 3633 4947 admonitione
3682 4892 3781 4944 fre-

2234 4967 2378 5021 ueuti
2408 4974 2464 5020 et
2489 4963 2666 5020 studio
2689 4957 3072 5017 fratris'nostri
3096 4957 3245 5013 Will.
3297 4976 3447 5016 nunc
3478 4961 3700 5016 abbatis
3723 4963 3781 5015 de

2242 5038 2335 5093 inu
2357 5037 2425 5091 ad
2456 5034 2819 5091 venerabilem
2850 5040 2905 5087 et
2943 5031 3252 5103 religiosum
3276 5031 3458 5087 virum
3481 5030 3782 5089 Itic.abba-

2203 5118 2311 5164 tem
2350 5108 2417 5164 de
2442 5107 2707 5170 Valascia,
2761 5102 3011 5159 refutatis
3053 5101 3211 5171 prius
3265 5103 3320 5155 in
3372 5120 3545 5158 manu
3599 5114 3780 5160 nostra

2198 5194 2334 5250 quas
2388 5178 2743 5250 possederant
2792 5173 3058 5250 ecclesiis,
3111 5187 3170 5227 se
3215 5180 3272 5227 et
3331 5188 3463 5250 suai
3496 5176 3781 5250 devotione

2195 5242 2601 5320 promptissima
2626 5246 2989 5304 contulerunt.
3020 5242 3261 5320 Quorum
3294 5261 3394 5300 nos
3429 5246 3778 5320 devotionem

2197 5314 2382 5378 favore
2404 5321 2586 5376 debito
2609 5324 3060 5390 prosequentes".
3094 5330 3187 5370 eos
3217 5314 3270 5369 in
3302 5316 3575 5390 praedicto
3614 5332 3782 5390 mona-

2197 5392 2366 5448 sterio
2418 5393 2531 5447 Deo
2581 5386 2861 5463 perpetuo
2896 5386 3192 5463 servituros
3256 5402 3381 5463 cum
3419 5386 3780 5463 facultatibus

2198 5463 2310 5518 suis
2340 5464 2392 5518 in
2425 5457 2643 5517 manu'm
2680 5457 2895 5516 abbatis
2936 5458 3137 5513 liberos
3183 5463 3237 5512 et
3282 5457 3575 5514 absolutos
3606 5459 3779 5515 consi-

2196 5532 2713 5603 giiavinnis.illodie
2738 5531 2780 5586 si
2813 5530 2940 5603 quis
2955 5527 3236 5601 Presbyter
3260 5528 3416 5583 vellet
3446 5530 3567 5603 lieri
3596 5545 3779 5585 mona-

2195 5598 2353 5672 chus,
2408 5606 2460 5661 id
2503 5598 2853 5675 proculdubio
2916 5598 3131 5656 faceret
3166 5609 3340 5675 extra
3382 5602 3780 5675 cou_scientiam

2195 5669 2397 5746 proprii
2455 5669 2784 5739 sacerdotis,
2828 5681 3050 5743 propter
3100 5670 3400 5743 privilegia.
3464 5669 3613 5727 Tum
3663 5685 3780 5727 vero

2198 5749 2453 5819 temporis
2477 5748 2532 5804 id
2554 5762 2659 5802 non
2681 5746 2896 5802 licebat.
