3902 6300
67 331 137 387 st
1358 381 1375 397 ,
1483 323 1862 380 Ειηετυωιε.

3208 329 3320 386 482

72 446 320 501 ominus
370 439 528 497 Jesus
568 438 719 494 diviti
767 437 1021 512 legalium
1070 447 1461 524 praeceptorum
1532 438 1633 493 sibi
1662 450 1710 504 Α
1740 439 1936 510 prioris
1980 441 2343 511 subjectorum
2388 442 2532 499 actio
2578 451 2776 499 cuncta
2820 442 3105 500 formetur.
3135 443 3321 513 Quan-

67 536 462 593 bservantiam
514 532 787 603 arroganti
826 541 881 587 et
924 532 1182 586 audacius
1226 530 1356 602 quid
1402 530 1505 585 sibi
1551 531 1643 585 de-

67 640 189 685 sset
218 616 567 698 percontanti
595 641 607 677 :
650 622 813 687 Vade,
837 622 1034 691 inquit,
1062 630 1109 676 et
1138 620 1297 675 cendo
1321 621 1495 675 omnia
1523 637 1642 690 qua:

67 725 226 786 abes,
256 729 311 775 et
332 729 528 775 caetera
553 716 767 788 (Matth.
786 715 927 786 χιι),
943 714 1035 768 ubi
1051 714 1264 784 aperuit
1278 713 1638 769 voluntariam

68 820 436 883 aupertatem
460 808 574 863 fore
593 806 948 871 fructuosam,
976 804 1021 861 si
1038 804 1169 860 illud
1193 802 1478 874 impleatur
1497 804 1643 873 quod

67 908 170 961 libi
199 906 411 960 docet:
448 900 645 956 Discite
690 917 723 953 a
763 915 842 953 me
862 897 985 970 quia
1022 896 1160 951 mitis
1207 912 1325 951 sum
1354 904 1401 950 et
1428 895 1640 951 humilis

67 1000 225 1064 nrde,
261 1006 321 1053 et
353 995 562 1065 reliqua
593 992 807 1066 (Matth.
856 990 934 1063 st)
961 1033 975 1056 ,
1021 990 1164 1060 quod
1217 1003 1482 1059 nusquam
1522 986 1641 1042 ﬁeri

69 1102 137 1146 ut
170 1093 349 1146 tutius
373 1096 467 1143 aut
510 1087 701 1142 melius
748 1093 925 1157 potest
970 1099 1131 1154 quam
1171 1082 1224 1137 in
1276 1080 1639 1147 monasterio;

72 1186 136 1239 bi
185 1185 268 1240 sic
317 1180 542 1238 libertas
570 1180 861 1236 voluntatis
886 1179 1118 1251 propriae
1164 1193 1264 1249 pro
1308 1177 1400 1231 Dei
1432 1188 1637 1239 amore,

72 1278 189 1333 ω]
222 1284 309 1332 est
348 1274 859 1340 laboriosissimum,
886 1280 1167 1328 resecatur
1213 1279 1271 1325 ut
1295 1285 1361 1326 ex
1411 1270 1638 1326 arbitrio

112 1428 141 1455 ιλ
179 1411 326 1468 Cum
365 1418 625 1481 suscepta.
669 1407 1117 1481 Hincidiseimus
1154 1405 1237 1481 sic
1291 1412 1405 1481 tum
1452 1404 1639 1461 solitos

75 1486 227 1540 ddici
259 1475 608 1554 presbyteros
636 1479 902 1554 ροειυεςίἰε⁸
916 1479 1029 1554 suis
1060 1491 1121 1533 ιιι
1154 1475 1420 1554 quoniam
1450 1491 1636 1554 susce-

67 1566 244 1609 erant
260 1545 463 1609 'curam
486 1553 787 1607 animarum
811 1566 840 1603 a
871 1549 1099 1603 Domino
1125 1545 1310 1601 nostro
1329 1545 1455 1601 Iesu
1479 1547 1638 1601 Chri-

71 1636 153 1690 to,
173 1641 280 1680 non
306 1631 525 1695 possent
573 1622 690 1677 illas
727 1621 1030 1695 relinquere
1061 1619 1195 1695 citra
1243 1618 1518 1695 ingentem
1546 1632 1640 1673 nc-

74 1688 367 1751 es'sitate'tn
392 1712 408 1760 ;
435 1694 675 1763 adeoque
725 1692 868 1763 inter
886 1688 895 1689 ί
914 1688 1634 1763 ordittatimtent__promitte-

67 1778 186 1821 tant
235 1758 607 1823 stabilitatem'
630 1763 685 1817 in
739 1762 855 1817 loco
903 1762 969 1817 ad
1016 1758 1631 1830 quem‘ordinabantur.

1745 550 1906 604 quam
1952 536 2171 605 quidam
2230 545 2563 602 nostrorum,
2610 538 2946 593 exuberante
2998 536 3092 593 Dei
3123 540 3323 610 gratia,

1744 624 1947 696 ingenti
1975 626 2158 697 vigore
2179 628 2346 683 animi
2365 630 2641 684 consortia
2670 630 2903 685 humana
2928 630 3238 698 vitaverint,
3266 640 3327 689 et

1743 716 1970 788 praefata
2025 718 2307 776 Dominica
2367 720 2633 778 sententia
2680 721 2792 792 jam
2845 720 3085 792 impleta,
3132 710 3356 779 solituv‘

1744 809 1897 865 dines
1940 812 2363 881 penetraverint;
2419 821 2476 868 et
2519 822 2837 870 constanter
2887 813 2943 869 in
2992 813 3088 869 Dei
3160 831 3325 887 opere

1746 915 1886 973 pene
1932 911 2099 959 totam
2150 912 2366 961 aetatem
2412 907 2866 977 consumpserint.
2916 906 3000 961 Ab
3057 921 3120 962 ea
3163 908 3328 980 igitur

1742 996 2080 1066 perfectione
2111 1037 2127 1064 ,
2179 1012 2341 1068 quam
2392 996 2535 1054 Deus
2578 999 2742 1054 etiam
2817 997 2972 1053 laicis
3024 1001 3324 1070 preposuit,

1742 1088 1885 1144 absit
1910 1097 1968 1144 ut
2014 1090 2334 1145 submoveat
2374 1092 2711 1147 sacerdotes.
2759 1090 2868 1147 Sed
2898 1091 3043 1149 dicat
3085 1092 3324 1163 aliquis:

1742 1180 1882 1249 Quid
1933 1180 2120 1252 plebes
2170 1181 2392 1247 faciant,
2441 1197 2671 1253 quarum
2709 1183 2779 1238 ab
2810 1182 2892 1238 eis
2937 1182 3129 1239 fuerat'
3157 1198 3326 1240 cano-

1741 1276 1863 1331 nice
1890 1287 1917 1317 ει
1942 1290 2069 1332 cura
2098 1276 2394 1347 suscepta?
2420 1274 2686 1331 Nimirum
2714 1275 2807 1345 qui
2846 1274 2946 1330 bos
2994 1274 3061 1330 ad
3089 1275 3322 1346 implen-

1740 1425 1897 1482 suum
1922 1411 2143 1481 exsequi
2171 1426 2278 1467 non
2306 1418 2540 1482 poterat,
2568 1422 2939 1482 successorem
2966 1408 3069 1482 sibi
3095 1409 3210 1465 dari
3235 1425 3329 1482 pe-

1743 1481 1941 1537 tierita
1968 1480 2255 1538 Wenilone
2304 1480 2717 1552 archiepiscopo
2769 1480 3091 1542 Senonensi,
3144 1489 3206 1535 ut
3238 1480 3326 1539 ’ad

1739 1553 2022 1622 epistolam
2056 1553 2124 1608 75
2147 1553 2544 1608 adnotabimus.
2571 1552 2733 1624 Nefas
2757 1552 2901 1624 enim
2927 1552 3325 1624 estqpresbyte-

1741 1638 1860 1677 rum
1881 1625 2134 1680 deserere
2146 1638 2336 1679 curam
2354 1623 2680 1694 pastoralem
2697 1623 2933 1694 quandiu
2956 1622 3118 1678 saluti
3139 1622 3323 1680 ovium

1742 1639 1860 1677 rum
1881 1639 2134 1680 deserere
2146 1639 2336 1679 curam
2391 1639 2680 1679 aswratem
2697 1639 2933 1694 quanutu
2956 1639 3118 1678 satutt
3139 1639 3323 1680 ovtum

1742 1695 1949 1750 consuli
1972 1703 2168 1766 potest,
2196 1705 2255 1749 ut
2276 1694 2328 1749 in
2354 1639 2457 1750 Kac
2479 1693 2702 1766 epistola
2724 1695 2794 1749 29
2816 1694 2971 1749 docet
2986 1694 3187 1764 Lupus.
3215 1694 3324 1749 Ita-

1741 1781 1849 1837 que
1876 1767 1955 1820 sic
1975 1765 2282 1821 censebant
2302 1774 2533 1830 veteres,
2556 1765 2922 1837 presbyteros,
2953 1780 3089 1834 quos
3115 1780 3212 1819 nos
3225 1766 3327 1837 ho-

67 1838 220 1893 .ibro
260 1854 293 1891 v
324 1835 621 1906 Capitular.
650 1848 768 1903 cap.
803 1832 950 1906 108;
988 1850 1006 1883 ι
1036 1829 1111 1887 υι
1138 1829 1437 1900 presbyteri
1471 1829 1560 1897 qui
1586 1829 1639 1883 in
1672 1834 1719 1895 B
1749 1829 1834 1889 (lie
1856 1837 2085 1891 Curatos
2117 1852 2388 1899 vocamus,
2420 1853 2449 1890 a
2478 1829 2588 1891 Dei)
2613 1829 2939 1892 constitutos
2967 1829 3087 1891 esse
3116 1844 3170 1889 et
3199 1834 3322 1890 atti-

70 1908 231 1963 itulis
276 1903 685 1970 consecrantur,
726 1903 1021 1959 secundum
1068 1914 1305 1956 canones
1351 1909 1640 1970 antequam

67 1980 378 2035 trdinentur
418 1975 830 2047 promissionem
887 1971 1196 2047 stabilitatis
1245 1970 1362 2047 ioci
1401 1970 1544 2024 illius
1570 1969 1644 2024 fa-

67 2049 227 2105 :iant.
262 2068 281 2103 »
322 2040 530 2118 Quippe
560 2056 695 2118 tum,
736 2055 797 2118 ut
830 2059 895 2100 ex
938 2043 1089 2118 Lupo
1143 2040 1518 2118 in_telligimus,_
1547 2055 1642 2095 cu-

67 2136 174 2174 ‘am
205 2112 536 2191 pastorale-tn
576 2114 869 2191 cuiuslibet
912 2112 1215 2191 presbyteri
1247 2113 1642 2191 comparabant

67 2183 310 2261 :onju'gio
337 2189 563 2261 carnali.
605 2183 683 2241 Ex
714 2202 829 2261 qua
855 2183 1265 2261 comparatione
1312 2183 1640 2261 sequebatur

67 2252 174 2317 ton'
194 2252 352 2332 posse
376 2252 919 2332 presbyter-unicum
956 2252 1109 2332 neias
1134 2252 1443 2332 relinquere
1463 2252 1641 2332 eccle-

67 2323 393 2394 iam-suam,
413 2323 866 2401 quemadmodum
916 2327 1114 2401 marito
1143 2339 1249 2401 non
1271 2323 1419 2401 “licet
1441 2323 1641 2401 Διιίιιιὶῑ-

68 2419 172 2458 ere
221 2392 447 2457 uxorem
486 2400 589 2455 nisi
618 2414 781 2455 causa
833 2395 1229 2451 fornicationis.
1263 2393 1380 2459 Quo
1436 2392 1637 2449 factum

67 2484 135 2528 εει
184 2483 241 2527 ιιι
278 2469 1045 2543 Οιιτούρεθηειιελθρίξοορμε
1092 2465 1401 2543 MetensisL
1419 2464 1511 2534 qui
1540 2465 1640 2543 Silb

68 2545 282 2615 ’ippino
310 2558 432 2614 rege
458 2534 661 2615 llprui't,
693 2540 773 2615 sic
788 2534 1018 2594 edixerit
1047 2554 1100 2593 tn
1129 2536 1307 2615 capite
1333 2534 1402 2589 65
1440 2535 1639 2606 regulas

68 2607 451 2670 lationicorum
487 2630 500 2666 :
537 2632 556 2663 ι
586 2612 875 2682 Presbyter
900 2607 1438 2682 nonampliusquam
1474 2621 1636 2661 uuam

67 2685 337 2741 :cclesiant
396 2684 612 2748 habeat,
662 2680 801 2737 sicut
860 2689 916 2737 et
970 2680 1055 2734 vir
1102 2692 1265 2731 unam
1327 2692 1572 2748 uxorem.
1611 2695 1633 2728 ι

67 2757 209 2823 Quod
239 2754 506 2812 sancitum
529 2746 743 2826 quoque
769 2761 865 2826 est_
878 2752 948 2826 in
971 2764 1178 2826 canone
1207 2749 1239 2802 7
1270 2747 1457 2826 synodi
1492 2746 1640 2801 Nan-

67 2820 295 2882 ietensis
346 2825 431 2880 bis
479 2820 716 2880 verbis:
758 2843 776 2875 ι
834 2822 985 2878 Sicut
1008 2820 1154 2876 enim
1202 2820 1484 2889 episcopus
1530 2833 1636 2872 non

67 2898 179 2952 ilus
228 2905 405 2968 potest
440 2896 644 2968 habere
696 2902 857 2968 Quam
898 2907 1063 2947 unam
1100 2889 1373 2945 civitatem
1407 2929 1421 2951 ,
1469 2896 1523 2942 et
1554 2888 1639 2968 vir

67 2958 504 3033 tnam'uxorem,
557 2967 633 3021 ita
678 2958 964 3036 presbyter
1001 2976 1163 3036 unam
1200 2969 1415 3036 tantem
1466 2958 1639 3036 scele-

67 3040 217 3093 tiam.
255 3057 275 3091 ›
305 3038 369 3092 Et
415 3036 469 3091 in
488 3029 769 3108 icapitti‘lis
817 3029 1064 3108 Herardi,
1106 3029 1497 3108 archiepiscopi
1530 3029 1638 3085 Tu.

67 3109 321 3175 'onensis,
354 3122 470 3178 cap.
487 3100 601 3163 49':
635 3126 653 3158 ο
686 3106 755 3163 Ut
775 3105 1057 3177 presbyter
1078 3117 1183 3178 non
1213 3100 1445 3173 amplius
1470 3116 1633 3171 quam

69 3196 221 3234 lnam
250 3173 534 3235 ecclesiam
565 3173 791 3244 habeat,
804 3173 952 3232 sicut
968 3184 1022 3231 et
1047 3173 1131 3227 vir
1153 3190 1313 3244 unam
1342 3186 1586 3244 uxorem.
1610 3190 1629 3244 ξ

71 3260 187 3304 tem
215 3250 306 3304 lib.
348 3265 401 3304 νι
450 3242 773 3319 Capitular.,
812 3263 932 3318 cap.
976 3246 1106 3319 75_:
1166 3262 1184 3295 ι
1239 3242 1449 3298 Placuit
1490 3242 1638 3319 omni

69 3320 299 3392 .ynodali
320 3313 615 3392 conveniui
637 3329 695 3374 ιιι
720 3313 907 3392 nullius
927 3317 1364 3392 presbyterorum
1407 3313 1642 3392 amplius

69 3384 219 3460 [nam
240 3406 398 3446 unam
426 3389 710 3445 ecclesiam
736 3390 837 3445 sibi
861 3384 1137 3460 vindicare
1161 3393 1475 3455 prtesumat.
1501 3384 1637 3460 Quia

71 3456 200 3516 Iicut
222 3463 444 3532 quisque
475 3460 749 3516 saecularis
786 3476 890 3515 non
920 3458 1149 3527 amplius
1170 3471 1330 3532 quam
1354 3470 1517 3532 unam
1546 3456 1643 3509 ha-

71 3547 186 3586 tere
215 3526 375 3587 debet
413 3548 675 3595 uxorem,
740 3532 814 3585 ita
856 3538 909 3585 et
952 3526 1322 3596 unusquisque
1358 3526 1641 3596 presbyter

71 3618 163 3657 ton
186 3602 411 3672 amplius
432 3617 595 3672 quant
610 3617 773 3656 unant
793 3602 996 3656 habere
1017 3600 1176 3672 debet
1197 3596 1503 3672 ecclesiam.
1526 3615 1545 3648 ι
1573 3596 1641 3650 Et

71 3666 755 3744 [uemadmoduinmaritus
794 3680 1012 3744 tenetur
1045 3668 1321 3723 adhzerere
1344 3666 1508 3744 uxori
1530 3682 1641 3744 sua;

73 3736 283 3813 iamque
310 3738 583 3799 custodire
634 3743 703 3797 ob
732 3743 1076 3813 fragilitatem
1122 3753 1302 3813 sexus,
1354 3747 1415 3813 ut
1441 3736 1638 3813 alicubi

73 3808 315 3885 .crip'tum
337 3822 420 3869 est
445 3854 461 3880 ,
506 3815 585 3869 sic
606 3808 903 3885 presbytEri
936 3812 1004 3866 ab
1044 3808 1424 3885 ecclesiis‘suis
1449 3809 1640 3885 abesse

74 3878 393 3959 tondebant
420 3878 624 3959 absque
646 3878 795 3959 gravi
826 3898 1007 3944 causa,
1038 3895 1212 3949 neque
1237 3880 1304 3933 ad
1340 3878 1639 3959 quamlibet

73 3956 393 4010 tccasionem
428 3972 442 4020 ;
478 3973 497 4007 ι
536 3949 622 4010 ’Νθ
649 3949 800 4009 Ῑδνιε
841 3962 1063 4024 propter
1110 3965 1299 4024 eorum
1331 3949 1635 4024 absentiam

75 4037 109 4080 τι
144 4019 440 4080 animarum
469 4025 703 4096 pericula
726 4034 781 4080 et
808 4019 1160 4096 ecclesiarum
1193 4019 1473 4096 inquibus
1497 4034 1632 4096 con:

75 4097 234 4150 .tituti
291 4105 413 4151 sunt
456 4089 1037 4167 negligantttrrotlicia,
1092 4112 1109 4143 ι
1143 4101 1201 4145 ut
1239 4091 1298 4167 in
1357 4090 1547 4167 capite
1566 4089 1634 4143 76

75 4166 300 4242 tjusdem
329 4158 1205 4242 regulaafsevribitChrodogangus.
1235 4162 1303 4215 Et
1330 4158 1632 4242 sipresby-

76 4232 161 4301 cr,
180 4238 310 4309 vitio
329 4232 552 4293 bu'mani
574 4238 798 4309 ingenii,
820 4232 1106 4309 ecclesiam
1127 4236 1179 4289 in
1195 4232 1634 4309 quaintitulatus

76 4318 143 4363 ast
164 4308 439 4373 reliquerit
481 4302 660 4363 extra'
686 4308 1072 4363 conscientiam
1116 4302 1318 4375 proprii
1365 4302 1629 4375 episcopi,

77 4381 128 4434 td
162 4372 291 4433 eam
318 4380 672 4435 retrahendus
692 4387 799 4444 est,
843 4387 896 4433 et
916 4372 1203 4432 contumax
1218 4372 1583 4444 deponendus
1608 4388 1629 4438 ;

77 4460 116 4503 tt
146 4458 292 4520 patet
335 4464 399 4503 ex
429 4449 521 4505 lib.
554 4466 605 4505 vt
633 4442 951 4518 Capitular.,
983 4462 1103 4520 cap.
1136 4446 1205 4520 59_
1228 4442 1415 4520 et_8_5.
1445 4442 1630 4498 Eccle-

1750 1922 1960 1960 marnm
2021 1908 2151 1976 ipsis
2203 1908 2617 1962 commissarum
2670 1906 2948 1976 rationem
2994 1906 3329 1976 reddituros

1745 1991 1956 2032 summo
1982 1974 2189 2046 pastori
2211 1976 2448 2042 Christo,
2474 1987 2532 2031 ut
2560 1977 2637 2031 ait
2664 1975 2774 2032 Leo
2798 1976 2866 2032 lV
2909 1976 2964 2030 itt
2991 1974 3213 2031 ltomilia
3253 1976 3327 2046 ad

1743 2045 2109 2120 presbyteros.
2136 2047 2254 2115 Quo
2296 2049 2467 2117 magis
2488 2048 2683 2120 mirum
2739 2056 2825 2102 est
2866 2061 2988 2102 esse
3043 2045 3330 2120 pannullos

1744 2119 1835 2187 qui
1865 2116 2199 2189 contendant
2224 2116 2492 2173 neminem
2529 2119 2905 2189 presbyterum
2948 2116 3192 2189 ecclesiae
3216 2131 3329 2173 suat

1744 2134 1835 2187 qui
1865 2134 2199 2173 contendant
2224 2134 2492 2173 neminem
2569 2134 2905 2189 resnyterum
2948 2134 3192 2173 ecetesta:
3216 2134 3329 2173 sua:

1744 2191 1824 2244 sic
1861 2188 2137 2256 alligatum
2171 2189 2339 2245 fuisse
2375 2196 2502 2244 ante
2529 2134 2628 2243 Eos
2678 2203 2853 2243 annos
2904 2188 3330 2259 quadringentos

1742 2268 1802 2332 ut
1830 2276 1936 2332 non
1960 2260 2150 2330 liceret
2178 2261 2432 2332 episeopo
2474 2259 2621 2332 illum
2652 2258 2779 2314 hinc
2803 2273 3095 2332 removere
3116 2274 3217 2331 pro
3236 2274 3326 2313 ar-

1741 2328 1934 2395 bitrio;
1978 2328 2225 2401 adeoque
2249 2328 2655 2402 persuasionem
2681 2346 2832 2402 suam
2856 2328 3098 2402 adjuvari
3118 2328 3326 2399 putant

1741 2416 1807 2473 ex
1848 2400 2263 2458 consuetudine
2289 2418 2409 2473 qua:
2438 2402 2579 2472 apud
2602 2400 2860 2471 quasdam
2888 2400 3150 2473 diteceses
3173 2402 3325 2455 inva-

1742 2471 1859 2547 luit,
1887 2474 1978 2547 ubi
2005 2471 2398 2547 presbyteri'ad
2436 2471 2700 2547 regendas
2718 2471 3005 2543 parochias
3029 2471 3326 2547 mittuntur

1744 2544 1813 2615 ab
1835 2541 2125 2615 episcopis,
2157 2541 2218 2598 ea
2246 2544 2386 2614 lege,
2414 2552 2473 2615 ut
2504 2541 2670 2615 illinc
2701 2541 3086 2597 removeantur
3107 2541 3328 2615 quando

1741 2613 1970 2669 lubitum
1995 2614 2156 2669 fuerit
2181 2615 2435 2736 episcolto
2458 2613 2579 2668 loci.
2621 2613 2730 2667 Hos
2766 2621 2947 2665 autem
2976 2613 3329 2683 presbyteros

1741 2694 1936 2736 vocant
1975 2685 2197 2736 ricarios
2236 2702 2355 2736 amo
2392 2684 2503 2736 iles.
2550 2684 2691 2736 Eant
2713 2698 2843 2736 emo
2871 2683 2963 2736 uui
2987 2683 3328 2736 nresbvtero-

1740 2694 1936 2739 vocant
1975 2683 2503 2739 ricarios’amobiles.
2550 2684 2691 2737 Eant
2713 2698 2843 2753 ergo
2871 2683 2963 2752 qui
2986 2683 3328 2754 presbytero-

1739 2771 1857 2809 rum
1887 2755 2204 2825 dignitatem
2244 2764 2433 2810 contra
2461 2769 2696 2810 canones
2725 2762 3043 2825 etveterum
3078 2753 3326 2808 instituta

1738 2824 1793 2879 in
1828 2823 2038 2880 tantum
2080 2827 2410 2896 deprimunt,
2444 2841 2581 2896 quos
2623 2823 2970 2896 manifestum
2994 2831 3097 2896 est
3147 2824 3199 2896 in
3236 2838 3328 2896 ve-

1741 2896 1840 2950 teri
1882 2896 2122 2951 Ecclesia
2150 2893 2439 2951 distinctos
2461 2893 2583 2952 'non
2639 2893 2807 2951 fuisse
2836 2895 2903 2949 ab
2922 2893 3209 2965 episcopis.
3261 2893 3333 2949 Et-

1738 2968 2007 3037 episcopis
2038 2968 2255 3038 quidem
2286 2984 2378 3022 sua
2409 2966 3110 3038 auctoritasconservanda
3132 2973 3238 3038 est,
3267 2972 3328 3038 ut

1739 3033 2260 3092 aitima'runt'curant
2287 3038 2356 3092 ab
2384 3038 2489 3092 illis
2528 3037 2825 3107 suscipiant
2853 3035 3173 3107 presbyteri,
3203 3044 3259 3091 et
3279 3033 3328 3091 si

1739 3108 1867 3193 quid
1884 3117 2034 3163 extra
2059 3109 2298 3193 regulam
2322 3109 2571 3193 fecerim,
2589 3109 2658 3180 ab
2673 3106 2942 3193 episcopis
2962 3106 3322 3193 cerrigantur.

1744 3176 2012 3234 Caeterum
2048 3176 2346 3234 servandus
2368 3188 2451 3234 est
2495 3176 2669 3234 honor
2709 3176 2925 3233 debitus
2967 3176 3320 3232 ecclesiarum

1743 3250 2109 3320 parochalium
2163 3251 2486 3317 rectoribus,
2522 3266 2660 3321 quos
2706 3249 2866 3304 hodie
2895 3256 3114 3307 curatos
3171 3262 3328 3303 voca-

1742 3336 1881 3375 lllUS.
3274 3366 3277 3369 λ
3314 3363 3323 3371 .

1817 3390 1934 3465 Dixi
1965 3393 2310 3465 presbyteros
2340 3394 2418 3448 sic
2446 3392 2694 3463 alligatos
2722 3390 2891 3465 fuisse
2917 3388 3046 3447 olim
3077 3387 3324 3465 ecclesiis

1742 3462 1855 3517 suis
1882 3470 1944 3543 u_t_
1965 3460 2111 3543 illinc
2127 3460 2387 3543 recedere
2410 3479 2516 3543 non
2546 3460 2771 3543 possent
2818 3464 3026 3543 absque
3054 3460 3324 3543 permissu

1740 3533 1945 3605 proprii
1969 3534 2379 3605 episcopiquod
2428 3531 2631 3589 dictum
2661 3531 3060 3605 estoccasione
3093 3531 3323 3605 duorum

1739 3601 2179 3675 presbyterorum
2205 3601 2620 3669 Sénonensium,
2650 3603 2767 3675 Aqui
2794 3601 3054 3675 ecc_les_i_a_s
3078 3615 3203 3675 suas
3232 3601 3325 3675 de-

1740 3670 2247 3746 sercrécogitabant
2270 3684 2327 3730 ttt
2348 3675 2595 3731 monachi
2636 3670 2844 3728 tierent.
2871 3672 2936 3727 Et
2960 3670 3175 3725 Wenilo
3201 3670 3322 3740 qui-

1739 3745 1882 3809 dem,
1925 3744 2258 3816 Sebonensis
2306 3747 2609 3816 cpiscopus,
2664 3757 2946 3816 assensum
2999 3756 3153 3795 suum
3173 3756 3325 3816 prte-

1739 3823 1884 3869 starc
1916 3815 2089 3869 noluit
2113 3817 2285 3870 donec
2312 3811 2669 3885 comperisset
2701 3830 2769 3868 an
2806 3813 2861 3869 id
2911 3811 3121 3885 liceret.
3170 3811 3318 3881 Lege

1737 3886 1880 3939 enim
1909 3900 2178 3940 communi
2228 3882 2511 3941 constabat
2556 3885 2826 3939 neminem
2880 3882 3318 3954 presbyterorum

1735 3972 1894 4027 posse
1955 3956 2263 4026 relinquere
2313 3957 2595 4012 ecclesiam
2642 3971 2812 4017 suam,
2868 3953 3317 4027 quemadmodum

1737 4023 1937 4081 inarito
1964 4043 2068 4082 non
2099 4023 2224 4082 licet
2256 4028 2562 4096 relinquere
2591 4041 2834 4080 uxorem.
2865 4023 3313 4096 Januamiposlea

1736 4099 2190 4151 monasteriorum
2220 4094 2431 4169 aperuit
2458 4098 2707 4169 Urbanus
2733 4096 2799 4169 ll,
2820 4096 3059 4169 tttgdocet
3086 4094 3318 4169 Stepha-

1734 4184 1835 4222 tltts
1858 4169 2235 4239 Tornacensis,
2257 4166 2417 4239 epist.
2451 4170 2474 4225 1
2511 4185 2525 4222 :
2563 4187 2582 4220 ι
2618 4166 2975 4239 Parochiales
2993 4166 3319 4239 presbyteri,

1733 4240 1930 4309 inquit,
1969 4236 2332 4295 obedientiam
2386 4238 2911 4311 quampromittunt
2946 4236 3319 4311 debe_nt’_epi-

1733 4306 1911 4382 scopis
1946 4311 2094 4376 suis;
2117 4320 2172 4365 et
2195 4306 2661 4366 sacramentalit'er
2682 4309 2888 4382 alligati
2911 4315 3036 4382 sapt
3061 4306 3320 4364 Ecclesiis

1730 4377 1868 4452 quas
1893 4389 2104 4452 regunt,
2132 4391 2384 4452 tanquam
2408 4382 2668 4452 uxoribus
2691 4377 2942 4452 propriis.
2972 4377 3115 4448 Lege
3130 4387 3317 4433 autem

1732 4451 2003 4507 communi
2031 4451 2298 4506 canonum
2312 4453 2431 4507 sine
2447 4451 2665 4507 licentia
2680 4451 3055 4521 episcoporum
3070 4461 3313 4521 suorum,

77 4515 329 4591 .ia‘porro
367 4521 420 4575 in
449 4536 580 4612 qua.
603 4515 825 4612 quilibet
867 4515 1151 4612 presbyter
1179 4515 1628 4612 .inlilulallfsnfff
1653 4552 1706 4612 Β
1731 4522 2297 4612 (ιιιίὺυςζηοῢεῷεηιθε
2334 4538 2454 4612 esse
2492 4515 2731 4612 debent;
2773 4515 2881 4576 nec
2922 4520 3022 4612 ipsi
3062 4517 3319 4612 recedere

77 4588 253 4646 'acare
281 4607 382 4647 non
409 4588 587 4661 potest
614 4588 715 4645 nisi
742 4591 810 4645 ob
831 4588 1081 4661 mortem,
1116 4588 1346 4651 crimen,
1378 4593 1470 4638 aut
1506 4599 1625 4661 eam

87 4662 298 4732 orporis
348 4656 713 4716 infirmitatem
761 4676 895 4732 qua;
929 4659 1300 4732 presbyterum
1331 4671 1436 4732 nuit
1480 4656 1632 4732 sinat

80 4726 214 4787 lilii-ii
247 4732 324 4786 sui
363 4742 542 4804 partes
588 4726 1009 4804 itnpler'e.‘Satte
1054 4726 1119 4804 ei;
1139 4728 1324 4804 capite
1356 4727 1419 4779 l7
1472 4726 1631 4804 (lapi-

80 4805 289 4857 ulorutn
342 4797 409 4857 ab
447 4797 739 4858 llinctna'ro
785 4800 1079 4856 Rbemensi
1120 4797 1369 4854 datOrum
1395 4797 1623 4867 presby-

81 4874 186 4927 cris
234 4887 371 4928 anno
428 4874 531 4930 852
567 4872 853 4928 manifeste
891 4880 1104 4927 constat
1157 4868 1505 4939 presbyteros
1569 4867 1624 4921 in

82 4943 295 4999 :cclesiis
325 4944 436 5000 suis
466 4954 577 4998 tum
610 4943 933 4998 commorari
971 4941 1159 4996 solitos
1182 4953 1353 5007 usque
1380 4939 1445 4990 ad
1474 4952 1623 4991 mor-

81 5032 183 5068 em.
213 5014 361 5086 Quod
375 5014 465 5083 jus
489 5031 611 5070 cum
644 5022 863 5086 propter
892 5012 1294 5086 antiquitatem,
1323 5016 1380 5061 ut
1402 5007 1624 5086 assolet,

82 5032 183 5068 etn.
213 5030 465 5083 QttOtljus
489 5031 611 5070 cunt
644 5030 741 5086 pro
782 5030 863 5067 ιρι·
892 5030 1294 5080 anttqttltatettt,
1323 5030 1380 5061 υι
1402 5030 1624 5074 assolet,

82 5085 520 5157 alderemissum
550 5095 715 5157 esset,
744 5030 1002 5139 IUrbanus
1033 5082 1077 5157 ll
1107 5080 1237 5135 illud
1267 5078 1553 5157 revocavit_
1573 5079 1628 5132 in

82 5155 283 5210 :oncilio
298 5154 674 5222 Nemausensi,
701 5150 759 5211 in
787 5170 897 5225 quo
923 5156 1039 5210 haec
1064 5153 1147 5225 lex
1170 5150 1379 5225 saneita
1398 5157 1482 5204 est
1503 5150 1625 5203 can.

98 5230 116 5302 ι
152 5244 218 5302 :__i
257 5228 591 5302 Sacerdotes,
634 5220 855 5302 quando
878 5224 1128 5296 regendis
1148 5220 1515 5302 prmtlciuntur
1542 5235 1631 5302 ec-

92 5298 253 5362 lesiis,
297 5299 362 5371 de
408 5314 570 5352 manu
622 5294 858 5371 episc0pi
909 5294 1092 5371 c_itram_
1123 5294 1425 5371 animarum
1455 5294 1645 5371 susci:

83 5372 237 5431 tiant;
262 5369 344 5422 ubi
372 5377 425 5423 et
456 5371 507 5423 itt
533 5378 643 5423 tota
656 5362 781 5423 'vita
805 5362 901 5423 sua
927 5368 1036 5422 Deo
1061 5364 1391 5425 deserviant,
1416 5362 1515 5415 nisi
1543 5377 1632 5415 ca-

83 5441 252 5494 tUlliCO
277 5442 632 5511 degradcntur
673 5439 897 5509 judicio.
927 5457 945 5489 ι
1000 5437 1147 5494 Unde
1169 5434 1460 5511 colligitur,
1492 5447 1621 5503 prae-

85 5527 143 5566 er
166 5511 265 5565 alia
285 5506 401 5580 quis
430 5506 719 5583 suppetunt
744 5517 1087 5583 argumenta,
1107 5506 1480 5583 presbyterum
1513 5518 1618 5557 non

85 5596 215 5638 insse
244 5578 546 5651 relinquere
559 5578 841 5637 ecclesiam
864 5597 1016 5636 suam
1038 5580 1139 5632 nisi
1161 5578 1229 5651 ob
1258 5590 1474 5651 gravem
1503 5590 1625 5628 cau-

89 5670 174 5707 atn
202 5664 254 5707 et
282 5647 410 5707 cunt
428 5655 695 5723 permissu
745 5652 943 5723 proprii
997 5648 1253 5723 episcopi.
1298 5647 1622 5723 Quaacausa

86 5727 156 5778 uit
185 5734 238 5776 nt
267 5718 598 5800 Ger-olialdus
618 5718 900 5800 presbyter
925 5718 1387 5800 Setioitensis,’qui
1408 5718 1483 5800 ob
1504 5731 1624 5800 gra-

88 5813 179 5849 em
232 5796 505 5853 oculorum
558 5785 807 5850 morbum
861 5808 967 5864 quo
1013 5785 1332 5856 laborabat,
1390 5785 1625 5847 cilicium

1736 4587 1838 4649 nec
1885 4593 1975 4669 alii
2001 4593 2262 4669 recipere
2292 4609 2385 4669 eos
2423 4591 2825 4669 deben_t._Lege
2853 4587 3316 4669 aut'emnprivata2

1735 4680 1854 4735 qua:
1890 4657 2145 4718 instinctu
2174 4663 2407 4735 Spiritus
2433 4664 2607 4735 sancti
2652 4662 2705 4715 in
2743 4657 2918 4735 corde
2940 4657 3217 4724 scribitur,
3267 4658 3315 4715 si

1734 4731 1800 4790 ad
1848 4731 2236 4790 monasterium
2284 4736 2369 4790 vel
2421 4733 2736 4790 canonicam
2771 4731 3075 4790 regularem
3135 4738 3314 4784 trans-

1734 4746 1800 4790 au
1848 4746 2236 4790 monasterium
2284 4746 2369 4790 vet
2421 4747 2736 4790 canonicam
2771 4746 3075 4856 regularem
3135 4746 3314 4784 trans—

1733 4806 1915 4869 ierint,
1959 4806 2093 4886 tales
2135 4806 2296 4861 etiam
2322 4803 2815 4861 contradicentibus
2862 4799 3316 4927 ‘giscnpis'recipi

1733 4886 1976 4927 nossunt.
2008 4876 2099 4927 Att
2124 4878 2267 4927 enim
2325 4876 2575 4927 Urbanus
2603 4888 2779 4927 uana:
2827 4893 2846 4924 ι
2923 4888 2938 4926 ι
2973 4885 3095 4927 auts
3127 4887 3181 4925 tn
3219 4885 3315 4925 ec-

1732 4886 1976 4948 possunt.
2008 4876 2099 4931 Ait
2124 4878 2267 4948 enim
2325 4876 2575 4932 Urbanus
2603 4888 2779 4948 papa:
2827 4893 2846 4924 ι
2881 4871 2943 4948 Si
2973 4871 3095 4940 quis
3124 4871 3181 4948 in
3207 4885 3315 4948 ec-

1738 4939 1756 5002 ὶ
1803 4948 1966 5003 clesia
1995 4962 2091 5002 sua
2147 4947 2249 5002 sub
2274 4948 2526 5017 episcopo
2563 4939 2819 5014 pppitlum
2846 4939 3063 5017 retinet,
3088 4942 3139 5017 _si
3168 4939 3317 4995 allia-

1737 5042 1757 5075 ι
1805 5029 1891 5073 tus
1917 5018 2108 5088 spiritu
2144 5012 2332 5073 sancto
2358 5018 2411 5072 in
2442 5012 2647 5088 aliqua:
2666 5014 2999 5088 monasterio
3022 5012 3105 5068 vel
3132 5028 3315 5088 Aregu-

1738 5114 1755 5146 ι
1804 5090 1901 5143 lari
1940 5084 2199 5144 canonica
2231 5088 2442 5144 salvare
2477 5084 2545 5142 se
2560 5084 2811 5149 voluerit,
2846 5085 3012 5139 etiam
3061 5084 3314 5155 episcopo

1739 5183 1757 5215 ι
1805 5177 1902 5217 suo
1927 5160 2334 5215 contradicente
2357 5166 2445 5213 eat
2474 5155 2611 5211 liber
2633 5155 2952 5210 auctoritate
2974 5152 3180 5210 nostra.
3215 5152 3312 5209 Ju-

1738 5256 1757 5288 ι
1802 5241 1887 5287 sto
1913 5232 2058 5286 enim
2082 5245 2188 5284 non
2210 5238 2295 5284 est
2323 5230 2410 5284 lex
2431 5227 2625 5299 posita.
2658 5225 2765 5299 Sed
2788 5226 2881 5299 ubi
2895 5226 3109 5297 spiritus
3136 5224 3316 5299 Domi-

1739 5326 1757 5358 ο
1804 5305 1876 5365 ni,
1902 5302 1973 5356 ibi
1994 5301 2223 5355 libertas.
2256 5300 2324 5354 Et
2352 5302 2397 5353 si
2419 5296 2607 5369 spiritu
2626 5297 2903 5369 ducimint',
2934 5313 3036 5351 non
3063 5297 3186 5350 estis
3216 5296 3312 5351 sub

1738 5398 1755 5427 ε
1798 5374 1926 5444 lege.
1969 5393 1986 5424 ι
2025 5372 2163 5425 Ecce
2192 5367 2889 5444 quioniam'necobedientia
2912 5369 3316 5444 episcopopro-

1724 5437 1909 5509 tniss'u,
1943 5458 2117 5512 neque
2142 5437 2365 5497 ecclesia
2398 5440 2686 5512 commissa
2714 5439 3064 5511 presbytero,
3105 5438 3174 5493 ad
3200 5437 3312 5512 fru-

1725 5533 1843 5641 gem.
1874 5508 2113 5569 melioris
2156 5514 2281 5567 vita:
2307 5512 2541 5567 transire
2566 5508 2834 5566 volentem
2874 5508 3167 5581 potuerunt
3212 5508 3317 5563 im-

1725 5606 1791 5641 ne
1833 5603 1929 5641 tre.
1973 5605 1992 5637 ι

1723 5603 1929 5661 pectre.
1973 5605 1992 5637 ι

1798 5659 1998 5733 Ibidem
2039 5654 2292 5733 adnotavi
2343 5669 2440 5726 per
2477 5663 2830 5733 transennam;
2866 5652 3209 5733 presbyteros
3257 5648 3313 5703 in

1729 5730 1897 5787 veteri
1937 5727 2197 5792 Ecclesia,
2232 5728 2283 5783 id
2311 5723 2393 5797 est
2426 5724 2790 5797 apostolorum
2820 5723 3149 5797 temporibus
3178 5733 3311 5789 pro-

1730 5804 1898 5869 xima,
1928 5799 2214 5859 distinctos
2240 5814 2347 5863 non
2367 5792 2535 5868 fuisse
2554 5797 2623 5854 ab
2646 5793 2934 5868 episc0pis.
2966 5792 3024 5850 ld
3049 5804 3311 5864 vero_non
