3902 6300
71 518 181 577 495

1526 520 1908 579 ΕΡΙΞΤΟΗΕ.

3233 533 3337 587 494

71 639 125 692 ἰιι
154 638 345 703 altero,
377 636 620 695 videatur
655 640 708 697 in
751 638 951 711 seipse,
982 639 1229 703 videatur
1254 640 1308 697 iu
1340 639 1478 697 coelo
1508 655 1653 699 novo
1670 634 1735 701 Ἀ
1758 646 1929 694 catur.
1959 637 2394 696 Praemonstratis
2415 642 2593 699 verbis
2616 658 2776 714 super
2799 621 3026 716 quorum
3065 616 3334 703 sententia

71 738 122 784 et
165 739 305 787 terra
349 745 506 787 nova
524 739 686 800 atque
710 730 959 798 in,0tnni
985 747 1109 805 quae
1137 739 1263 793 tunc
1305 730 1470 791 fuerit
1502 748 1654 791 crea-

71 832 192 877 tura
233 823 318 894 (de
360 822 512 883 Civit.
556 823 674 892 Dei,
717 823 810 881 lib.
845 841 981 895 xxn,
1013 841 1134 899 cap.
1174 825 1287 903 29).
1317 846 1337 887 ι
1370 825 1654 885 Hactenus

71 915 200 987 quid
260 915 376 971 haec
423 916 586 973 verba
635 915 978 973 obscuritatis
1042 917 1257 993 pariant
1315 933 1422 979 non
1470 918 1648 993 video.

71 1004 279 1078 Quippe
307 1005 640 1064 clarissimus
668 1016 881 1077 auctor,
909 1009 1033 1076 quia
1069 1009 1265 1067 divina:
1311 1009 1651 1069 auctoritatis

71 1096 602 1163 observantissimus,
642 1099 1094 1168 quemadmodum
1138 1101 1207 1157 sit
1252 1098 1465 1157 futurus
1509 1099 1652 1157 Deus

71 1186 251 1245 omnia
278 1186 334 1245 in
360 1186 613 1246 omnibus
654 1188 925 1261 copiosius
963 1190 1199 1261 explicat
1226 1207 1240 1259 ;
1270 1191 1478 1249 scilicet
1507 1191 1652 1263 quod

71 1279 262 1336 electis
283 1279 461 1335 divina
492 1280 664 1353 gratia
691 1279 759 1339 ad
789 1280 1085 1352 angelicam
1124 1284 1395 1352 provectis
1431 1281 1652 1354 aequali-

71 1381 262 1439 tatem,
302 1378 513 1428 remoto
553 1372 795 1449 pristinae
825 1357 1142 1444 ignorantiae
1185 1372 1389 1438 nubilo,
1419 1370 1528 1449 59
1563 1389 1651 1430 se-

71 1461 357 1532 metipsum
383 1460 539 1534 plene
572 1456 901 1529 manifestet,
931 1480 996 1520 ac
1020 1480 1116 1520 sua
1155 1461 1410 1520 ineffabili
1442 1464 1651 1521 visione

71 1554 123 1631 in
173 1563 487 1631 perpetuum
537 1554 827 1621 beatiﬁcet,
887 1564 1143 1628 tantaque
1194 1572 1304 1615 suae
1350 1558 1652 1629 praesentiae

71 1570 131 1702 ιζ
173 1570 487 1631 perpetuum
537 1570 827 1621 neauncet,
887 1570 1143 1628 tantaque
1194 1572 1304 1615 suae
1350 1570 1652 1629 praesentiae

71 1647 75 1700 1
136 1646 304 1707 tiﬁcet
346 1646 616 1705 evidentia
663 1656 720 1707 ut
758 1647 1177 1721 uniuscujusque
1226 1649 1450 1725 spiritus
1499 1650 1652 1707 dubi-

71 1745 191 1796 tare
216 1752 318 1793 non
348 1739 521 1811 possit
549 1737 677 1813 quin
716 1738 872 1796 nobis
897 1749 953 1795 et
984 1740 1208 1812 reliquis
1238 1741 1441 1797 sanctis
1476 1741 1652 1801 omni-

71 1833 170 1888 bus
201 1831 329 1889 insit
354 1831 496 1891 Deus
523 1839 686 1902 atque
714 1830 937 1889 cuilibet
966 1831 1121 1889 alicui
1153 1842 1449 1901 creatum;
1483 1834 1555 1889 ita
1594 1844 1652 1887 ut

71 1925 444 1985 rationabilem
477 1926 851 1984 tantummodo
899 1925 980 1983 sui
1024 1925 1211 1981 notitia
1252 1925 1536 1999 gloriﬁcet,
1574 1926 1646 1980 ir-

1758 746 1866 787 non
1909 739 1967 789 ut
2007 732 2293 798 voluimus,
2322 736 2417 806 sed
2451 746 2509 793 ut
2551 737 2820 793 valuimus
2857 738 2967 807 (res
2993 739 3139 816 enim
3169 756 3334 813 quam

1756 824 2064 896 signiﬁcant
2111 825 2671 897 incomprehensibilis
2721 830 2858 907 est),
2913 830 3118 889 diutule
3169 832 3335 899 locuti

1757 931 1942 973 sumus
1975 959 1991 985 ,
2045 919 2187 977 idem
2243 920 2506 977 mirabilis
2555 931 2748 979 auctor
2800 921 3028 995 subjecit
3080 923 3329 997 (August.

1756 1006 1909 1080 ibid.)
1938 1028 1950 1063 :
1982 1028 2001 1061 ‹
2032 1008 2100 1064 Et
2125 1026 2222 1085 per
2262 1027 2489 1089 corpora
2540 1015 2595 1069 in
2640 1013 2785 1070 onmi
2814 1029 3062 1085 corpore,
3090 1030 3332 1086 quocun-

1755 1115 1859 1172 que
1892 1100 2096 1158 fuerint
2122 1102 2383 1175 spiritalis
2409 1106 2653 1175 corporis
2681 1107 2823 1162 oculi
2847 1108 2962 1163 acie
2982 1107 3332 1178 perveniente

1755 1193 1967 1250 directi.
2003 1214 2022 1247 ι
2055 1194 2156 1250 Hic
2182 1195 2267 1251 vel
2292 1211 2481 1266 parum
2530 1198 2775 1254 saeculari
2823 1199 3127 1256 litteratura
3163 1199 3335 1265 imbu-

1757 1292 1844 1341 tus
1887 1301 2044 1342 nemo
2073 1287 2280 1342 dubitat
2310 1304 2341 1342 a
2374 1291 2644 1345 communi
2698 1291 3149 1359 subaudiendum,
3188 1300 3245 1349 et
3274 1300 3336 1355 ut

1753 1373 2001 1430 videatur
2027 1376 2216 1447 spiritu
2246 1393 2343 1447 per
2383 1395 2611 1453 corpora
2654 1382 2708 1435 in
2737 1382 2882 1439 omni
2913 1396 3158 1453 corpore.
3203 1379 3335 1455 Opi-
3414 1375 3429 1387 ’

1753 1466 1970 1523 nionem
1997 1469 2142 1524 enim
2174 1468 2341 1539 illam,
2372 1481 2432 1526 ut
2460 1472 2626 1530 videri
2648 1474 2820 1545 possit
2843 1474 2985 1531 Deus
3023 1476 3333 1539 carnalibus
3403 1512 3410 1522 ο

1752 1559 1943 1628 oculis,
1979 1560 2083 1617 nisi
2107 1562 2309 1635 aliquid
2349 1564 2547 1623 mentis
2575 1564 2930 1633 obtinuerint,
2962 1565 3077 1638 ipse
3103 1564 3332 1622 manife-

1753 1651 1987 1709 stissime
2021 1664 2279 1712 removet.
2316 1656 2453 1727 Quid
2481 1674 2609 1714 vero
2636 1659 2687 1714 in
2736 1674 2802 1716 eo
2845 1659 3080 1725 voluerit
3105 1658 3335 1731 intelligi

1754 1744 1895 1815 quod
1935 1745 2154 1816 ait,~per
2173 1764 2397 1821 corpora
2429 1752 2645 1805 inomni
2687 1766 2923 1821 corpore,
2966 1748 3335 1821 scrupulosius

1753 1835 1922 1906 qumri
1960 1848 2163 1909 posset,
2212 1839 2315 1896 nisi
2352 1842 2595 1898 eamdem
2624 1857 2760 1908 rem,
2814 1842 3055 1899 adhibita
3100 1839 3333 1913 quadam

1753 1929 2123 1998 similitudine,
2147 1936 2565 2006 pracstruxisset.
2597 1937 2839 2006 Denique
2858 1937 3121 2007 praemisit
3147 1935 3334 2008 (Aug..

71 2015 443 2079 rationabilem
469 2030 620 2087 vero,
650 2017 754 2073 hoc
793 2024 895 2083 est,
929 2023 1129 2072 terram
1160 2024 1215 2072 et
1256 2016 1476 2084 ctelum,
1513 2032 1648 2089 prae-
1677 2004 1725 2065 B
1754 2023 1818 2078 de
1848 2021 2002 2093 Civit.
2057 2004 2181 2091 Dei,
2213 2024 2306 2080 lib.
2353 2043 2488 2094 xxu,
2527 2043 2644 2100 cap.
2697 2004 2825 2101 29):
2856 2004 3083 2087 tVitam
3113 2004 3333 2098 quidem

71 2125 201 2171 sens
223 2109 417 2184 ubique
445 2120 590 2169 totus
625 2110 974 2185 gubernando
1004 2110 1297 2167 contineat.
1327 2109 1406 2165 Ac
1430 2125 1528 2182 per
1548 2111 1649 2166 hoc
1698 2126 1705 2129 ‘

71 2200 377 2261 rationabili
418 2201 594 2258 aderit
627 2216 725 2277 per
750 2201 996 2256 notitiam
1026 2208 1081 2256 et
1109 2200 1476 2275 praesentiam,
1508 2201 1648 2256 irra-

71 2293 311 2350 tionabili
354 2308 452 2366 per
479 2290 651 2349 solam
679 2282 1061 2369 praesentiain:
1098 2309 1218 2369 quae
1270 2304 1447 2349 tamen
1494 2292 1649 2366 longe

71 2387 412 2461 praestantius
446 2401 610 2461 quam
641 2401 784 2443 nunc
809 2382 876 2440 ad
910 2382 1207 2442 electorum
1250 2385 1525 2445 notionem
1552 2386 1649 2441 de-

71 2484 253 2551 ducta,
277 2494 335 2539 ut
362 2492 712 2557 augmentum
758 2482 1018 2550 scientiae,
1044 2482 1119 2541 ita
1149 2482 1315 2538 etiam
1342 2481 1650 2537 incremen—

71 2584 185 2631 tum
218 2574 491 2633 felicitatis
529 2574 738 2631 factura
787 2583 887 2631 est.
932 2570 1067 2629 Nam
1095 2584 1146 2630 et
1178 2590 1323 2631 nunc
1358 2573 1649 2645 praesentia

71 2682 166 2722 sua
194 2666 331 2738 regit
353 2664 552 2722 caelum
578 2672 632 2721 et
668 2671 893 2729 terram,
923 2660 1080 2736 cujus
1114 2664 1353 2719 veridica
1386 2680 1487 2719 vox
1520 2671 1643 2719 est:

71 2755 268 2811 Caluus
315 2768 362 2812 et
405 2767 599 2813 terram
662 2761 754 2829 ego
796 2753 983 2828 impleo
1030 2755 1163 2828 (Jer.
1198 2755 1378 2827 χχιιι).
1435 2754 1542 2809 Sed
1581 2754 1648 2810 ad

71 2847 632 2919 comprehendendum
679 2847 1138 2918 quemadmodum
1180 2853 1329 2903 totus
1377 2846 1433 2900 in
1486 2845 1646 2912 coelo,

71 2947 214 2994 totus
260 2939 315 2994 in
361 2949 506 2994 terra
553 2939 652 3002 sit,
712 2938 859 2993 acies
918 2936 1121 2993 mentis
1168 2943 1370 2991 nostra
1417 2935 1647 3007 caligat,

71 3028 304 3099 quandiu
334 3044 522 3099 corpus
562 3028 700 3100 quod
747 3027 1104 3097 corrumpitur
1121 3034 1374 3097 aggravet
1416 3025 1650 3081 animum

71 3119 221 3193 [ευρ.
243 3120 341 3194 ιι),
370 3135 439 3176 ne
475 3128 684 3176 natura;
712 3135 824 3176 sua:
870 3119 978 3175 vim
1008 3119 1179 3175 libere
1204 3124 1367 3187 queat
1397 3131 1643 3175 exerere.

71 3214 222 3282 Quod
259 3229 382 3269 cum
427 3213 597 3269 totius
636 3211 1001 3284 corruptionis
1028 3226 1136 3267 non
1174 3210 1420 3269 molestia
1465 3210 1645 3276 modo,

71 3322 252 3364 verum
286 3307 454 3363 etiam
479 3305 786 3376 suspicione
812 3303 976 3361 fuerit
1010 3303 1320 3369 liberatum,
1347 3302 1644 3374 gloriﬁcata

71 3400 346 3463 iuntaxat,
382 3411 488 3453 non
518 3404 724 3451 mutata
748 3404 938 3453 natura
979 3396 1175 3466 (neque
1212 3394 1356 3450 enim
1397 3394 1522 3449 hinc
1549 3407 1646 3448 nos

71 3507 254 3549 errare
295 3491 543 3563 permisit
587 3490 680 3560 qui
725 3490 847 3546 ait:
895 3486 1121 3559 Palpate
1147 3528 1163 3555 ,
1211 3498 1261 3543 et
1312 3487 1476 3543 ridete
1519 3488 1644 3558 quia

71 3586 523 3661 spirituscamem
570 3591 619 3636 et
653 3597 771 3637 ossa
821 3596 925 3635 non
968 3579 1140 3646 habet,
1185 3579 1318 3637 sicut
1346 3595 1426 3636 me
1463 3578 1645 3634 videtis

71 3677 252 3732 habere
296 3675 450 3749 [Lua
498 3672 704 3745 utv]),
757 3679 1071 3740 tantamque
1119 3683 1243 3727 cum
1290 3670 1505 3739 spiritu,
1557 3669 1643 3727 cui

72 3784 212 3823 nunc
267 3774 556 3837 repugnat,
604 3763 855 3821 habuerit
895 3760 1240 3823 concordiam
1284 3771 1343 3819 ut
1400 3775 1521 3816 cum
1581 3776 1646 3816 eo

72 3860 318 3931 lcinceps
346 3874 447 3915 nec
468 3856 603 3914 velit
620 3870 850 3928 peccare
878 3868 980 3910 nec
1018 3852 1210 3924 possit,
1250 3851 1392 3908 idem
1422 3852 1644 3927 spiritus

71 3954 177 4009 Deo
203 3967 301 4009 suo
331 3959 460 4006 tunc
501 3963 631 4007 vere
669 3946 1003 4012 inbaerendo,
1043 3960 1210 4000 unum
1252 3958 1374 3999 cum
1416 3958 1482 3999 eo
1520 3941 1646 3999 eﬂ’e—

71 4056 208 4111 :tus,
234 4043 429 4099 intueri
457 4039 757 4097 merebitur
777 4039 1142 4094 habitatorem
1168 4037 1251 4092 sui
1280 4035 1645 4106 similiumque

71 4145 459 4201 :reaturarum,
508 4143 831 4190 cteterarum
882 4145 1009 4187 vero
1047 4139 1334 4186 rectorem.
1387 4127 1514 4187 Haec
1563 4136 1647 4184 est

71 4231 225 4297 visio,
255 4230 309 4284 in
347 4242 453 4299 qua
480 4226 688 4283 scilicet
719 4222 990 4285 constabit
1021 4230 1077 4279 et
1102 4236 1297 4283 secura
1332 4218 1567 4281 felicitas
1591 4227 1646 4276 et

71 4319 191 4378 'elix
241 4318 524 4383 securitas,
563 4316 649 4373 cui
702 4313 948 4372 videndae
989 4311 1176 4370 oculos
1218 4326 1328 4368 non
1374 4310 1641 4383 corporis,

71 4413 157 4469 sed
199 4402 399 4480 cordis,
456 4414 558 4468 hoc
603 4419 686 4468 est
727 4411 942 4476 mentis,
995 4408 1105 4482 60
1155 4407 1402 4463 mandari
1441 4405 1643 4461 veritas

72 4504 304 4574 irzccipit
329 4523 342 4558 :
367 4502 539 4571 Beati,
588 4502 780 4579 inquit,
818 4502 1012 4558 mundo
1047 4502 1222 4567 corde,
1261 4498 1511 4573 quoniam
1542 4494 1643 4569 ipsi

71 4596 231 4649 Deum
258 4594 497 4651 videbunt
527 4590 743 4665 (Matth.
775 4591 853 4665 v).
900 4588 1217 4662 Hujusmodi
1254 4605 1382 4646 vero
1419 4589 1643 4647 munda-

82 4689 266 4741 iuuem
298 4681 430 4741 ﬁdes
465 4685 553 4740 hic
593 4685 838 4749 inchoat,
870 4682 976 4738 illic
1011 4683 1253 4739 charitas
1278 4687 1635 4739 consummat.
1672 4724 1721 4783 Ι)

71 4776 193 4829 \‘am
247 4790 526 4846 quousque
569 4772 793 4828 allectus
844 4781 1029 4827 noster
1064 4772 1244 4827 dicere
1288 4772 1398 4826 Deo
1427 4770 1634 4842 possit:

71 4865 203 4932 Quid
232 4866 358 4920 mihi
378 4875 451 4920 est
478 4865 535 4923 is
555 4865 700 4932 curto,
725 4875 772 4921 et
803 4882 835 4919 a
857 4874 905 4919 le
925 4864 1051 4936 quid
1078 4862 1386 4933 voluisuper
1405 4863 1641 4920 terram?

80 4956 235 5011 Psal.
275 4958 472 5028 um.)
514 4958 615 5020 hoc
643 4965 748 5024 est,
785 4957 1024 5028 quandiu
1060 4956 1117 5011 in
1147 4956 1386 5012 caelestis
1414 4956 1641 5028 alicujus

72 5060 324 5107 :reaturae
361 5050 600 5122 potentia
624 5050 709 5104 vel
755 5048 1089 5104 excellentiae
1127 5048 1413 5102 mundana:
1463 5047 1641 5103 illece~

71 5159 182 5211 ira,
226 5150 283 5199 et
329 5156 435 5199 non
488 5143 544 5198 in
582 5142 715 5210 Deo,
763 5157 792 5196 a
844 5156 950 5210 quo
993 5155 1178 5196 sumus
1228 5138 1450 5205 conditi,
1491 5154 1639 5210 spem

71 5244 260 5295 nostra:
307 5236 658 5301 beatitudinis
699 5235 1031 5304 reponimus,
1077 5248 1321 5305 grassum
1362 5232 1643 5306 glaucoma

71 5330 264 5387 tostris
290 5329 582 5386 obductum
612 5328 787 5385 oculis
810 5327 1065 5399 patimur.
1104 5328 1174 5380 At
1211 5341 1332 5381 eum
1359 5325 1644 5381 salubriter

71 5439 117 5479 :a
159 5422 384 5481 sordere
436 5420 700 5495 cmperint
746 5437 866 5493 qua:
918 5419 1067 5491 prius
1112 5419 1351 5474 animum
1400 5426 1643 5474 nostrum

71 5516 363 5574 terniciose
411 5524 505 5573 aut
550 5515 843 5572 eludebant
897 5513 1209 5584 opinionum
1268 5510 1501 5567 falsitate
1552 5520 1645 5566 aut

71 5608 403 5665 tblectabant
431 5607 609 5663 fallaci
639 5607 907 5662 suavitate
934 5605 1191 5675 paulatim
1224 5603 1318 5658 Dei
1352 5604 1638 5659 clementia

71 5704 343 5779 atiscente
394 5703 656 5776 caligine,
714 5711 897 5757 noster
948 5699 1099 5756 visus
1152 5707 1526 5768 recuperatur,
1578 5713 1640 5754 ac

71 5796 365 5856 livinorum
402 5806 797 5869 praeceptorum
850 5795 902 5851 in
944 5795 1058 5851 dies
1085 5793 1366 5851 exaCuitur
1391 5795 1637 5867 collyrio,

71 5888 231 5943 Ionec
273 5888 513 5960 deposita
571 5887 914 5943 mortalitatis
960 5887 1192 5949 sarcina,
1248 5884 1313 5938 ad
1350 5886 1637 5941 videndum

71 5996 201 6048 sum,
231 5980 287 6035 in
308 5996 472 6054 quem
498 5990 605 6038 tota
654 5979 827 6034 fuerat
866 5978 1124 6034 translata
1157 5979 1405 6047 intentio,
1436 5980 1637 6051 perdu-

1754 2128 1907 2168 suam
1940 2133 1959 2166 ι
1992 2112 2157 2185 (haud
2188 2115 2293 2191 σι
2321 2116 2539 2173 dubium
2566 2117 2697 2188 quin
2721 2115 2964 2193 spiritus)
2996 2135 3015 2169 ‹
3039 2132 3150 2191 qua
3192 2132 3335 2177 nunc

1749 2203 1881 2258 vivit
1912 2204 1964 2259 in
2010 2219 2255 2275 corpore,
2302 2214 2357 2261 et
2388 2205 2503 2262 haec
2553 2216 2766 2264 terrena
2812 2204 3056 2264 membra
3095 2216 3332 2277 vegetat,

1750 2293 1990 2365 facitque
2032 2294 2294 2363 viventia,
2324 2295 2583 2354 interiore
2627 2313 2788 2355 sensu
2824 2298 3054 2373 quisque
3095 2314 3203 2354 non
3237 2313 3334 2370 per

1751 2379 2043 2455 corporeos
2061 2385 2245 2442 oculos
2270 2388 2441 2442 novit.
2467 2388 2710 2444 Aliorum
2735 2404 2866 2447 vero
2890 2388 3053 2457 vitas,
3075 2405 3199 2449 cum
3226 2387 3336 2444 sint

1752 2471 2071 2542 invisibiles,
2125 2490 2225 2547 per
2269 2492 2464 2548 corpus
2509 2477 2673 2533 videt.
2727 2476 2861 2533 Nam
2906 2478 3048 2534 unde
3095 2478 3333 2534 viventia

1752 2562 2113 2622 discernimus
2138 2580 2169 2621 a
2206 2582 2313 2623 non
2340 2568 2643 2624 viventibus
2679 2585 2926 2642 corpora,
2970 2568 3075 2626 nisi
3106 2585 3333 2641 corpora

1738 2656 1912 2734 .simul
1946 2657 2195 2730 vitasque
2223 2660 2521 2728 videamus,
2568 2678 2704 2732 quas
2743 2662 2848 2719 nisi
2875 2678 2974 2734 per
3021 2678 3220 2737 corpus
3248 2665 3330 2718 vi-

1753 2748 1881 2803 dere
1916 2765 2022 2805 non
2063 2753 2390 2824 possumus?
2418 2773 2436 2805 ι
2472 2751 2749 2825 Siquidem
2777 2748 2877 2811 hac
2898 2755 3013 2827 ejus
3042 2764 3151 2817 tam
3181 2752 3333 2814 lucu-

1750 2836 1896 2894 lenta
1922 2842 2189 2897 sententia
2218 2842 2489 2915 colligitur
2516 2845 2659 2917 quod
2685 2862 2777 2916 per
2801 2863 3045 2919 corpora,
3079 2847 3183 2907 hoc
3226 2855 3331 2919 est,

1750 2944 1849 3000 per
1886 2933 2131 3003 corporis
2178 2932 2387 3002 oculos,
2440 2937 2493 2990 in
2535 2940 2675 2993 omni
2719 2955 2956 3009 corpore,
2999 2941 3143 3010 quod
3190 2941 3333 2999 idem

1752 3022 2133 3096 conspexerint
2174 3027 2340 3094 oculi,
2369 3028 2634 3086 videndus
2676 3030 2748 3085 sit
2781 3029 2944 3098 Deus,
2975 3020 3083 3089 non
3131 3032 3184 3091 in
3235 3047 3333 3089 sua

1751 3115 2072 3183 substantia,
2102 3118 2245 3187 quod
2268 3116 2607 3191 privilegium
2636 3118 2847 3190 spiritui
2882 3130 3212 3188 reservatur,
3239 3121 3334 3177 sed

1752 3204 1808 3259 in
1838 3205 2245 3264 evidentissima
2286 3209 2693 3284 gubernationis
2718 3213 3025 3283 praesentia.
3069 3206 3160 3267 Sic
3187 3211 3331 3271 enim

1753 3313 1877 3353 cum
1902 3315 2001 3371 per
2026 3315 2218 3358 sensus
2247 3317 2541 3373 corporeos
2581 3303 2722 3358 vitas
2749 3302 2977 3360 aliorum
3014 3304 3066 3359 in
3105 3318 3334 3374 corpore

1672 3370 1718 3434 (ἶ
1749 3392 2039 3462 intuemur,
2075 3409 2184 3451 non
2225 3393 2360 3449 vitas
2406 3391 2706 3449 invisibiles
2738 3392 3062 3467 aspicimus;
3105 3394 3199 3451 sed
3239 3409 3334 3452 eas

1749 3480 1940 3542 tamen
1978 3487 2157 3543 inesse
2199 3487 2579 3544 viviﬁcationis
2631 3487 2873 3565 potentia
2912 3488 3173 3545 dubitare
3224 3503 3334 3545 non

1746 3591 2053 3647 possumus.
2110 3575 2222 3632 Nec
2266 3574 2610 3632 sustinebunt
2658 3576 2953 3646 quidquam
2995 3574 3334 3631 contumeliae

1747 3668 1911 3734 oculi,
1960 3669 2006 3723 si
2036 3665 2441 3737 spiritn'Deum
2472 3666 2674 3736 ubique
2716 3674 3037 3737 praesentem
3079 3681 3331 3736 compre-

1749 3761 2036 3824 hendente,
2068 3758 2143 3813 illi
2175 3772 2299 3813 eum
2347 3756 2723 3813 tantummodo
2766 3757 2821 3811 in
2853 3757 3193 3827 corporibus,
3224 3773 3367 3827 quo~

1748 3850 2047 3906 direxerint
2074 3850 2270 3915 aciem,
2315 3848 2773 3920 quemadmodum
2800 3848 3053 3919 superius
3081 3850 3325 3913 ostendi,

1748 3951 2003 4015 poterunt
2030 3941 2228 3996 intueri
2251 3958 2266 4007 ;
2298 3940 2440 3997 sicut
2459 3955 2638 4012 neque
2665 3956 2810 3997 nunc
2827 3942 3106 4013 patiantur
3129 3942 3330 4013 aliquid

1748 4031 2083 4104 ignominiae,
2105 4046 2229 4088 cum
2271 4046 2434 4089 sensu
2465 4030 2678 4087 aurium
2704 4031 3080 4091 dulcissimum
3106 4032 3333 4103 quemli-

1745 4121 1838 4182 bet
1866 4137 2058 4181 sonum
2088 4122 2354 4193 capiente,
2395 4122 2498 4194 ipsi
2535 4123 2678 4179 intra
2712 4132 2886 4181 metas
2907 4124 3112 4195 proprii
3141 4138 3333 4183 mune»

1748 4218 1826 4274 ris
1866 4214 2213 4274 cohibentur.
2271 4215 2370 4273 Hic
2422 4232 2451 4272 a
2508 4232 2594 4273 me
2640 4226 2974 4274 monstratus
3025 4217 3334 4277 intellectus

1746 4312 1969 4383 capituli
2016 4310 2268 4369 omnibus
2310 4320 2362 4366 te
2410 4326 2546 4382 quas
2592 4312 2923 4384 proposuisti
2972 4312 3329 4382 quaestionum

1748 4403 2011 4477 angustiis
2061 4402 2345 4468 liberabit;
2394 4402 2537 4457 inter
2584 4419 2705 4475 quae
2756 4404 2918 4459 etiam
2972 4403 3143 4460 oculis
3196 4403 3332 4457 nihil

1746 4497 1923 4555 simile
1978 4496 2179 4553 mentis
2226 4496 2554 4553 habentibus
2596 4497 2648 4552 in
2707 4495 2900 4569 quovis
2948 4511 3191 4566 corpore,
3230 4510 3332 4552 nec

1747 4587 1984 4660 proprie,
2016 4603 2118 4644 nec
2143 4588 2397 4661 ﬁgurate,
2431 4588 2601 4644 Deum
2634 4588 2750 4644 fore
2775 4589 3126 4658 conspicuum
3151 4588 3332 4643 decla-

1748 4679 1907 4734 rabit.
1949 4678 2192 4750 Namque
2231 4681 2619 4751 proprietatem
2660 4679 2778 4749 ejus
2823 4679 3131 4750 cognitione
3171 4679 3332 4749 spiri-

1750 4778 1837 4827 tus
1875 4770 1977 4827 sibi
2008 4768 2245 4842 dignitas
2292 4771 2604 4828 vindicabit.
2655 4772 2809 4840 Quod
2858 4781 3039 4828 autem
3070 4781 3178 4827 tam
3214 4774 3328 4829 evi—

1750 4864 1941 4920 denter
1965 4873 2247 4921 creaturas
2291 4879 2415 4920 suas
2455 4864 2636 4921 divina
2683 4871 2834 4935 reget
2876 4863 3132 4933 majestas
3168 4873 3229 4920 ut
3264 4880 3333 4922 ne

1747 4955 1932 5011 oculos
1959 4954 2175 5025 quidem
2204 4969 2497 5025 corporeos
2527 4955 2696 5011 latere
2727 4957 2920 5026 possit,
2958 4956 3090 5011 nihil
3116 4967 3332 5029 praeter-

1748 5061 1911 5116 quam
1938 5044 2082 5118 quod
2112 5046 2318 5117 geritur
2344 5045 2651 5119 signiﬁcare
2674 5047 2784 5119 62
2813 5047 2990 5105 omnis
3027 5050 3116 5120 qui
3150 5050 3330 5107 sobrie

1748 5138 1889 5207 sapit
1922 5135 2078 5193 facile
2108 5138 2361 5193 advertit.
2401 5136 2483 5193 Ad
2510 5138 2655 5192 hunc
2680 5139 2826 5195 enim
2859 5141 3065 5196 exitum
3092 5143 3329 5201 circum-

1749 5228 1971 5294 stantia,
2009 5229 2127 5285 sine
2168 5229 2567 5299 superstitionis
2613 5231 2914 5299 pervicacia
2964 5233 3329 5301 considerata,

1748 5324 1967 5373 cautum
2020 5319 2453 5388 instructumque
2500 5317 2757 5376 lectorem
2810 5321 3128 5391 perducunt.
3177 5322 3331 5391 Quod

1751 5410 1882 5467 adeo
1923 5410 2055 5467 mihi
2094 5419 2308 5467 constat
2349 5419 2407 5465 ut
2445 5412 2609 5467 etiam
2657 5413 3028 5471 beatissimum
3077 5417 3332 5489 Augusti-

1748 5519 1911 5568 num,
1963 5504 2009 5559 si
2069 5503 2454 5569 revivisceret,
2505 5504 2663 5562 aliter
2714 5522 3040 5578 quemquam
3095 5510 3330 5564 sensisse

1750 5594 1969 5650 credam
1996 5609 2102 5650 non
2126 5595 2469 5651 mediocriter
2495 5598 2834 5677 migraturum.
2860 5600 3094 5656 Proinde
3117 5616 3332 5671 semper

1750 5687 2005 5743 solvendo
2037 5695 2092 5742 et
2122 5702 2396 5758 nunquam
2424 5690 2778 5761 persolvendo
2812 5693 3096 5749 charitatis
3125 5692 3324 5756 debito,

1752 5798 1825 5853 te,
1854 5785 2196 5856 suspiciende
2225 5786 2416 5852 frater,
2447 5789 2709 5844 exhortor
2737 5798 2796 5845 ut
2822 5803 3163 5857 nequaquam
3186 5784 3327 5841 ultra

1750 5881 1801 5934 in
1850 5878 2044 5933 talibus
2099 5887 2248 5933 tuum
2299 5879 2572 5948 ingenium
2624 5890 2904 5935 conteras:
2955 5896 3022 5934 ne
3060 5878 3144 5935 his
3189 5878 3329 5941 ultra

1751 5986 1911 6041 quam
1948 5975 2161 6038 oportet
2189 5977 2501 6040 occupatus,
2532 5970 2598 6025 ad
2625 5970 2838 6025 utiliora
2872 5970 3182 6038 vestiganda
3216 5970 3328 6025 sive
