  <div class='ocr_page' id='page_1' title='image "/cluster/home/n/w/nwhite01/storage/ocr_20150623/119/hvd.32044015466915/254.png"; bbox 0 0 3902 6300; ppageno 0'>
   <div class='ocr_carea' id='block_1_1' title="bbox 67 409 178 463">
    <p class='ocr_par' dir='ltr' id='par_1_1' title="bbox 67 409 178 463">
     <span class='ocr_line' id='line_1_1' title="bbox 67 409 178 463; baseline -0.009 0"><span class='ocrx_word' id='word_1_1' title='bbox 67 409 178 463; x_wconf 65' lang='grc' dir='ltr'><strong>Ᾱ97</strong></span> 
     </span>
    </p>
   </div>
   <div class='ocr_carea' id='block_1_2' title="bbox 1540 415 1923 473">
    <p class='ocr_par' dir='ltr' id='par_1_2' title="bbox 1540 415 1923 473">
     <span class='ocr_line' id='line_1_2' title="bbox 1540 415 1923 473; baseline 0.003 -1"><span class='ocrx_word' id='word_1_2' title='bbox 1540 415 1923 473; x_wconf 63' lang='grc' dir='ltr'><strong>ΕΡΙΞΤΟιιιΕ.</strong></span> 
     </span>
    </p>
   </div>
   <div class='ocr_carea' id='block_1_3' title="bbox 3250 423 3353 478">
    <p class='ocr_par' dir='ltr' id='par_1_3' title="bbox 3250 423 3353 478">
     <span class='ocr_line' id='line_1_3' title="bbox 3250 423 3353 478; baseline 0 -1"><span class='ocrx_word' id='word_1_3' title='bbox 3250 423 3353 478; x_wconf 71' lang='grc'><strong>498</strong></span> 
     </span>
    </p>
   </div>
   <div class='ocr_carea' id='block_1_4' title="bbox 69 524 3354 607">
    <p class='ocr_par' dir='ltr' id='par_1_4' title="bbox 69 524 3354 607">
     <span class='ocr_line' id='line_1_4' title="bbox 69 524 3354 607; baseline 0.006 -32"><span class='ocrx_word' id='word_1_4' title='bbox 69 524 637 594; x_wconf 62' lang='lat' dir='ltr'><strong>ﬂquidquidmnum-is</strong></span> <span class='ocrx_word' id='word_1_5' title='bbox 656 532 1077 602; x_wconf 84' lang='lat' dir='ltr'><strong>consequipotui</strong></span> <span class='ocrx_word' id='word_1_6' title='bbox 1104 548 1199 604; x_wconf 88' lang='lat' dir='ltr'><strong>per</strong></span> <span class='ocrx_word' id='word_1_7' title='bbox 1215 548 1310 589; x_wconf 89' lang='lat' dir='ltr'><strong>vos</strong></span> <span class='ocrx_word' id='word_1_8' title='bbox 1332 532 1663 590; x_wconf 80' lang='lat' dir='ltr'><strong>offerendum</strong></span> <span class='ocrx_word' id='word_1_9' title='bbox 1693 540 1741 597; x_wconf 78' lang='grc' dir='ltr'>Α</span> <span class='ocrx_word' id='word_1_10' title='bbox 1769 536 2165 591; x_wconf 87' lang='lat' dir='ltr'><strong>admonendum</strong></span> <span class='ocrx_word' id='word_1_11' title='bbox 2205 544 2311 604; x_wconf 90' lang='lat' dir='ltr'><strong>est,</strong></span> <span class='ocrx_word' id='word_1_12' title='bbox 2345 552 2413 592; x_wconf 88' lang='lat' dir='ltr'><strong>ne</strong></span> <span class='ocrx_word' id='word_1_13' title='bbox 2455 534 2613 602; x_wconf 84' lang='lat' dir='ltr'><strong>forte,</strong></span> <span class='ocrx_word' id='word_1_14' title='bbox 2644 538 2785 606; x_wconf 84' lang='lat' dir='ltr'><strong>quod</strong></span> <span class='ocrx_word' id='word_1_15' title='bbox 2828 538 2985 602; x_wconf 84' lang='lat' dir='ltr'><strong>absit,</strong></span> <span class='ocrx_word' id='word_1_16' title='bbox 3020 553 3179 607; x_wconf 86' lang='lat' dir='ltr'><strong>quam</strong></span> <span class='ocrx_word' id='word_1_17' title='bbox 3213 539 3354 595; x_wconf 88' lang='lat' dir='ltr'><strong>intc—</strong></span> 
     </span>
    </p>
   </div>
   <div class='ocr_carea' id='block_1_5' title="bbox 68 613 1665 696">
    <p class='ocr_par' dir='ltr' id='par_1_5' title="bbox 68 613 1665 696">
     <span class='ocr_line' id='line_1_5' title="bbox 68 613 1665 696; baseline 0.009 -29"><span class='ocrx_word' id='word_1_18' title='bbox 68 613 253 669; x_wconf 79' lang='lat' dir='ltr'><strong>direxi</strong></span> <span class='ocrx_word' id='word_1_19' title='bbox 280 634 292 669; x_wconf 90' lang='lat'>:</span> <span class='ocrx_word' id='word_1_20' title='bbox 319 617 462 686; x_wconf 91' lang='lat' dir='ltr'><strong>quod</strong></span> <span class='ocrx_word' id='word_1_21' title='bbox 494 628 708 689; x_wconf 89' lang='lat' dir='ltr'><strong>gratum</strong></span> <span class='ocrx_word' id='word_1_22' title='bbox 738 620 813 687; x_wconf 92' lang='lat' dir='ltr'><strong>ei,</strong></span> <span class='ocrx_word' id='word_1_23' title='bbox 849 623 991 679; x_wconf 90' lang='lat' dir='ltr'><strong>sicut</strong></span> <span class='ocrx_word' id='word_1_24' title='bbox 1010 624 1143 679; x_wconf 89' lang='lat' dir='ltr'><strong>mihi</strong></span> <span class='ocrx_word' id='word_1_25' title='bbox 1171 625 1428 696; x_wconf 78' lang='lat' dir='ltr'><strong>expedire</strong></span> <span class='ocrx_word' id='word_1_26' title='bbox 1452 626 1665 693; x_wconf 79' lang='lat' dir='ltr'><strong>videtis,</strong></span> 
     </span>
    </p>
   </div>
   <div class='ocr_carea' id='block_1_6' title="bbox 66 711 1670 783">
    <p class='ocr_par' dir='ltr' id='par_1_6' title="bbox 66 711 1670 783">
     <span class='ocr_line' id='line_1_6' title="bbox 66 711 1670 783; baseline 0.008 -20"><span class='ocrx_word' id='word_1_27' title='bbox 66 724 265 778; x_wconf 61' lang='lat' dir='ltr'><strong>quaeso</strong></span> <span class='ocrx_word' id='word_1_28' title='bbox 305 711 602 783; x_wconf 87' lang='lat' dir='ltr'><strong>dignamini</strong></span> <span class='ocrx_word' id='word_1_29' title='bbox 634 713 833 772; x_wconf 85' lang='lat' dir='ltr'><strong>facere.</strong></span> <span class='ocrx_word' id='word_1_30' title='bbox 859 716 987 774; x_wconf 89' lang='lat' dir='ltr'><strong>Ideo</strong></span> <span class='ocrx_word' id='word_1_31' title='bbox 1010 726 1193 774; x_wconf 90' lang='lat' dir='ltr'><strong>autem</strong></span> <span class='ocrx_word' id='word_1_32' title='bbox 1227 719 1335 775; x_wconf 84' lang='lat' dir='ltr'><strong>dixi</strong></span> <span class='ocrx_word' id='word_1_33' title='bbox 1368 719 1442 775; x_wconf 91' lang='lat' dir='ltr'><strong>illi</strong></span> <span class='ocrx_word' id='word_1_34' title='bbox 1472 735 1560 776; x_wconf 91' lang='lat' dir='ltr'><strong>me</strong></span> <span class='ocrx_word' id='word_1_35' title='bbox 1587 728 1670 777; x_wconf 90' lang='lat' dir='ltr'><strong>to-</strong></span> 
     </span>
    </p>
   </div>
   <div class='ocr_carea' id='block_1_7' title="bbox 71 804 1669 884">
    <p class='ocr_par' dir='ltr' id='par_1_7' title="bbox 71 804 1669 884">
     <span class='ocr_line' id='line_1_7' title="bbox 71 804 1669 884; baseline 0.008 -27"><span class='ocrx_word' id='word_1_36' title='bbox 71 812 195 859; x_wconf 90' lang='lat' dir='ltr'><strong>tum</strong></span> <span class='ocrx_word' id='word_1_37' title='bbox 225 804 371 875; x_wconf 91' lang='lat' dir='ltr'><strong>quod</strong></span> <span class='ocrx_word' id='word_1_38' title='bbox 400 804 649 862; x_wconf 86' lang='lat' dir='ltr'><strong>invenire</strong></span> <span class='ocrx_word' id='word_1_39' title='bbox 682 808 974 866; x_wconf 90' lang='lat' dir='ltr'><strong>valuissem</strong></span> <span class='ocrx_word' id='word_1_40' title='bbox 1007 810 1240 868; x_wconf 81' lang='lat' dir='ltr'><strong>fideliter</strong></span> <span class='ocrx_word' id='word_1_41' title='bbox 1281 812 1496 869; x_wconf 87' lang='lat' dir='ltr'><strong>misisse</strong></span> <span class='ocrx_word' id='word_1_42' title='bbox 1523 813 1669 884; x_wconf 89' lang='lat' dir='ltr'><strong>quod</strong></span> 
     </span>
    </p>
   </div>
   <div class='ocr_carea' id='block_1_8' title="bbox 66 894 1667 976">
    <p class='ocr_par' dir='ltr' id='par_1_8' title="bbox 66 894 1667 976">
     <span class='ocr_line' id='line_1_8' title="bbox 66 894 1667 976; baseline 0.008 -28"><span class='ocrx_word' id='word_1_43' title='bbox 66 903 305 966; x_wconf 84' lang='lat' dir='ltr'><strong>propter</strong></span> <span class='ocrx_word' id='word_1_44' title='bbox 331 894 449 965; x_wconf 84' lang='lat' dir='ltr'><strong>ejus</strong></span> <span class='ocrx_word' id='word_1_45' title='bbox 482 896 737 969; x_wconf 79' lang='lat' dir='ltr'><strong>frequens</strong></span> <span class='ocrx_word' id='word_1_46' title='bbox 782 902 1087 969; x_wconf 81' lang='lat' dir='ltr'><strong>servilium,</strong></span> <span class='ocrx_word' id='word_1_47' title='bbox 1114 903 1258 974; x_wconf 91' lang='lat' dir='ltr'><strong>quod</strong></span> <span class='ocrx_word' id='word_1_48' title='bbox 1283 904 1433 974; x_wconf 90' lang='lat' dir='ltr'><strong>prius</strong></span> <span class='ocrx_word' id='word_1_49' title='bbox 1466 919 1497 959; x_wconf 87' lang='lat' dir='ltr'><strong>a</strong></span> <span class='ocrx_word' id='word_1_50' title='bbox 1527 919 1667 976; x_wconf 83' lang='lat' dir='ltr'><strong>prae-</strong></span> 
     </span>
    </p>
   </div>
   <div class='ocr_carea' id='block_1_9' title="bbox 69 988 1668 1067">
    <p class='ocr_par' dir='ltr' id='par_1_9' title="bbox 69 988 1668 1067">
     <span class='ocr_line' id='line_1_9' title="bbox 69 988 1668 1067; baseline 0.006 -23"><span class='ocrx_word' id='word_1_51' title='bbox 69 988 389 1045; x_wconf 86' lang='lat' dir='ltr'><strong>cessorihus</strong></span> <span class='ocrx_word' id='word_1_52' title='bbox 438 989 577 1046; x_wconf 89' lang='lat' dir='ltr'><strong>meis</strong></span> <span class='ocrx_word' id='word_1_53' title='bbox 627 1007 733 1047; x_wconf 91' lang='lat' dir='ltr'><strong>non</strong></span> <span class='ocrx_word' id='word_1_54' title='bbox 781 995 1118 1066; x_wconf 78' lang='lat' dir='ltr'><strong>exigebatur,</strong></span> <span class='ocrx_word' id='word_1_55' title='bbox 1161 1004 1216 1051; x_wconf 91' lang='lat' dir='ltr'><strong>et</strong></span> <span class='ocrx_word' id='word_1_56' title='bbox 1255 1005 1477 1067; x_wconf 75' lang='lat' dir='ltr'><strong>propter</strong></span> <span class='ocrx_word' id='word_1_57' title='bbox 1521 997 1668 1054; x_wconf 74' lang='lat' dir='ltr'><strong>cella:</strong></span> 
     </span>
    </p>
   </div>
   <div class='ocr_carea' id='block_1_10' title="bbox 66 1079 1665 1152">
    <p class='ocr_par' dir='ltr' id='par_1_10' title="bbox 66 1079 1665 1152">
     <span class='ocr_line' id='line_1_10' title="bbox 66 1079 1665 1152; baseline 0.008 -17"><span class='ocrx_word' id='word_1_58' title='bbox 66 1088 279 1137; x_wconf 63' lang='lat' dir='ltr'><strong>nostra</strong></span> <span class='ocrx_word' id='word_1_59' title='bbox 307 1079 765 1152; x_wconf 86' lang='lat' dir='ltr'><strong>subtractionem,</strong></span> <span class='ocrx_word' id='word_1_60' title='bbox 801 1095 860 1142; x_wconf 90' lang='lat' dir='ltr'><strong>et</strong></span> <span class='ocrx_word' id='word_1_61' title='bbox 898 1085 1157 1143; x_wconf 74' lang='lat' dir='ltr'><strong>frumenti</strong></span> <span class='ocrx_word' id='word_1_62' title='bbox 1201 1096 1330 1145; x_wconf 91' lang='lat' dir='ltr'><strong>ante</strong></span> <span class='ocrx_word' id='word_1_63' title='bbox 1365 1089 1665 1147; x_wconf 84' lang='lat' dir='ltr'><strong>inauditam</strong></span> 
     </span>
    </p>
   </div>
   <div class='ocr_carea' id='block_1_11' title="bbox 65 1175 1662 1253">
    <p class='ocr_par' dir='ltr' id='par_1_11' title="bbox 65 1175 1662 1253">
     <span class='ocr_line' id='line_1_11' title="bbox 65 1175 1662 1253; baseline 0.007 -25"><span class='ocrx_word' id='word_1_64' title='bbox 65 1175 381 1245; x_wconf 88' lang='lat' dir='ltr'><strong>penuriam,</strong></span> <span class='ocrx_word' id='word_1_65' title='bbox 408 1176 591 1231; x_wconf 87' lang='lat' dir='ltr'><strong>omnia</strong></span> <span class='ocrx_word' id='word_1_66' title='bbox 615 1176 728 1247; x_wconf 89' lang='lat' dir='ltr'><strong>jam</strong></span> <span class='ocrx_word' id='word_1_67' title='bbox 770 1179 1036 1236; x_wconf 85' lang='lat' dir='ltr'><strong>exhausta</strong></span> <span class='ocrx_word' id='word_1_68' title='bbox 1081 1190 1227 1247; x_wconf 89' lang='lat' dir='ltr'><strong>sunt,</strong></span> <span class='ocrx_word' id='word_1_69' title='bbox 1257 1181 1332 1238; x_wconf 90' lang='lat' dir='ltr'><strong>ita</strong></span> <span class='ocrx_word' id='word_1_70' title='bbox 1366 1192 1428 1238; x_wconf 92' lang='lat' dir='ltr'><strong>ut</strong></span> <span class='ocrx_word' id='word_1_71' title='bbox 1466 1183 1662 1253; x_wconf 90' lang='lat' dir='ltr'><strong>empti-</strong></span> 
     </span>
    </p>
   </div>
   <div class='ocr_carea' id='block_1_12' title="bbox 65 1265 1656 1344">
    <p class='ocr_par' dir='ltr' id='par_1_12' title="bbox 65 1265 1656 1344">
     <span class='ocr_line' id='line_1_12' title="bbox 65 1265 1656 1344; baseline 0.006 -24"><span class='ocrx_word' id='word_1_72' title='bbox 65 1266 150 1320; x_wconf 87' lang='lat' dir='ltr'><strong>tio</strong></span> <span class='ocrx_word' id='word_1_73' title='bbox 184 1265 452 1322; x_wconf 89' lang='lat' dir='ltr'><strong>frumento</strong></span> <span class='ocrx_word' id='word_1_74' title='bbox 496 1265 697 1325; x_wconf 77' lang='lat' dir='ltr'><strong>fratres</strong></span> <span class='ocrx_word' id='word_1_75' title='bbox 717 1268 831 1339; x_wconf 87' lang='lat' dir='ltr'><strong>jam</strong></span> <span class='ocrx_word' id='word_1_76' title='bbox 880 1285 1068 1327; x_wconf 89' lang='lat' dir='ltr'><strong>mense</strong></span> <span class='ocrx_word' id='word_1_77' title='bbox 1100 1272 1311 1344; x_wconf 88' lang='lat' dir='ltr'><strong>integro</strong></span> <span class='ocrx_word' id='word_1_78' title='bbox 1340 1281 1656 1329; x_wconf 69' lang='lat' dir='ltr'><strong>sustentan-</strong></span> 
     </span>
    </p>
   </div>
   <div class='ocr_carea' id='block_1_13' title="bbox 66 1355 1666 1436">
    <p class='ocr_par' dir='ltr' id='par_1_13' title="bbox 66 1355 1666 1436">
     <span class='ocr_line' id='line_1_13' title="bbox 66 1355 1666 1436; baseline 0.007 -26"><span class='ocrx_word' id='word_1_79' title='bbox 66 1364 185 1421; x_wconf 89' lang='lat' dir='ltr'><strong>tur,</strong></span> <span class='ocrx_word' id='word_1_80' title='bbox 222 1355 411 1413; x_wconf 91' lang='lat' dir='ltr'><strong>eodem</strong></span> <span class='ocrx_word' id='word_1_81' title='bbox 451 1366 603 1414; x_wconf 87' lang='lat' dir='ltr'><strong>tanta</strong></span> <span class='ocrx_word' id='word_1_82' title='bbox 641 1360 954 1430; x_wconf 75' lang='lat' dir='ltr'><strong>prolixitate</strong></span> <span class='ocrx_word' id='word_1_83' title='bbox 980 1377 1151 1434; x_wconf 87' lang='lat' dir='ltr'><strong>usque</strong></span> <span class='ocrx_word' id='word_1_84' title='bbox 1186 1362 1255 1417; x_wconf 89' lang='lat' dir='ltr'><strong>ad</strong></span> <span class='ocrx_word' id='word_1_85' title='bbox 1285 1377 1455 1420; x_wconf 89' lang='lat' dir='ltr'><strong>novas</strong></span> <span class='ocrx_word' id='word_1_86' title='bbox 1485 1362 1666 1436; x_wconf 77' lang='lat' dir='ltr'><strong>fruges</strong></span> 
     </span>
    </p>
   </div>
   <div class='ocr_carea' id='block_1_14' title="bbox 65 1449 1665 1526">
    <p class='ocr_par' dir='ltr' id='par_1_14' title="bbox 65 1449 1665 1526">
     <span class='ocr_line' id='line_1_14' title="bbox 65 1449 1665 1526; baseline 0.004 -24"><span class='ocrx_word' id='word_1_87' title='bbox 65 1449 305 1517; x_wconf 85' lang='lat' dir='ltr'><strong>victuri;</strong></span> <span class='ocrx_word' id='word_1_88' title='bbox 337 1465 438 1507; x_wconf 84' lang='lat' dir='ltr'><strong>nec</strong></span> <span class='ocrx_word' id='word_1_89' title='bbox 465 1449 798 1509; x_wconf 77' lang='lat' dir='ltr'><strong>suﬂ‘ecerunt</strong></span> <span class='ocrx_word' id='word_1_90' title='bbox 828 1470 949 1525; x_wconf 73' lang='lat' dir='ltr'><strong>quae</strong></span> <span class='ocrx_word' id='word_1_91' title='bbox 977 1454 1046 1509; x_wconf 89' lang='lat' dir='ltr'><strong>ad</strong></span> <span class='ocrx_word' id='word_1_92' title='bbox 1069 1468 1386 1510; x_wconf 85' lang='lat' dir='ltr'><strong>communes</strong></span> <span class='ocrx_word' id='word_1_93' title='bbox 1411 1469 1542 1511; x_wconf 87' lang='lat' dir='ltr'><strong>usus</strong></span> <span class='ocrx_word' id='word_1_94' title='bbox 1569 1469 1665 1526; x_wconf 85' lang='lat' dir='ltr'><strong>pa-</strong></span> 
     </span>
    </p>
   </div>
   <div class='ocr_carea' id='block_1_15' title="bbox 65 1539 1659 1616">
    <p class='ocr_par' dir='ltr' id='par_1_15' title="bbox 65 1539 1659 1616">
     <span class='ocr_line' id='line_1_15' title="bbox 65 1539 1659 1616; baseline 0.004 -21"><span class='ocrx_word' id='word_1_95' title='bbox 65 1548 198 1596; x_wconf 86' lang='lat' dir='ltr'><strong>rata</strong></span> <span class='ocrx_word' id='word_1_96' title='bbox 247 1539 489 1610; x_wconf 79' lang='lat' dir='ltr'><strong>fuerant;</strong></span> <span class='ocrx_word' id='word_1_97' title='bbox 532 1544 626 1598; x_wconf 86' lang='lat' dir='ltr'><strong>sed</strong></span> <span class='ocrx_word' id='word_1_98' title='bbox 673 1553 899 1616; x_wconf 83' lang='lat' dir='ltr'><strong>urgente</strong></span> <span class='ocrx_word' id='word_1_99' title='bbox 950 1544 1248 1601; x_wconf 87' lang='lat' dir='ltr'><strong>inevitabili</strong></span> <span class='ocrx_word' id='word_1_100' title='bbox 1302 1545 1659 1612; x_wconf 82' lang='lat' dir='ltr'><strong>necessitate,</strong></span> 
     </span>
    </p>
   </div>
   <div class='ocr_carea' id='block_1_16' title="bbox 65 1632 1657 1702">
    <p class='ocr_par' dir='ltr' id='par_1_16' title="bbox 65 1632 1657 1702">
     <span class='ocr_line' id='line_1_16' title="bbox 65 1632 1657 1702; baseline 0.005 -17"><span class='ocrx_word' id='word_1_101' title='bbox 65 1632 562 1702; x_wconf 79' lang='lat' dir='ltr'><strong>paucissima‘vasa</strong></span> <span class='ocrx_word' id='word_1_102' title='bbox 602 1642 657 1691; x_wconf 90' lang='lat' dir='ltr'><strong>et</strong></span> <span class='ocrx_word' id='word_1_103' title='bbox 697 1644 894 1692; x_wconf 61' lang='lat' dir='ltr'><strong>caetera</strong></span> <span class='ocrx_word' id='word_1_104' title='bbox 933 1645 1249 1693; x_wconf 88' lang='lat' dir='ltr'><strong>ornamenta</strong></span> <span class='ocrx_word' id='word_1_105' title='bbox 1279 1637 1524 1694; x_wconf 86' lang='lat' dir='ltr'><strong>ecclesiae</strong></span> <span class='ocrx_word' id='word_1_106' title='bbox 1557 1652 1657 1693; x_wconf 92' lang='lat' dir='ltr'><strong>no-</strong></span> 
     </span>
    </p>
   </div>
   <div class='ocr_carea' id='block_1_17' title="bbox 65 1725 1661 1805">
    <p class='ocr_par' dir='ltr' id='par_1_17' title="bbox 65 1725 1661 1805">
     <span class='ocr_line' id='line_1_17' title="bbox 65 1725 1661 1805; baseline 0.007 -26"><span class='ocrx_word' id='word_1_107' title='bbox 65 1732 223 1793; x_wconf 60' lang='lat' dir='ltr'><strong>stra,</strong></span> <span class='ocrx_word' id='word_1_108' title='bbox 245 1725 545 1783; x_wconf 89' lang='lat' dir='ltr'><strong>dolentibus</strong></span> <span class='ocrx_word' id='word_1_109' title='bbox 562 1730 833 1796; x_wconf 90' lang='lat' dir='ltr'><strong>omnibus,</strong></span> <span class='ocrx_word' id='word_1_110' title='bbox 864 1731 1259 1787; x_wconf 79' lang='lat' dir='ltr'><strong>distrahuntur.</strong></span> <span class='ocrx_word' id='word_1_111' title='bbox 1286 1731 1417 1800; x_wconf 66' lang='lat' dir='ltr'><strong>Quae</strong></span> <span class='ocrx_word' id='word_1_112' title='bbox 1442 1748 1531 1789; x_wconf 88' lang='lat' dir='ltr'><strong>res</strong></span> <span class='ocrx_word' id='word_1_113' title='bbox 1553 1748 1661 1805; x_wconf 89' lang='lat' dir='ltr'><strong>quo</strong></span> 
     </span>
    </p>
   </div>
   <div class='ocr_carea' id='block_1_18' title="bbox 65 1819 1656 1896">
    <p class='ocr_par' dir='ltr' id='par_1_18' title="bbox 65 1819 1656 1896">
     <span class='ocr_line' id='line_1_18' title="bbox 65 1819 1656 1896; baseline 0.006 -24"><span class='ocrx_word' id='word_1_114' title='bbox 65 1819 359 1886; x_wconf 86' lang='lat' dir='ltr'><strong>redundet,</strong></span> <span class='ocrx_word' id='word_1_115' title='bbox 388 1829 445 1876; x_wconf 88' lang='lat' dir='ltr'><strong>et</strong></span> <span class='ocrx_word' id='word_1_116' title='bbox 487 1830 747 1891; x_wconf 90' lang='lat' dir='ltr'><strong>quantum</strong></span> <span class='ocrx_word' id='word_1_117' title='bbox 791 1823 1059 1895; x_wconf 89' lang='lat' dir='ltr'><strong>publicam</strong></span> <span class='ocrx_word' id='word_1_118' title='bbox 1101 1826 1517 1896; x_wconf 88' lang='lat' dir='ltr'><strong>prosperitatem</strong></span> <span class='ocrx_word' id='word_1_119' title='bbox 1555 1826 1656 1881; x_wconf 92' lang='lat' dir='ltr'><strong>im-</strong></span> 
     </span>
    </p>
   </div>
   <div class='ocr_carea' id='block_1_19' title="bbox 65 1892 1738 1987">
    <p class='ocr_par' dir='ltr' id='par_1_19' title="bbox 65 1892 1738 1987">
     <span class='ocr_line' id='line_1_19' title="bbox 65 1892 1738 1987; baseline 0.006 -24"><span class='ocrx_word' id='word_1_120' title='bbox 65 1909 262 1979; x_wconf 87' lang='lat' dir='ltr'><strong>pedire</strong></span> <span class='ocrx_word' id='word_1_121' title='bbox 300 1911 489 1980; x_wconf 87' lang='lat' dir='ltr'><strong>possit,</strong></span> <span class='ocrx_word' id='word_1_122' title='bbox 521 1926 623 1969; x_wconf 88' lang='lat' dir='ltr'><strong>nec</strong></span> <span class='ocrx_word' id='word_1_123' title='bbox 651 1892 928 1970; x_wconf 82' lang='lat' dir='ltr'><strong>admonita</strong></span> <span class='ocrx_word' id='word_1_124' title='bbox 960 1892 1142 1971; x_wconf 78' lang='lat' dir='ltr'><strong>vestra</strong></span> <span class='ocrx_word' id='word_1_125' title='bbox 1178 1892 1327 1972; x_wconf 78' lang='lat' dir='ltr'><strong>videt</strong></span> <span class='ocrx_word' id='word_1_126' title='bbox 1351 1918 1655 1987; x_wconf 87' lang='lat' dir='ltr'><strong>prudentia.</strong></span> <span class='ocrx_word' id='word_1_127' title='bbox 1688 1892 1738 1955; x_wconf 73' lang='grc' dir='ltr'><strong>Β</strong></span> 
     </span>
    </p>
   </div>
   <div class='ocr_carea' id='block_1_20' title="bbox 65 2000 1685 2097">
    <p class='ocr_par' dir='ltr' id='par_1_20' title="bbox 65 2000 1685 2097">
     <span class='ocr_line' id='line_1_20' title="bbox 65 2000 1685 2097; baseline 0.007 -42"><span class='ocrx_word' id='word_1_128' title='bbox 65 2000 306 2059; x_wconf 86' lang='lat' dir='ltr'><strong>Proinde</strong></span> <span class='ocrx_word' id='word_1_129' title='bbox 334 2013 572 2060; x_wconf 84' lang='lat' dir='ltr'><strong>vestram</strong></span> <span class='ocrx_word' id='word_1_130' title='bbox 619 2006 844 2077; x_wconf 79' lang='lat' dir='ltr'><strong>supplex</strong></span> <span class='ocrx_word' id='word_1_131' title='bbox 893 2007 1125 2079; x_wconf 87' lang='lat' dir='ltr'><strong>imploro</strong></span> <span class='ocrx_word' id='word_1_132' title='bbox 1163 2010 1420 2080; x_wconf 84' lang='lat' dir='ltr'><strong>pietatem</strong></span> <span class='ocrx_word' id='word_1_133' title='bbox 1457 2019 1516 2065; x_wconf 91' lang='lat' dir='ltr'><strong>ut</strong></span> <span class='ocrx_word' id='word_1_134' title='bbox 1543 2012 1659 2082; x_wconf 91' lang='lat' dir='ltr'><strong>regi</strong></span> <span class='ocrx_word' id='word_1_135' title='bbox 1678 2008 1685 2097; x_wconf 47' lang='grc' dir='ltr'><em>ξ</em></span> 
     </span>
    </p>
   </div>
   <div class='ocr_carea' id='block_1_21' title="bbox 65 2093 1661 2169">
    <p class='ocr_par' dir='ltr' id='par_1_21' title="bbox 65 2093 1661 2169">
     <span class='ocr_line' id='line_1_21' title="bbox 65 2093 1661 2169; baseline 0.006 -21"><span class='ocrx_word' id='word_1_136' title='bbox 65 2108 225 2149; x_wconf 86' lang='lat' dir='ltr'><strong>meas</strong></span> <span class='ocrx_word' id='word_1_137' title='bbox 244 2104 298 2151; x_wconf 90' lang='lat' dir='ltr'><strong>et</strong></span> <span class='ocrx_word' id='word_1_138' title='bbox 322 2093 551 2151; x_wconf 75' lang='lat' dir='ltr'><strong>fratrum</strong></span> <span class='ocrx_word' id='word_1_139' title='bbox 585 2097 960 2166; x_wconf 88' lang='lat' dir='ltr'><strong>necessitates,</strong></span> <span class='ocrx_word' id='word_1_140' title='bbox 1001 2099 1111 2155; x_wconf 92' lang='lat' dir='ltr'><strong>imo</strong></span> <span class='ocrx_word' id='word_1_141' title='bbox 1136 2097 1255 2169; x_wconf 87' lang='lat' dir='ltr'><strong>jam</strong></span> <span class='ocrx_word' id='word_1_142' title='bbox 1295 2113 1455 2157; x_wconf 87' lang='lat' dir='ltr'><strong>veras</strong></span> <span class='ocrx_word' id='word_1_143' title='bbox 1496 2102 1661 2158; x_wconf 87' lang='lat' dir='ltr'><strong>mise-</strong></span> 
     </span>
    </p>
   </div>
   <div class='ocr_carea' id='block_1_22' title="bbox 65 2185 1662 2267">
    <p class='ocr_par' dir='ltr' id='par_1_22' title="bbox 65 2185 1662 2267">
     <span class='ocr_line' id='line_1_22' title="bbox 65 2185 1662 2267; baseline 0.008 -27"><span class='ocrx_word' id='word_1_144' title='bbox 65 2185 184 2241; x_wconf 88' lang='lat' dir='ltr'><strong>rias</strong></span> <span class='ocrx_word' id='word_1_145' title='bbox 215 2187 484 2258; x_wconf 87' lang='lat' dir='ltr'><strong>aperiatis,</strong></span> <span class='ocrx_word' id='word_1_146' title='bbox 511 2202 863 2261; x_wconf 76' lang='lat' dir='ltr'><strong>suggerentes</strong></span> <span class='ocrx_word' id='word_1_147' title='bbox 900 2199 961 2247; x_wconf 91' lang='lat' dir='ltr'><strong>ut</strong></span> <span class='ocrx_word' id='word_1_148' title='bbox 994 2192 1140 2263; x_wconf 90' lang='lat' dir='ltr'><strong>quod</strong></span> <span class='ocrx_word' id='word_1_149' title='bbox 1172 2208 1271 2249; x_wconf 90' lang='lat' dir='ltr'><strong>suo</strong></span> <span class='ocrx_word' id='word_1_150' title='bbox 1300 2195 1541 2251; x_wconf 85' lang='lat' dir='ltr'><strong>maximo</strong></span> <span class='ocrx_word' id='word_1_151' title='bbox 1566 2211 1662 2267; x_wconf 84' lang='lat' dir='ltr'><strong>pe-</strong></span> 
     </span>
    </p>
   </div>
   <div class='ocr_carea' id='block_1_23' title="bbox 65 2279 1663 2352">
    <p class='ocr_par' dir='ltr' id='par_1_23' title="bbox 65 2279 1663 2352">
     <span class='ocr_line' id='line_1_23' title="bbox 65 2279 1663 2352; baseline 0.008 -19"><span class='ocrx_word' id='word_1_152' title='bbox 65 2279 245 2335; x_wconf 90' lang='lat' dir='ltr'><strong>ricqu</strong></span> <span class='ocrx_word' id='word_1_153' title='bbox 282 2279 336 2335; x_wconf 92' lang='lat' dir='ltr'><strong>in</strong></span> <span class='ocrx_word' id='word_1_154' title='bbox 374 2282 592 2337; x_wconf 86' lang='lat' dir='ltr'><strong>beatum</strong></span> <span class='ocrx_word' id='word_1_155' title='bbox 627 2281 850 2339; x_wconf 89' lang='lat' dir='ltr'><strong>Petrum</strong></span> <span class='ocrx_word' id='word_1_156' title='bbox 885 2293 941 2340; x_wconf 89' lang='lat' dir='ltr'><strong>et</strong></span> <span class='ocrx_word' id='word_1_157' title='bbox 970 2301 1072 2341; x_wconf 81' lang='lat' dir='ltr'><strong>nos</strong></span> <span class='ocrx_word' id='word_1_158' title='bbox 1112 2285 1261 2352; x_wconf 89' lang='lat' dir='ltr'><strong>fecit,</strong></span> <span class='ocrx_word' id='word_1_159' title='bbox 1296 2288 1405 2342; x_wconf 91' lang='lat' dir='ltr'><strong>voti</strong></span> <span class='ocrx_word' id='word_1_160' title='bbox 1450 2303 1663 2345; x_wconf 87' lang='lat' dir='ltr'><strong>memor</strong></span> 
     </span>
    </p>
   </div>
   <div class='ocr_carea' id='block_1_24' title="bbox 65 2366 1660 2451">
    <p class='ocr_par' dir='ltr' id='par_1_24' title="bbox 65 2366 1660 2451">
     <span class='ocr_line' id='line_1_24' title="bbox 65 2366 1660 2451; baseline 0.006 -24"><span class='ocrx_word' id='word_1_161' title='bbox 65 2388 180 2441; x_wconf 79' lang='lat' dir='ltr'><strong>quo</strong></span> <span class='ocrx_word' id='word_1_162' title='bbox 211 2387 265 2428; x_wconf 92' lang='lat' dir='ltr'><strong>se</strong></span> <span class='ocrx_word' id='word_1_163' title='bbox 296 2373 324 2413; x_wconf 72' lang='grc' dir='ltr'>δ</span> <span class='ocrx_word' id='word_1_164' title='bbox 354 2374 459 2430; x_wconf 88' lang='lat' dir='ltr'><strong>hoc</strong></span> <span class='ocrx_word' id='word_1_165' title='bbox 502 2366 646 2431; x_wconf 87' lang='lat' dir='ltr'><strong>anno</strong></span> <span class='ocrx_word' id='word_1_166' title='bbox 678 2375 956 2449; x_wconf 83' lang='lat' dir='ltr'><strong>obligavit,</strong></span> <span class='ocrx_word' id='word_1_167' title='bbox 991 2379 1209 2435; x_wconf 90' lang='lat' dir='ltr'><strong>tandem</strong></span> <span class='ocrx_word' id='word_1_168' title='bbox 1240 2378 1532 2451; x_wconf 86' lang='lat' dir='ltr'><strong>aliquando</strong></span> <span class='ocrx_word' id='word_1_169' title='bbox 1562 2382 1660 2437; x_wconf 90' lang='lat' dir='ltr'><strong>im-</strong></span> 
     </span>
    </p>
   </div>
   <div class='ocr_carea' id='block_1_25' title="bbox 65 2468 1656 2545">
    <p class='ocr_par' dir='ltr' id='par_1_25' title="bbox 65 2468 1656 2545">
     <span class='ocr_line' id='line_1_25' title="bbox 65 2468 1656 2545; baseline 0.009 -26"><span class='ocrx_word' id='word_1_170' title='bbox 65 2475 281 2523; x_wconf 85' lang='lat' dir='ltr'><strong>mutare</strong></span> <span class='ocrx_word' id='word_1_171' title='bbox 324 2468 594 2540; x_wconf 87' lang='lat' dir='ltr'><strong>dignetur,</strong></span> <span class='ocrx_word' id='word_1_172' title='bbox 641 2479 697 2525; x_wconf 91' lang='lat' dir='ltr'><strong>ut</strong></span> <span class='ocrx_word' id='word_1_173' title='bbox 741 2480 797 2526; x_wconf 89' lang='lat' dir='ltr'><strong>et</strong></span> <span class='ocrx_word' id='word_1_174' title='bbox 837 2473 1139 2545; x_wconf 90' lang='lat' dir='ltr'><strong>principem</strong></span> <span class='ocrx_word' id='word_1_175' title='bbox 1186 2475 1553 2545; x_wconf 89' lang='lat' dir='ltr'><strong>apostolorum</strong></span> <span class='ocrx_word' id='word_1_176' title='bbox 1602 2477 1656 2533; x_wconf 92' lang='lat' dir='ltr'><strong>in</strong></span> 
     </span>
    </p>
   </div>
   <div class='ocr_carea' id='block_1_26' title="bbox 65 2562 1660 2635">
    <p class='ocr_par' dir='ltr' id='par_1_26' title="bbox 65 2562 1660 2635">
     <span class='ocr_line' id='line_1_26' title="bbox 65 2562 1660 2635; baseline 0.006 -21"><span class='ocrx_word' id='word_1_177' title='bbox 65 2562 182 2615; x_wconf 78' lang='lat' dir='ltr'><strong>suis</strong></span> <span class='ocrx_word' id='word_1_178' title='bbox 215 2562 371 2618; x_wconf 86' lang='lat' dir='ltr'><strong>rebus</strong></span> <span class='ocrx_word' id='word_1_179' title='bbox 409 2562 590 2619; x_wconf 90' lang='lat' dir='ltr'><strong>dubiis</strong></span> <span class='ocrx_word' id='word_1_180' title='bbox 625 2564 947 2635; x_wconf 89' lang='lat' dir='ltr'><strong>adjutorem,</strong></span> <span class='ocrx_word' id='word_1_181' title='bbox 985 2575 1042 2622; x_wconf 90' lang='lat' dir='ltr'><strong>et</strong></span> <span class='ocrx_word' id='word_1_182' title='bbox 1064 2581 1164 2623; x_wconf 88' lang='lat' dir='ltr'><strong>nos</strong></span> <span class='ocrx_word' id='word_1_183' title='bbox 1186 2582 1375 2624; x_wconf 90' lang='lat' dir='ltr'><strong>omnes</strong></span> <span class='ocrx_word' id='word_1_184' title='bbox 1400 2583 1469 2624; x_wconf 85' lang='lat' dir='ltr'><strong>ex</strong></span> <span class='ocrx_word' id='word_1_185' title='bbox 1496 2569 1660 2625; x_wconf 91' lang='lat' dir='ltr'><strong>corde</strong></span> 
     </span>
    </p>
   </div>
   <div class='ocr_carea' id='block_1_27' title="bbox 65 2653 1660 2730">
    <p class='ocr_par' dir='ltr' id='par_1_27' title="bbox 65 2653 1660 2730">
     <span class='ocr_line' id='line_1_27' title="bbox 65 2653 1660 2730; baseline 0.005 -23"><span class='ocrx_word' id='word_1_186' title='bbox 65 2653 246 2724; x_wconf 85' lang='lat' dir='ltr'><strong>possit</strong></span> <span class='ocrx_word' id='word_1_187' title='bbox 286 2653 487 2710; x_wconf 89' lang='lat' dir='ltr'><strong>habere</strong></span> <span class='ocrx_word' id='word_1_188' title='bbox 531 2654 941 2714; x_wconf 86' lang='lat' dir='ltr'><strong>intercessores.</strong></span> <span class='ocrx_word' id='word_1_189' title='bbox 986 2657 1175 2730; x_wconf 88' lang='lat' dir='ltr'><strong>Neque</strong></span> <span class='ocrx_word' id='word_1_190' title='bbox 1223 2659 1366 2715; x_wconf 91' lang='lat' dir='ltr'><strong>enim</strong></span> <span class='ocrx_word' id='word_1_191' title='bbox 1414 2667 1660 2723; x_wconf 88' lang='lat' dir='ltr'><strong>contem-</strong></span> 
     </span>
    </p>
   </div>
   <div class='ocr_carea' id='block_1_28' title="bbox 65 2747 1659 2822">
    <p class='ocr_par' dir='ltr' id='par_1_28' title="bbox 65 2747 1659 2822">
     <span class='ocr_line' id='line_1_28' title="bbox 65 2747 1659 2822; baseline 0.008 -19"><span class='ocrx_word' id='word_1_192' title='bbox 65 2764 207 2804; x_wconf 88' lang='lat' dir='ltr'><strong>nere</strong></span> <span class='ocrx_word' id='word_1_193' title='bbox 238 2747 398 2805; x_wconf 89' lang='lat' dir='ltr'><strong>debet</strong></span> <span class='ocrx_word' id='word_1_194' title='bbox 425 2750 703 2808; x_wconf 89' lang='lat' dir='ltr'><strong>orationes</strong></span> <span class='ocrx_word' id='word_1_195' title='bbox 729 2768 1010 2810; x_wconf 89' lang='lat' dir='ltr'><strong>servorum</strong></span> <span class='ocrx_word' id='word_1_196' title='bbox 1034 2754 1273 2822; x_wconf 85' lang='lat' dir='ltr'><strong>Domini,</strong></span> <span class='ocrx_word' id='word_1_197' title='bbox 1296 2772 1420 2813; x_wconf 88' lang='lat' dir='ltr'><strong>cum</strong></span> <span class='ocrx_word' id='word_1_198' title='bbox 1453 2758 1520 2813; x_wconf 90' lang='lat' dir='ltr'><strong>de</strong></span> <span class='ocrx_word' id='word_1_199' title='bbox 1550 2774 1659 2815; x_wconf 90' lang='lat' dir='ltr'><strong>uno</strong></span> 
     </span>
    </p>
   </div>
   <div class='ocr_carea' id='block_1_29' title="bbox 65 2839 1660 2920">
    <p class='ocr_par' dir='ltr' id='par_1_29' title="bbox 65 2839 1660 2920">
     <span class='ocr_line' id='line_1_29' title="bbox 65 2839 1660 2920; baseline 0.008 -29"><span class='ocrx_word' id='word_1_200' title='bbox 65 2839 312 2910; x_wconf 81' lang='lat' dir='ltr'><strong>quolibet</strong></span> <span class='ocrx_word' id='word_1_201' title='bbox 329 2840 478 2912; x_wconf 87' lang='lat' dir='ltr'><strong>justo</strong></span> <span class='ocrx_word' id='word_1_202' title='bbox 504 2841 703 2898; x_wconf 89' lang='lat' dir='ltr'><strong>dicitur</strong></span> <span class='ocrx_word' id='word_1_203' title='bbox 731 2861 744 2898; x_wconf 90' lang='lat'><strong>:</strong></span> <span class='ocrx_word' id='word_1_204' title='bbox 774 2843 1003 2899; x_wconf 81' lang='lat' dir='ltr'><strong>Multum</strong></span> <span class='ocrx_word' id='word_1_205' title='bbox 1030 2844 1167 2901; x_wconf 79' lang='lat' dir='ltr'><strong>valet</strong></span> <span class='ocrx_word' id='word_1_206' title='bbox 1200 2846 1496 2918; x_wconf 80' lang='lat' dir='ltr'><strong>deprecatio</strong></span> <span class='ocrx_word' id='word_1_207' title='bbox 1518 2849 1660 2920; x_wconf 77' lang='lat' dir='ltr'><strong>justi</strong></span> 
     </span>
    </p>
   </div>
   <div class='ocr_carea' id='block_1_30' title="bbox 65 2926 1654 3004">
    <p class='ocr_par' dir='ltr' id='par_1_30' title="bbox 65 2926 1654 3004">
     <span class='ocr_line' id='line_1_30' title="bbox 65 2926 1654 3004; baseline 0.008 -23"><span class='ocrx_word' id='word_1_208' title='bbox 65 2927 282 2982; x_wconf 67' lang='lat' dir='ltr'><strong>assidua</strong></span> <span class='ocrx_word' id='word_1_209' title='bbox 313 2926 454 3001; x_wconf 82' lang='lat' dir='ltr'><strong>(Jac.</strong></span> <span class='ocrx_word' id='word_1_210' title='bbox 482 2932 569 3002; x_wconf 90' lang='lat' dir='ltr'><strong>v);</strong></span> <span class='ocrx_word' id='word_1_211' title='bbox 614 2938 668 2987; x_wconf 91' lang='lat' dir='ltr'><strong>et</strong></span> <span class='ocrx_word' id='word_1_212' title='bbox 709 2931 775 2988; x_wconf 92' lang='lat' dir='ltr'><strong>de</strong></span> <span class='ocrx_word' id='word_1_213' title='bbox 821 2932 1068 3004; x_wconf 88' lang='lat' dir='ltr'><strong>pluribus</strong></span> <span class='ocrx_word' id='word_1_214' title='bbox 1096 2933 1311 2990; x_wconf 91' lang='lat' dir='ltr'><strong>Domini</strong></span> <span class='ocrx_word' id='word_1_215' title='bbox 1351 2936 1654 2994; x_wconf 90' lang='lat' dir='ltr'><strong>cultoribus</strong></span> 
     </span>
    </p>
   </div>
   <div class='ocr_carea' id='block_1_31' title="bbox 65 3021 1657 3099">
    <p class='ocr_par' dir='ltr' id='par_1_31' title="bbox 65 3021 1657 3099">
     <span class='ocr_line' id='line_1_31' title="bbox 65 3021 1657 3099; baseline 0.006 -25"><span class='ocrx_word' id='word_1_216' title='bbox 65 3036 225 3075; x_wconf 71' lang='lat' dir='ltr'><strong>sacer</strong></span> <span class='ocrx_word' id='word_1_217' title='bbox 247 3021 460 3078; x_wconf 89' lang='lat' dir='ltr'><strong>insonet</strong></span> <span class='ocrx_word' id='word_1_218' title='bbox 486 3022 767 3094; x_wconf 87' lang='lat' dir='ltr'><strong>psalmus:</strong></span> <span class='ocrx_word' id='word_1_219' title='bbox 797 3022 1134 3080; x_wconf 85' lang='lat' dir='ltr'><strong>Voluntatem</strong></span> <span class='ocrx_word' id='word_1_220' title='bbox 1160 3026 1452 3082; x_wconf 79' lang='lat' dir='ltr'><strong>timentium</strong></span> <span class='ocrx_word' id='word_1_221' title='bbox 1484 3044 1540 3083; x_wconf 84' lang='lat' dir='ltr'><strong>se</strong></span> <span class='ocrx_word' id='word_1_222' title='bbox 1574 3029 1657 3099; x_wconf 60' lang='lat' dir='ltr'><strong>{av</strong></span> 
     </span>
    </p>
   </div>
   <div class='ocr_carea' id='block_1_32' title="bbox 65 3114 1652 3193">
    <p class='ocr_par' dir='ltr' id='par_1_32' title="bbox 65 3114 1652 3193">
     <span class='ocr_line' id='line_1_32' title="bbox 65 3114 1652 3193; baseline 0.006 -27"><span class='ocrx_word' id='word_1_223' title='bbox 65 3114 185 3178; x_wconf 78' lang='lat' dir='ltr'><strong>:iet,</strong></span> <span class='ocrx_word' id='word_1_224' title='bbox 218 3122 262 3167; x_wconf 91' lang='lat' dir='ltr'><strong>et</strong></span> <span class='ocrx_word' id='word_1_225' title='bbox 289 3114 704 3185; x_wconf 74' lang='lat' dir='ltr'><strong>deprecationem</strong></span> <span class='ocrx_word' id='word_1_226' title='bbox 745 3132 926 3170; x_wconf 85' lang='lat' dir='ltr'><strong>eorum</strong></span> <span class='ocrx_word' id='word_1_227' title='bbox 966 3118 1211 3173; x_wconf 72' lang='lat' dir='ltr'><strong>exaudiet</strong></span> <span class='ocrx_word' id='word_1_228' title='bbox 1242 3116 1418 3191; x_wconf 80' lang='lat' dir='ltr'><strong>(Psal.</strong></span> <span class='ocrx_word' id='word_1_229' title='bbox 1452 3121 1652 3193; x_wconf 79' lang='lat' dir='ltr'><strong>cxmv).</strong></span> 
     </span>
    </p>
   </div>
   <div class='ocr_carea' id='block_1_33' title="bbox 65 3202 1655 3277">
    <p class='ocr_par' dir='ltr' id='par_1_33' title="bbox 65 3202 1655 3277">
     <span class='ocr_line' id='line_1_33' title="bbox 65 3202 1655 3277; baseline 0.007 -20"><span class='ocrx_word' id='word_1_230' title='bbox 65 3202 182 3259; x_wconf 73' lang='lat' dir='ltr'><strong>Nec</strong></span> <span class='ocrx_word' id='word_1_231' title='bbox 214 3203 279 3260; x_wconf 91' lang='lat' dir='ltr'><strong>de</strong></span> <span class='ocrx_word' id='word_1_232' title='bbox 305 3206 479 3261; x_wconf 89' lang='lat' dir='ltr'><strong>nostri</strong></span> <span class='ocrx_word' id='word_1_233' title='bbox 514 3207 907 3263; x_wconf 88' lang='lat' dir='ltr'><strong>instauratione</strong></span> <span class='ocrx_word' id='word_1_234' title='bbox 940 3208 1172 3265; x_wconf 70' lang='lat' dir='ltr'><strong>coenobii</strong></span> <span class='ocrx_word' id='word_1_235' title='bbox 1204 3217 1439 3277; x_wconf 87' lang='lat' dir='ltr'><strong>tantum,</strong></span> <span class='ocrx_word' id='word_1_236' title='bbox 1468 3227 1655 3268; x_wconf 90' lang='lat' dir='ltr'><strong>verum</strong></span> 
     </span>
    </p>
   </div>
   <div class='ocr_carea' id='block_1_34' title="bbox 65 3298 1651 3378">
    <p class='ocr_par' dir='ltr' id='par_1_34' title="bbox 65 3298 1651 3378">
     <span class='ocr_line' id='line_1_34' title="bbox 65 3298 1651 3378; baseline 0.008 -26"><span class='ocrx_word' id='word_1_237' title='bbox 65 3298 232 3354; x_wconf 65' lang='lat' dir='ltr'><strong>etiam</strong></span> <span class='ocrx_word' id='word_1_238' title='bbox 270 3299 338 3357; x_wconf 89' lang='lat' dir='ltr'><strong>de</strong></span> <span class='ocrx_word' id='word_1_239' title='bbox 384 3300 551 3357; x_wconf 86' lang='lat' dir='ltr'><strong>totius</strong></span> <span class='ocrx_word' id='word_1_240' title='bbox 591 3301 849 3360; x_wconf 70' lang='lat' dir='ltr'><strong>Ecclesia:</strong></span> <span class='ocrx_word' id='word_1_241' title='bbox 891 3303 1003 3378; x_wconf 74' lang='lat'><strong>66</strong></span> <span class='ocrx_word' id='word_1_242' title='bbox 1040 3314 1183 3361; x_wconf 88' lang='lat' dir='ltr'><strong>statu</strong></span> <span class='ocrx_word' id='word_1_243' title='bbox 1223 3304 1454 3363; x_wconf 90' lang='lat' dir='ltr'><strong>sollicite</strong></span> <span class='ocrx_word' id='word_1_244' title='bbox 1496 3308 1651 3364; x_wconf 83' lang='lat' dir='ltr'><strong>vobis</strong></span> 
     </span>
    </p>
   </div>
   <div class='ocr_carea' id='block_1_35' title="bbox 144 3471 1651 3550">
    <p class='ocr_par' dir='ltr' id='par_1_35' title="bbox 144 3471 1651 3550">
     <span class='ocr_line' id='line_1_35' title="bbox 144 3471 1651 3550; baseline 0.01 -26"><span class='ocrx_word' id='word_1_245' title='bbox 144 3484 175 3550; x_wconf 55' lang='grc' dir='ltr'>ε</span> <span class='ocrx_word' id='word_1_246' title='bbox 212 3471 478 3546; x_wconf 81' lang='lat' dir='ltr'><strong>Quidquid</strong></span> <span class='ocrx_word' id='word_1_247' title='bbox 512 3477 764 3531; x_wconf 80' lang='lat' dir='ltr'><strong>muneris.</strong></span> <span class='ocrx_word' id='word_1_248' title='bbox 804 3477 861 3533; x_wconf 87' lang='lat' dir='ltr'><strong>In</strong></span> <span class='ocrx_word' id='word_1_249' title='bbox 918 3493 1083 3550; x_wconf 87' lang='lat' dir='ltr'><strong>regno</strong></span> <span class='ocrx_word' id='word_1_250' title='bbox 1131 3477 1462 3537; x_wconf 89' lang='lat' dir='ltr'><strong>Francorum</strong></span> <span class='ocrx_word' id='word_1_251' title='bbox 1517 3499 1651 3539; x_wconf 89' lang='lat' dir='ltr'><strong>non-</strong></span> 
     </span>
    </p>
   </div>
   <div class='ocr_carea' id='block_1_36' title="bbox 66 3542 1646 3624">
    <p class='ocr_par' dir='ltr' id='par_1_36' title="bbox 66 3542 1646 3624">
     <span class='ocr_line' id='line_1_36' title="bbox 66 3542 1646 3624; baseline 0.01 -29"><span class='ocrx_word' id='word_1_252' title='bbox 66 3542 212 3624; x_wconf 71' lang='lat' dir='ltr'><strong>nulla</strong></span> <span class='ocrx_word' id='word_1_253' title='bbox 246 3542 380 3624; x_wconf 46' lang='lat' dir='ltr'><strong>per;</strong></span> <span class='ocrx_word' id='word_1_254' title='bbox 403 3561 498 3601; x_wconf 89' lang='lat' dir='ltr'><strong>eas</strong></span> <span class='ocrx_word' id='word_1_255' title='bbox 541 3555 932 3624; x_wconf 79' lang='lat' dir='ltr'><strong>t_empestates__</strong></span> <span class='ocrx_word' id='word_1_256' title='bbox 957 3542 1113 3624; x_wconf 59' lang='lat' dir='ltr'><strong>erant</strong></span> <span class='ocrx_word' id='word_1_257' title='bbox 1158 3553 1489 3608; x_wconf 89' lang='lat' dir='ltr'><strong>monasteria</strong></span> <span class='ocrx_word' id='word_1_258' title='bbox 1525 3570 1646 3624; x_wconf 70' lang='lat' dir='ltr'><strong>qua:</strong></span> 
     </span>
    </p>
   </div>
   <div class='ocr_carea' id='block_1_37' title="bbox 65 3614 1650 3691">
    <p class='ocr_par' dir='ltr' id='par_1_37' title="bbox 65 3614 1650 3691">
     <span class='ocr_line' id='line_1_37' title="bbox 65 3614 1650 3691; baseline 0.008 -23"><span class='ocrx_word' id='word_1_259' title='bbox 65 3615 187 3691; x_wconf 63' lang='lat' dir='ltr'><strong>regi</strong></span> <span class='ocrx_word' id='word_1_260' title='bbox 221 3614 498 3691; x_wconf 67' lang='lat' dir='ltr'><strong>debebant</strong></span> <span class='ocrx_word' id='word_1_261' title='bbox 535 3614 674 3691; x_wconf 74' lang='lat' dir='ltr'><strong>dona</strong></span> <span class='ocrx_word' id='word_1_262' title='bbox 719 3628 794 3691; x_wconf 27' lang='lat' dir='ltr'><strong>et“</strong></span> <span class='ocrx_word' id='word_1_263' title='bbox 823 3619 1089 3685; x_wconf 86' lang='lat' dir='ltr'><strong>militiam,</strong></span> <span class='ocrx_word' id='word_1_264' title='bbox 1117 3629 1185 3691; x_wconf 87' lang='lat' dir='ltr'><strong>ut</strong></span> <span class='ocrx_word' id='word_1_265' title='bbox 1212 3632 1361 3691; x_wconf 89' lang='lat' dir='ltr'><strong>patet</strong></span> <span class='ocrx_word' id='word_1_266' title='bbox 1387 3639 1453 3679; x_wconf 85' lang='lat' dir='ltr'><strong>ex</strong></span> <span class='ocrx_word' id='word_1_267' title='bbox 1483 3614 1650 3680; x_wconf 69' lang='lat' dir='ltr'><strong>veteri</strong></span> 
     </span>
    </p>
   </div>
   <div class='ocr_carea' id='block_1_38' title="bbox 65 3684 1650 3750">
    <p class='ocr_par' dir='ltr' id='par_1_38' title="bbox 65 3684 1650 3750">
     <span class='ocr_line' id='line_1_38' title="bbox 65 3684 1650 3750; baseline 0.008 -13"><span class='ocrx_word' id='word_1_268' title='bbox 65 3684 268 3739; x_wconf 62' lang='lat' dir='ltr'><strong>Notitia</strong></span> <span class='ocrx_word' id='word_1_269' title='bbox 306 3700 336 3740; x_wconf 91' lang='lat' dir='ltr'><strong>a</strong></span> <span class='ocrx_word' id='word_1_270' title='bbox 376 3684 668 3744; x_wconf 89' lang='lat' dir='ltr'><strong>Sirmondo</strong></span> <span class='ocrx_word' id='word_1_271' title='bbox 713 3689 858 3745; x_wconf 89' lang='lat' dir='ltr'><strong>edita</strong></span> <span class='ocrx_word' id='word_1_272' title='bbox 902 3691 957 3745; x_wconf 92' lang='lat' dir='ltr'><strong>in</strong></span> <span class='ocrx_word' id='word_1_273' title='bbox 993 3700 1139 3746; x_wconf 92' lang='lat' dir='ltr'><strong>tomo</strong></span> <span class='ocrx_word' id='word_1_274' title='bbox 1179 3684 1246 3747; x_wconf 61' lang='lat' dir='ltr'><strong>Il&#39;l</strong></span> <span class='ocrx_word' id='word_1_275' title='bbox 1284 3694 1650 3750; x_wconf 90' lang='lat' dir='ltr'><strong>Conciliorum</strong></span> 
     </span>
    </p>
   </div>
   <div class='ocr_carea' id='block_1_39' title="bbox 65 3754 1647 3834">
    <p class='ocr_par' dir='ltr' id='par_1_39' title="bbox 65 3754 1647 3834">
     <span class='ocr_line' id='line_1_39' title="bbox 65 3754 1647 3834; baseline 0.009 -27"><span class='ocrx_word' id='word_1_276' title='bbox 65 3754 271 3834; x_wconf 49' lang='lat' dir='ltr'><strong>gallis},</strong></span> <span class='ocrx_word' id='word_1_277' title='bbox 298 3772 416 3834; x_wconf 64' lang='lat' dir='ltr'><strong>quae</strong></span> <span class='ocrx_word' id='word_1_278' title='bbox 458 3759 580 3813; x_wconf 90' lang='lat' dir='ltr'><strong>dein</strong></span> <span class='ocrx_word' id='word_1_279' title='bbox 632 3775 819 3834; x_wconf 74' lang='lat' dir='ltr'><strong>recusa</strong></span> <span class='ocrx_word' id='word_1_280' title='bbox 871 3769 954 3834; x_wconf 85' lang='lat' dir='ltr'><strong>est</strong></span> <span class='ocrx_word' id='word_1_281' title='bbox 990 3776 1020 3815; x_wconf 90' lang='lat' dir='ltr'><strong>a</strong></span> <span class='ocrx_word' id='word_1_282' title='bbox 1060 3762 1383 3834; x_wconf 84' lang='lat' dir='ltr'><strong>Duchesnio.</strong></span> <span class='ocrx_word' id='word_1_283' title='bbox 1411 3763 1647 3834; x_wconf 90' lang='lat' dir='ltr'><strong>ldipsum</strong></span> 
     </span>
    </p>
   </div>
   <div class='ocr_carea' id='block_1_40' title="bbox 66 3827 1644 3902">
    <p class='ocr_par' dir='ltr' id='par_1_40' title="bbox 66 3827 1644 3902">
     <span class='ocr_line' id='line_1_40' title="bbox 66 3827 1644 3902; baseline 0.006 -22"><span class='ocrx_word' id='word_1_284' title='bbox 66 3827 230 3902; x_wconf 73' lang='lat' dir='ltr'><strong>locet</strong></span> <span class='ocrx_word' id='word_1_285' title='bbox 254 3828 415 3902; x_wconf 72' lang='lat' dir='ltr'><strong>etiam</strong></span> <span class='ocrx_word' id='word_1_286' title='bbox 441 3838 633 3902; x_wconf 57' lang='lat' dir='ltr'><strong>auctor</strong></span> <span class='ocrx_word' id='word_1_287' title='bbox 664 3830 898 3888; x_wconf 90' lang='lat' dir='ltr'><strong>ineditus</strong></span> <span class='ocrx_word' id='word_1_288' title='bbox 920 3832 1209 3887; x_wconf 84' lang='lat' dir='ltr'><strong>Annalium</strong></span> <span class='ocrx_word' id='word_1_289' title='bbox 1232 3827 1644 3902; x_wconf 77' lang='lat' dir='ltr'><strong>Anianensinm,</strong></span> 
     </span>
    </p>
   </div>
   <div class='ocr_carea' id='block_1_41' title="bbox 66 3897 1646 3972">
    <p class='ocr_par' dir='ltr' id='par_1_41' title="bbox 66 3897 1646 3972">
     <span class='ocr_line' id='line_1_41' title="bbox 66 3897 1646 3972; baseline 0.008 -22"><span class='ocrx_word' id='word_1_290' title='bbox 66 3898 151 3972; x_wconf 66' lang='lat' dir='ltr'><strong>iis</strong></span> <span class='ocrx_word' id='word_1_291' title='bbox 188 3897 410 3953; x_wconf 88' lang='lat' dir='ltr'><strong>verbis:</strong></span> <span class='ocrx_word' id='word_1_292' title='bbox 446 3919 463 3951; x_wconf 75' lang='grc' dir='ltr'><strong>ι</strong></span> <span class='ocrx_word' id='word_1_293' title='bbox 498 3900 667 3972; x_wconf 87' lang='lat' dir='ltr'><strong>Erant</strong></span> <span class='ocrx_word' id='word_1_294' title='bbox 706 3901 872 3957; x_wconf 88' lang='lat' dir='ltr'><strong>etiam</strong></span> <span class='ocrx_word' id='word_1_295' title='bbox 916 3903 1161 3972; x_wconf 70' lang='lat' dir='ltr'><strong>quaedam</strong></span> <span class='ocrx_word' id='word_1_296' title='bbox 1210 3905 1537 3961; x_wconf 84' lang='lat' dir='ltr'><strong>monasteria</strong></span> <span class='ocrx_word' id='word_1_297' title='bbox 1580 3897 1646 3962; x_wconf 75' lang='lat' dir='ltr'><strong>ex</strong></span> 
     </span>
    </p>
   </div>
   <div class='ocr_carea' id='block_1_42' title="bbox 65 3969 1647 4043">
    <p class='ocr_par' dir='ltr' id='par_1_42' title="bbox 65 3969 1647 4043">
     <span class='ocr_line' id='line_1_42' title="bbox 65 3969 1647 4043; baseline 0.007 -22"><span class='ocrx_word' id='word_1_298' title='bbox 65 3969 174 4043; x_wconf 72' lang='lat' dir='ltr'><strong>:_is,</strong></span> <span class='ocrx_word' id='word_1_299' title='bbox 214 3984 435 4043; x_wconf 81' lang='lat' dir='ltr'><strong>munera</strong></span> <span class='ocrx_word' id='word_1_300' title='bbox 482 3971 835 4043; x_wconf 88' lang='lat' dir='ltr'><strong>militiamque</strong></span> <span class='ocrx_word' id='word_1_301' title='bbox 881 3969 1216 4029; x_wconf 53' lang='lat' dir='ltr'><strong>ex&#39;ercentes.</strong></span> <span class='ocrx_word' id='word_1_302' title='bbox 1259 3994 1276 4026; x_wconf 75' lang='grc' dir='ltr'><strong>ι</strong></span> <span class='ocrx_word' id='word_1_303' title='bbox 1316 3975 1371 4030; x_wconf 89' lang='lat' dir='ltr'><strong>In</strong></span> <span class='ocrx_word' id='word_1_304' title='bbox 1413 3975 1500 4031; x_wconf 89' lang='lat' dir='ltr'><strong>his</strong></span> <span class='ocrx_word' id='word_1_305' title='bbox 1547 3975 1647 4032; x_wconf 86' lang='lat' dir='ltr'><strong>fuit</strong></span> 
     </span>
    </p>
   </div>
   <div class='ocr_carea' id='block_1_43' title="bbox 65 4039 1649 4118">
    <p class='ocr_par' dir='ltr' id='par_1_43' title="bbox 65 4039 1649 4118">
     <span class='ocr_line' id='line_1_43' title="bbox 65 4039 1649 4118; baseline 0.007 -27"><span class='ocrx_word' id='word_1_306' title='bbox 65 4039 447 4118; x_wconf 50' lang='lat' dir='ltr'><strong>a‘errariensc,</strong></span> <span class='ocrx_word' id='word_1_307' title='bbox 470 4039 909 4118; x_wconf 70' lang='lat' dir='ltr'><strong>ut_(li§cimus_ex</strong></span> <span class='ocrx_word' id='word_1_308' title='bbox 936 4044 1124 4118; x_wconf 87' lang='lat' dir='ltr'><strong>eadem</strong></span> <span class='ocrx_word' id='word_1_309' title='bbox 1164 4043 1384 4118; x_wconf 86' lang='lat' dir='ltr'><strong>Nntitia,</strong></span> <span class='ocrx_word' id='word_1_310' title='bbox 1412 4047 1649 4118; x_wconf 86' lang='lat' dir='ltr'><strong>itemque</strong></span> 
     </span>
    </p>
   </div>
   <div class='ocr_carea' id='block_1_44' title="bbox 66 4110 1648 4188">
    <p class='ocr_par' dir='ltr' id='par_1_44' title="bbox 66 4110 1648 4188">
     <span class='ocr_line' id='line_1_44' title="bbox 66 4110 1648 4188; baseline 0.006 -25"><span class='ocrx_word' id='word_1_311' title='bbox 66 4125 130 4163; x_wconf 60' lang='lat' dir='ltr'><strong>ex</strong></span> <span class='ocrx_word' id='word_1_312' title='bbox 161 4110 579 4188; x_wconf 63' lang='lat' dir='ltr'><strong>epistolisLupi.</strong></span> <span class='ocrx_word' id='word_1_313' title='bbox 602 4113 722 4188; x_wconf 77' lang='lat' dir='ltr'><strong>Quo</strong></span> <span class='ocrx_word' id='word_1_314' title='bbox 743 4114 931 4188; x_wconf 77' lang='lat' dir='ltr'><strong>fiebat,</strong></span> <span class='ocrx_word' id='word_1_315' title='bbox 953 4115 1168 4185; x_wconf 87' lang='lat' dir='ltr'><strong>opinor,</strong></span> <span class='ocrx_word' id='word_1_316' title='bbox 1196 4124 1257 4169; x_wconf 91' lang='lat' dir='ltr'><strong>ut</strong></span> <span class='ocrx_word' id='word_1_317' title='bbox 1281 4116 1506 4188; x_wconf 90' lang='lat' dir='ltr'><strong>singulis</strong></span> <span class='ocrx_word' id='word_1_318' title='bbox 1529 4110 1648 4188; x_wconf 78' lang='lat' dir='ltr'><strong>qui-</strong></span> 
     </span>
    </p>
   </div>
   <div class='ocr_carea' id='block_1_45' title="bbox 66 4182 1648 4251">
    <p class='ocr_par' dir='ltr' id='par_1_45' title="bbox 66 4182 1648 4251">
     <span class='ocr_line' id='line_1_45' title="bbox 66 4182 1648 4251; baseline 0.008 -17"><span class='ocrx_word' id='word_1_319' title='bbox 66 4196 275 4251; x_wconf 61' lang='lat' dir='ltr'><strong>rusque</strong></span> <span class='ocrx_word' id='word_1_320' title='bbox 299 4182 455 4238; x_wconf 89' lang='lat' dir='ltr'><strong>annis</strong></span> <span class='ocrx_word' id='word_1_321' title='bbox 483 4182 821 4240; x_wconf 87' lang='lat' dir='ltr'><strong>incumberet</strong></span> <span class='ocrx_word' id='word_1_322' title='bbox 846 4185 954 4241; x_wconf 90' lang='lat' dir='ltr'><strong>illis</strong></span> <span class='ocrx_word' id='word_1_323' title='bbox 981 4182 1324 4242; x_wconf 83' lang='lat' dir='ltr'><strong>monasteriis</strong></span> <span class='ocrx_word' id='word_1_324' title='bbox 1351 4182 1648 4247; x_wconf 67' lang='lat' dir='ltr'><strong>necessitas</strong></span> 
     </span>
    </p>
   </div>
   <div class='ocr_carea' id='block_1_46' title="bbox 65 4249 1644 4327">
    <p class='ocr_par' dir='ltr' id='par_1_46' title="bbox 65 4249 1644 4327">
     <span class='ocr_line' id='line_1_46' title="bbox 65 4249 1644 4327; baseline 0.008 -23"><span class='ocrx_word' id='word_1_325' title='bbox 65 4249 321 4327; x_wconf 60' lang='lat' dir='ltr'><strong>ifi‘crendi</strong></span> <span class='ocrx_word' id='word_1_326' title='bbox 362 4267 586 4310; x_wconf 90' lang='lat' dir='ltr'><strong>munera</strong></span> <span class='ocrx_word' id='word_1_327' title='bbox 628 4254 877 4327; x_wconf 82' lang='lat' dir='ltr'><strong>principi.</strong></span> <span class='ocrx_word' id='word_1_328' title='bbox 904 4257 1143 4326; x_wconf 88' lang='lat' dir='ltr'><strong>itemque</strong></span> <span class='ocrx_word' id='word_1_329' title='bbox 1181 4257 1237 4327; x_wconf 85' lang='lat' dir='ltr'><strong>iu</strong></span> <span class='ocrx_word' id='word_1_330' title='bbox 1266 4259 1644 4317; x_wconf 90' lang='lat' dir='ltr'><strong>occasionibus</strong></span> 
     </span>
    </p>
   </div>
   <div class='ocr_carea' id='block_1_47' title="bbox 73 4321 1648 4396">
    <p class='ocr_par' dir='ltr' id='par_1_47' title="bbox 73 4321 1648 4396">
     <span class='ocr_line' id='line_1_47' title="bbox 73 4321 1648 4396; baseline 0.006 -21"><span class='ocrx_word' id='word_1_331' title='bbox 73 4321 358 4392; x_wconf 83' lang='lat' dir='ltr'><strong>ngentium</strong></span> <span class='ocrx_word' id='word_1_332' title='bbox 398 4321 726 4396; x_wconf 83' lang='lat' dir='ltr'><strong>sumptuum.</strong></span> <span class='ocrx_word' id='word_1_333' title='bbox 764 4321 988 4383; x_wconf 62' lang='lat' dir='ltr'><strong>A&#39;ﬂlietm</strong></span> <span class='ocrx_word' id='word_1_334' title='bbox 1027 4321 1156 4396; x_wconf 73' lang='lat' dir='ltr'><strong>ergo</strong></span> <span class='ocrx_word' id='word_1_335' title='bbox 1185 4326 1361 4384; x_wconf 83' lang='lat' dir='ltr'><strong>Caroli</strong></span> <span class='ocrx_word' id='word_1_336' title='bbox 1400 4346 1490 4386; x_wconf 89' lang='lat' dir='ltr'><strong>res</strong></span> <span class='ocrx_word' id='word_1_337' title='bbox 1521 4345 1648 4385; x_wconf 88' lang='lat' dir='ltr'><strong>con-</strong></span> 
     </span>
    </p>
   </div>
   <div class='ocr_carea' id='block_1_48' title="bbox 65 4396 1646 4471">
    <p class='ocr_par' dir='ltr' id='par_1_48' title="bbox 65 4396 1646 4471">
     <span class='ocr_line' id='line_1_48' title="bbox 65 4396 1646 4471; baseline 0.008 -26"><span class='ocrx_word' id='word_1_338' title='bbox 65 4402 217 4446; x_wconf 67' lang='lat' dir='ltr'><strong>sueta</strong></span> <span class='ocrx_word' id='word_1_339' title='bbox 265 4408 484 4471; x_wconf 80' lang='lat' dir='ltr'><strong>munera</strong></span> <span class='ocrx_word' id='word_1_340' title='bbox 525 4405 877 4471; x_wconf 77' lang='lat' dir='ltr'><strong>exegerunta</strong></span> <span class='ocrx_word' id='word_1_341' title='bbox 908 4396 1076 4471; x_wconf 80' lang='lat' dir='ltr'><strong>Lupo.</strong></span> <span class='ocrx_word' id='word_1_342' title='bbox 1095 4396 1312 4471; x_wconf 70' lang='lat' dir='ltr'><strong>Praeter</strong></span> <span class='ocrx_word' id='word_1_343' title='bbox 1354 4400 1441 4455; x_wconf 90' lang='lat' dir='ltr'><strong>illa</strong></span> <span class='ocrx_word' id='word_1_344' title='bbox 1480 4416 1646 4471; x_wconf 88' lang='lat' dir='ltr'><strong>porro</strong></span> 
     </span>
    </p>
   </div>
   <div class='ocr_carea' id='block_1_49' title="bbox 68 4463 1639 4539">
    <p class='ocr_par' dir='ltr' id='par_1_49' title="bbox 68 4463 1639 4539">
     <span class='ocr_line' id='line_1_49' title="bbox 68 4463 1639 4539; baseline 0.006 -23"><span class='ocrx_word' id='word_1_345' title='bbox 68 4463 391 4539; x_wconf 76' lang='lat' dir='ltr'><strong>nonasteria</strong></span> <span class='ocrx_word' id='word_1_346' title='bbox 438 4481 571 4539; x_wconf 55' lang='lat' dir='ltr'><strong>qua;</strong></span> <span class='ocrx_word' id='word_1_347' title='bbox 608 4463 719 4536; x_wconf 77' lang='lat' dir='ltr'><strong>regi</strong></span> <span class='ocrx_word' id='word_1_348' title='bbox 769 4468 906 4522; x_wconf 85' lang='lat' dir='ltr'><strong>dona</strong></span> <span class='ocrx_word' id='word_1_349' title='bbox 955 4463 1309 4539; x_wconf 69' lang='lat' dir='ltr'><strong>uiilitiamque</strong></span> <span class='ocrx_word' id='word_1_350' title='bbox 1352 4463 1639 4538; x_wconf 71' lang='lat' dir='ltr'><strong>debebant,</strong></span> 
     </span>
    </p>
   </div>
   <div class='ocr_carea' id='block_1_50' title="bbox 66 4533 1641 4608">
    <p class='ocr_par' dir='ltr' id='par_1_50' title="bbox 66 4533 1641 4608">
     <span class='ocr_line' id='line_1_50' title="bbox 66 4533 1641 4608; baseline 0.006 -20"><span class='ocrx_word' id='word_1_351' title='bbox 66 4542 223 4608; x_wconf 65' lang='lat' dir='ltr'><strong>erant</strong></span> <span class='ocrx_word' id='word_1_352' title='bbox 250 4533 477 4608; x_wconf 76' lang='lat' dir='ltr'><strong>insupte</strong></span> <span class='ocrx_word' id='word_1_353' title='bbox 507 4536 609 4592; x_wconf 89' lang='lat' dir='ltr'><strong>alia</strong></span> <span class='ocrx_word' id='word_1_354' title='bbox 654 4533 775 4608; x_wconf 76' lang='lat' dir='ltr'><strong>qua:</strong></span> <span class='ocrx_word' id='word_1_355' title='bbox 810 4540 1135 4595; x_wconf 89' lang='lat' dir='ltr'><strong>tenebantur</strong></span> <span class='ocrx_word' id='word_1_356' title='bbox 1162 4533 1238 4595; x_wconf 80' lang='lat' dir='ltr'><strong>ad</strong></span> <span class='ocrx_word' id='word_1_357' title='bbox 1263 4541 1403 4596; x_wconf 89' lang='lat' dir='ltr'><strong>doua</strong></span> <span class='ocrx_word' id='word_1_358' title='bbox 1435 4533 1641 4598; x_wconf 82' lang='lat' dir='ltr'><strong>tantum</strong></span> 
     </span>
    </p>
   </div>
   <div class='ocr_carea' id='block_1_51' title="bbox 1774 629 3354 702">
    <p class='ocr_par' dir='ltr' id='par_1_51' title="bbox 1774 629 3354 702">
     <span class='ocr_line' id='line_1_51' title="bbox 1774 629 3354 702; baseline 0.004 -19"><span class='ocrx_word' id='word_1_359' title='bbox 1774 644 1925 702; x_wconf 90' lang='lat' dir='ltr'><strong>gram</strong></span> <span class='ocrx_word' id='word_1_360' title='bbox 1989 631 2232 702; x_wconf 88' lang='lat' dir='ltr'><strong>accepit,</strong></span> <span class='ocrx_word' id='word_1_361' title='bbox 2283 631 2506 688; x_wconf 88' lang='lat' dir='ltr'><strong>scissam</strong></span> <span class='ocrx_word' id='word_1_362' title='bbox 2561 631 2715 687; x_wconf 88' lang='lat' dir='ltr'><strong>nobis</strong></span> <span class='ocrx_word' id='word_1_363' title='bbox 2775 629 3058 698; x_wconf 79' lang='lat' dir='ltr'><strong>ﬂentibus,</strong></span> <span class='ocrx_word' id='word_1_364' title='bbox 3106 632 3354 690; x_wconf 88' lang='lat' dir='ltr'><strong>hostibus</strong></span> 
     </span>
    </p>
   </div>
   <div class='ocr_carea' id='block_1_52' title="bbox 1771 723 3354 795">
    <p class='ocr_par' dir='ltr' id='par_1_52' title="bbox 1771 723 3354 795">
     <span class='ocr_line' id='line_1_52' title="bbox 1771 723 3354 795; baseline 0.003 -18"><span class='ocrx_word' id='word_1_365' title='bbox 1771 730 1953 779; x_wconf 91' lang='lat' dir='ltr'><strong>autem</strong></span> <span class='ocrx_word' id='word_1_366' title='bbox 1978 723 2097 794; x_wconf 88' lang='lat' dir='ltr'><strong>ejus</strong></span> <span class='ocrx_word' id='word_1_367' title='bbox 2137 733 2251 780; x_wconf 89' lang='lat' dir='ltr'><strong>tam</strong></span> <span class='ocrx_word' id='word_1_368' title='bbox 2289 723 2515 780; x_wconf 89' lang='lat' dir='ltr'><strong>occultis</strong></span> <span class='ocrx_word' id='word_1_369' title='bbox 2548 739 2712 795; x_wconf 89' lang='lat' dir='ltr'><strong>quam</strong></span> <span class='ocrx_word' id='word_1_370' title='bbox 2745 723 3048 780; x_wconf 83' lang='lat' dir='ltr'><strong>manifestis</strong></span> <span class='ocrx_word' id='word_1_371' title='bbox 3079 724 3354 782; x_wconf 86' lang='lat' dir='ltr'><strong>irridenti-</strong></span> 
     </span>
    </p>
   </div>
   <div class='ocr_carea' id='block_1_53' title="bbox 1770 814 3377 889">
    <p class='ocr_par' dir='ltr' id='par_1_53' title="bbox 1770 814 3377 889">
     <span class='ocr_line' id='line_1_53' title="bbox 1770 814 3377 889; baseline 0.002 -18"><span class='ocrx_word' id='word_1_372' title='bbox 1770 814 1890 878; x_wconf 91' lang='lat' dir='ltr'><strong>bus,</strong></span> <span class='ocrx_word' id='word_1_373' title='bbox 1924 815 2229 886; x_wconf 90' lang='lat' dir='ltr'><strong>relinquere</strong></span> <span class='ocrx_word' id='word_1_374' title='bbox 2257 817 2633 889; x_wconf 87' lang='lat' dir='ltr'><strong>compellatur.</strong></span> <span class='ocrx_word' id='word_1_375' title='bbox 2663 814 2884 872; x_wconf 89' lang='lat' dir='ltr'><strong>Utinam</strong></span> <span class='ocrx_word' id='word_1_376' title='bbox 2916 817 2967 873; x_wconf 92' lang='lat' dir='ltr'><strong>ei</strong></span> <span class='ocrx_word' id='word_1_377' title='bbox 2997 833 3105 874; x_wconf 89' lang='lat' dir='ltr'><strong>non</strong></span> <span class='ocrx_word' id='word_1_378' title='bbox 3136 818 3377 875; x_wconf 87' lang='lat' dir='ltr'><strong>contin-_</strong></span> 
     </span>
    </p>
   </div>
   <div class='ocr_carea' id='block_1_54' title="bbox 1770 906 3349 980">
    <p class='ocr_par' dir='ltr' id='par_1_54' title="bbox 1770 906 3349 980">
     <span class='ocr_line' id='line_1_54' title="bbox 1770 906 3349 980; baseline 0.002 -18"><span class='ocrx_word' id='word_1_379' title='bbox 1770 915 1863 978; x_wconf 89' lang='lat' dir='ltr'><strong>gat</strong></span> <span class='ocrx_word' id='word_1_380' title='bbox 1908 908 2053 978; x_wconf 89' lang='lat' dir='ltr'><strong>quod</strong></span> <span class='ocrx_word' id='word_1_381' title='bbox 2087 906 2233 964; x_wconf 88' lang='lat' dir='ltr'><strong>Deus</strong></span> <span class='ocrx_word' id='word_1_382' title='bbox 2275 909 2389 965; x_wconf 90' lang='lat' dir='ltr'><strong>suis</strong></span> <span class='ocrx_word' id='word_1_383' title='bbox 2432 908 2897 980; x_wconf 85' lang='lat' dir='ltr'><strong>contemptoribus</strong></span> <span class='ocrx_word' id='word_1_384' title='bbox 2941 909 3349 966; x_wconf 90' lang='lat' dir='ltr'><strong>comminatur:</strong></span> 
     </span>
    </p>
   </div>
   <div class='ocr_carea' id='block_1_55' title="bbox 1768 997 3353 1076">
    <p class='ocr_par' dir='ltr' id='par_1_55' title="bbox 1768 997 3353 1076">
     <span class='ocr_line' id='line_1_55' title="bbox 1768 997 3353 1076; baseline 0.003 -21"><span class='ocrx_word' id='word_1_385' title='bbox 1768 997 1900 1055; x_wconf 84' lang='lat' dir='ltr'><strong>Sola</strong></span> <span class='ocrx_word' id='word_1_386' title='bbox 1933 1001 2137 1057; x_wconf 69' lang='lat' dir='ltr'><strong>vexatio</strong></span> <span class='ocrx_word' id='word_1_387' title='bbox 2178 1000 2500 1057; x_wconf 84' lang='lat' dir='ltr'><strong>intellectum</strong></span> <span class='ocrx_word' id='word_1_388' title='bbox 2543 1002 2689 1057; x_wconf 82' lang='lat' dir='ltr'><strong>dabit</strong></span> <span class='ocrx_word' id='word_1_389' title='bbox 2727 1001 2935 1057; x_wconf 84' lang='lat' dir='ltr'><strong>auditui</strong></span> <span class='ocrx_word' id='word_1_390' title='bbox 2970 1001 3105 1075; x_wconf 77' lang='lat' dir='ltr'><strong>(lea.</strong></span> <span class='ocrx_word' id='word_1_391' title='bbox 3134 1003 3353 1076; x_wconf 65' lang='lat' dir='ltr'><strong>xx‘mt).</strong></span> 
     </span>
    </p>
   </div>
   <div class='ocr_carea' id='block_1_56' title="bbox 1768 1092 3357 1168">
    <p class='ocr_par' dir='ltr' id='par_1_56' title="bbox 1768 1092 3357 1168">
     <span class='ocr_line' id='line_1_56' title="bbox 1768 1092 3357 1168; baseline 0.002 -19"><span class='ocrx_word' id='word_1_392' title='bbox 1768 1092 1880 1150; x_wconf 86' lang='lat' dir='ltr'><strong>Nec</strong></span> <span class='ocrx_word' id='word_1_393' title='bbox 1912 1095 2227 1166; x_wconf 79' lang='lat' dir='ltr'><strong>experiatur</strong></span> <span class='ocrx_word' id='word_1_394' title='bbox 2253 1096 2397 1168; x_wconf 89' lang='lat' dir='ltr'><strong>quod</strong></span> <span class='ocrx_word' id='word_1_395' title='bbox 2427 1096 2503 1152; x_wconf 88' lang='lat' dir='ltr'><strong>ait</strong></span> <span class='ocrx_word' id='word_1_396' title='bbox 2540 1094 2831 1167; x_wconf 82' lang='lat' dir='ltr'><strong>Apostolus</strong></span> <span class='ocrx_word' id='word_1_397' title='bbox 2858 1115 2872 1151; x_wconf 90' lang='lat'><strong>:</strong></span> <span class='ocrx_word' id='word_1_398' title='bbox 2904 1095 3237 1152; x_wconf 83' lang='lat' dir='ltr'><strong>Horrendum</strong></span> <span class='ocrx_word' id='word_1_399' title='bbox 3279 1108 3357 1153; x_wconf 80' lang='lat' dir='ltr'><strong>est</strong></span> 
     </span>
    </p>
   </div>
   <div class='ocr_carea' id='block_1_57' title="bbox 1766 1184 3354 1259">
    <p class='ocr_par' dir='ltr' id='par_1_57' title="bbox 1766 1184 3354 1259">
     <span class='ocr_line' id='line_1_57' title="bbox 1766 1184 3354 1259; baseline 0.001 -20"><span class='ocrx_word' id='word_1_400' title='bbox 1766 1184 1999 1241; x_wconf 83' lang='lat' dir='ltr'><strong>incidere</strong></span> <span class='ocrx_word' id='word_1_401' title='bbox 2036 1186 2093 1239; x_wconf 83' lang='lat' dir='ltr'><strong>in</strong></span> <span class='ocrx_word' id='word_1_402' title='bbox 2130 1201 2320 1241; x_wconf 79' lang='lat' dir='ltr'><strong>manus</strong></span> <span class='ocrx_word' id='word_1_403' title='bbox 2358 1185 2456 1241; x_wconf 86' lang='lat' dir='ltr'><strong>Dei</strong></span> <span class='ocrx_word' id='word_1_404' title='bbox 2501 1186 2715 1242; x_wconf 81' lang='lat' dir='ltr'><strong>viventis</strong></span> <span class='ocrx_word' id='word_1_405' title='bbox 2761 1185 2948 1258; x_wconf 84' lang='lat' dir='ltr'><strong>(Hebr.</strong></span> <span class='ocrx_word' id='word_1_406' title='bbox 2993 1186 3070 1257; x_wconf 84' lang='lat' dir='ltr'><strong>x).</strong></span> <span class='ocrx_word' id='word_1_407' title='bbox 3101 1187 3159 1242; x_wconf 87' lang='lat' dir='ltr'><strong>In</strong></span> <span class='ocrx_word' id='word_1_408' title='bbox 3192 1201 3354 1259; x_wconf 79' lang='lat' dir='ltr'><strong>expe-</strong></span> 
     </span>
    </p>
   </div>
   <div class='ocr_carea' id='block_1_58' title="bbox 1767 1277 3351 1349">
    <p class='ocr_par' dir='ltr' id='par_1_58' title="bbox 1767 1277 3351 1349">
     <span class='ocr_line' id='line_1_58' title="bbox 1767 1277 3351 1349; baseline 0.001 -17"><span class='ocrx_word' id='word_1_409' title='bbox 1767 1277 1975 1335; x_wconf 91' lang='lat' dir='ltr'><strong>ditione</strong></span> <span class='ocrx_word' id='word_1_410' title='bbox 2002 1278 2326 1348; x_wconf 85' lang='lat' dir='ltr'><strong>Aquitanica</strong></span> <span class='ocrx_word' id='word_1_411' title='bbox 2370 1278 2520 1345; x_wconf 92' lang='lat' dir='ltr'><strong>olim,</strong></span> <span class='ocrx_word' id='word_1_412' title='bbox 2566 1286 2626 1334; x_wconf 91' lang='lat' dir='ltr'><strong>ut</strong></span> <span class='ocrx_word' id='word_1_413' title='bbox 2657 1278 2853 1344; x_wconf 87' lang='lat' dir='ltr'><strong>nostis,</strong></span> <span class='ocrx_word' id='word_1_414' title='bbox 2885 1280 3065 1334; x_wconf 85' lang='lat' dir='ltr'><strong>omnia</strong></span> <span class='ocrx_word' id='word_1_415' title='bbox 3123 1279 3351 1349; x_wconf 83' lang='lat' dir='ltr'><strong>perdidi.</strong></span> 
     </span>
    </p>
   </div>
   <div class='ocr_carea' id='block_1_59' title="bbox 1769 1364 3357 1442">
    <p class='ocr_par' dir='ltr' id='par_1_59' title="bbox 1769 1364 3357 1442">
     <span class='ocr_line' id='line_1_59' title="bbox 1769 1364 3357 1442; baseline 0.003 -19"><span class='ocrx_word' id='word_1_416' title='bbox 1769 1377 1793 1407; x_wconf 76' lang='grc' dir='ltr'><strong>ο</strong></span> <span class='ocrx_word' id='word_1_417' title='bbox 1813 1364 2106 1440; x_wconf 89' lang='lat' dir='ltr'><strong>Superiore</strong></span> <span class='ocrx_word' id='word_1_418' title='bbox 2133 1383 2275 1425; x_wconf 91' lang='lat' dir='ltr'><strong>anno</strong></span> <span class='ocrx_word' id='word_1_419' title='bbox 2299 1370 2499 1426; x_wconf 90' lang='lat' dir='ltr'><strong>missus</strong></span> <span class='ocrx_word' id='word_1_420' title='bbox 2517 1370 2569 1424; x_wconf 90' lang='lat' dir='ltr'><strong>in</strong></span> <span class='ocrx_word' id='word_1_421' title='bbox 2584 1368 2973 1442; x_wconf 85' lang='lat' dir='ltr'><strong>Burgundiam,</strong></span> <span class='ocrx_word' id='word_1_422' title='bbox 2991 1370 3186 1425; x_wconf 91' lang='lat' dir='ltr'><strong>decem</strong></span> <span class='ocrx_word' id='word_1_423' title='bbox 3203 1364 3357 1441; x_wconf 82' lang='lat' dir='ltr'><strong>&#39;quns</strong></span> 
     </span>
    </p>
   </div>
   <div class='ocr_carea' id='block_1_60' title="bbox 1766 1459 3354 1534">
    <p class='ocr_par' dir='ltr' id='par_1_60' title="bbox 1766 1459 3354 1534">
     <span class='ocr_line' id='line_1_60' title="bbox 1766 1459 3354 1534; baseline 0.003 -19"><span class='ocrx_word' id='word_1_424' title='bbox 1766 1459 1947 1516; x_wconf 90' lang='lat' dir='ltr'><strong>amisi.</strong></span> <span class='ocrx_word' id='word_1_425' title='bbox 1979 1459 2134 1517; x_wconf 88' lang='lat' dir='ltr'><strong>Nunc</strong></span> <span class='ocrx_word' id='word_1_426' title='bbox 2155 1476 2256 1516; x_wconf 88' lang='lat' dir='ltr'><strong>nos</strong></span> <span class='ocrx_word' id='word_1_427' title='bbox 2278 1475 2443 1532; x_wconf 91' lang='lat' dir='ltr'><strong>quam</strong></span> <span class='ocrx_word' id='word_1_428' title='bbox 2472 1460 2776 1534; x_wconf 82' lang='lat' dir='ltr'><strong>significavi</strong></span> <span class='ocrx_word' id='word_1_429' title='bbox 2798 1461 2997 1533; x_wconf 90' lang='lat' dir='ltr'><strong>premit</strong></span> <span class='ocrx_word' id='word_1_430' title='bbox 3018 1460 3216 1534; x_wconf 90' lang='lat' dir='ltr'><strong>in0pia.</strong></span> <span class='ocrx_word' id='word_1_431' title='bbox 3242 1462 3354 1519; x_wconf 90' lang='lat' dir='ltr'><strong>Cu-</strong></span> 
     </span>
    </p>
   </div>
   <div class='ocr_carea' id='block_1_61' title="bbox 1766 1554 3358 1628">
    <p class='ocr_par' dir='ltr' id='par_1_61' title="bbox 1766 1554 3358 1628">
     <span class='ocr_line' id='line_1_61' title="bbox 1766 1554 3358 1628; baseline 0.002 -18"><span class='ocrx_word' id='word_1_432' title='bbox 1766 1554 1858 1627; x_wconf 90' lang='lat' dir='ltr'><strong>pio</strong></span> <span class='ocrx_word' id='word_1_433' title='bbox 1886 1555 2073 1621; x_wconf 90' lang='lat' dir='ltr'><strong>etiam,</strong></span> <span class='ocrx_word' id='word_1_434' title='bbox 2105 1555 2150 1611; x_wconf 90' lang='lat' dir='ltr'><strong>si</strong></span> <span class='ocrx_word' id='word_1_435' title='bbox 2175 1554 2288 1611; x_wconf 90' lang='lat' dir='ltr'><strong>Deo</strong></span> <span class='ocrx_word' id='word_1_436' title='bbox 2308 1555 2506 1627; x_wconf 89' lang='lat' dir='ltr'><strong>placet,</strong></span> <span class='ocrx_word' id='word_1_437' title='bbox 2528 1556 2671 1625; x_wconf 90' lang='lat' dir='ltr'><strong>quod</strong></span> <span class='ocrx_word' id='word_1_438' title='bbox 2699 1554 2861 1611; x_wconf 92' lang='lat' dir='ltr'><strong>didici</strong></span> <span class='ocrx_word' id='word_1_439' title='bbox 2888 1563 2944 1610; x_wconf 90' lang='lat' dir='ltr'><strong>et</strong></span> <span class='ocrx_word' id='word_1_440' title='bbox 2971 1570 3185 1628; x_wconf 87' lang='lat' dir='ltr'><strong>semper</strong></span> <span class='ocrx_word' id='word_1_441' title='bbox 3205 1556 3358 1613; x_wconf 89' lang='lat' dir='ltr'><strong>disco</strong></span> 
     </span>
    </p>
   </div>
   <div class='ocr_carea' id='block_1_62' title="bbox 1765 1646 3393 1720">
    <p class='ocr_par' dir='ltr' id='par_1_62' title="bbox 1765 1646 3393 1720">
     <span class='ocr_line' id='line_1_62' title="bbox 1765 1646 3393 1720; baseline -0.004 -15"><span class='ocrx_word' id='word_1_442' title='bbox 1765 1649 1981 1717; x_wconf 65' lang='lat' dir='ltr'><strong>tbcere.</strong></span> <span class='ocrx_word' id='word_1_443' title='bbox 2029 1647 2177 1716; x_wconf 83' lang='lat' dir='ltr'><strong>Quas</strong></span> <span class='ocrx_word' id='word_1_444' title='bbox 2216 1663 2305 1704; x_wconf 89' lang='lat' dir='ltr'><strong>res</strong></span> <span class='ocrx_word' id='word_1_445' title='bbox 2348 1649 2573 1720; x_wconf 69' lang='lat' dir='ltr'><strong>(praeter</strong></span> <span class='ocrx_word' id='word_1_446' title='bbox 2604 1646 2884 1716; x_wconf 87' lang='lat' dir='ltr'><strong>ultimam,</strong></span> <span class='ocrx_word' id='word_1_447' title='bbox 2924 1664 2987 1705; x_wconf 90' lang='lat' dir='ltr'><strong>ea</strong></span> <span class='ocrx_word' id='word_1_448' title='bbox 3027 1649 3172 1704; x_wconf 91' lang='lat' dir='ltr'><strong>enim</strong></span> <span class='ocrx_word' id='word_1_449' title='bbox 3209 1648 3393 1705; x_wconf 76' lang='lat' dir='ltr'><strong>velut;</strong></span> 
     </span>
    </p>
   </div>
   <div class='ocr_carea' id='block_1_63' title="bbox 1762 1738 3354 1811">
    <p class='ocr_par' dir='ltr' id='par_1_63' title="bbox 1762 1738 3354 1811">
     <span class='ocr_line' id='line_1_63' title="bbox 1762 1738 3354 1811; baseline -0.001 -16"><span class='ocrx_word' id='word_1_450' title='bbox 1762 1739 1926 1811; x_wconf 85' lang='lat' dir='ltr'><strong>Reip.</strong></span> <span class='ocrx_word' id='word_1_451' title='bbox 1961 1739 2168 1795; x_wconf 90' lang='lat' dir='ltr'><strong>inutilis</strong></span> <span class='ocrx_word' id='word_1_452' title='bbox 2190 1738 2550 1811; x_wconf 90' lang='lat' dir='ltr'><strong>judicaretur,</strong></span> <span class='ocrx_word' id='word_1_453' title='bbox 2583 1753 2704 1810; x_wconf 71' lang='lat' dir='ltr'><strong>quae</strong></span> <span class='ocrx_word' id='word_1_454' title='bbox 2741 1753 2865 1795; x_wconf 89' lang='lat' dir='ltr'><strong>meo</strong></span> <span class='ocrx_word' id='word_1_455' title='bbox 2886 1738 3093 1808; x_wconf 86' lang='lat' dir='ltr'><strong>judicio</strong></span> <span class='ocrx_word' id='word_1_456' title='bbox 3127 1748 3354 1795; x_wconf 76' lang='lat' dir='ltr'><strong>caetera-</strong></span> 
     </span>
    </p>
   </div>
   <div class='ocr_carea' id='block_1_64' title="bbox 1766 1828 3355 1902">
    <p class='ocr_par' dir='ltr' id='par_1_64' title="bbox 1766 1828 3355 1902">
     <span class='ocr_line' id='line_1_64' title="bbox 1766 1828 3355 1902; baseline -0.003 -16"><span class='ocrx_word' id='word_1_457' title='bbox 1766 1846 1888 1886; x_wconf 87' lang='lat' dir='ltr'><strong>rum</strong></span> <span class='ocrx_word' id='word_1_458' title='bbox 1921 1837 2006 1886; x_wconf 93' lang='lat' dir='ltr'><strong>est</strong></span> <span class='ocrx_word' id='word_1_459' title='bbox 2045 1828 2415 1902; x_wconf 86' lang='lat' dir='ltr'><strong>gravissima),</strong></span> <span class='ocrx_word' id='word_1_460' title='bbox 2443 1828 2488 1884; x_wconf 91' lang='lat' dir='ltr'><strong>si</strong></span> <span class='ocrx_word' id='word_1_461' title='bbox 2516 1842 2603 1882; x_wconf 91' lang='lat' dir='ltr'><strong>me</strong></span> <span class='ocrx_word' id='word_1_462' title='bbox 2638 1843 2869 1883; x_wconf 89' lang='lat' dir='ltr'><strong>evocare</strong></span> <span class='ocrx_word' id='word_1_463' title='bbox 2905 1829 3136 1883; x_wconf 80' lang='lat' dir='ltr'><strong>voluerit</strong></span> <span class='ocrx_word' id='word_1_464' title='bbox 3168 1830 3236 1884; x_wconf 91' lang='lat' dir='ltr'><strong>ad</strong></span> <span class='ocrx_word' id='word_1_465' title='bbox 3267 1843 3355 1884; x_wconf 89' lang='lat' dir='ltr'><strong>co-</strong></span> 
     </span>
    </p>
   </div>
   <div class='ocr_carea' id='block_1_65' title="bbox 1764 1919 3356 1993">
    <p class='ocr_par' dir='ltr' id='par_1_65' title="bbox 1764 1919 3356 1993">
     <span class='ocr_line' id='line_1_65' title="bbox 1764 1919 3356 1993; baseline -0.001 -14"><span class='ocrx_word' id='word_1_466' title='bbox 1764 1923 2037 1988; x_wconf 87' lang='lat' dir='ltr'><strong>mitatum,</strong></span> <span class='ocrx_word' id='word_1_467' title='bbox 2068 1921 2206 1993; x_wconf 88' lang='lat' dir='ltr'><strong>regi,</strong></span> <span class='ocrx_word' id='word_1_468' title='bbox 2235 1934 2437 1991; x_wconf 68' lang='lat' dir='ltr'><strong>quaeso,</strong></span> <span class='ocrx_word' id='word_1_469' title='bbox 2470 1920 2762 1991; x_wconf 88' lang='lat' dir='ltr'><strong>suggerite,</strong></span> <span class='ocrx_word' id='word_1_470' title='bbox 2792 1919 3048 1990; x_wconf 85' lang='lat' dir='ltr'><strong>quoniam</strong></span> <span class='ocrx_word' id='word_1_471' title='bbox 3095 1920 3198 1977; x_wconf 91' lang='lat' dir='ltr'><strong>nisi</strong></span> <span class='ocrx_word' id='word_1_472' title='bbox 3233 1936 3356 1991; x_wconf 88' lang='lat' dir='ltr'><strong>spo-</strong></span> 
     </span>
    </p>
   </div>
   <div class='ocr_carea' id='block_1_66' title="bbox 1766 2010 3353 2086">
    <p class='ocr_par' dir='ltr' id='par_1_66' title="bbox 1766 2010 3353 2086">
     <span class='ocr_line' id='line_1_66' title="bbox 1766 2010 3353 2086; baseline -0.003 -16"><span class='ocrx_word' id='word_1_473' title='bbox 1766 2015 1897 2073; x_wconf 91' lang='lat' dir='ltr'><strong>liem</strong></span> <span class='ocrx_word' id='word_1_474' title='bbox 1941 2014 2162 2086; x_wconf 91' lang='lat' dir='ltr'><strong>aliquod</strong></span> <span class='ocrx_word' id='word_1_475' title='bbox 2203 2013 2397 2079; x_wconf 86' lang='lat' dir='ltr'><strong>altare,</strong></span> <span class='ocrx_word' id='word_1_476' title='bbox 2421 2020 2517 2068; x_wconf 88' lang='lat' dir='ltr'><strong>aut</strong></span> <span class='ocrx_word' id='word_1_477' title='bbox 2539 2011 2738 2068; x_wconf 79' lang='lat' dir='ltr'><strong>fratres</strong></span> <span class='ocrx_word' id='word_1_478' title='bbox 2772 2011 3095 2083; x_wconf 87' lang='lat' dir='ltr'><strong>importabili</strong></span> <span class='ocrx_word' id='word_1_479' title='bbox 3122 2010 3353 2083; x_wconf 79' lang='lat' dir='ltr'><strong>atlligam</strong></span> 
     </span>
    </p>
   </div>
   <div class='ocr_carea' id='block_1_67' title="bbox 1767 2099 3355 2172">
    <p class='ocr_par' dir='ltr' id='par_1_67' title="bbox 1767 2099 3355 2172">
     <span class='ocr_line' id='line_1_67' title="bbox 1767 2099 3355 2172; baseline -0.003 -11"><span class='ocrx_word' id='word_1_480' title='bbox 1767 2106 1967 2171; x_wconf 87' lang='lat' dir='ltr'><strong>inedia,</strong></span> <span class='ocrx_word' id='word_1_481' title='bbox 1995 2119 2104 2160; x_wconf 89' lang='lat' dir='ltr'><strong>non</strong></span> <span class='ocrx_word' id='word_1_482' title='bbox 2126 2104 2302 2160; x_wconf 88' lang='lat' dir='ltr'><strong>habeo</strong></span> <span class='ocrx_word' id='word_1_483' title='bbox 2325 2103 2471 2159; x_wconf 87' lang='lat' dir='ltr'><strong>unde</strong></span> <span class='ocrx_word' id='word_1_484' title='bbox 2495 2110 2622 2159; x_wconf 91' lang='lat' dir='ltr'><strong>octo</strong></span> <span class='ocrx_word' id='word_1_485' title='bbox 2644 2101 2762 2159; x_wconf 90' lang='lat' dir='ltr'><strong>dies</strong></span> <span class='ocrx_word' id='word_1_486' title='bbox 2783 2102 2839 2157; x_wconf 91' lang='lat' dir='ltr'><strong>in</strong></span> <span class='ocrx_word' id='word_1_487' title='bbox 2861 2099 2978 2171; x_wconf 86' lang='lat' dir='ltr'><strong>ejus</strong></span> <span class='ocrx_word' id='word_1_488' title='bbox 3002 2103 3206 2172; x_wconf 89' lang='lat' dir='ltr'><strong>possim</strong></span> <span class='ocrx_word' id='word_1_489' title='bbox 3236 2117 3355 2158; x_wconf 89' lang='lat' dir='ltr'><strong>ver-</strong></span> 
     </span>
    </p>
   </div>
   <div class='ocr_carea' id='block_1_68' title="bbox 1765 2193 3357 2267">
    <p class='ocr_par' dir='ltr' id='par_1_68' title="bbox 1765 2193 3357 2267">
     <span class='ocr_line' id='line_1_68' title="bbox 1765 2193 3357 2267; baseline -0.004 -11"><span class='ocrx_word' id='word_1_490' title='bbox 1765 2199 1877 2257; x_wconf 90' lang='lat' dir='ltr'><strong>sari</strong></span> <span class='ocrx_word' id='word_1_491' title='bbox 1919 2198 2144 2255; x_wconf 89' lang='lat' dir='ltr'><strong>servitio</strong></span> <span class='ocrx_word' id='word_1_492' title='bbox 2188 2197 2363 2253; x_wconf 90' lang='lat' dir='ltr'><strong>donec</strong></span> <span class='ocrx_word' id='word_1_493' title='bbox 2408 2210 2565 2252; x_wconf 66' lang='lat' dir='ltr'><strong>nova:</strong></span> <span class='ocrx_word' id='word_1_494' title='bbox 2609 2193 2796 2267; x_wconf 84' lang='lat' dir='ltr'><strong>fruges</strong></span> <span class='ocrx_word' id='word_1_495' title='bbox 2837 2201 3076 2266; x_wconf 89' lang='lat' dir='ltr'><strong>optatam</strong></span> <span class='ocrx_word' id='word_1_496' title='bbox 3116 2193 3357 2251; x_wconf 85' lang='lat' dir='ltr'><strong>referant</strong></span> 
     </span>
    </p>
   </div>
   <div class='ocr_carea' id='block_1_69' title="bbox 1764 2287 3355 2359">
    <p class='ocr_par' dir='ltr' id='par_1_69' title="bbox 1764 2287 3355 2359">
     <span class='ocr_line' id='line_1_69' title="bbox 1764 2287 3355 2359; baseline -0.001 -14"><span class='ocrx_word' id='word_1_497' title='bbox 1764 2290 2100 2347; x_wconf 83' lang='lat' dir='ltr'><strong>facultatem.</strong></span> <span class='ocrx_word' id='word_1_498' title='bbox 2131 2288 2247 2346; x_wconf 84' lang='lat' dir='ltr'><strong>Nisi</strong></span> <span class='ocrx_word' id='word_1_499' title='bbox 2275 2297 2456 2345; x_wconf 89' lang='lat' dir='ltr'><strong>autem</strong></span> <span class='ocrx_word' id='word_1_500' title='bbox 2487 2287 2693 2359; x_wconf 88' lang='lat' dir='ltr'><strong>absque</strong></span> <span class='ocrx_word' id='word_1_501' title='bbox 2716 2287 2958 2359; x_wconf 88' lang='lat' dir='ltr'><strong>periculo</strong></span> <span class='ocrx_word' id='word_1_502' title='bbox 2978 2288 3221 2359; x_wconf 89' lang='lat' dir='ltr'><strong>possitis,</strong></span> <span class='ocrx_word' id='word_1_503' title='bbox 3252 2289 3355 2343; x_wconf 91' lang='lat' dir='ltr'><strong>mi-</strong></span> 
     </span>
    </p>
   </div>
   <div class='ocr_carea' id='block_1_70' title="bbox 1764 2377 3350 2449">
    <p class='ocr_par' dir='ltr' id='par_1_70' title="bbox 1764 2377 3350 2449">
     <span class='ocr_line' id='line_1_70' title="bbox 1764 2377 3350 2449; baseline -0.004 -10"><span class='ocrx_word' id='word_1_504' title='bbox 1764 2382 2002 2439; x_wconf 87' lang='lat' dir='ltr'><strong>litarium</strong></span> <span class='ocrx_word' id='word_1_505' title='bbox 2037 2380 2320 2437; x_wconf 91' lang='lat' dir='ltr'><strong>hominum</strong></span> <span class='ocrx_word' id='word_1_506' title='bbox 2348 2380 2659 2436; x_wconf 87' lang='lat' dir='ltr'><strong>nostrorum</strong></span> <span class='ocrx_word' id='word_1_507' title='bbox 2688 2377 2814 2435; x_wconf 90' lang='lat' dir='ltr'><strong>nolo</strong></span> <span class='ocrx_word' id='word_1_508' title='bbox 2840 2392 2939 2434; x_wconf 88' lang='lat' dir='ltr'><strong>vos</strong></span> <span class='ocrx_word' id='word_1_509' title='bbox 2958 2378 3130 2435; x_wconf 89' lang='lat' dir='ltr'><strong>otium</strong></span> <span class='ocrx_word' id='word_1_510' title='bbox 3155 2379 3350 2449; x_wconf 87' lang='lat' dir='ltr'><strong>depre-</strong></span> 
     </span>
    </p>
   </div>
   <div class='ocr_carea' id='block_1_71' title="bbox 1763 2468 3353 2545">
    <p class='ocr_par' dir='ltr' id='par_1_71' title="bbox 1763 2468 3353 2545">
     <span class='ocr_line' id='line_1_71' title="bbox 1763 2468 3353 2545; baseline -0.006 -13"><span class='ocrx_word' id='word_1_511' title='bbox 1763 2476 1895 2541; x_wconf 88' lang='lat' dir='ltr'><strong>cari,</strong></span> <span class='ocrx_word' id='word_1_512' title='bbox 1919 2488 2231 2545; x_wconf 88' lang='lat' dir='ltr'><strong>quanquam</strong></span> <span class='ocrx_word' id='word_1_513' title='bbox 2271 2480 2328 2528; x_wconf 92' lang='lat' dir='ltr'><strong>et</strong></span> <span class='ocrx_word' id='word_1_514' title='bbox 2354 2470 2462 2527; x_wconf 90' lang='lat' dir='ltr'><strong>illis</strong></span> <span class='ocrx_word' id='word_1_515' title='bbox 2491 2484 2653 2541; x_wconf 90' lang='lat' dir='ltr'><strong>quam</strong></span> <span class='ocrx_word' id='word_1_516' title='bbox 2693 2470 2767 2526; x_wconf 88' lang='lat' dir='ltr'><strong>sit</strong></span> <span class='ocrx_word' id='word_1_517' title='bbox 2806 2470 3175 2527; x_wconf 88' lang='lat' dir='ltr'><strong>necessarium</strong></span> <span class='ocrx_word' id='word_1_518' title='bbox 3206 2468 3353 2524; x_wconf 91' lang='lat' dir='ltr'><strong>ultro</strong></span> 
     </span>
    </p>
   </div>
   <div class='ocr_carea' id='block_1_72' title="bbox 1762 2559 3351 2637">
    <p class='ocr_par' dir='ltr' id='par_1_72' title="bbox 1762 2559 3351 2637">
     <span class='ocr_line' id='line_1_72' title="bbox 1762 2559 3351 2637; baseline -0.004 -14"><span class='ocrx_word' id='word_1_519' title='bbox 1762 2564 2111 2637; x_wconf 83' lang='lat' dir='ltr'><strong>cognoscitis.</strong></span> <span class='ocrx_word' id='word_1_520' title='bbox 2144 2563 2173 2603; x_wconf 75' lang='grc' dir='ltr'><strong>ἀ</strong></span> <span class='ocrx_word' id='word_1_521' title='bbox 2200 2560 2698 2634; x_wconf 89' lang='lat' dir='ltr'><strong>Congratulationis</strong></span> <span class='ocrx_word' id='word_1_522' title='bbox 2738 2560 3059 2626; x_wconf 89' lang='lat' dir='ltr'><strong>chartulam,</strong></span> <span class='ocrx_word' id='word_1_523' title='bbox 3090 2561 3137 2615; x_wconf 92' lang='lat' dir='ltr'><strong>si</strong></span> <span class='ocrx_word' id='word_1_524' title='bbox 3163 2559 3351 2616; x_wconf 87' lang='lat' dir='ltr'><strong>utilem</strong></span> 
     </span>
    </p>
   </div>
   <div class='ocr_carea' id='block_1_73' title="bbox 1764 2649 3348 2723">
    <p class='ocr_par' dir='ltr' id='par_1_73' title="bbox 1764 2649 3348 2723">
     <span class='ocr_line' id='line_1_73' title="bbox 1764 2649 3348 2723; baseline -0.003 -12"><span class='ocrx_word' id='word_1_525' title='bbox 1764 2657 2000 2713; x_wconf 88' lang='lat' dir='ltr'><strong>futuram</strong></span> <span class='ocrx_word' id='word_1_526' title='bbox 2046 2670 2116 2711; x_wconf 83' lang='lat' dir='ltr'><strong>ex</strong></span> <span class='ocrx_word' id='word_1_527' title='bbox 2154 2668 2367 2710; x_wconf 91' lang='lat' dir='ltr'><strong>morum</strong></span> <span class='ocrx_word' id='word_1_528' title='bbox 2412 2652 2529 2723; x_wconf 87' lang='lat' dir='ltr'><strong>ejus</strong></span> <span class='ocrx_word' id='word_1_529' title='bbox 2572 2649 2837 2722; x_wconf 89' lang='lat' dir='ltr'><strong>qualitate</strong></span> <span class='ocrx_word' id='word_1_530' title='bbox 2865 2650 3348 2722; x_wconf 88' lang='lat' dir='ltr'><strong>deprehenderitis,</strong></span> 
     </span>
    </p>
   </div>
   <div class='ocr_carea' id='block_1_74' title="bbox 1763 2742 3352 2816">
    <p class='ocr_par' dir='ltr' id='par_1_74' title="bbox 1763 2742 3352 2816">
     <span class='ocr_line' id='line_1_74' title="bbox 1763 2742 3352 2816; baseline -0.003 -11"><span class='ocrx_word' id='word_1_531' title='bbox 1763 2751 1866 2805; x_wconf 88' lang='lat' dir='ltr'><strong>hoc</strong></span> <span class='ocrx_word' id='word_1_532' title='bbox 1888 2757 1990 2813; x_wconf 83' lang='lat' dir='ltr'><strong>est,</strong></span> <span class='ocrx_word' id='word_1_533' title='bbox 2021 2756 2083 2803; x_wconf 90' lang='lat' dir='ltr'><strong>ut</strong></span> <span class='ocrx_word' id='word_1_534' title='bbox 2112 2761 2175 2802; x_wconf 90' lang='lat' dir='ltr'><strong>ea</strong></span> <span class='ocrx_word' id='word_1_535' title='bbox 2211 2746 2277 2802; x_wconf 89' lang='lat' dir='ltr'><strong>ad</strong></span> <span class='ocrx_word' id='word_1_536' title='bbox 2306 2746 2445 2802; x_wconf 88' lang='lat' dir='ltr'><strong>bene</strong></span> <span class='ocrx_word' id='word_1_537' title='bbox 2471 2744 2737 2816; x_wconf 88' lang='lat' dir='ltr'><strong>agendum</strong></span> <span class='ocrx_word' id='word_1_538' title='bbox 2762 2743 2944 2815; x_wconf 91' lang='lat' dir='ltr'><strong>aliquo</strong></span> <span class='ocrx_word' id='word_1_539' title='bbox 2969 2742 3131 2799; x_wconf 89' lang='lat' dir='ltr'><strong>modo</strong></span> <span class='ocrx_word' id='word_1_540' title='bbox 3160 2743 3352 2800; x_wconf 83' lang='lat' dir='ltr'><strong>incite-</strong></span> 
     </span>
    </p>
   </div>
   <div class='ocr_carea' id='block_1_75' title="bbox 1764 2834 3347 2912">
    <p class='ocr_par' dir='ltr' id='par_1_75' title="bbox 1764 2834 3347 2912">
     <span class='ocr_line' id='line_1_75' title="bbox 1764 2834 3347 2912; baseline -0.004 -16"><span class='ocrx_word' id='word_1_541' title='bbox 1764 2850 1871 2909; x_wconf 83' lang='lat' dir='ltr'><strong>tur,</strong></span> <span class='ocrx_word' id='word_1_542' title='bbox 1900 2855 1969 2896; x_wconf 80' lang='lat' dir='ltr'><strong>ex</strong></span> <span class='ocrx_word' id='word_1_543' title='bbox 2009 2838 2301 2912; x_wconf 88' lang='lat' dir='ltr'><strong>parvitatis</strong></span> <span class='ocrx_word' id='word_1_544' title='bbox 2343 2851 2479 2893; x_wconf 57' lang='lat' dir='ltr'><strong>mea</strong></span> <span class='ocrx_word' id='word_1_545' title='bbox 2516 2835 2736 2891; x_wconf 88' lang='lat' dir='ltr'><strong>nomine</strong></span> <span class='ocrx_word' id='word_1_546' title='bbox 2780 2834 3101 2891; x_wconf 89' lang='lat' dir='ltr'><strong>tradendam</strong></span> <span class='ocrx_word' id='word_1_547' title='bbox 3139 2844 3347 2891; x_wconf 90' lang='lat' dir='ltr'><strong>curate.</strong></span> 
     </span>
    </p>
   </div>
   <div class='ocr_carea' id='block_1_76' title="bbox 1763 2923 3351 3001">
    <p class='ocr_par' dir='ltr' id='par_1_76' title="bbox 1763 2923 3351 3001">
     <span class='ocr_line' id='line_1_76' title="bbox 1763 2923 3351 3001; baseline -0.006 -11"><span class='ocrx_word' id='word_1_548' title='bbox 1763 2933 1858 2990; x_wconf 82' lang='lat' dir='ltr'><strong>Sin</strong></span> <span class='ocrx_word' id='word_1_549' title='bbox 1901 2941 2106 2996; x_wconf 90' lang='lat' dir='ltr'><strong>autem,</strong></span> <span class='ocrx_word' id='word_1_550' title='bbox 2144 2929 2273 3001; x_wconf 90' lang='lat' dir='ltr'><strong>quid</strong></span> <span class='ocrx_word' id='word_1_551' title='bbox 2303 2928 2486 2983; x_wconf 88' lang='lat' dir='ltr'><strong>animo</strong></span> <span class='ocrx_word' id='word_1_552' title='bbox 2516 2927 2825 2984; x_wconf 89' lang='lat' dir='ltr'><strong>contineam</strong></span> <span class='ocrx_word' id='word_1_553' title='bbox 2859 2940 2959 2982; x_wconf 93' lang='lat' dir='ltr'><strong>vos</strong></span> <span class='ocrx_word' id='word_1_554' title='bbox 2994 2938 3156 2981; x_wconf 87' lang='lat' dir='ltr'><strong>nosse</strong></span> <span class='ocrx_word' id='word_1_555' title='bbox 3189 2923 3351 2981; x_wconf 81' lang='lat' dir='ltr'><strong>suﬂ&#39;e-</strong></span> 
     </span>
    </p>
   </div>
   <div class='ocr_carea' id='block_1_77' title="bbox 1761 3015 3349 3088">
    <p class='ocr_par' dir='ltr' id='par_1_77' title="bbox 1761 3015 3349 3088">
     <span class='ocr_line' id='line_1_77' title="bbox 1761 3015 3349 3088; baseline -0.008 -7"><span class='ocrx_word' id='word_1_556' title='bbox 1761 3024 1921 3081; x_wconf 78' lang='lat' dir='ltr'><strong>eerit.</strong></span> <span class='ocrx_word' id='word_1_557' title='bbox 1946 3022 2024 3078; x_wconf 93' lang='lat' dir='ltr'><strong>De</strong></span> <span class='ocrx_word' id='word_1_558' title='bbox 2055 3019 2248 3076; x_wconf 88' lang='lat' dir='ltr'><strong>annuis</strong></span> <span class='ocrx_word' id='word_1_559' title='bbox 2270 3018 2447 3085; x_wconf 90' lang='lat' dir='ltr'><strong>donis,</strong></span> <span class='ocrx_word' id='word_1_560' title='bbox 2476 3032 2596 3088; x_wconf 67' lang='lat' dir='ltr'><strong>quae</strong></span> <span class='ocrx_word' id='word_1_561' title='bbox 2621 3016 2800 3073; x_wconf 86' lang='lat' dir='ltr'><strong>adhuc</strong></span> <span class='ocrx_word' id='word_1_562' title='bbox 2825 3030 2992 3087; x_wconf 90' lang='lat' dir='ltr'><strong>penes</strong></span> <span class='ocrx_word' id='word_1_563' title='bbox 3030 3030 3120 3071; x_wconf 91' lang='lat' dir='ltr'><strong>me</strong></span> <span class='ocrx_word' id='word_1_564' title='bbox 3151 3015 3349 3080; x_wconf 85' lang='lat' dir='ltr'><strong>habeo,</strong></span> 
     </span>
    </p>
   </div>
   <div class='ocr_carea' id='block_1_78' title="bbox 1762 3109 3349 3190">
    <p class='ocr_par' dir='ltr' id='par_1_78' title="bbox 1762 3109 3349 3190">
     <span class='ocr_line' id='line_1_78' title="bbox 1762 3109 3349 3190; baseline -0.007 -16"><span class='ocrx_word' id='word_1_565' title='bbox 1762 3118 1893 3190; x_wconf 89' lang='lat' dir='ltr'><strong>quid</strong></span> <span class='ocrx_word' id='word_1_566' title='bbox 1936 3115 2070 3171; x_wconf 88' lang='lat' dir='ltr'><strong>mihi</strong></span> <span class='ocrx_word' id='word_1_567' title='bbox 2116 3112 2382 3186; x_wconf 83' lang='lat' dir='ltr'><strong>agendum</strong></span> <span class='ocrx_word' id='word_1_568' title='bbox 2420 3112 2491 3167; x_wconf 88' lang='lat' dir='ltr'><strong>sit</strong></span> <span class='ocrx_word' id='word_1_569' title='bbox 2518 3126 2616 3182; x_wconf 90' lang='lat' dir='ltr'><strong>per</strong></span> <span class='ocrx_word' id='word_1_570' title='bbox 2641 3124 2822 3167; x_wconf 91' lang='lat' dir='ltr'><strong>meum</strong></span> <span class='ocrx_word' id='word_1_571' title='bbox 2852 3109 3098 3168; x_wconf 81' lang='lat' dir='ltr'><strong>nuntium</strong></span> <span class='ocrx_word' id='word_1_572' title='bbox 3135 3124 3349 3165; x_wconf 87' lang='lat' dir='ltr'><strong>reman-</strong></span> 
     </span>
    </p>
   </div>
   <div class='ocr_carea' id='block_1_79' title="bbox 1762 3200 3351 3273">
    <p class='ocr_par' dir='ltr' id='par_1_79' title="bbox 1762 3200 3351 3273">
     <span class='ocr_line' id='line_1_79' title="bbox 1762 3200 3351 3273; baseline -0.007 -7"><span class='ocrx_word' id='word_1_573' title='bbox 1762 3211 1907 3268; x_wconf 88' lang='lat' dir='ltr'><strong>date.</strong></span> <span class='ocrx_word' id='word_1_574' title='bbox 1939 3205 2238 3262; x_wconf 83' lang='lat' dir='ltr'><strong>Munusculi</strong></span> <span class='ocrx_word' id='word_1_575' title='bbox 2268 3202 2695 3268; x_wconf 88' lang='lat' dir='ltr'><strong>similitudinem,</strong></span> <span class='ocrx_word' id='word_1_576' title='bbox 2715 3216 2880 3273; x_wconf 89' lang='lat' dir='ltr'><strong>quam</strong></span> <span class='ocrx_word' id='word_1_577' title='bbox 2905 3200 3072 3256; x_wconf 88' lang='lat' dir='ltr'><strong>nimia</strong></span> <span class='ocrx_word' id='word_1_578' title='bbox 3092 3213 3351 3255; x_wconf 89' lang='lat' dir='ltr'><strong>verecun-</strong></span> 
     </span>
    </p>
   </div>
   <div class='ocr_carea' id='block_1_80' title="bbox 1761 3294 3341 3373">
    <p class='ocr_par' dir='ltr' id='par_1_80' title="bbox 1761 3294 3341 3373">
     <span class='ocr_line' id='line_1_80' title="bbox 1761 3294 3341 3373; baseline -0.008 -13"><span class='ocrx_word' id='word_1_579' title='bbox 1761 3304 1869 3370; x_wconf 86' lang='lat' dir='ltr'><strong>dia,</strong></span> <span class='ocrx_word' id='word_1_580' title='bbox 1895 3300 2041 3373; x_wconf 88' lang='lat' dir='ltr'><strong>quod</strong></span> <span class='ocrx_word' id='word_1_581' title='bbox 2071 3297 2214 3355; x_wconf 89' lang='lat' dir='ltr'><strong>aliud</strong></span> <span class='ocrx_word' id='word_1_582' title='bbox 2242 3312 2349 3353; x_wconf 92' lang='lat' dir='ltr'><strong>non</strong></span> <span class='ocrx_word' id='word_1_583' title='bbox 2378 3297 2561 3360; x_wconf 86' lang='lat' dir='ltr'><strong>habui,</strong></span> <span class='ocrx_word' id='word_1_584' title='bbox 2592 3294 2898 3351; x_wconf 90' lang='lat' dir='ltr'><strong>celsitudini</strong></span> <span class='ocrx_word' id='word_1_585' title='bbox 2928 3303 3123 3351; x_wconf 76' lang='lat' dir='ltr'><strong>vestra:</strong></span> <span class='ocrx_word' id='word_1_586' title='bbox 3148 3294 3341 3360; x_wconf 79' lang='lat' dir='ltr'><strong>direxi,</strong></span> 
     </span>
    </p>
   </div>
   <div class='ocr_carea' id='block_1_81' title="bbox 1756 3474 3344 3549">
    <p class='ocr_par' dir='ltr' id='par_1_81' title="bbox 1756 3474 3344 3549">
     <span class='ocr_line' id='line_1_81' title="bbox 1756 3474 3344 3549; baseline -0.005 -9"><span class='ocrx_word' id='word_1_587' title='bbox 1756 3486 1863 3542; x_wconf 91' lang='lat' dir='ltr'><strong>lem</strong></span> <span class='ocrx_word' id='word_1_588' title='bbox 1890 3482 2161 3539; x_wconf 88' lang='lat' dir='ltr'><strong>voluerint</strong></span> <span class='ocrx_word' id='word_1_589' title='bbox 2180 3478 2475 3549; x_wconf 89' lang='lat' dir='ltr'><strong>secundum</strong></span> <span class='ocrx_word' id='word_1_590' title='bbox 2497 3476 2757 3549; x_wconf 74' lang='lat' dir='ltr'><strong>Regulam</strong></span> <span class='ocrx_word' id='word_1_591' title='bbox 2785 3474 2844 3532; x_wconf 91' lang='lat' dir='ltr'><strong>S.</strong></span> <span class='ocrx_word' id='word_1_592' title='bbox 2872 3476 3149 3549; x_wconf 89' lang='lat' dir='ltr'><strong>Benedicti</strong></span> <span class='ocrx_word' id='word_1_593' title='bbox 3180 3478 3344 3535; x_wconf 88' lang='lat' dir='ltr'><strong>abba-</strong></span> 
     </span>
    </p>
   </div>
   <div class='ocr_carea' id='block_1_82' title="bbox 1759 3546 3345 3625">
    <p class='ocr_par' dir='ltr' id='par_1_82' title="bbox 1759 3546 3345 3625">
     <span class='ocr_line' id='line_1_82' title="bbox 1759 3546 3345 3625; baseline -0.005 -14"><span class='ocrx_word' id='word_1_594' title='bbox 1759 3565 1864 3612; x_wconf 91' lang='lat' dir='ltr'><strong>tem</strong></span> <span class='ocrx_word' id='word_1_595' title='bbox 1885 3553 2084 3625; x_wconf 82' lang='lat' dir='ltr'><strong>eligant</strong></span> <span class='ocrx_word' id='word_1_596' title='bbox 2105 3559 2163 3625; x_wconf 82' lang='lat' dir='ltr'><strong>et</strong></span> <span class='ocrx_word' id='word_1_597' title='bbox 2180 3550 2281 3625; x_wconf 84' lang='lat' dir='ltr'><strong>sibi</strong></span> <span class='ocrx_word' id='word_1_598' title='bbox 2306 3546 2660 3625; x_wconf 67' lang='lat' dir='ltr'><strong>constituant.</strong></span> <span class='ocrx_word' id='word_1_599' title='bbox 2680 3546 2804 3603; x_wconf 92' lang='lat' dir='ltr'><strong>Sint</strong></span> <span class='ocrx_word' id='word_1_600' title='bbox 2823 3555 3082 3625; x_wconf 85' lang='lat' dir='ltr'><strong>a_utem_et</strong></span> <span class='ocrx_word' id='word_1_601' title='bbox 3095 3548 3219 3625; x_wconf 77' lang='lat' dir='ltr'><strong>ipsi</strong></span> <span class='ocrx_word' id='word_1_602' title='bbox 3231 3565 3345 3604; x_wconf 88' lang='lat' dir='ltr'><strong>mo-</strong></span> 
     </span>
    </p>
   </div>
   <div class='ocr_carea' id='block_1_83' title="bbox 1755 3616 3340 3700">
    <p class='ocr_par' dir='ltr' id='par_1_83' title="bbox 1755 3616 3340 3700">
     <span class='ocr_line' id='line_1_83' title="bbox 1755 3616 3340 3700; baseline -0.004 -19"><span class='ocrx_word' id='word_1_603' title='bbox 1755 3625 1917 3681; x_wconf 90' lang='lat' dir='ltr'><strong>nachi</strong></span> <span class='ocrx_word' id='word_1_604' title='bbox 1934 3616 1987 3680; x_wconf 75' lang='lat' dir='ltr'><strong>iii</strong></span> <span class='ocrx_word' id='word_1_605' title='bbox 2007 3620 2339 3700; x_wconf 64' lang='lat' dir='ltr'><strong>subiectione</strong></span> <span class='ocrx_word' id='word_1_606' title='bbox 2356 3619 2496 3700; x_wconf 72' lang='lat' dir='ltr'><strong>regis</strong></span> <span class='ocrx_word' id='word_1_607' title='bbox 2509 3616 2992 3700; x_wconf 45' lang='lat' dir='ltr'><strong>ad‘locumsalvum</strong></span> <span class='ocrx_word' id='word_1_608' title='bbox 3006 3616 3340 3700; x_wconf 66' lang='lat' dir='ltr'><strong>faciendum,</strong></span> 
     </span>
    </p>
   </div>
   <div class='ocr_carea' id='block_1_84' title="bbox 1753 3687 3335 3760">
    <p class='ocr_par' dir='ltr' id='par_1_84' title="bbox 1753 3687 3335 3760">
     <span class='ocr_line' id='line_1_84' title="bbox 1753 3687 3335 3760; baseline -0.006 -9"><span class='ocrx_word' id='word_1_609' title='bbox 1753 3705 1809 3751; x_wconf 91' lang='lat' dir='ltr'><strong>et</strong></span> <span class='ocrx_word' id='word_1_610' title='bbox 1832 3710 1937 3750; x_wconf 92' lang='lat' dir='ltr'><strong>non</strong></span> <span class='ocrx_word' id='word_1_611' title='bbox 1962 3693 2031 3748; x_wconf 89' lang='lat' dir='ltr'><strong>ad</strong></span> <span class='ocrx_word' id='word_1_612' title='bbox 2052 3687 2252 3760; x_wconf 85' lang='lat' dir='ltr'><strong>aliquid</strong></span> <span class='ocrx_word' id='word_1_613' title='bbox 2274 3687 2705 3760; x_wconf 82' lang='lat' dir='ltr'><strong>persolvendum,</strong></span> <span class='ocrx_word' id='word_1_614' title='bbox 2724 3687 2827 3760; x_wconf 85' lang='lat' dir='ltr'><strong>nisi</strong></span> <span class='ocrx_word' id='word_1_615' title='bbox 2843 3688 2988 3743; x_wconf 90' lang='lat' dir='ltr'><strong>solas</strong></span> <span class='ocrx_word' id='word_1_616' title='bbox 3008 3690 3301 3745; x_wconf 86' lang='lat' dir='ltr'><strong>orationes.</strong></span> <span class='ocrx_word' id='word_1_617' title='bbox 3317 3711 3335 3741; x_wconf 75' lang='grc' dir='ltr'><strong>ι</strong></span> 
     </span>
    </p>
   </div>
   <div class='ocr_carea' id='block_1_85' title="bbox 1753 3757 3340 3823">
    <p class='ocr_par' dir='ltr' id='par_1_85' title="bbox 1753 3757 3340 3823">
     <span class='ocr_line' id='line_1_85' title="bbox 1753 3757 3340 3823; baseline -0.006 -1"><span class='ocrx_word' id='word_1_618' title='bbox 1753 3766 1870 3823; x_wconf 88' lang='lat' dir='ltr'><strong>Odo</strong></span> <span class='ocrx_word' id='word_1_619' title='bbox 1896 3774 1952 3819; x_wconf 92' lang='lat' dir='ltr'><strong>et</strong></span> <span class='ocrx_word' id='word_1_620' title='bbox 1978 3757 2214 3818; x_wconf 80' lang='lat' dir='ltr'><strong>Adacius</strong></span> <span class='ocrx_word' id='word_1_621' title='bbox 2242 3757 2483 3820; x_wconf 88' lang='lat' dir='ltr'><strong>abbates,</strong></span> <span class='ocrx_word' id='word_1_622' title='bbox 2512 3768 2573 3813; x_wconf 92' lang='lat' dir='ltr'><strong>ut</strong></span> <span class='ocrx_word' id='word_1_623' title='bbox 2602 3758 2704 3813; x_wconf 91' lang='lat' dir='ltr'><strong>hoc</strong></span> <span class='ocrx_word' id='word_1_624' title='bbox 2742 3757 2919 3812; x_wconf 90' lang='lat' dir='ltr'><strong>obiter</strong></span> <span class='ocrx_word' id='word_1_625' title='bbox 2954 3773 3226 3823; x_wconf 89' lang='lat' dir='ltr'><strong>moneam,</strong></span> <span class='ocrx_word' id='word_1_626' title='bbox 3259 3760 3340 3814; x_wconf 91' lang='lat' dir='ltr'><strong>in-</strong></span> 
     </span>
    </p>
   </div>
   <div class='ocr_carea' id='block_1_86' title="bbox 1753 3827 3341 3907">
    <p class='ocr_par' dir='ltr' id='par_1_86' title="bbox 1753 3827 3341 3907">
     <span class='ocr_line' id='line_1_86' title="bbox 1753 3827 3341 3907; baseline -0.006 -16"><span class='ocrx_word' id='word_1_627' title='bbox 1753 3833 2025 3907; x_wconf 88' lang='lat' dir='ltr'><strong>telligendi</strong></span> <span class='ocrx_word' id='word_1_628' title='bbox 2052 3841 2179 3887; x_wconf 91' lang='lat' dir='ltr'><strong>sunt</strong></span> <span class='ocrx_word' id='word_1_629' title='bbox 2209 3831 2275 3907; x_wconf 81' lang='lat' dir='ltr'><strong>de</strong></span> <span class='ocrx_word' id='word_1_630' title='bbox 2298 3828 2486 3885; x_wconf 91' lang='lat' dir='ltr'><strong>Odone</strong></span> <span class='ocrx_word' id='word_1_631' title='bbox 2525 3836 2581 3884; x_wconf 90' lang='lat' dir='ltr'><strong>et</strong></span> <span class='ocrx_word' id='word_1_632' title='bbox 2606 3827 2830 3892; x_wconf 83' lang='lat' dir='ltr'><strong>Adacio,</strong></span> <span class='ocrx_word' id='word_1_633' title='bbox 2856 3828 2948 3907; x_wconf 78' lang='lat' dir='ltr'><strong>qui</strong></span> <span class='ocrx_word' id='word_1_634' title='bbox 2988 3828 3149 3907; x_wconf 79' lang='lat' dir='ltr'><strong>simul</strong></span> <span class='ocrx_word' id='word_1_635' title='bbox 3178 3828 3341 3907; x_wconf 63' lang='lat' dir='ltr'><strong>&quot;Tute.</strong></span> 
     </span>
    </p>
   </div>
   <div class='ocr_carea' id='block_1_87' title="bbox 1753 3898 3342 3962">
    <p class='ocr_par' dir='ltr' id='par_1_87' title="bbox 1753 3898 3342 3962">
     <span class='ocr_line' id='line_1_87' title="bbox 1753 3898 3342 3962; baseline -0.004 0"><span class='ocrx_word' id='word_1_636' title='bbox 1753 3898 1902 3962; x_wconf 71' lang='lat' dir='ltr'><strong>lensé</strong></span> <span class='ocrx_word' id='word_1_637' title='bbox 1930 3902 2317 3962; x_wconf 87' lang='lat' dir='ltr'><strong>monasterium</strong></span> <span class='ocrx_word' id='word_1_638' title='bbox 2351 3908 2625 3961; x_wconf 78' lang='lat' dir='ltr'><strong>rexerunt,</strong></span> <span class='ocrx_word' id='word_1_639' title='bbox 2656 3906 2717 3952; x_wconf 89' lang='lat' dir='ltr'><strong>ut</strong></span> <span class='ocrx_word' id='word_1_640' title='bbox 2753 3900 3060 3955; x_wconf 87' lang='lat' dir='ltr'><strong>monuimus</strong></span> <span class='ocrx_word' id='word_1_641' title='bbox 3089 3899 3143 3955; x_wconf 91' lang='lat' dir='ltr'><strong>in</strong></span> <span class='ocrx_word' id='word_1_642' title='bbox 3175 3898 3342 3956; x_wconf 87' lang='lat' dir='ltr'><strong>Addi-</strong></span> 
     </span>
    </p>
   </div>
   <div class='ocr_carea' id='block_1_88' title="bbox 1753 3968 3344 4034">
    <p class='ocr_par' dir='ltr' id='par_1_88' title="bbox 1753 3968 3344 4034">
     <span class='ocr_line' id='line_1_88' title="bbox 1753 3968 3344 4034; baseline -0.004 0"><span class='ocrx_word' id='word_1_643' title='bbox 1753 3980 1902 4034; x_wconf 91' lang='lat' dir='ltr'><strong>tione</strong></span> <span class='ocrx_word' id='word_1_644' title='bbox 1945 3976 2015 4030; x_wconf 91' lang='lat' dir='ltr'><strong>ad</strong></span> <span class='ocrx_word' id='word_1_645' title='bbox 2056 3974 2252 4028; x_wconf 87' lang='lat' dir='ltr'><strong>librum</strong></span> <span class='ocrx_word' id='word_1_646' title='bbox 2297 3987 2391 4025; x_wconf 87' lang='lat' dir='ltr'><strong>vm</strong></span> <span class='ocrx_word' id='word_1_647' title='bbox 2444 3970 2519 4025; x_wconf 90' lang='lat' dir='ltr'><strong>De</strong></span> <span class='ocrx_word' id='word_1_648' title='bbox 2571 3968 2872 4024; x_wconf 90' lang='lat' dir='ltr'><strong>Concordia</strong></span> <span class='ocrx_word' id='word_1_649' title='bbox 2924 3969 3226 4027; x_wconf 89' lang='lat' dir='ltr'><strong>Sacerdotii</strong></span> <span class='ocrx_word' id='word_1_650' title='bbox 3287 3981 3344 4028; x_wconf 87' lang='lat' dir='ltr'><strong>et</strong></span> 
     </span>
    </p>
   </div>
   <div class='ocr_carea' id='block_1_89' title="bbox 1751 4037 3342 4118">
    <p class='ocr_par' dir='ltr' id='par_1_89' title="bbox 1751 4037 3342 4118">
     <span class='ocr_line' id='line_1_89' title="bbox 1751 4037 3342 4118; baseline -0.006 -13"><span class='ocrx_word' id='word_1_651' title='bbox 1751 4047 1991 4118; x_wconf 89' lang='lat' dir='ltr'><strong>Imperii,</strong></span> <span class='ocrx_word' id='word_1_652' title='bbox 2021 4059 2141 4115; x_wconf 83' lang='lat' dir='ltr'><strong>cap.</strong></span> <span class='ocrx_word' id='word_1_653' title='bbox 2171 4041 2263 4118; x_wconf 52' lang='grc' dir='ltr'><strong>ᾗῇ.</strong></span> <span class='ocrx_word' id='word_1_654' title='bbox 2293 4040 2449 4118; x_wconf 79' lang='lat' dir='ltr'><strong>Unde</strong></span> <span class='ocrx_word' id='word_1_655' title='bbox 2473 4038 2758 4118; x_wconf 76' lang='lat' dir='ltr'><strong>colligitur</strong></span> <span class='ocrx_word' id='word_1_656' title='bbox 2796 4037 3108 4118; x_wconf 58' lang='lat' dir='ltr'><strong>Sarlatense</strong></span> <span class='ocrx_word' id='word_1_657' title='bbox 3148 4056 3342 4118; x_wconf 51' lang='lat' dir='ltr'><strong>monag</strong></span> 
     </span>
    </p>
   </div>
   <div class='ocr_carea' id='block_1_90' title="bbox 1751 4110 3339 4181">
    <p class='ocr_par' dir='ltr' id='par_1_90' title="bbox 1751 4110 3339 4181">
     <span class='ocr_line' id='line_1_90' title="bbox 1751 4110 3339 4181; baseline -0.004 -6"><span class='ocrx_word' id='word_1_658' title='bbox 1751 4110 1983 4175; x_wconf 62' lang='lat' dir='ltr'><strong>ste&#39;rium</strong></span> <span class='ocrx_word' id='word_1_659' title='bbox 2016 4110 2131 4171; x_wconf 84' lang='lat' dir='ltr'><strong>tum</strong></span> <span class='ocrx_word' id='word_1_660' title='bbox 2166 4114 2332 4168; x_wconf 89' lang='lat' dir='ltr'><strong>fuisse</strong></span> <span class='ocrx_word' id='word_1_661' title='bbox 2368 4110 2674 4181; x_wconf 85' lang='lat' dir='ltr'><strong>subjectum</strong></span> <span class='ocrx_word' id='word_1_662' title='bbox 2704 4113 3038 4168; x_wconf 88' lang='lat' dir='ltr'><strong>monasterio</strong></span> <span class='ocrx_word' id='word_1_663' title='bbox 3063 4111 3339 4169; x_wconf 88' lang='lat' dir='ltr'><strong>Tutelensi</strong></span> 
     </span>
    </p>
   </div>
   <div class='ocr_carea' id='block_1_91' title="bbox 1748 4180 3344 4246">
    <p class='ocr_par' dir='ltr' id='par_1_91' title="bbox 1748 4180 3344 4246">
     <span class='ocr_line' id='line_1_91' title="bbox 1748 4180 3344 4246; baseline -0.004 0"><span class='ocrx_word' id='word_1_664' title='bbox 1748 4198 1805 4246; x_wconf 87' lang='lat' dir='ltr'><strong>et</strong></span> <span class='ocrx_word' id='word_1_665' title='bbox 1856 4188 2124 4246; x_wconf 87' lang='lat' dir='ltr'><strong>coloniam</strong></span> <span class='ocrx_word' id='word_1_666' title='bbox 2165 4199 2286 4242; x_wconf 91' lang='lat' dir='ltr'><strong>esse</strong></span> <span class='ocrx_word' id='word_1_667' title='bbox 2324 4180 2629 4239; x_wconf 90' lang='lat' dir='ltr'><strong>Tutelensis</strong></span> <span class='ocrx_word' id='word_1_668' title='bbox 2672 4183 3007 4238; x_wconf 88' lang='lat' dir='ltr'><strong>monasterii.</strong></span> <span class='ocrx_word' id='word_1_669' title='bbox 3051 4183 3344 4246; x_wconf 78' lang='lat' dir='ltr'><strong>Distingnit</strong></span> 
     </span>
    </p>
   </div>
   <div class='ocr_carea' id='block_1_92' title="bbox 1749 4253 3338 4316">
    <p class='ocr_par' dir='ltr' id='par_1_92' title="bbox 1749 4253 3338 4316">
     <span class='ocr_line' id='line_1_92' title="bbox 1749 4253 3338 4316; baseline -0.005 0"><span class='ocrx_word' id='word_1_670' title='bbox 1749 4270 1929 4316; x_wconf 90' lang='lat' dir='ltr'><strong>autem</strong></span> <span class='ocrx_word' id='word_1_671' title='bbox 1973 4256 2277 4313; x_wconf 88' lang='lat' dir='ltr'><strong>Bernardus</strong></span> <span class='ocrx_word' id='word_1_672' title='bbox 2320 4267 2502 4309; x_wconf 85' lang='lat' dir='ltr'><strong>comes</strong></span> <span class='ocrx_word' id='word_1_673' title='bbox 2545 4253 2689 4308; x_wconf 89' lang='lat' dir='ltr'><strong>inter</strong></span> <span class='ocrx_word' id='word_1_674' title='bbox 2721 4253 3028 4309; x_wconf 68' lang='lat' dir='ltr'><strong>cmnohium</strong></span> <span class='ocrx_word' id='word_1_675' title='bbox 3071 4261 3127 4310; x_wconf 91' lang='lat' dir='ltr'><strong>et</strong></span> <span class='ocrx_word' id='word_1_676' title='bbox 3167 4253 3338 4310; x_wconf 85' lang='lat' dir='ltr'><strong>abha—</strong></span> 
     </span>
    </p>
   </div>
   <div class='ocr_carea' id='block_1_93' title="bbox 1750 4322 3341 4397">
    <p class='ocr_par' dir='ltr' id='par_1_93' title="bbox 1750 4322 3341 4397">
     <span class='ocr_line' id='line_1_93' title="bbox 1750 4322 3341 4397; baseline -0.004 -11"><span class='ocrx_word' id='word_1_677' title='bbox 1750 4333 1912 4397; x_wconf 81' lang='lat' dir='ltr'><strong>tiam,</strong></span> <span class='ocrx_word' id='word_1_678' title='bbox 1959 4344 2022 4384; x_wconf 88' lang='lat' dir='ltr'><strong>ea</strong></span> <span class='ocrx_word' id='word_1_679' title='bbox 2065 4326 2317 4381; x_wconf 90' lang='lat' dir='ltr'><strong>videlicet</strong></span> <span class='ocrx_word' id='word_1_680' title='bbox 2358 4324 2424 4379; x_wconf 90' lang='lat' dir='ltr'><strong>de</strong></span> <span class='ocrx_word' id='word_1_681' title='bbox 2474 4338 2635 4379; x_wconf 91' lang='lat' dir='ltr'><strong>causa</strong></span> <span class='ocrx_word' id='word_1_682' title='bbox 2676 4322 2818 4397; x_wconf 86' lang='lat' dir='ltr'><strong>quod</strong></span> <span class='ocrx_word' id='word_1_683' title='bbox 2860 4325 3061 4380; x_wconf 91' lang='lat' dir='ltr'><strong>veteris</strong></span> <span class='ocrx_word' id='word_1_684' title='bbox 3110 4324 3341 4381; x_wconf 77' lang='lat' dir='ltr'><strong>ahbatiae</strong></span> 
     </span>
    </p>
   </div>
   <div class='ocr_carea' id='block_1_94' title="bbox 1748 4393 3337 4471">
    <p class='ocr_par' dir='ltr' id='par_1_94' title="bbox 1748 4393 3337 4471">
     <span class='ocr_line' id='line_1_94' title="bbox 1748 4393 3337 4471; baseline -0.007 -13"><span class='ocrx_word' id='word_1_685' title='bbox 1748 4393 2293 4471; x_wconf 10' lang='lat' dir='ltr'><strong>hona&#39;penesgipsum</strong></span> <span class='ocrx_word' id='word_1_686' title='bbox 2334 4403 2535 4471; x_wconf 81' lang='lat' dir='ltr'><strong>essent,</strong></span> <span class='ocrx_word' id='word_1_687' title='bbox 2561 4393 2868 4471; x_wconf 72' lang='lat' dir='ltr'><strong>coenobium</strong></span> <span class='ocrx_word' id='word_1_688' title='bbox 2906 4410 3037 4449; x_wconf 90' lang='lat' dir='ltr'><strong>vero</strong></span> <span class='ocrx_word' id='word_1_689' title='bbox 3080 4404 3200 4471; x_wconf 73' lang='lat' dir='ltr'><strong>tum</strong></span> <span class='ocrx_word' id='word_1_690' title='bbox 3248 4410 3337 4471; x_wconf 63' lang='lat' dir='ltr'><strong>re-</strong></span> 
     </span>
    </p>
   </div>
   <div class='ocr_carea' id='block_1_95' title="bbox 1749 4462 3339 4534">
    <p class='ocr_par' dir='ltr' id='par_1_95' title="bbox 1749 4462 3339 4534">
     <span class='ocr_line' id='line_1_95' title="bbox 1749 4462 3339 4534; baseline -0.004 -9"><span class='ocrx_word' id='word_1_691' title='bbox 1749 4462 1936 4528; x_wconf 75' lang='lat' dir='ltr'><strong>centcr</strong></span> <span class='ocrx_word' id='word_1_692' title='bbox 1980 4462 2343 4525; x_wconf 80' lang='lat' dir='ltr'><strong>aedificaretur</strong></span> <span class='ocrx_word' id='word_1_693' title='bbox 2384 4465 2450 4520; x_wconf 90' lang='lat' dir='ltr'><strong>ad</strong></span> <span class='ocrx_word' id='word_1_694' title='bbox 2496 4463 2833 4534; x_wconf 86' lang='lat' dir='ltr'><strong>recipiendos</strong></span> <span class='ocrx_word' id='word_1_695' title='bbox 2884 4464 3214 4534; x_wconf 53' lang='lat' dir='ltr'><strong>monachos.</strong></span> <span class='ocrx_word' id='word_1_696' title='bbox 3246 4462 3339 4519; x_wconf 91' lang='lat' dir='ltr'><strong>Sic</strong></span> 
     </span>
    </p>
   </div>
   <div class='ocr_carea' id='block_1_96' title="bbox 1748 4532 3337 4599">
    <p class='ocr_par' dir='ltr' id='par_1_96' title="bbox 1748 4532 3337 4599">
     <span class='ocr_line' id='line_1_96' title="bbox 1748 4532 3337 4599; baseline -0.006 0"><span class='ocrx_word' id='word_1_697' title='bbox 1748 4544 2051 4599; x_wconf 80' lang='lat' dir='ltr'><strong>Adem‘arus</strong></span> <span class='ocrx_word' id='word_1_698' title='bbox 2088 4539 2390 4595; x_wconf 90' lang='lat' dir='ltr'><strong>vicecomes</strong></span> <span class='ocrx_word' id='word_1_699' title='bbox 2440 4532 2723 4591; x_wconf 74' lang='lat' dir='ltr'><strong>Scalarum</strong></span> <span class='ocrx_word' id='word_1_700' title='bbox 2759 4534 3146 4590; x_wconf 89' lang='lat' dir='ltr'><strong>monasterium</strong></span> <span class='ocrx_word' id='word_1_701' title='bbox 3173 4532 3337 4590; x_wconf 89' lang='lat' dir='ltr'><strong>Tute-</strong></span> 
     </span>
    </p>
   </div>
   <div class='ocr_carea' id='block_1_97' title="bbox 65 4603 3366 4682">
    <p class='ocr_par' dir='ltr' id='par_1_97' title="bbox 65 4603 3366 4682">
     <span class='ocr_line' id='line_1_97' title="bbox 65 4603 3366 4682; baseline 0 -25"><span class='ocrx_word' id='word_1_702' title='bbox 65 4605 180 4659; x_wconf 68' lang='lat' dir='ltr'><strong>;ine</strong></span> <span class='ocrx_word' id='word_1_703' title='bbox 202 4603 417 4682; x_wconf 75' lang='lat' dir='ltr'><strong>militia.</strong></span> <span class='ocrx_word' id='word_1_704' title='bbox 449 4603 952 4682; x_wconf 60' lang='lat' dir='ltr'><strong>Demunfnonnulla</strong></span> <span class='ocrx_word' id='word_1_705' title='bbox 989 4619 1145 4665; x_wconf 92' lang='lat' dir='ltr'><strong>erant</strong></span> <span class='ocrx_word' id='word_1_706' title='bbox 1167 4625 1289 4682; x_wconf 77' lang='lat' dir='ltr'><strong>quae</strong></span> <span class='ocrx_word' id='word_1_707' title='bbox 1314 4630 1332 4662; x_wconf 74' lang='grc' dir='ltr'><strong>ι</strong></span> <span class='ocrx_word' id='word_1_708' title='bbox 1352 4626 1453 4667; x_wconf 90' lang='lat' dir='ltr'><strong>nec</strong></span> <span class='ocrx_word' id='word_1_709' title='bbox 1476 4613 1640 4680; x_wconf 89' lang='lat' dir='ltr'><strong>dona,</strong></span> <span class='ocrx_word' id='word_1_710' title='bbox 1670 4622 1722 4682; x_wconf 78' lang='grc' dir='ltr'>ι)</span> <span class='ocrx_word' id='word_1_711' title='bbox 1749 4613 1896 4669; x_wconf 91' lang='lat' dir='ltr'><strong>Iense</strong></span> <span class='ocrx_word' id='word_1_712' title='bbox 1927 4610 2175 4668; x_wconf 82' lang='lat' dir='ltr'><strong>distinxit</strong></span> <span class='ocrx_word' id='word_1_713' title='bbox 2198 4609 2254 4664; x_wconf 92' lang='lat' dir='ltr'><strong>in</strong></span> <span class='ocrx_word' id='word_1_714' title='bbox 2276 4615 2517 4682; x_wconf 75' lang='lat' dir='ltr'><strong>veterem</strong></span> <span class='ocrx_word' id='word_1_715' title='bbox 2540 4604 2812 4660; x_wconf 86' lang='lat' dir='ltr'><strong>abhatiam</strong></span> <span class='ocrx_word' id='word_1_716' title='bbox 2841 4612 2897 4658; x_wconf 91' lang='lat' dir='ltr'><strong>et</strong></span> <span class='ocrx_word' id='word_1_717' title='bbox 2924 4606 3335 4682; x_wconf 80' lang='lat' dir='ltr'><strong>monasterium.</strong></span> <span class='ocrx_word' id='word_1_718' title='bbox 3360 4638 3366 4645; x_wconf 71' lang='grc' dir='ltr'><strong><em>ο</em></strong></span> 
     </span>
    </p>
   </div>
   <div class='ocr_carea' id='block_1_98' title="bbox 66 4674 1641 4753">
    <p class='ocr_par' dir='ltr' id='par_1_98' title="bbox 66 4674 1641 4753">
     <span class='ocr_line' id='line_1_98' title="bbox 66 4674 1641 4753; baseline 0.006 -24"><span class='ocrx_word' id='word_1_719' title='bbox 66 4690 162 4753; x_wconf 67' lang='lat' dir='ltr'><strong>ree</strong></span> <span class='ocrx_word' id='word_1_720' title='bbox 191 4674 458 4753; x_wconf 76' lang='lat' dir='ltr'><strong>militiam,</strong></span> <span class='ocrx_word' id='word_1_721' title='bbox 487 4679 581 4733; x_wconf 89' lang='lat' dir='ltr'><strong>sed</strong></span> <span class='ocrx_word' id='word_1_722' title='bbox 610 4679 753 4753; x_wconf 78' lang='lat' dir='ltr'><strong>solas</strong></span> <span class='ocrx_word' id='word_1_723' title='bbox 783 4681 1056 4753; x_wconf 80' lang='lat' dir='ltr'><strong>orationes</strong></span> <span class='ocrx_word' id='word_1_724' title='bbox 1084 4674 1381 4753; x_wconf 46' lang='lat' dir='ltr'><strong>pro-salute</strong></span> <span class='ocrx_word' id='word_1_725' title='bbox 1406 4674 1641 4753; x_wconf 58' lang='lat' dir='ltr'><strong>impera;</strong></span> 
     </span>
    </p>
   </div>
   <div class='ocr_carea' id='block_1_99' title="bbox 70 4745 1639 4821">
    <p class='ocr_par' dir='ltr' id='par_1_99' title="bbox 70 4745 1639 4821">
     <span class='ocr_line' id='line_1_99' title="bbox 70 4745 1639 4821; baseline 0.008 -23"><span class='ocrx_word' id='word_1_726' title='bbox 70 4746 197 4800; x_wconf 90' lang='lat' dir='ltr'><strong>oris</strong></span> <span class='ocrx_word' id='word_1_727' title='bbox 226 4745 320 4821; x_wconf 89' lang='lat' dir='ltr'><strong>vel_</strong></span> <span class='ocrx_word' id='word_1_728' title='bbox 354 4746 586 4821; x_wconf 79' lang='lat' dir='ltr'><strong>filiorum</strong></span> <span class='ocrx_word' id='word_1_729' title='bbox 631 4748 750 4817; x_wconf 90' lang='lat' dir='ltr'><strong>ejus</strong></span> <span class='ocrx_word' id='word_1_730' title='bbox 787 4765 848 4804; x_wconf 79' lang='lat' dir='ltr'><strong>ac</strong></span> <span class='ocrx_word' id='word_1_731' title='bbox 895 4745 1185 4806; x_wconf 75' lang='lat' dir='ltr'><strong>stabilitate</strong></span> <span class='ocrx_word' id='word_1_732' title='bbox 1228 4752 1436 4821; x_wconf 88' lang='lat' dir='ltr'><strong>imperii</strong></span> <span class='ocrx_word' id='word_1_733' title='bbox 1477 4745 1639 4809; x_wconf 83' lang='lat' dir='ltr'><strong>debe—</strong></span> 
     </span>
    </p>
   </div>
   <div class='ocr_carea' id='block_1_100' title="bbox 66 4815 1637 4891">
    <p class='ocr_par' dir='ltr' id='par_1_100' title="bbox 66 4815 1637 4891">
     <span class='ocr_line' id='line_1_100' title="bbox 66 4815 1637 4891; baseline 0.008 -24"><span class='ocrx_word' id='word_1_734' title='bbox 66 4824 226 4891; x_wconf 62' lang='lat' dir='ltr'><strong>i_an_t._</strong></span> <span class='ocrx_word' id='word_1_735' title='bbox 249 4834 267 4867; x_wconf 72' lang='grc' dir='ltr'><strong>ι</strong></span> <span class='ocrx_word' id='word_1_736' title='bbox 301 4815 358 4871; x_wconf 83' lang='grc' dir='ltr'><strong>1η</strong></span> <span class='ocrx_word' id='word_1_737' title='bbox 397 4818 502 4891; x_wconf 78' lang='lat' dir='ltr'><strong>his,</strong></span> <span class='ocrx_word' id='word_1_738' title='bbox 533 4815 731 4890; x_wconf 67' lang='lat' dir='ltr'><strong>praeter</strong></span> <span class='ocrx_word' id='word_1_739' title='bbox 772 4836 837 4876; x_wconf 89' lang='lat' dir='ltr'><strong>ea</strong></span> <span class='ocrx_word' id='word_1_740' title='bbox 882 4837 999 4891; x_wconf 67' lang='lat' dir='ltr'><strong>quae</strong></span> <span class='ocrx_word' id='word_1_741' title='bbox 1044 4815 1538 4878; x_wconf 76' lang='lat' dir='ltr'><strong>commemorantur</strong></span> <span class='ocrx_word' id='word_1_742' title='bbox 1584 4826 1637 4880; x_wconf 91' lang='lat' dir='ltr'><strong>in</strong></span> 
     </span>
    </p>
   </div>
   <div class='ocr_carea' id='block_1_101' title="bbox 65 4885 1640 4960">
    <p class='ocr_par' dir='ltr' id='par_1_101' title="bbox 65 4885 1640 4960">
     <span class='ocr_line' id='line_1_101' title="bbox 65 4885 1640 4960; baseline 0.008 -22"><span class='ocrx_word' id='word_1_743' title='bbox 65 4885 263 4960; x_wconf 56' lang='lat' dir='ltr'><strong>iiotitia</strong></span> <span class='ocrx_word' id='word_1_744' title='bbox 292 4887 454 4960; x_wconf 88' lang='lat' dir='ltr'><strong>paulo</strong></span> <span class='ocrx_word' id='word_1_745' title='bbox 482 4885 730 4960; x_wconf 78' lang='lat' dir='ltr'><strong>superius</strong></span> <span class='ocrx_word' id='word_1_746' title='bbox 763 4885 1000 4953; x_wconf 77' lang='lat' dir='ltr'><strong>laudata.</strong></span> <span class='ocrx_word' id='word_1_747' title='bbox 1031 4891 1134 4946; x_wconf 82' lang='lat' dir='ltr'><strong>fuit</strong></span> <span class='ocrx_word' id='word_1_748' title='bbox 1162 4893 1326 4946; x_wconf 91' lang='lat' dir='ltr'><strong>etiam</strong></span> <span class='ocrx_word' id='word_1_749' title='bbox 1353 4893 1640 4951; x_wconf 86' lang='lat' dir='ltr'><strong>Tutelense</strong></span> 
     </span>
    </p>
   </div>
   <div class='ocr_carea' id='block_1_102' title="bbox 68 4955 1640 5026">
    <p class='ocr_par' dir='ltr' id='par_1_102' title="bbox 68 4955 1640 5026">
     <span class='ocr_line' id='line_1_102' title="bbox 68 4955 1640 5026; baseline 0.006 -15"><span class='ocrx_word' id='word_1_750' title='bbox 68 4975 106 5011; x_wconf 85' lang='grc' dir='ltr'><strong>ιι</strong></span> <span class='ocrx_word' id='word_1_751' title='bbox 160 4955 564 5026; x_wconf 65' lang='lat' dir='ltr'><strong>Lemovicibus,</strong></span> <span class='ocrx_word' id='word_1_752' title='bbox 594 4969 653 5016; x_wconf 90' lang='lat' dir='ltr'><strong>ut</strong></span> <span class='ocrx_word' id='word_1_753' title='bbox 692 4961 852 5017; x_wconf 81' lang='lat' dir='ltr'><strong>fidem</strong></span> <span class='ocrx_word' id='word_1_754' title='bbox 900 4961 1027 5017; x_wconf 84' lang='lat' dir='ltr'><strong>facit</strong></span> <span class='ocrx_word' id='word_1_755' title='bbox 1076 4962 1129 5016; x_wconf 92' lang='lat' dir='ltr'><strong>in</strong></span> <span class='ocrx_word' id='word_1_756' title='bbox 1178 4970 1500 5018; x_wconf 89' lang='lat' dir='ltr'><strong>testamento</strong></span> <span class='ocrx_word' id='word_1_757' title='bbox 1542 4980 1640 5021; x_wconf 88' lang='lat' dir='ltr'><strong>suo</strong></span> 
     </span>
    </p>
   </div>
   <div class='ocr_carea' id='block_1_103' title="bbox 65 5026 1642 5093">
    <p class='ocr_par' dir='ltr' id='par_1_103' title="bbox 65 5026 1642 5093">
     <span class='ocr_line' id='line_1_103' title="bbox 65 5026 1642 5093; baseline 0.007 -14"><span class='ocrx_word' id='word_1_758' title='bbox 65 5026 381 5093; x_wconf 64' lang='lat' dir='ltr'><strong>tdemarus,</strong></span> <span class='ocrx_word' id='word_1_759' title='bbox 408 5030 711 5088; x_wconf 89' lang='lat' dir='ltr'><strong>vicecomes</strong></span> <span class='ocrx_word' id='word_1_760' title='bbox 739 5031 1019 5088; x_wconf 89' lang='lat' dir='ltr'><strong>Scalarum</strong></span> <span class='ocrx_word' id='word_1_761' title='bbox 1049 5042 1105 5087; x_wconf 88' lang='lat' dir='ltr'><strong>et</strong></span> <span class='ocrx_word' id='word_1_762' title='bbox 1135 5032 1303 5088; x_wconf 88' lang='lat' dir='ltr'><strong>abbas</strong></span> <span class='ocrx_word' id='word_1_763' title='bbox 1330 5032 1498 5089; x_wconf 90' lang='lat' dir='ltr'><strong>laicus</strong></span> <span class='ocrx_word' id='word_1_764' title='bbox 1527 5051 1642 5090; x_wconf 86' lang='lat' dir='ltr'><strong>mo-</strong></span> 
     </span>
    </p>
   </div>
   <div class='ocr_carea' id='block_1_104' title="bbox 65 5098 1636 5175">
    <p class='ocr_par' dir='ltr' id='par_1_104' title="bbox 65 5098 1636 5175">
     <span class='ocr_line' id='line_1_104' title="bbox 65 5098 1636 5175; baseline 0.006 -24"><span class='ocrx_word' id='word_1_765' title='bbox 65 5098 290 5175; x_wconf 73' lang='lat' dir='ltr'><strong>nasterii</strong></span> <span class='ocrx_word' id='word_1_766' title='bbox 326 5099 650 5175; x_wconf 74' lang='lat' dir='ltr'><strong>Tutelensis.</strong></span> <span class='ocrx_word' id='word_1_767' title='bbox 690 5102 887 5175; x_wconf 68' lang='lat' dir='ltr'><strong>t_Sunt</strong></span> <span class='ocrx_word' id='word_1_768' title='bbox 914 5111 1094 5175; x_wconf 79' lang='lat' dir='ltr'><strong>autem</strong></span> <span class='ocrx_word' id='word_1_769' title='bbox 1137 5104 1412 5175; x_wconf 85' lang='lat' dir='ltr'><strong>monachi,</strong></span> <span class='ocrx_word' id='word_1_770' title='bbox 1443 5105 1636 5175; x_wconf 88' lang='lat' dir='ltr'><strong>inquit,</strong></span> 
     </span>
    </p>
   </div>
   <div class='ocr_carea' id='block_1_105' title="bbox 68 5169 1639 5241">
    <p class='ocr_par' dir='ltr' id='par_1_105' title="bbox 68 5169 1639 5241">
     <span class='ocr_line' id='line_1_105' title="bbox 68 5169 1639 5241; baseline 0.006 -21"><span class='ocrx_word' id='word_1_771' title='bbox 68 5184 120 5241; x_wconf 88' lang='lat' dir='ltr'><strong>n_</strong></span> <span class='ocrx_word' id='word_1_772' title='bbox 139 5169 449 5241; x_wconf 77' lang='lat' dir='ltr'><strong>munburdo</strong></span> <span class='ocrx_word' id='word_1_773' title='bbox 472 5173 617 5241; x_wconf 79' lang='lat' dir='ltr'><strong>regis</strong></span> <span class='ocrx_word' id='word_1_774' title='bbox 639 5174 706 5229; x_wconf 91' lang='lat' dir='ltr'><strong>ad</strong></span> <span class='ocrx_word' id='word_1_775' title='bbox 731 5173 908 5230; x_wconf 83' lang='lat' dir='ltr'><strong>locum</strong></span> <span class='ocrx_word' id='word_1_776' title='bbox 941 5173 1145 5228; x_wconf 89' lang='lat' dir='ltr'><strong>salvum</strong></span> <span class='ocrx_word' id='word_1_777' title='bbox 1174 5173 1500 5239; x_wconf 86' lang='lat' dir='ltr'><strong>faciendum,</strong></span> <span class='ocrx_word' id='word_1_778' title='bbox 1518 5169 1639 5230; x_wconf 62' lang='lat' dir='ltr'><strong>&#39;nou</strong></span> 
     </span>
    </p>
   </div>
   <div class='ocr_carea' id='block_1_106' title="bbox 65 5238 1640 5323">
    <p class='ocr_par' dir='ltr' id='par_1_106' title="bbox 65 5238 1640 5323">
     <span class='ocr_line' id='line_1_106' title="bbox 65 5238 1640 5323; baseline 0.007 -33"><span class='ocrx_word' id='word_1_779' title='bbox 65 5238 124 5323; x_wconf 49' lang='lat' dir='ltr'><strong>id</strong></span> <span class='ocrx_word' id='word_1_780' title='bbox 159 5238 363 5323; x_wconf 75' lang='lat' dir='ltr'><strong>aliquid</strong></span> <span class='ocrx_word' id='word_1_781' title='bbox 390 5238 969 5323; x_wconf 37' lang='lat' dir='ltr'><strong>persolvendumhnisi</strong></span> <span class='ocrx_word' id='word_1_782' title='bbox 1004 5244 1147 5323; x_wconf 75' lang='lat' dir='ltr'><strong>solas</strong></span> <span class='ocrx_word' id='word_1_783' title='bbox 1176 5245 1468 5323; x_wconf 76' lang='lat' dir='ltr'><strong>orationes.</strong></span> <span class='ocrx_word' id='word_1_784' title='bbox 1510 5266 1552 5323; x_wconf 39' lang='grc' dir='ltr'><strong>ι</strong></span> <span class='ocrx_word' id='word_1_785' title='bbox 1566 5246 1640 5302; x_wconf 87' lang='lat' dir='ltr'><strong>De</strong></span> 
     </span>
    </p>
   </div>
   <div class='ocr_carea' id='block_1_107' title="bbox 65 5308 1640 5371">
    <p class='ocr_par' dir='ltr' id='par_1_107' title="bbox 65 5308 1640 5371">
     <span class='ocr_line' id='line_1_107' title="bbox 65 5308 1640 5371; baseline 0.004 -8"><span class='ocrx_word' id='word_1_786' title='bbox 65 5308 357 5365; x_wconf 69' lang='lat' dir='ltr'><strong>Barlatensi</strong></span> <span class='ocrx_word' id='word_1_787' title='bbox 389 5308 442 5366; x_wconf 87' lang='lat' dir='ltr'><strong>in</strong></span> <span class='ocrx_word' id='word_1_788' title='bbox 468 5312 795 5370; x_wconf 89' lang='lat' dir='ltr'><strong>Petrocoriis</strong></span> <span class='ocrx_word' id='word_1_789' title='bbox 812 5308 980 5370; x_wconf 76' lang='lat' dir='ltr'><strong>Iidem</strong></span> <span class='ocrx_word' id='word_1_790' title='bbox 1027 5314 1157 5370; x_wconf 86' lang='lat' dir='ltr'><strong>facit</strong></span> <span class='ocrx_word' id='word_1_791' title='bbox 1188 5315 1271 5371; x_wconf 91' lang='lat' dir='ltr'><strong>his</strong></span> <span class='ocrx_word' id='word_1_792' title='bbox 1306 5317 1486 5370; x_wconf 87' lang='lat' dir='ltr'><strong>verbis</strong></span> <span class='ocrx_word' id='word_1_793' title='bbox 1518 5317 1640 5370; x_wconf 83' lang='lat' dir='ltr'><strong>Ber-</strong></span> 
     </span>
    </p>
   </div>
   <div class='ocr_carea' id='block_1_108' title="bbox 66 5381 1640 5456">
    <p class='ocr_par' dir='ltr' id='par_1_108' title="bbox 66 5381 1640 5456">
     <span class='ocr_line' id='line_1_108' title="bbox 66 5381 1640 5456; baseline 0.005 -24"><span class='ocrx_word' id='word_1_794' title='bbox 66 5381 294 5456; x_wconf 73' lang='lat' dir='ltr'><strong>i_ardus,</strong></span> <span class='ocrx_word' id='word_1_795' title='bbox 344 5396 528 5456; x_wconf 72' lang='lat' dir='ltr'><strong>comes</strong></span> <span class='ocrx_word' id='word_1_796' title='bbox 573 5385 1031 5450; x_wconf 88' lang='lat' dir='ltr'><strong>Petrocoriorum,</strong></span> <span class='ocrx_word' id='word_1_797' title='bbox 1084 5387 1175 5456; x_wconf 84' lang='lat' dir='ltr'><strong>qui</strong></span> <span class='ocrx_word' id='word_1_798' title='bbox 1223 5387 1322 5441; x_wconf 86' lang='lat' dir='ltr'><strong>sub</strong></span> <span class='ocrx_word' id='word_1_799' title='bbox 1370 5386 1640 5443; x_wconf 87' lang='lat' dir='ltr'><strong>Ludovico</strong></span> 
     </span>
    </p>
   </div>
   <div class='ocr_carea' id='block_1_109' title="bbox 65 5450 1636 5528">
    <p class='ocr_par' dir='ltr' id='par_1_109' title="bbox 65 5450 1636 5528">
     <span class='ocr_line' id='line_1_109' title="bbox 65 5450 1636 5528; baseline 0.006 -24"><span class='ocrx_word' id='word_1_800' title='bbox 65 5450 447 5528; x_wconf 75' lang='lat' dir='ltr'><strong>fransmarino</strong></span> <span class='ocrx_word' id='word_1_801' title='bbox 483 5454 684 5521; x_wconf 87' lang='lat' dir='ltr'><strong>ﬂoruit,</strong></span> <span class='ocrx_word' id='word_1_802' title='bbox 717 5465 1009 5528; x_wconf 12' lang='lat' dir='ltr'><strong>postquam,</strong></span> <span class='ocrx_word' id='word_1_803' title='bbox 1048 5450 1301 5528; x_wconf 68' lang='lat' dir='ltr'><strong>praefatus</strong></span> <span class='ocrx_word' id='word_1_804' title='bbox 1334 5467 1415 5512; x_wconf 91' lang='lat' dir='ltr'><strong>est</strong></span> <span class='ocrx_word' id='word_1_805' title='bbox 1455 5474 1514 5512; x_wconf 87' lang='lat' dir='ltr'><strong>se</strong></span> <span class='ocrx_word' id='word_1_806' title='bbox 1550 5474 1636 5513; x_wconf 88' lang='lat' dir='ltr'><strong>re-</strong></span> 
     </span>
    </p>
   </div>
   <div class='ocr_carea' id='block_1_110' title="bbox 65 5523 1640 5599">
    <p class='ocr_par' dir='ltr' id='par_1_110' title="bbox 65 5523 1640 5599">
     <span class='ocr_line' id='line_1_110' title="bbox 65 5523 1640 5599; baseline 0.007 -27"><span class='ocrx_word' id='word_1_807' title='bbox 65 5523 485 5599; x_wconf 56' lang='lat' dir='ltr'><strong>.taupm.velle</strong></span> <span class='ocrx_word' id='word_1_808' title='bbox 531 5523 917 5599; x_wconf 71' lang='lat' dir='ltr'><strong>monasterium</strong></span> <span class='ocrx_word' id='word_1_809' title='bbox 961 5523 1132 5582; x_wconf 78' lang='lat' dir='ltr'><strong>illud:</strong></span> <span class='ocrx_word' id='word_1_810' title='bbox 1188 5547 1207 5579; x_wconf 75' lang='grc' dir='ltr'><strong>ι</strong></span> <span class='ocrx_word' id='word_1_811' title='bbox 1255 5527 1424 5599; x_wconf 84' lang='lat' dir='ltr'><strong>Igitur</strong></span> <span class='ocrx_word' id='word_1_812' title='bbox 1487 5529 1640 5584; x_wconf 85' lang='lat' dir='ltr'><strong>trado</strong></span> 
     </span>
    </p>
   </div>
   <div class='ocr_carea' id='block_1_111' title="bbox 65 5590 1636 5654">
    <p class='ocr_par' dir='ltr' id='par_1_111' title="bbox 65 5590 1636 5654">
     <span class='ocr_line' id='line_1_111' title="bbox 65 5590 1636 5654; baseline 0.007 -11"><span class='ocrx_word' id='word_1_813' title='bbox 65 5590 345 5648; x_wconf 67' lang='lat' dir='ltr'><strong>iraefatum</strong></span> <span class='ocrx_word' id='word_1_814' title='bbox 369 5593 546 5651; x_wconf 89' lang='lat' dir='ltr'><strong>locum</strong></span> <span class='ocrx_word' id='word_1_815' title='bbox 578 5598 775 5653; x_wconf 89' lang='lat' dir='ltr'><strong>domno</strong></span> <span class='ocrx_word' id='word_1_816' title='bbox 803 5598 975 5653; x_wconf 76' lang='grc' dir='ltr'>ι)ιίοηί</span> <span class='ocrx_word' id='word_1_817' title='bbox 1003 5607 1059 5653; x_wconf 83' lang='lat' dir='ltr'><strong>et</strong></span> <span class='ocrx_word' id='word_1_818' title='bbox 1091 5590 1515 5654; x_wconf 48' lang='lat' dir='ltr'><strong>domnovAdacio</strong></span> <span class='ocrx_word' id='word_1_819' title='bbox 1541 5601 1636 5654; x_wconf 85' lang='lat' dir='ltr'><strong>ab-</strong></span> 
     </span>
    </p>
   </div>
   <div class='ocr_carea' id='block_1_112' title="bbox 65 5662 1639 5739">
    <p class='ocr_par' dir='ltr' id='par_1_112' title="bbox 65 5662 1639 5739">
     <span class='ocr_line' id='line_1_112' title="bbox 65 5662 1639 5739; baseline 0.006 -23"><span class='ocrx_word' id='word_1_820' title='bbox 65 5662 274 5718; x_wconf 57' lang='lat' dir='ltr'><strong>batibus</strong></span> <span class='ocrx_word' id='word_1_821' title='bbox 292 5671 349 5739; x_wconf 87' lang='lat' dir='ltr'><strong>e_t</strong></span> <span class='ocrx_word' id='word_1_822' title='bbox 374 5668 656 5739; x_wconf 83' lang='lat' dir='ltr'><strong>monachis</strong></span> <span class='ocrx_word' id='word_1_823' title='bbox 681 5684 818 5739; x_wconf 92' lang='lat' dir='ltr'><strong>quos</strong></span> <span class='ocrx_word' id='word_1_824' title='bbox 840 5669 910 5723; x_wconf 89' lang='lat' dir='ltr'><strong>ibi</strong></span> <span class='ocrx_word' id='word_1_825' title='bbox 935 5669 1023 5723; x_wconf 91' lang='lat' dir='ltr'><strong>vel</strong></span> <span class='ocrx_word' id='word_1_826' title='bbox 1054 5668 1376 5725; x_wconf 84' lang='lat' dir='ltr'><strong>adduxerim</strong></span> <span class='ocrx_word' id='word_1_827' title='bbox 1402 5669 1484 5724; x_wconf 85' lang='lat' dir='ltr'><strong>vel</strong></span> <span class='ocrx_word' id='word_1_828' title='bbox 1510 5685 1639 5725; x_wconf 54' lang='lat' dir='ltr'><strong>con.</strong></span> 
     </span>
    </p>
   </div>
   <div class='ocr_carea' id='block_1_113' title="bbox 65 5734 1639 5811">
    <p class='ocr_par' dir='ltr' id='par_1_113' title="bbox 65 5734 1639 5811">
     <span class='ocr_line' id='line_1_113' title="bbox 65 5734 1639 5811; baseline 0.007 -26"><span class='ocrx_word' id='word_1_829' title='bbox 65 5734 419 5811; x_wconf 68' lang='lat' dir='ltr'><strong>gregaverint,</strong></span> <span class='ocrx_word' id='word_1_830' title='bbox 452 5746 513 5792; x_wconf 90' lang='lat' dir='ltr'><strong>ut</strong></span> <span class='ocrx_word' id='word_1_831' title='bbox 536 5734 787 5794; x_wconf 65' lang='lat' dir='ltr'><strong>videlicet</strong></span> <span class='ocrx_word' id='word_1_832' title='bbox 828 5740 929 5811; x_wconf 88' lang='lat' dir='ltr'><strong>ipsi</strong></span> <span class='ocrx_word' id='word_1_833' title='bbox 970 5748 1026 5794; x_wconf 90' lang='lat' dir='ltr'><strong>et</strong></span> <span class='ocrx_word' id='word_1_834' title='bbox 1066 5754 1423 5811; x_wconf 83' lang='lat' dir='ltr'><strong>successores</strong></span> <span class='ocrx_word' id='word_1_835' title='bbox 1452 5755 1639 5796; x_wconf 86' lang='lat' dir='ltr'><strong>eorum</strong></span> 
     </span>
    </p>
   </div>
   <div class='ocr_carea' id='block_1_114' title="bbox 66 5807 1640 5879">
    <p class='ocr_par' dir='ltr' id='par_1_114' title="bbox 66 5807 1640 5879">
     <span class='ocr_line' id='line_1_114' title="bbox 66 5807 1640 5879; baseline 0.006 -24"><span class='ocrx_word' id='word_1_836' title='bbox 66 5807 499 5879; x_wconf 61' lang='lat' dir='ltr'><strong>atit__c(enobium</strong></span> <span class='ocrx_word' id='word_1_837' title='bbox 522 5824 685 5879; x_wconf 85' lang='lat' dir='ltr'><strong>quam</strong></span> <span class='ocrx_word' id='word_1_838' title='bbox 707 5807 922 5865; x_wconf 80' lang='lat' dir='ltr'><strong>omnem</strong></span> <span class='ocrx_word' id='word_1_839' title='bbox 948 5811 1215 5865; x_wconf 88' lang='lat' dir='ltr'><strong>abhatiam</strong></span> <span class='ocrx_word' id='word_1_840' title='bbox 1238 5810 1356 5866; x_wconf 89' lang='lat' dir='ltr'><strong>sine</strong></span> <span class='ocrx_word' id='word_1_841' title='bbox 1378 5810 1486 5864; x_wconf 89' lang='lat' dir='ltr'><strong>ulla</strong></span> <span class='ocrx_word' id='word_1_842' title='bbox 1511 5826 1640 5865; x_wconf 81' lang='lat' dir='ltr'><strong>con-</strong></span> 
     </span>
    </p>
   </div>
   <div class='ocr_carea' id='block_1_115' title="bbox 70 5874 1635 5955">
    <p class='ocr_par' dir='ltr' id='par_1_115' title="bbox 70 5874 1635 5955">
     <span class='ocr_line' id='line_1_115' title="bbox 70 5874 1635 5955; baseline 0.007 -26"><span class='ocrx_word' id='word_1_843' title='bbox 70 5874 381 5955; x_wconf 85' lang='lat' dir='ltr'><strong>radictione</strong></span> <span class='ocrx_word' id='word_1_844' title='bbox 412 5874 651 5947; x_wconf 74' lang='lat' dir='ltr'><strong>teneant,</strong></span> <span class='ocrx_word' id='word_1_845' title='bbox 691 5889 747 5936; x_wconf 91' lang='lat' dir='ltr'><strong>ut</strong></span> <span class='ocrx_word' id='word_1_846' title='bbox 776 5890 896 5955; x_wconf 83' lang='lat' dir='ltr'><strong>post</strong></span> <span class='ocrx_word' id='word_1_847' title='bbox 934 5881 1147 5937; x_wconf 89' lang='lat' dir='ltr'><strong>illorum</strong></span> <span class='ocrx_word' id='word_1_848' title='bbox 1176 5881 1475 5937; x_wconf 87' lang='lat' dir='ltr'><strong>discessum</strong></span> <span class='ocrx_word' id='word_1_849' title='bbox 1504 5898 1635 5954; x_wconf 86' lang='lat' dir='ltr'><strong>qua-</strong></span> 
     </span>
    </p>
   </div>
   <div class='ocr_carea' id='block_1_116' title="bbox 1748 4675 3336 4758">
    <p class='ocr_par' dir='ltr' id='par_1_116' title="bbox 1748 4675 3336 4758">
     <span class='ocr_line' id='line_1_116' title="bbox 1748 4675 3336 4758; baseline -0.008 -18"><span class='ocrx_word' id='word_1_850' title='bbox 1748 4685 1807 4740; x_wconf 91' lang='lat' dir='ltr'><strong>ln</strong></span> <span class='ocrx_word' id='word_1_851' title='bbox 1832 4683 2022 4758; x_wconf 83' lang='lat' dir='ltr'><strong>Anglia</strong></span> <span class='ocrx_word' id='word_1_852' title='bbox 2054 4676 2552 4758; x_wconf 68' lang='lat' dir='ltr'><strong>quoquenonnulla</strong></span> <span class='ocrx_word' id='word_1_853' title='bbox 2579 4683 2745 4758; x_wconf 68' lang='lat' dir='ltr'><strong>erant</strong></span> <span class='ocrx_word' id='word_1_854' title='bbox 2774 4675 3139 4758; x_wconf 65' lang='lat' dir='ltr'><strong>monasteria,</strong></span> <span class='ocrx_word' id='word_1_855' title='bbox 3161 4675 3336 4758; x_wconf 70' lang='lat' dir='ltr'><strong>soluta</strong></span> 
     </span>
    </p>
   </div>
   <div class='ocr_carea' id='block_1_117' title="bbox 1747 4744 3336 4828">
    <p class='ocr_par' dir='ltr' id='par_1_117' title="bbox 1747 4744 3336 4828">
     <span class='ocr_line' id='line_1_117' title="bbox 1747 4744 3336 4828; baseline -0.007 -18"><span class='ocrx_word' id='word_1_856' title='bbox 1747 4765 1796 4828; x_wconf 70' lang='lat' dir='ltr'><strong>et</strong></span> <span class='ocrx_word' id='word_1_857' title='bbox 1820 4744 1997 4828; x_wconf 53' lang='lat' dir='ltr'><strong>quieta</strong></span> <span class='ocrx_word' id='word_1_858' title='bbox 2038 4744 2116 4828; x_wconf 33' lang='lat' dir='ltr'><strong>ab.</strong></span> <span class='ocrx_word' id='word_1_859' title='bbox 2140 4744 2382 4828; x_wconf 57' lang='lat' dir='ltr'><strong>pmnigus</strong></span> <span class='ocrx_word' id='word_1_860' title='bbox 2421 4744 2771 4828; x_wconf 62' lang='lat' dir='ltr'><strong>aescularibue</strong></span> <span class='ocrx_word' id='word_1_861' title='bbox 2817 4745 3060 4827; x_wconf 60' lang='lat' dir='ltr'><strong>servitiis,</strong></span> <span class='ocrx_word' id='word_1_862' title='bbox 3086 4755 3151 4828; x_wconf 80' lang='lat' dir='ltr'><strong>ut</strong></span> <span class='ocrx_word' id='word_1_863' title='bbox 3179 4745 3336 4828; x_wconf 76' lang='lat' dir='ltr'><strong>docet</strong></span> 
     </span>
    </p>
   </div>
   <div class='ocr_carea' id='block_1_118' title="bbox 1748 4817 3333 4896">
    <p class='ocr_par' dir='ltr' id='par_1_118' title="bbox 1748 4817 3333 4896">
     <span class='ocr_line' id='line_1_118' title="bbox 1748 4817 3333 4896; baseline -0.005 -16"><span class='ocrx_word' id='word_1_864' title='bbox 1748 4817 2038 4896; x_wconf 79' lang='lat' dir='ltr'><strong>Ingulphus</strong></span> <span class='ocrx_word' id='word_1_865' title='bbox 2071 4822 2240 4896; x_wconf 81' lang='lat' dir='ltr'><strong>abbas</strong></span> <span class='ocrx_word' id='word_1_866' title='bbox 2265 4817 2715 4896; x_wconf 85' lang='lat' dir='ltr'><strong>_Croylandensis,</strong></span> <span class='ocrx_word' id='word_1_867' title='bbox 2756 4817 2912 4886; x_wconf 89' lang='lat' dir='ltr'><strong>cujus</strong></span> <span class='ocrx_word' id='word_1_868' title='bbox 2946 4817 3333 4872; x_wconf 87' lang='lat' dir='ltr'><strong>monasterium</strong></span> 
     </span>
    </p>
   </div>
   <div class='ocr_carea' id='block_1_119' title="bbox 1750 4890 2977 4969">
    <p class='ocr_par' dir='ltr' id='par_1_119' title="bbox 1750 4890 2977 4969">
     <span class='ocr_line' id='line_1_119' title="bbox 1750 4890 2977 4969; baseline 0.002 -20"><span class='ocrx_word' id='word_1_869' title='bbox 1750 4890 1837 4969; x_wconf 67' lang='lat' dir='ltr'><strong>illa</strong></span> <span class='ocrx_word' id='word_1_870' title='bbox 1868 4890 2119 4969; x_wconf 55' lang='lat' dir='ltr'><strong>libertate</strong></span> <span class='ocrx_word' id='word_1_871' title='bbox 2145 4890 2442 4969; x_wconf 75' lang='lat' dir='ltr'><strong>fruebatur.</strong></span> <span class='ocrx_word' id='word_1_872' title='bbox 2630 4953 2732 4969; x_wconf 46' lang='lat' dir='ltr'><strong>nm</strong></span> <span class='ocrx_word' id='word_1_873' title='bbox 2824 4964 2835 4969; x_wconf 28' lang='grc' dir='ltr'><strong><em>Δ</em></strong></span> <span class='ocrx_word' id='word_1_874' title='bbox 2886 4955 2920 4969; x_wconf 48' lang='grc' dir='ltr'><strong><em>ῃ</em></strong></span> <span class='ocrx_word' id='word_1_875' title='bbox 2965 4956 2977 4969; x_wconf 56' lang='grc'><em>,</em></span> 
     </span>
    </p>
   </div>
   <div class='ocr_carea' id='block_1_120' title="bbox 1818 4953 3333 5026">
    <p class='ocr_par' dir='ltr' id='par_1_120' title="bbox 1818 4953 3333 5026">
     <span class='ocr_line' id='line_1_120' title="bbox 1818 4953 3333 5026; baseline -0.004 -7"><span class='ocrx_word' id='word_1_876' title='bbox 1818 4967 1849 5008; x_wconf 79' lang='lat' dir='ltr'><strong>b</strong></span> <span class='ocrx_word' id='word_1_877' title='bbox 1890 4963 2007 5020; x_wconf 83' lang='lat' dir='ltr'><strong>Hoc</strong></span> <span class='ocrx_word' id='word_1_878' title='bbox 2029 4980 2189 5018; x_wconf 85' lang='lat' dir='ltr'><strong>anno.</strong></span> <span class='ocrx_word' id='word_1_879' title='bbox 2229 4960 2288 5017; x_wconf 93' lang='lat' dir='ltr'><strong>Id</strong></span> <span class='ocrx_word' id='word_1_880' title='bbox 2320 4968 2423 5026; x_wconf 90' lang='lat' dir='ltr'><strong>est,</strong></span> <span class='ocrx_word' id='word_1_881' title='bbox 2457 4971 2602 5012; x_wconf 89' lang='lat' dir='ltr'><strong>anno</strong></span> <span class='ocrx_word' id='word_1_882' title='bbox 2629 4953 2752 5018; x_wconf 75' lang='lat'><strong>845,</strong></span> <span class='ocrx_word' id='word_1_883' title='bbox 2781 4964 2842 5011; x_wconf 91' lang='lat' dir='ltr'><strong>ut</strong></span> <span class='ocrx_word' id='word_1_884' title='bbox 2870 4955 3123 5026; x_wconf 78' lang='lat' dir='ltr'><strong>diximus.</strong></span> <span class='ocrx_word' id='word_1_885' title='bbox 3146 4957 3333 5026; x_wconf 83' lang='lat' dir='ltr'><strong>Itaque</strong></span> 
     </span>
    </p>
   </div>
   <div class='ocr_carea' id='block_1_121' title="bbox 1749 5024 3334 5099">
    <p class='ocr_par' dir='ltr' id='par_1_121' title="bbox 1749 5024 3334 5099">
     <span class='ocr_line' id='line_1_121' title="bbox 1749 5024 3334 5099; baseline -0.006 -6"><span class='ocrx_word' id='word_1_886' title='bbox 1749 5039 1875 5094; x_wconf 88' lang='lat' dir='ltr'><strong>hinc</strong></span> <span class='ocrx_word' id='word_1_887' title='bbox 1904 5035 2162 5092; x_wconf 86' lang='lat' dir='ltr'><strong>discimus</strong></span> <span class='ocrx_word' id='word_1_888' title='bbox 2190 5040 2373 5086; x_wconf 88' lang='lat' dir='ltr'><strong>votum</strong></span> <span class='ocrx_word' id='word_1_889' title='bbox 2400 5024 2563 5099; x_wconf 88' lang='lat' dir='ltr'><strong>quod,</strong></span> <span class='ocrx_word' id='word_1_890' title='bbox 2594 5026 2855 5083; x_wconf 88' lang='lat' dir='ltr'><strong>suadente</strong></span> <span class='ocrx_word' id='word_1_891' title='bbox 2881 5024 3194 5094; x_wconf 60' lang='lat' dir='ltr'><strong>Hincm&#39;aro,</strong></span> <span class='ocrx_word' id='word_1_892' title='bbox 3232 5024 3334 5084; x_wconf 80' lang='lat' dir='ltr'><strong>Ca—</strong></span> 
     </span>
    </p>
   </div>
   <div class='ocr_carea' id='block_1_122' title="bbox 1748 5098 3334 5180">
    <p class='ocr_par' dir='ltr' id='par_1_122' title="bbox 1748 5098 3334 5180">
     <span class='ocr_line' id='line_1_122' title="bbox 1748 5098 3334 5180; baseline -0.006 -16"><span class='ocrx_word' id='word_1_893' title='bbox 1748 5108 1895 5164; x_wconf 85' lang='lat' dir='ltr'><strong>rolus</strong></span> <span class='ocrx_word' id='word_1_894' title='bbox 1927 5098 2583 5180; x_wconf 36' lang='lat' dir='ltr'><strong>Calvusmconcepit’apud</strong></span> <span class='ocrx_word' id='word_1_895' title='bbox 2623 5105 2870 5180; x_wconf 74' lang='lat' dir='ltr'><strong>sanctum</strong></span> <span class='ocrx_word' id='word_1_896' title='bbox 2909 5098 3246 5172; x_wconf 85' lang='lat' dir='ltr'><strong>Dionysium,</strong></span> <span class='ocrx_word' id='word_1_897' title='bbox 3275 5110 3334 5154; x_wconf 91' lang='lat' dir='ltr'><strong>ut</strong></span> 
     </span>
    </p>
   </div>
   <div class='ocr_carea' id='block_1_123' title="bbox 1750 5172 3331 5249">
    <p class='ocr_par' dir='ltr' id='par_1_123' title="bbox 1750 5172 3331 5249">
     <span class='ocr_line' id='line_1_123' title="bbox 1750 5172 3331 5249; baseline -0.008 -15"><span class='ocrx_word' id='word_1_898' title='bbox 1750 5176 2076 5249; x_wconf 15' lang='lat' dir='ltr'><strong>inrepistola</strong></span> <span class='ocrx_word' id='word_1_899' title='bbox 2105 5174 2176 5229; x_wconf 73' lang='grc'><strong>42</strong></span> <span class='ocrx_word' id='word_1_900' title='bbox 2202 5172 2385 5241; x_wconf 88' lang='lat' dir='ltr'><strong>Lupus</strong></span> <span class='ocrx_word' id='word_1_901' title='bbox 2430 5176 2677 5233; x_wconf 85' lang='lat' dir='ltr'><strong>testatur,</strong></span> <span class='ocrx_word' id='word_1_902' title='bbox 2721 5172 2977 5225; x_wconf 90' lang='lat' dir='ltr'><strong>emissum</strong></span> <span class='ocrx_word' id='word_1_903' title='bbox 3024 5184 3145 5226; x_wconf 90' lang='lat' dir='ltr'><strong>esse</strong></span> <span class='ocrx_word' id='word_1_904' title='bbox 3191 5186 3331 5224; x_wconf 80' lang='lat' dir='ltr'><strong>anno</strong></span> 
     </span>
    </p>
   </div>
   <div class='ocr_carea' id='block_1_124' title="bbox 1745 5248 3331 5382">
    <p class='ocr_par' dir='ltr' id='par_1_124' title="bbox 1745 5248 3331 5382">
     <span class='ocr_line' id='line_1_124' title="bbox 1745 5248 3331 5382; baseline -0.005 -10"><span class='ocrx_word' id='word_1_905' title='bbox 1745 5248 2165 5382; x_wconf 44' lang='lat' dir='ltr'><strong>8‘§.Superiore</strong></span> <span class='ocrx_word' id='word_1_906' title='bbox 2194 5329 2355 5367; x_wconf 84' lang='lat' dir='ltr'><strong>anno.</strong></span> <span class='ocrx_word' id='word_1_907' title='bbox 2396 5310 2510 5367; x_wconf 82' lang='lat' dir='ltr'><strong>Hoc</strong></span> <span class='ocrx_word' id='word_1_908' title='bbox 2541 5318 2646 5382; x_wconf 86' lang='lat' dir='ltr'><strong>est,</strong></span> <span class='ocrx_word' id='word_1_909' title='bbox 2676 5325 2821 5366; x_wconf 88' lang='lat' dir='ltr'><strong>anno</strong></span> <span class='ocrx_word' id='word_1_910' title='bbox 2844 5310 2969 5367; x_wconf 69' lang='grc'><strong>844.</strong></span> <span class='ocrx_word' id='word_1_911' title='bbox 3002 5310 3188 5382; x_wconf 85' lang='lat' dir='ltr'><strong>Itaque</strong></span> <span class='ocrx_word' id='word_1_912' title='bbox 3219 5320 3331 5365; x_wconf 89' lang='lat' dir='ltr'><strong>tum</strong></span> 
     </span>
    </p>
   </div>
   <div class='ocr_carea' id='block_1_125' title="bbox 1747 5381 3329 5470">
    <p class='ocr_par' dir='ltr' id='par_1_125' title="bbox 1747 5381 3329 5470">
     <span class='ocr_line' id='line_1_125' title="bbox 1747 5381 3329 5470; baseline -0.006 -25"><span class='ocrx_word' id='word_1_913' title='bbox 1747 5390 1927 5470; x_wconf 80' lang='lat' dir='ltr'><strong>Lupus</strong></span> <span class='ocrx_word' id='word_1_914' title='bbox 1956 5381 2221 5470; x_wconf 80' lang='lat' dir='ltr'><strong>legatione</strong></span> <span class='ocrx_word' id='word_1_915' title='bbox 2257 5385 2311 5438; x_wconf 92' lang='lat' dir='ltr'><strong>in</strong></span> <span class='ocrx_word' id='word_1_916' title='bbox 2350 5381 2659 5453; x_wconf 87' lang='lat' dir='ltr'><strong>Burgundia</strong></span> <span class='ocrx_word' id='word_1_917' title='bbox 2690 5381 2908 5438; x_wconf 88' lang='lat' dir='ltr'><strong>functus</strong></span> <span class='ocrx_word' id='word_1_918' title='bbox 2936 5391 3020 5439; x_wconf 89' lang='lat' dir='ltr'><strong>est</strong></span> <span class='ocrx_word' id='word_1_919' title='bbox 3041 5382 3197 5453; x_wconf 88' lang='lat' dir='ltr'><strong>jussu</strong></span> <span class='ocrx_word' id='word_1_920' title='bbox 3224 5382 3329 5437; x_wconf 81' lang='lat' dir='ltr'><strong>Ca-</strong></span> 
     </span>
    </p>
   </div>
   <div class='ocr_carea' id='block_1_126' title="bbox 1749 5462 3333 5603">
    <p class='ocr_par' dir='ltr' id='par_1_126' title="bbox 1749 5462 3333 5603">
     <span class='ocr_line' id='line_1_126' title="bbox 1749 5462 3333 5603; baseline -0.001 -21"><span class='ocrx_word' id='word_1_921' title='bbox 1749 5462 1848 5569; x_wconf 50' lang='lat' dir='ltr'><strong>rm;</strong></span> <span class='ocrx_word' id='word_1_922' title='bbox 1881 5475 2372 5603; x_wconf 40' lang='lat' dir='ltr'><strong>ﬁguramque</strong></span> <span class='ocrx_word' id='word_1_923' title='bbox 2410 5522 2724 5603; x_wconf 64' lang='lat' dir='ltr'><strong>chartulam.</strong></span> <span class='ocrx_word' id='word_1_924' title='bbox 2765 5523 2821 5579; x_wconf 90' lang='lat' dir='ltr'><strong>Id</strong></span> <span class='ocrx_word' id='word_1_925' title='bbox 2855 5534 2958 5592; x_wconf 87' lang='lat' dir='ltr'><strong>est,</strong></span> <span class='ocrx_word' id='word_1_926' title='bbox 2991 5526 3333 5603; x_wconf 76' lang='lat' dir='ltr'><strong>Exhortatio-</strong></span> 
     </span>
    </p>
   </div>
   <div class='ocr_carea' id='block_1_127' title="bbox 1751 5594 3329 5669">
    <p class='ocr_par' dir='ltr' id='par_1_127' title="bbox 1751 5594 3329 5669">
     <span class='ocr_line' id='line_1_127' title="bbox 1751 5594 3329 5669; baseline -0.006 -12"><span class='ocrx_word' id='word_1_927' title='bbox 1751 5616 1873 5657; x_wconf 88' lang='lat' dir='ltr'><strong>nem</strong></span> <span class='ocrx_word' id='word_1_928' title='bbox 1927 5594 2231 5669; x_wconf 52' lang='lat' dir='ltr'><strong>ad&#39;regem</strong></span> <span class='ocrx_word' id='word_1_929' title='bbox 2267 5594 2519 5669; x_wconf 68' lang='lat' dir='ltr'><strong>Carolum</strong></span> <span class='ocrx_word' id='word_1_930' title='bbox 2540 5594 2574 5661; x_wconf 80' lang='lat'><strong>,&#39;</strong></span> <span class='ocrx_word' id='word_1_931' title='bbox 2601 5605 2725 5669; x_wconf 88' lang='lat' dir='ltr'><strong>post</strong></span> <span class='ocrx_word' id='word_1_932' title='bbox 2752 5596 3329 5669; x_wconf 6' lang='lat' dir='ltr'><strong>pacceptam_cladem.</strong></span> 
     </span>
    </p>
   </div>
   <div class='ocr_carea' id='block_1_128' title="bbox 1748 5664 3331 5748">
    <p class='ocr_par' dir='ltr' id='par_1_128' title="bbox 1748 5664 3331 5748">
     <span class='ocr_line' id='line_1_128' title="bbox 1748 5664 3331 5748; baseline -0.004 -21"><span class='ocrx_word' id='word_1_933' title='bbox 1748 5673 1954 5748; x_wconf 36' lang='lat' dir='ltr'><strong>Itaque.</strong></span> <span class='ocrx_word' id='word_1_934' title='bbox 1978 5664 2242 5748; x_wconf 63' lang='lat' dir='ltr'><strong>Ludovici</strong></span> <span class='ocrx_word' id='word_1_935' title='bbox 2276 5664 2493 5748; x_wconf 57' lang='lat' dir='ltr'><strong>judicio</strong></span> <span class='ocrx_word' id='word_1_936' title='bbox 2526 5664 2810 5737; x_wconf 73' lang='lat' dir='ltr'><strong>permittit,</strong></span> <span class='ocrx_word' id='word_1_937' title='bbox 2847 5664 2923 5748; x_wconf 74' lang='lat' dir='ltr'><strong>an</strong></span> <span class='ocrx_word' id='word_1_938' title='bbox 2959 5683 3025 5748; x_wconf 76' lang='lat' dir='ltr'><strong>ea</strong></span> <span class='ocrx_word' id='word_1_939' title='bbox 3062 5666 3331 5748; x_wconf 70' lang='lat' dir='ltr'><strong>Exhorta-</strong></span> 
     </span>
    </p>
   </div>
   <div class='ocr_carea' id='block_1_129' title="bbox 1750 5735 3331 5813">
    <p class='ocr_par' dir='ltr' id='par_1_129' title="bbox 1750 5735 3331 5813">
     <span class='ocr_line' id='line_1_129' title="bbox 1750 5735 3331 5813; baseline -0.003 -15"><span class='ocrx_word' id='word_1_940' title='bbox 1750 5744 1824 5798; x_wconf 93' lang='lat' dir='ltr'><strong>tio</strong></span> <span class='ocrx_word' id='word_1_941' title='bbox 1845 5735 1959 5812; x_wconf 81' lang='lat' dir='ltr'><strong>regi</strong></span> <span class='ocrx_word' id='word_1_942' title='bbox 2004 5739 2277 5796; x_wconf 90' lang='lat' dir='ltr'><strong>reddenda</strong></span> <span class='ocrx_word' id='word_1_943' title='bbox 2318 5738 2409 5793; x_wconf 91' lang='lat' dir='ltr'><strong>sit.</strong></span> <span class='ocrx_word' id='word_1_944' title='bbox 2453 5735 2543 5792; x_wconf 61' lang='lat' dir='ltr'><strong>Ea&#39;</strong></span> <span class='ocrx_word' id='word_1_945' title='bbox 2577 5747 2758 5793; x_wconf 89' lang='lat' dir='ltr'><strong>autem</strong></span> <span class='ocrx_word' id='word_1_946' title='bbox 2804 5747 2984 5795; x_wconf 86' lang='lat' dir='ltr'><strong>exstat</strong></span> <span class='ocrx_word' id='word_1_947' title='bbox 3012 5739 3066 5793; x_wconf 90' lang='lat' dir='ltr'><strong>in</strong></span> <span class='ocrx_word' id='word_1_948' title='bbox 3103 5735 3331 5813; x_wconf 84' lang='lat' dir='ltr'><strong>epistola</strong></span> 
     </span>
    </p>
   </div>
   <div class='ocr_carea' id='block_1_130' title="bbox 1748 5813 2013 5886">
    <p class='ocr_par' dir='ltr' id='par_1_130' title="bbox 1748 5813 2013 5886">
     <span class='ocr_line' id='line_1_130' title="bbox 1748 5813 2013 5886; baseline -0.015 -15"><span class='ocrx_word' id='word_1_949' title='bbox 1748 5813 2013 5886; x_wconf 87' lang='lat' dir='ltr'><strong>sequenti.</strong></span> 
     </span>
    </p>
   </div>
  </div>
