3902 6300
570 409 675 468 tae
1140 368 1141 371 γ
1603 415 1662 469 B.
1706 413 1763 469 s.
1807 413 1961 471 LUPI
2003 411 2295 469 ABBATIS
2338 408 2839 468 FERRARIENSIS
3662 416 3722 471 sa

570 544 844 587 memores
876 530 1066 601 primae
1108 532 1359 586 amicitia:
1402 539 1605 586 nostrm
1625 531 1735 602 61
1765 545 1948 600 quasso
1980 544 2048 585 ne
2078 529 2159 585 di-
2186 529 2235 590 Α
2265 528 2389 582 dum
2436 529 2507 583 sit
2549 529 2842 583 debeamus
2886 525 3178 597 inquirere,
3206 534 3261 580 et
3292 541 3409 581 cum
3447 527 3721 597 invenerinns,

568 622 806 694 gnemini
832 624 1134 692 aspernari.
1159 622 1483 694 Exiguitatis
1520 638 1654 679 mete
1690 623 1919 694 benigne
1948 636 2154 678 memo-
2261 628 2473 677 matura
2513 619 2861 677 festinatione
2891 618 3177 688 perlicere,
3204 627 3261 673 et
3287 618 3423 688 quod
3449 620 3528 674 diu
3552 633 3723 690 apparan-

567 727 661 769 res
702 714 839 769 bene
878 729 975 769 vos
1014 713 1194 770 valere
1234 715 1393 785 cupio
1413 756 1427 779 ,
1456 721 1513 769 et
1540 713 1608 769 ad
1640 713 1906 770 bonorum
1945 713 2153 770 emolu.
2260 712 2385 766 dum
2414 711 2484 767 sit
2508 711 2706 768 bellum
2732 721 2793 765 ut
2813 710 3067 766 celeriter
3093 710 3339 765 vincatur
3365 709 3579 783 (Sallust.
3602 715 3641 767 in
3656 714 3722 767 Ca-

568 812 813 860 mentum
842 805 1119 876 prosperis
1145 814 1362 875 semper
1391 805 1577 876 augeri
1609 804 1937 861 sucessibus.
2261 802 2455 874 tiliaa).
2483 802 2611 857 Haec
2649 802 2888 858 breviter
2915 800 3220 857 celsitudini
3260 810 3444 856 vestrm
3474 805 3670 873 suggessi,
3693 820 3724 860 ut

1052 931 1390 994 EplsTOLA
1431 932 1671 993 XXXI“.
2190 982 2193 986 l
2258 893 2791 994 divina-ethumana
2843 892 3169 994 auctoritate
3213 891 3341 963 quid
3386 892 3522 994 vobis
3551 894 3724 994 agentium

2257 986 2326 1040 sit
2359 985 2733 1042 indubitanter
2759 985 2994 1055 possetis
3021 998 3364 1056 cognoscere.
3394 984 3486 1039 Det
3508 987 3725 1057 autemipse

608 1146 615 1153 .
869 1070 1216 1111 ειεοετλτω
1254 1070 1323 1109 λθ
1363 1070 1583 1113 υοκκυι
1623 1068 1819 1119 πθεθίο
2057 1128 2066 1135 ,
2260 1072 2399 1131 Deus
2440 1084 2500 1131 ut
2539 1074 2859 1146 spiritaliter
2895 1082 2950 1128 et
2993 1074 3348 1145 corporaliter
3381 1083 3607 1143 quantum
3632 1078 3725 1147 capio

602 1168 1143 1225 -Pra3cellentissime
1171 1168 1404 1232 domine,
1452 1176 1536 1232 et,
1582 1169 1631 1224 si
1681 1168 1865 1225 dicere
1899 1168 2150 1233 audeam,
2252 1167 2499 1224 valeatis.

565 1259 962 1324 amantissime,
994 1259 1180 1314 audita
1210 1273 1381 1328 nuper
1411 1267 1584 1315 status
1607 1259 1771 1315 vestri
1801 1259 2143 1325 adversitate,
2663 1257 2776 1330 ΒΘ
2804 1254 3136 1313 EPISTOLA
3173 1255 3411 1313 XXXIV.

563 1347 824 1404 ineffabili
871 1348 1056 1403 dolore
1101 1348 1356 1404 distabui.
1399 1346 1644 1419 Namque
1684 1364 1895 1404 mecum
1933 1357 2143 1417 reputa-
2288 1406 2291 1407 ν
2666 1360 2691 1388 ιι
2720 1363 2789 1402 an
2817 1364 3108 1406 ALTWINUI
3136 1365 3440 1407 nossenon.

497 1510 509 1525 .
564 1443 687 1498 bam
720 1449 918 1497 vestra:
949 1440 1251 1496 nobilitatis
1280 1439 1536 1506 indolem,
1563 1456 1725 1511 quam
1768 1441 1927 1510 cupio
1973 1440 2150 1495 aetatis
2322 1435 2631 1494 Venerabili
2645 1437 3049 1498 fratriAltwino
3062 1440 3243 1512 Lupus
3262 1442 3739 1519 perpetuamsaluten.

472 1535 503 1615 θ’
564 1537 878 1592 maturitate
901 1552 967 1592 ac
986 1536 1266 1606 sapientiae
1286 1537 1551 1608 gravitate
1575 1536 1961 1600 consummari,
1988 1534 2149 1590 nimis
2321 1528 2378 1584 Si
2439 1536 2589 1585 tanta
2644 1527 2905 1586 facilitate
2962 1530 3157 1587 discuti
3211 1541 3429 1602 possent
3474 1550 3501 1588 a
3550 1550 3726 1606 quoquam

562 1627 854 1682 immature
888 1626 1046 1682 nobis
1082 1624 1341 1681 ablatam.
1376 1626 1433 1681 id
1461 1627 1584 1696 quia
1626 1624 2045 1695 irrecuperabilc
2070 1624 2163 1716 vi;
2248 1629 2449 1693 quanta
2472 1632 2760 1679 moventur
2805 1625 3153 1694 quaestiones,
3214 1626 3345 1683 olim
3388 1628 3454 1684 ad
3495 1642 3728 1685 consumma

459 1754 467 1763 ι
561 1718 808 1784 debetur,
841 1720 1098 1789 quoniam
1139 1719 1192 1774 id
1243 1710 1560 1776 constanter
1588 1718 1750 1775 fallas
1790 1718 1933 1773 fama
1969 1710 2161 1788 iacta:
2248 1720 2357 1779 iam
2379 1711 2607 1768 studiosi
2633 1713 2833 1784 quique
2857 1714 3178 1785 sapientiam
3204 1717 3511 1773 evasissent.
3550 1715 3661 1774 Nunc
3677 1718 3725 1771 lit-

562 1820 668 1876 ret,
703 1820 875 1867 totum
918 1827 1004 1868 me
1043 1829 1167 1868 cum
1208 1813 1469 1870 fratribus
1497 1814 1592 1885 qui
1618 1830 1706 1873 me
1743 1830 1865 1869 cum
1894 1812 2004 1869 Deo
2031 1829 2147 1869 ser-
2248 1812 2489 1860 letarum
2513 1803 2707 1860 Silldiis
2731 1820 2870 1877 pene
2911 1805 3188 1874 οδεοιθίίε,
3239 1818 3436 1880 quotus
3476 1810 3655 1880 quisque
3684 1811 3727 1863 iit

562 1908 677 1961 vire
717 1914 986 1976 satagunt,
1023 1907 1090 1961 ad
1120 1905 1518 1977 impetrandam
1557 1906 1786 1963 salutem
1825 1906 2020 1961 animm
2054 1920 2103 1961 Vt

2182 1905 2222 1964 Β
2246 1896 2422 1951 veniri
2465 1896 2637 1967 possit
2661 1897 2757 1967 qui
2788 1900 2857 1954 de
2878 1898 3266 1970 magistrorum
3323 1900 3585 1975 imperitia,
3625 1900 3723 1955 libra-

561 2006 690 2052 strae
721 1995 1080 2059 contuleram,
1108 1996 1198 2051 cui
1227 1998 1580 2054 vehementer
1613 1998 1867 2052 timebam
1892 2011 2148 2066 quorum-
2254 2006 2373 2045 rum
2401 1988 2651 2059 penuria,
2677 1990 2773 2045 otii
2801 1991 3034 2061 denique
3062 1991 3243 2061 inopia
3264 1993 3456 2050 merito
3488 2008 3579 2048 non
3608 2008 3725 2064 quen-

560 2092 685 2146 dam
712 2105 816 2144 non
844 2089 980 2144 satis
1009 2089 1178 2144 Deum
1207 2091 1506 2146 timentium
1532 2091 1911 2160 persuasiones
1933 2088 2143 2143 obesse.
2253 2080 2373 2135 tllt‘?
2401 2080 2518 2149 Quo
2545 2080 2725 2136 minus
2771 2081 3042 2152 indignari
3099 2082 3237 2138 mihi
3295 2083 3473 2150 debes,
3520 2085 3559 2141 si
3592 2084 3723 2155 pet-exi

559 2182 760 2238 Verum
792 2184 1050 2252 quoniam
1091 2182 1353 2253 sospitate
1390 2191 1569 2238 vestra
1601 2182 1782 2238 donati
1823 2197 2032 2247 sumus,
2065 2181 2100 2236 it

2251 2187 2412 2241 guum
2446 2172 2564 2237 otii,
2591 2171 2735 2243 quod
2760 2172 2892 2228 mihi
2915 2172 3008 2228 vix
3034 2174 3288 2247 obtingit,
3346 2176 3624 2249 indagandis
3658 2191 3724 2245 qua

558 2275 803 2331 credibili
835 2276 1032 2348 gaudio
1062 2274 1276 2345 repleti,
1300 2276 1514 2331 sincera
1552 2274 1658 2331 fide
1685 2273 2024 2343 maiestatem
2055 2289 2147 2331 ve-
2248 2262 2494 2318 ιιθθείεω
2524 2304 2541 2328 ν
2607 2277 2769 2344 quam
2820 2263 3146 2320 νθηιηδηάίε
3195 2281 3319 2336 qua?
3353 2263 3461 2336 iam
3509 2276 3725 2323 εοηεθαιιιδ

558 2376 687 2423 εει-ω
735 2366 1073 2424 celsitudinis
1124 2366 1477 2422 admonemus
1525 2373 1585 2420 ut
1629 2364 1986 2435 omnipotenti
2034 2364 2099 2418 De

2250 2368 2388 2417 sum,
2408 2353 2646 2425 iudicem
2668 2353 3099 2425 expendendum.
3125 2355 3259 2421 Nec,
3310 2365 3372 2413 ut
3422 2357 3602 2427 opinor,
3640 2372 3722 2417 emt

556 2458 843 2514 nobiscum
868 2458 1134 2512 maximas
1161 2448 1367 2527 gratias
1396 2456 1644 2512 habeatis
1667 2464 1721 2511 et
1750 2454 2021 2523 referatis,
2053 2457 2143 2526 qui
2249 2445 2293 2500 Si
2324 2443 2520 2515 quibus
2553 2440 2736 2500 divino
2766 2443 2952 2501 favore
2981 2445 3125 2501 Viam
3153 2446 3515 2519 intelligentiae
3534 2447 3599 2503 vel
3613 2448 3726 2518 aperti

556 2550 715 2606 nobis
744 2557 1006 2621 quantum
1038 2562 1098 2604 se
1127 2563 1313 2604 amare
1341 2548 1586 2605 debeatis
1623 2549 1876 2611 ostendit,
1915 2563 2059 2612 cum,
2086 2564 2097 2601 ι

2248 2536 2332 2592 vel
2356 2536 2654 2607 planiorem
2678 2536 2798 2601 feci,
2829 2552 2992 2608 quam
3025 2540 3401 2609 praecesserim
3445 2540 3649 2611 sequendi
3678 2554 3725 2591 ne

554 2655 692 2713 pace
719 2648 1036 2696 cunctorum
1065 2639 1318 2704 dixerim,
1360 2640 1601 2695 humano
1642 2646 1891 2696 cessante
1920 2639 2095 2694 auxilii

2247 2621 2555 2682 cessitatem
2581 2622 2847 2694 indicam;
2874 2627 2978 2683 hoc
3006 2638 3110 2695 est,
3153 2628 3390 2686 lectione
3436 2628 3648 2702 magistra
3680 2626 3723 2681 nl

558 2733 676 2803 ipse
700 2748 798 2789 vos
825 2740 1081 2803 potenter
1104 2739 1167 2791 et
1187 2731 1275 2800 pie
1311 2731 1569 2796 servavit,
1600 2740 1654 2787 et
1685 2739 1946 2800 quantum
1977 2730 2042 2785 de
2079 2745 2143 2785 eo
2246 2730 2428 2785 utens,
2460 2719 2544 2776 vel
2575 2735 2724 2786 usus,
2756 2721 2801 2776 si
2828 2721 3168 2777 auditoribus
3187 2724 3330 2779 meis
3361 2732 3449 2778 aut
3472 2719 3723 2794 praesentibus

556 2834 888 2897 praesumere
915 2825 1157 2881 debeatis
1188 2822 1537 2879 manifestare
1562 2825 1814 2895 dignatus
1837 2833 1937 2881 est.
1970 2823 2144 2879 Nolite
2247 2812 2298 2868 id
2325 2813 2500 2883 ipsum
2527 2828 2800 2880 sermone.
2828 2821 2924 2869 alii
2974 2813 3295 2871 absentibus
3353 2808 3591 2871 obstinato
3626 2812 3725 2882 impr

558 2917 723 2987 igitur
755 2931 885 2971 casu
915 2916 1193 2971 contrario
1219 2915 1445 2970 nimium
1476 2916 1811 2979 contristari,
1844 2915 1935 2971 sed
1965 2914 2099 2986 polit

2245 2918 2372 2956 nam
2408 2901 2643 2958 silentio.
2677 2900 2923 2958 Obtinuit
2954 2910 3132 2958 tamen
3164 2913 3260 2960 tua
3309 2904 3544 2998 instantia
3577 2912 3724 2972 atque

558 3009 767 3065 credite
792 3010 1048 3066 veridicis
1086 3009 1268 3065 verbis
1312 3007 1427 3077 ejus
1458 3029 1470 3063 :
1509 3009 1636 3065 Sine
1665 3027 1745 3065 me
1774 3009 1902 3065 nihil
1931 3019 2094 3080 potest

2246 2993 2368 3048 dam
2394 3009 2464 3048 ex
2490 2992 2557 3048 iis
2586 3008 2707 3063 qua:
2733 2993 2975 3050 studiose
3005 2994 3270 3065 qutesiisti
3319 2991 3634 3054 enuclearem.
3665 2991 3723 3046 La

555 3102 732 3169 facere
761 3102 946 3171 (Joan.
987 3102 1095 3172 xv).
1130 3101 1196 3156 Et
1229 3121 1242 3155 :
1276 3100 1402 3156 Non
1441 3111 1516 3156 est
1550 3100 1791 3169 volentis,
1824 3118 1987 3172 neque
2024 3117 2096 3155 cu:

2244 3090 2420 3161 cupies
2448 3091 2796 3162 penultimam
2836 3092 3056 3164 genitivi
3082 3094 3388 3166 producere
3416 3096 3491 3152 sic
3517 3095 3626 3167 apud
3658 3092 3724 3146 Pri.

560 3193 738 3252 rantis,
767 3192 882 3263 68
904 3192 995 3247 sed
1037 3193 1326 3246 miserentis
1350 3191 1450 3246 Dei
1485 3191 1657 3263 (Rom.
1687 3192 1787 3263 lx).
1812 3192 1878 3247 Et
1904 3211 1916 3247 :
1949 3191 2143 3247 Omnia
2245 3184 2489 3241 SCianllm
2519 3182 2782 3254 pl‘0ballll‘
2806 3183 2861 3239 in
2896 3183 3036 3241 libro
3060 3200 3116 3252 ν,
3137 3200 3266 3243 cum
3326 3188 3392 3243 de
3428 3187 3669 3243 nominibus
3697 3183 3724 3235 in

556 3267 877 3354 qrirecunque
921 3284 1083 3337 uoluit
1122 3283 1376 3338 Dominus
1418 3284 1538 3353 fecit
1580 3285 1633 3337 in
1679 3284 1805 3338 caelo
1840 3294 1886 3338 et
1915 3284 1967 3337 in
2002 3294 2141 3338 terra
2168 3285 2214 3348 ρ
2244 3293 2298 3330 es
2325 3276 2643 3347 productam
2677 3276 3048 3335 desinentibus
3067 3279 3393 3352 disputaret.
3449 3300 3465 3333 t
3497 3277 3724 3350 Appellatiu

560 3373 733 3438 (Paul.
767 3374 940 3444 exui).
972 3374 1037 3427 Et
1063 3392 1074 3427 :
1103 3372 1287 3427 Omnis
1316 3372 1553 3427 voluntas
1582 3389 1697 3426 mea
1727 3373 1815 3442 ﬁet
1844 3372 1979 3443 (Isa.
2009 3375 2140 3444 Lvt).
2249 3383 2398 3435 vero,
2458 3368 2652 3438 inquit,
2680 3368 2725 3423 si
2761 3370 2869 3424 sint
2911 3368 2978 3426 ad
3027 3370 3279 3428 homines
3332 3372 3631 3444 pertinentia,
3659 3381 3725 3438 qua

558 3462 816 3518 EtzNon
865 3462 1100 3518 intratur
1142 3479 1232 3518 res
1279 3480 1371 3533 per
1417 3464 1638 3517 multam
1682 3465 1922 3518 virtutem
1966 3463 2139 3535 (Psal.
2249 3462 2392 3530 apud
2413 3459 2632 3517 Graecos
2653 3463 2961 3519 communia
2985 3463 3073 3519 vel
3095 3465 3345 3533 mobilia,
3393 3465 3725 3537 apudnostotn-

559 3557 754 3627 χχχιι).
785 3554 889 3612 Et:
926 3554 1049 3610 Non
1079 3566 1154 3610 est
1184 3555 1411 3610 Domino
1440 3556 1643 3611 salvare
1676 3556 1894 3626 difﬁcile
1922 3559 1974 3613 in
2002 3560 2142 3611 mut-
2249 3554 2433 3609 munia
2466 3562 2593 3609 sunt
2612 3563 2674 3609 ut
2713 3556 2900 3623 lateres,
2934 3556 3185 3627 locuples.
3221 3578 3243 3611 ι
3298 3559 3441 3615 Idem
3483 3559 3531 3614 in
3565 3554 3724 3625 septimo.

557 3649 781 3704 titudrne
809 3646 886 3704 vel
910 3648 964 3702 in
990 3647 1172 3719 paucis
1196 3642 1248 3709 (I
1282 3645 1412 3719 Reg.
1456 3647 1588 3719 xlv).
1621 3642 1724 3702 Et:
1759 3646 1861 3713 Qui
1883 3646 2145 3719 gloriﬁcat
2248 3644 2544 3717 penultima
2573 3647 2750 3705 tertiae
2775 3646 3151 3707 declinationis
3204 3650 3423 3721 quando
3467 3646 3643 3724 produci
3672 3640 3723 3697 dt-

557 3758 660 3807 me,
687 3740 991 3811 gloriﬁcabo
1012 3755 1164 3806 cum;
1194 3739 1281 3810 qui
1310 3749 1485 3793 autem
1507 3748 1842 3793 contemnunt
1869 3756 1971 3805 me,
1991 3748 2142 3793 erunt
2250 3736 2372 3791 beat
2397 3751 2481 3792 ve.
2505 3737 2709 3809 corripi
2753 3736 2889 3817 mira
2916 3738 3189 3812 diligentia
3233 3741 3531 3805 ostendens,
3560 3760 3574 3792 ι
3602 3728 3725 3792 Protin-

556 3828 809 3902 ignobiles
840 3829 892 3902 (1
926 3829 1056 3900 Reg.
1096 3829 1179 3900 ιι).
1213 3830 1282 3884 Ει
1318 3838 1501 3900 spreto
1537 3829 1834 3885 carnalium
1882 3829 2142 3893 consilio,
2249 3829 2411 3895 citur,
2438 3829 2636 3899 inquit,
2656 3830 2711 3884 in
2742 3829 2827 3886 bis
2853 3847 3084 3900 quorum
3109 3834 3474 3890 nominativus
3502 3830 3589 3903 1o
3610 3826 3726 3882 initl-

556 3921 624 3976 de
680 3914 878 3990 quibus
939 3918 1172 3974 dicitur:
1214 3918 1464 3974 Dominus
1509 3920 1725 3991 dissipat
1764 3920 1983 3976 consilia
2021 3936 2147 3992 gen-
2250 3932 2370 3991 gum
2397 3920 2598 3976 desinit
2622 3934 2716 3977 seu
2744 3930 2936 3977 natura
2960 3936 3054 3978 seu
3078 3926 3373 3994 positione,
3423 3934 3479 3979 ut
3518 3922 3599 3988 sol,
3638 3917 3724 3975 talia

554 4013 715 4078 tium,
740 4009 980 4081 reprobat
1023 4021 1198 4065 autem
1240 4012 1580 4081 cogitationes
1615 4012 1947 4084 populorum,
1978 4021 2025 4067 et
2066 4030 2144 4068 re-
2248 4012 2448 4083 infans,
2475 4012 2718 4083 infantis.
2746 4012 3103 4086 Excipiuutur
3134 4015 3187 4070 in
3212 4032 3282 4071 on
3304 4014 3574 4073 desinentia
3593 4010 3725 4069 Grati.

557 4104 746 4174 probat
780 4102 1001 4157 consilia
1034 4104 1366 4173 principum;
1397 4105 1670 4159 consilium
1712 4116 1883 4161 autem
1931 4104 2144 4160 Domini
2247 4115 2302 4160 et
2330 4106 2384 4160 in
2417 4122 2446 4159 ο
2472 4114 2582 4160 tam
2602 4105 2797 4161 Latina
2825 4122 2986 4176 quam
3012 4108 3203 4174 notha,
3230 4124 3354 4178 quae
3376 4106 3623 4178 aliquando
3650 4115 3724 4156 cor-

554 4197 613 4249 in
656 4205 905 4249 internum
952 4204 1128 4247 manet
1151 4192 1322 4266 (Psal.
1350 4196 1520 4269 xtlv),
1552 4197 1875 4266 acqttiescite
1916 4198 2144 4253 consilio
2248 4198 2471 4268 ripiunt,
2503 4198 2792 4268 aliquando
2834 4198 3138 4267 producunt
3189 4199 3527 4269 penultimam
3566 4187 3724 4267 geniti“.

556 4280 699 4356 quod
727 4300 823 4355 per
852 4282 1175 4354 Prophetam
1204 4286 1317 4356 ipse
1346 4287 1597 4358 dignatur
1629 4286 1759 4342 dare
1784 4287 2100 4343 mortalibus
2127 4305 2139 4342 :
2248 4291 2516 4347 Praeterea
2538 4291 2591 4345 in
2622 4307 2724 4356 ms,
2751 4291 2833 4347 vel
2863 4290 2940 4357 bs,
2968 4291 3054 4345 vel
3077 4307 3158 4364 ps,
3183 4291 3268 4347 vel
3293 4309 3332 4347 ε
3368 4286 3637 4349 desinentia,
3657 4294 3725 4351 qui

554 4378 712 4432 Jacta
757 4379 1044 4447 cogitatum
1086 4387 1234 4431 tuum
1280 4377 1579 4443 inrDeum,
1620 4388 1666 4433 et
1708 4378 1816 4447 ipse
1859 4387 1907 4432 te
1952 4378 2144 4433 nutriet
2247 4381 2596 4453 penultimam
2623 4382 2841 4454 genitivi
2868 4397 3082 4452 semper
3102 4383 3421 4453 corripiunt.
3437 4380 3550 4437 item
3568 4373 3724 4449 puniti.

557 4467 731 4539 (Psal.
779 4472 909 4541 LIV).
953 4468 1016 4524 Et
1058 4487 1070 4523 :
1110 4466 1389 4539 Sperantes
1427 4471 1479 4523 in
1519 4470 1741 4525 Domino
1783 4471 2143 4525 misericordia
2248 4491 2482 4544 vas,pes,
2500 4473 2674 4540 Ceres,
2690 4490 2918 4545 compos,
2934 4475 3170 4541 bos,-sus,
3185 4490 3336 4546 grus:
3352 4458 3724 4546 έιυερτοώωειιιίλ

556 4564 900 4620 circumdabit
939 4558 1112 4636 (Psal.
1141 4564 1313 4632 χχχι).
1343 4561 1409 4618 Et
1441 4582 1451 4617 :
1481 4563 1613 4619 Cum
1643 4580 1778 4619 esses
1806 4561 2057 4636 parvulus
2089 4565 2142 4619 in
2250 4562 2629 4626 nominativos,
2664 4560 2969 4631 corripiunt
2990 4561 3349 4632 penultimam
3373 4558 3588 4633 genltlvi.
3614 4550 3724 4606 ’ϐων

555 4658 719 4712 oculis
742 4657 870 4723 tuis,
902 4665 1056 4725 caput
1092 4657 1147 4711 in
1198 4655 1434 4711 tribubus
1458 4654 1630 4711 Israel
1658 4656 1829 4727 factus
1860 4673 1913 4711 es
1939 4650 1991 4727 (1
2016 4655 2140 4726 Reg.
2174 4655 2225 4715 D
2251 4651 2415 4722 igitur
2442 4652 2700 4723 producta
2732 4650 3068 4706 nominativo
3095 4650 3181 4708 vel
3202 4658 3396 4707 natura
3425 4650 3499 4706 Vel
3524 4644 3721 4721 positioni.

555 4747 670 4817 xv).
704 4746 809 4800 Et:
843 4744 1074 4799 Immola
1112 4744 1223 4799 Deo
1260 4745 1580 4814 sacriﬁcium
1627 4744 1833 4808 laudis,
1892 4756 1942 4800 et
1988 4747 2144 4801 redde
2241 4744 2574 4814 penultimas
2603 4744 2964 4814 genitivorum
2986 4745 3383 4816 consequenter
3405 4732 3724 4815 pretiuettmt’llis

556 4834 825 4889 Altissimo
851 4846 971 4890 vota
998 4843 1109 4890 tua.
1138 4834 1204 4889 Et
1231 4834 1415 4889 invoca
1439 4845 1521 4888 me
1549 4835 1606 4889 in
1646 4834 1732 4888 die
1752 4835 2141 4891 tribulationis:
2250 4850 2342 4890 sex
2380 4837 2623 4907 exceptis
2647 4836 2979 4903 nominibus,
3011 4853 3133 4907 quae
3164 4836 3323 4905 longa
3351 4830 3644 4892 observantia
3672 4824 3723 4875 de

555 4941 740 4980 eruam
763 4936 830 4990 te,
860 4936 907 4980 et
937 4926 1310 4995 honori/icabis
1336 4942 1416 4981 me
1454 4924 1629 4998 (Psal.
1665 4926 1835 5000 κως).
1872 4926 2141 4983 Praeterea
2249 4930 2516 5000 prehensa
2548 4928 2772 4994 notavit,
2806 4928 3084 5000 quoniam,
3115 4927 3230 5000 ipso
3256 4936 3409 4993 teste,
3443 4920 3629 4993 locuples
3643 4916 3723 4969 ints

558 5025 891 5074 mementote
938 5019 1083 5088 quod
1133 5017 1388 5074 Salomon
1440 5019 1507 5074 ad
1551 5020 1842 5088 regendum
1889 5020 2141 5090 populum
2249 5017 2566 5085 productam
2605 5016 2837 5088 finitur),
2890 5016 3078 5072 eodem
3130 5026 3347 5073 auctore
3394 5013 3596 5088 genitivo
3629 5004 3721 5068 lolii“

557 5106 745 5171 israel,
772 5107 857 5162 cui
883 5108 972 5162 diu
1005 5109 1057 5162 in
1096 5111 1329 5164 maxima
1363 5122 1493 5181 pace
1518 5110 1792 5174 przesedit,
1822 5112 2141 5182 sapientiam
2250 5109 2547 5181 penultima
2575 5108 2901 5179 proferetur.
2946 5108 3099 5176 Quod
3142 5124 3354 5181 possem
3411 5108 3552 5163 etiam
3591 5095 3723 5170 ροειῑω

556 5199 901 5270 potissimum
948 5200 1258 5271 postulavit.
1298 5200 1409 5257 Nec
1446 5202 1719 5272 spernatis
1754 5203 1918 5257 etiam
1959 5218 2145 5258 eorum
2254 5203 2564 5258 testimonio
2587 5203 2932 5268 confirmare,
2960 5204 3062 5267 nisi
3088 5204 3228 5274 apud
3258 5201 3592 5259 contentiosos
3624 5200 3720 5260 quo?

555 5295 899 5350 hortamenta
934 5295 1056 5365 qui,
1098 5295 1267 5350 Deum
1311 5296 1656 5366 ignorantes,
1690 5297 1841 5352 utilia
1884 5313 1989 5351 non
2032 5304 2141 5351 tam
2247 5311 2351 5365 que
2382 5295 2515 5349 tanti
2563 5293 2665 5349 viri
2704 5305 2910 5353 tantum
2938 5302 3121 5364 posset
3173 5295 3477 5350 auctoritas.
3529 5278 3720 5375 Latiale"

557 5386 659 5440 sibi
690 5400 850 5456 quam
879 5388 1035 5443 nobis
1066 5388 1351 5451 viderunt;
1394 5387 1450 5442 in
1480 5388 1674 5457 quibus
1704 5387 1974 5443 invenitur
1996 5390 2141 5457 quod
2248 5395 2450 5451 autem,
2487 5385 2629 5455 quod
2658 5384 2953 5455 penultima
2979 5385 3238 5455 producta
3265 5392 3574 5453 nequaquam
3603 5370 3721 5468 dubii”

557 5485 682 5533 ante
706 5492 865 5548 quam
897 5479 1101 5550 aliquid
1126 5477 1476 5547 incipiamus,
1501 5480 1798 5551 prudenter
1821 5479 1950 5551 quid
1979 5494 2141 5552 agen-
2246 5478 2624 5549 proferendum
2653 5477 2819 5547 (sicut
2849 5477 3106 5547 quoniam
3138 5486 3315 5543 roour,
3351 5475 3534 5531 roboris
3574 5462 3720 5529 ωπίνίο

624 5670 650 5699 ι
682 5657 763 5712 Ad
792 5656 1098 5728 Atticinum.
1155 5656 1475 5713 Monachum
1513 5658 1678 5715 fuisse
1722 5661 1924 5717 indicat
1956 5662 2144 5717 titulus
2248 5661 2438 5715 saltem
2468 5675 2590 5715 cum
2617 5656 2845 5728 epistola
2886 5655 2977 5712 illa
3023 5664 3224 5728 scripta
3274 5666 3377 5723 est,
3430 5651 3718 5728 commonlll?‘

556 5729 835 5797 epistola);
882 5726 1165 5795 cuiusnam
1211 5742 1339 5782 vero
1388 5731 1702 5785 monasterii
1728 5706 1756 5795 ,’
1793 5706 1921 5787 πέει·
2249 5733 2415 5787 fuisse
2439 5731 2492 5787 in
2528 5706 2839 5795 Germania,
2870 5727 3111 5795 adeoque
3134 5706 3451 5784 ltruonacb'um
3485 5723 3618 5797 fuisse

557 5779 1030 5870 ἰνῖίιῖἱὲίῖὶῖαςέέόιὶῖ
1041 5779 1858 5870 sua.nisi:3i‘i'niiuusi
1868 5779 2143 5858 "sensui:
2247 5779 2492 5859 nisi")?
2515 5779 2840 5870 unus;
2857 5779 3434 5856 saeratisranagsg
3480 5792 3527 5848 s.
3566 5779 3716 5845 Benedi'

559 5867 665 5927 sem
687 5868 1019 5924 monachum.
1049 5867 1249 5926 Verum
1297 5886 1359 5924 ex
1402 5870 1627 5939 epistola
1674 5871 1744 5925 20
1800 5881 1947 5933 natet
1995 5888 2140 5937 eum,
2248 5875 2320 5933 cti
2376 5881 2505 5928 tom.
2546 5870 2629 5931 Vl,
2664 5885 2788 5936 pag.
2818 5869 2905 5927 60.
