3902 6300
88 427 202 484 501

1354 392 1391 425 ⁹
1559 412 1935 471 EPISTOLJL.

81 556 206 613 tur,
250 543 434 599 roboro
454 541 639 599 eadem
663 540 954 611 penultima
977 544 1226 608 correpta
1256 536 1676 608 pronuntiatur),
1708 537 1756 595 Α
1782 542 1967 589 contra
1995 533 2275 588 laedentem
2309 532 2592 603 accipitur.
2623 531 2754 584 Cum
2783 528 2926 583 enim
2956 527 3157 583 [Encas
3179 526 3356 582 socios

74 638 335 693 activum
387 650 509 692 esse
567 634 623 690 in
672 632 935 715 Cicerone
990 648 1277 703 possumus
1325 630 1675 692 conﬁrmare,
1733 670 1737 679 .

75 727 237 801 (Cic.
260 726 312 782 in
336 726 427 781 lib.
450 724 513 779 de
535 721 686 779 Orat.
708 728 764 778 et
793 714 885 777 lib.
916 737 934 776 l
960 714 1128 791 Om);
1154 735 1261 790 qua
1288 719 1677 788 signiﬁcatione

71 821 258 876 etiam
322 818 376 873 in
436 815 650 872 Psalmo
695 813 934 885 positum
978 814 1268 869 canimus:
1311 809 1676 881 Multiplicasti

70 908 412 983 locupletare
432 923 545 964 eam
568 905 741 981 (Prol.
767 909 937 979 un).
990 902 1146 975 Apud
1175 912 1535 983 memoratum
1581 915 1674 956 am

68 1011 299 1058 ctorem
332 994 671 1056 Priscianum
696 999 751 1054 in
770 996 886 1067 jam
911 997 1055 1053 dicto
1079 996 1219 1052 libro
1245 1012 1343 1061 vn,
1368 996 1496 1066 quid
1544 1008 1672 1050 sen-

75 1090 120 1145 ti
130 1106 193 1146 re
225 1088 293 1146 de
317 1087 756 1161 pronuntiatione
773 1084 1007 1143 mulieris
1031 1088 1325 1144 debeamus
1344 1086 1672 1157 deprehendi

66 1187 287 1251 potest.
322 1178 384 1235 lu
412 1192 482 1235 eo
506 1179 653 1235 enim
685 1178 740 1234 in
770 1195 828 1233 or
847 1186 1104 1256 correpta
1146 1178 1465 1244 masculina,
1516 1177 1674 1232 femi-

66 1273 241 1340 nina,
270 1270 483 1339 neutra,
507 1276 563 1328 et
582 1270 889 1328 communia
914 1271 1145 1326 inveniri
1167 1269 1318 1335 dicit,
1356 1270 1411 1324 in
1465 1285 1524 1323 er
1578 1284 1673 1324 au-

71 1374 192 1421 tem
220 1365 485 1436 producta
507 1362 696 1422 Graeca
725 1363 1041 1429 masculina,
1074 1373 1131 1417 et
1176 1374 1342 1418 unum
1395 1361 1666 1428 Latinum,

64 1464 133 1509 et
173 1454 349 1527 magis
400 1453 648 1521 nothum,
702 1460 869 1525 atque
919 1454 974 1509 in
994 1453 1384 1524 sequentibus:
1423 1464 1442 1506 t
1480 1453 1666 1509 Corri—

62 1547 285 1616 pientia
312 1587 328 1613 ,
373 1546 548 1617 inquit
577 1586 592 1612 ,
642 1546 1031 1603 nominativum
1074 1545 1128 1600 in
1172 1542 1491 1616 quibusdam
1547 1559 1668 1600 cor-

64 1639 291 1708 ripiunt
322 1638 675 1710 penultimani
732 1639 954 1711 genitivi
1013 1637 1071 1694 in
1110 1637 1430 1708 quibusdam
1466 1637 1666 1708 produc

60 1740 228 1787 cunt.
269 1728 575 1789 Pronoeam
609 1732 665 1788 in
695 1731 751 1786 al
788 1740 842 1787 et
873 1732 931 1787 in
961 1732 1007 1787 el
1040 1740 1253 1799 neutra,
1285 1740 1340 1787 et
1373 1732 1428 1786 in
1451 1747 1515 1786 ar
1528 1746 1662 1786 neu-

60 1827 156 1879 tra
184 1820 500 1879 derivativa.
544 1822 605 1881 ln
627 1840 689 1878 or
703 1836 918 1896 quoque
930 1824 1228 1880 desinentia
1244 1822 1349 1879 alia
1360 1824 1665 1893 producunt

1780 627 1846 681 ad
1875 625 2278 697 repugnandum
2316 625 2541 690 Graecis,
2589 623 2678 694 qui
2734 623 2785 677 iu
2837 638 2985 677 suam
3034 627 3353 692 potestatem

1779 720 1967 775 urbem
2007 719 2344 790 redegerunt,
2388 717 2671 787 animaret,
2700 730 2827 789 usus
2848 722 2931 769 est
2958 727 3023 768 eo
3060 711 3247 777 verbo,
3299 721 3357 765 ut

1742 810 1928 880 ﬁngit
1947 809 2227 881 Virgilius,
2256 822 2363 879 quo
2382 803 2706 877 signiﬁcavit
2748 804 3037 860 vindictam
3084 811 3139 858 et
3200 800 3350 856 ultio-

1776 917 1901 959 nem
1924 916 2142 957 suorum
2171 898 2471 971 gentilium,
2496 897 2588 967 qui
2611 896 2721 967 jam
2761 895 3104 958 occidissent,
3162 900 3217 947 et
3272 891 3353 946 sui

1727 1006 1731 1011 ‘
1777 1004 1902 1048 ante
1923 1008 2087 1064 quam
2116 991 2461 1055 occidissent,
2490 987 2720 1044 viriliter
2745 1002 2775 1042 a
2800 985 3116 1042 laedentibus
3137 982 3350 1054 exigen-

1775 1086 1918 1141 dam.
1951 1084 2079 1139 lllud
2105 1084 2247 1154 quod
2282 1082 2525 1155 sequitur
2580 1089 2800 1151 tangere
2853 1078 3022 1145 nolui,
3071 1075 3242 1131 donec
3300 1076 3351 1129 in

1773 1177 1926 1234 Livio
1949 1175 2607 1249 vigilantiusindagarem.
2652 1168 2920 1242 Propitius
2975 1177 3029 1224 et
3080 1182 3178 1241 per
3226 1167 3355 1223 sibi-

1772 1267 2237 1338 lumpronuntiari
2285 1266 2630 1321 etiamanon
2679 1278 2870 1334 parum
2922 1261 3094 1317 doctis
3140 1275 3353 1330 semper

1772 1361 1969 1423 audivi,
2001 1361 2143 1417 etin
2194 1356 2582 1428 antiquissimis
2628 1352 3025 1425 exemplaribus
3078 1365 3349 1421 nunquam

1769 1454 1873 1510 nisi
1896 1463 2031 1524 pert
2058 1453 2319 1520 scriptum
2354 1448 2553 1506 inveni.
2611 1446 2808 1519 Stupeo
2854 1460 2922 1500 an
2969 1450 3251 1499 convertat
3295 1439 3348 1495 in

1767 1544 2044 1617 praeterito
2065 1560 2099 1597 α
2128 1540 2412 1612 prmaentis
2441 1540 2496 1596 in
2523 1540 2561 1606 i,
2584 1537 2725 1609 apud
2750 1534 3087 1593 Priscianum
3113 1547 3218 1588 non
3242 1531 3324 1589 dis

1769 1637 2028 1699 cernitur.
2084 1635 2142 1691 lu
2162 1634 2436 1692 veteribus
2490 1640 2671 1687 tamen
2715 1628 2990 1687 codicibus
3042 1624 3341 1683 indiﬂ‘ereu-

1768 1736 1853 1783 ter
1877 1741 2193 1799 expressum
2225 1724 2486 1781 invenies.
2515 1721 2811 1778 Patronum
2839 1727 3084 1775 nostrum
3143 1716 3339 1788 episco-

1765 1835 1895 1891 pum
1923 1818 2249 1875 incolumem
2271 1832 2390 1874 esse
2424 1816 2776 1872 vehementer
2797 1812 3028 1871 exsulto.
3060 1823 3087 1850 ε
3111 1810 3343 1864 Probum

60 1915 177 1986 71
213 1892 846 1988 ρεησῐὶίπιὸῐηεθηίἱίνίξ
877 1925 937 1971 ut
983 1933 1190 1983 cursor,
1245 1892 1508 1982 cursoris;
1556 1917 1642 1972 ali:

1769 1919 1950 1966 autem
1990 1923 2099 1964 non
2132 1917 2241 1963 tam
2271 1905 2474 1976 aliquid
2502 1892 2735 1961 edidisse
2766 1901 3003 1959 admiror
3029 1914 3188 1970 quam
3237 1913 3344 1952 non

56 2007 396 2077 corripiunt,
425 2015 486 2063 ut
514 2006 731 2075 Hector,
781 2006 1054 2074 Hectoris;
1110 2008 1213 2063 alia
1262 2023 1391 2064 vero
1450 2010 1653 2075 omnia,

56 2109 192 2165 qua:
222 2095 541 2151 nominativi
586 2094 1017 2152 terminationem
1054 2092 1372 2167 corripiunt,
1406 2098 1656 2154 similiter

53 2187 424 2257 penultimam
470 2187 693 2261 genitivi
724 2189 1041 2260 corripiunt.
1099 2190 1377 2261 Excipitur
1427 2192 1651 2262 inquies,

54 2278 212 2348 quod
244 2278 504 2337 simplicis
538 2279 955 2337 declinationem
985 2282 1224 2337 servavit
1244 2280 1298 2336 in
1329 2283 1650 2353 composito,

52 2371 318 2440 quamvis
341 2371 595 2443 corripiat
618 2374 1015 2429 extremitatem
1068 2375 1403 2430 nominativi.
1435 2394 1453 2427 ι
1511 2375 1653 2447 Ergo

52 2462 101 2517 si
135 2462 332 2516 mulier
356 2462 554 2518 desinit
581 2464 634 2518 in
662 2478 719 2520 er
742 2473 1065 2536 comptam,
1112 2462 1256 2521 unde
1303 2466 1448 2522 nulla
1494 2468 1653 2523 dubi-n

55 2555 199 2610 tatio
230 2564 331 2621 est,
366 2569 465 2611 nec
504 2556 645 2611 inter
670 2565 892 2627 excepta
920 2558 988 2613 ab
1011 2572 1081 2614 eo
1127 2567 1211 2614 est
1250 2560 1510 2629 positum,
1566 2576 1650 2615 se-

53 2637 303 2701 cundum
336 2660 460 2703 eum
490 2656 737 2718 correpta
764 2650 1063 2721 penultima
1090 2650 1362 2721 genitivus
1386 2652 1504 2722 ejus
1522 2651 1651 2708 effe-

52 2745 233 2792 retur.
266 2734 346 2794 Ad
370 2738 516 2794 hanc
541 2746 655 2795 rein
683 2741 1043 2797 roborandam
1071 2742 1275 2799 nullum
1305 2743 1481 2799 adhuc
1516 2760 1647 2815 poe-

52 2828 229 2881 ticum
263 2827 436 2884 habeo
459 2829 848 2885 testimonium.
880 2831 948 2887 Et
969 2833 1252 2902 quoniam,
1300 2842 1359 2888 ut
1409 2835 1526 2905 ipse
1569 2836 1647 2891 ait

51 2917 350 2987 (Priscian.
378 2919 432 2974 in
456 2918 663 2989 praafat.
698 2919 796 2977 lib.
826 2921 901 2993 t),
949 2919 1127 2978 «nihil
1181 2938 1250 2979 es
1292 2924 1442 2979 omni
1492 2933 1648 2996 parte

46 3010 358 3082 perfectum
399 3010 454 3067 in
506 3012 757 3069 humanis
805 3023 889 3070 est
933 3015 1366 3082 inventionibus,
1401 3036 1423 3070 ι
1466 3017 1534 3073 ab
1579 3032 1647 3074 eo

49 3101 288 3157 forsitan
312 3110 396 3158 est
422 3116 527 3159 non
556 3105 858 3175 ignorantia
884 3107 979 3162 sed
998 3106 1270 3164 oblivione
1315 3111 1645 3179 pratermis-
1686 3132 1687 3135 η

48 3206 201 3251 sum.
226 3193 406 3262 Quare
428 3196 482 3252 in
511 3208 613 3253 usu
645 3197 905 3255 mutando
933 3201 1273 3259 auctoritatis
1316 3218 1450 3261 mese
1499 3206 1643 3277 peri-

48 3282 241 3343 culum
268 3282 394 3343 nolo
425 3287 621 3353 facere,
674 3291 847 3346 donec
893 3299 987 3348 aut
1034 3308 1153 3349 mea
1196 3303 1289 3351 aut
1341 3297 1642 3354 amicorum
1669 3291 1714 3354 Ο

49 3376 336 3451 diligentia
366 3378 570 3451 aliquid
594 3378 742 3448 hinc,
766 3383 810 3438 si
842 3398 949 3439 non
980 3384 1222 3453 solidius,
1245 3394 1303 3442 at
1343 3389 1644 3446 evidentius

49 3470 235 3527 valeat
258 3471 509 3527 inveniri.
541 3471 779 3528 Ulciscor
803 3483 852 3529 et
872 3474 1077 3531 vindico
1127 3490 1223 3532 cur
1257 3478 1458 3535 dixerit
1498 3479 1641 3536 idem

48 3572 250 3619 auctor
285 3563 509 3633 insignis
553 3564 608 3620 in
655 3574 884 3638 utraque
933 3569 1328 3639 signiﬁcatione
1374 3572 1641 3642 accipien-

46 3654 203 3721 dum,
233 3650 349 3725 ipse
368 3656 640 3727 explanat,
672 3660 1015 3717 subinferens
1046 3670 1156 3716 tam
1186 3677 1286 3731 pro
1304 3663 1433 3722 laeso
1475 3680 1638 3735 quam

45 3751 244 3800 contra
284 3740 566 3802 laedentem
595 3749 964 3820 accipiendum
989 3766 1004 3805 :
1036 3752 1179 3807 unde
1202 3761 1257 3808 et
1275 3754 1506 3809 vindicta
1532 3770 1637 3810 non

46 3834 227 3891 solum
254 3850 435 3907 poena,
466 3838 560 3893 sed
593 3840 756 3894 etiam
804 3840 1049 3897 liberatio
1092 3845 1407 3915 accipiatur.
1440 3847 1641 3915 Quam-

45 3925 131 3981 vis
156 3933 214 3982 et
233 3940 299 3981 ex
327 3924 637 4000 Virgilianis
662 3931 907 3986 versibus
934 3946 1124 3990 sensus
1144 3937 1260 4007 ejus
1300 3938 1353 3992 in
1391 3948 1635 4010 promptu

47 4018 120 4072 sit
146 4022 300 4073 recte
328 4020 815 4079 considerantibus.
834 4021 889 4077 In
917 4037 983 4080 eo
1016 4026 1162 4081 enim
1196 4028 1338 4097 quod
1377 4030 1558 4100 posuit

241 4104 354 4156 Uita
376 4107 533 4159 vitim
556 4121 726 4173 pinnas
742 4112 937 4164 inimico
954 4126 983 4163 a
1005 4114 1159 4168 fratre
1179 4120 1369 4182 recepi,

50 4210 180 4266 Ulla
203 4226 303 4284 pro
328 4210 453 4268 ιωεο
474 4206 625 4270 facit.
656 4214 842 4291 Laesus
867 4216 1011 4273 enim
1039 4217 1350 4287 Sicharbas,
1395 4222 1527 4289 sive,
1577 4233 1635 4282 ut

44 4303 264 4374 poetica
286 4302 500 4360 licentia
529 4307 682 4377 ponit
712 4305 989 4387 Virgilius,
1019 4309 1285 4380 Sichaeus,
1328 4328 1358 4368 a
1400 4314 1632 4387 Pygma-

42 4396 193 4452 lione
222 4396 396 4452 fratre
420 4396 642 4455 Didonis
670 4407 808 4469 erat,
846 4406 877 4455 a
900 4417 1007 4472 quo
1037 4403 1217 4461 fuerat
1265 4415 1440 4464 morte
1492 4411 1632 4465 mul-

41 4496 249 4544 ctatus.
284 4484 534 4547 Maritum
566 4500 745 4549 autem
769 4503 955 4565 postea
979 4496 1113 4554 Dido
1139 4501 1248 4556 ulta
1278 4512 1392 4570 est;
1415 4520 1520 4560 non
1557 4507 1627 4573 ei,

40 4580 233 4651 utpote
277 4578 369 4652 qui
418 4588 538 4638 erat
592 4585 910 4652 exstinctus,
960 4603 1172 4658 poenam
1213 4591 1450 4664 aliquam
1497 4595 1629 4651 infe-

42 4670 246 4741 rendo;
281 4666 376 4731 sed
398 4664 823 4748 Pygmalionem,
845 4690 1066 4752 propter
1088 4698 1249 4754 quam
1279 4686 1456 4741 scelus
1480 4698 1629 4744 coms

39 4766 291 4832 miserat,
323 4769 551 4837 pecunia
580 4770 861 4840 privando.
892 4772 1077 4844 Itaque
1108 4776 1429 4847 supplicium
1453 4780 1520 4835 dc
1562 4795 1626 4835 co

38 4857 131 4927 qui
164 4856 380 4913 laeserat
407 4866 506 4930 pro
541 4875 607 4916 eo
634 4862 728 4932 qui
767 4862 924 4919 lzesus
969 4875 1090 4921 erat
1114 4867 1220 4937 72
1245 4870 1492 4938 sumpsit.
1550 4872 1623 4926 Ita

37 4963 136 5017 pro
164 4946 294 5005 laeso
317 4946 459 5007 idem
488 4952 709 5009 verbum
737 4956 1016 5026 accipitur,
1056 4972 1163 5027 quo
1216 4974 1375 5015 sensu
1415 4962 1623 5034 accipe-

36 5049 193 5094 retur
214 5040 399 5108 etiam,
424 5042 492 5109 si,
529 5050 702 5099 metro
728 5046 1098 5116 permittente,
1129 5048 1311 5105 dicere
1334 5053 1617 5122 potuisset,

34 5131 297 5185 riudicasi
325 5133 515 5187 uirum.
540 5132 785 5204 Sequens
816 5140 1121 5209 exemplum
1152 5143 1293 5211 quod
1319 5152 1402 5198 est
1432 5164 1443 5197 :

257 5231 515 5299 Nunquam
538 5249 711 5289 omnes
733 5237 881 5290 hodie
904 5243 1168 5292 moriemur
1192 5243 1351 5305 inulti,

106 5392 134 5465 εξ
172 5376 423 5465 Probum:
451 5381 836 5465 Presbyterum
867 5384 1255 5458 Moguntinum,
1287 5400 1347 5447 ut
1394 5394 1460 5447 ad
1505 5396 1620 5465 epi—

34 5449 229 5504 stolam
252 5451 325 5506 ‘20
354 5449 666 5509 adnotatum
692 5466 794 5510 est.

103 5520 130 5559 ιι
166 5517 378 5591 Cultam
413 5527 688 5579 sermonis.
722 5525 865 5582 idem
917 5528 1005 5583 diu
1056 5538 1179 5587 ante
1223 5533 1474 5588 saeculum
1515 5535 1615 5591 Ca-

34 5590 127 5671 roli
157 5590 308 5673 Calvi
332 5593 646 5665 deplorabat
669 5595 951 5674 Salvianus
977 5601 1259 5674 presbyter
1282 5673 1285 5674 ν
1312 5590 1610 5660 Massilien-

33 5667 129 5746 sis,
163 5667 405 5746 cujusea
437 5674 562 5746 s-unt
592 5667 754 5746 verba
778 5669 831 5723 in
879 5667 1214 5746 praefatione
1237 5673 1495 5746 librorum
1550 5679 1615 5731 de

31 5731 436 5818 Gulieruatione
455 5734 571 5818 Dei.
603 5755 620 5787 ‹
652 5736 851 5794 Omnes
879 5731 1044 5808 cnim,
1072 5742 1265 5815 inquit,
1293 5744 1350 5818 in
1398 5748 1614 5818 scriptis

31 5816 372 5888 follis-£30838
392 5814 602 5888 tantum
626 5818 1032 5888 egerun_t__sua_s;
1064 5820 1118 5868 et
1154 5816 1383 5888 propriis
1444 5814 1613 5888 magis

30 5869 288 5930 laudibus
309 5890 470 5941 quam
502 5869 728 5935 alioruvtn
763 5869 1085 5939 utilitatibus
1106 5869 1473 5953 consulentes,
1504 5869 1609 5945 hirti

1759 2003 2013 2063 omnibus
2033 2001 2147 2071 jam
2187 1999 2460 2057 scribendi
2514 1995 2797 2053 materiam
2847 1992 3153 2048 abstulisse.
3204 1990 3346 2043 Bene

1757 2094 1907 2161 vale;
1939 2104 1994 2151 et
2016 2110 2118 2165 pro
2148 2109 2255 2159 me,
2277 2100 2533 2164 patreque
2558 2103 2698 2154 meo,
2723 2096 2778 2145 et
2806 2092 2979 2141 matre
3000 2093 3052 2140 et
3074 2099 3170 2155 per
3196 2091 3251 2136 te
3291 2090 3345 2135 et

1755 2204 1852 2259 per
1879 2197 2110 2245 ceteros
2134 2189 2337 2244 amicos
2369 2185 2657 2242 Dominum
2685 2195 2934 2246 exorare,
2966 2178 3010 2236 si
3044 2192 3128 2233 me
3170 2190 3341 2253 amas,

1755 2293 1936 2348 quasso
1962 2294 2030 2335 ne
2055 2293 2253 2335 cesses.

2254 2387 2586 2446 EPISTOLA
2622 2384 2841 2443 XXXV.

1898 2500 1964 2538 AD
1993 2499 2276 2540 ιΒιιΑιιυυυ
2309 2496 2616 2546 ιοΝΑοιιωι,
2642 2491 2975 2542 Ριιονικρῦωι
2998 2490 3158 2532 811111.

1823 2595 2068 2651 Assiduis
2116 2610 2312 2666 urges,
2359 2593 2433 2649 mi
2478 2590 2821 2655 charissime,
2881 2586 3233 2660 petitionibus
3278 2596 3341 2642 ut

1752 2687 2128 2757 antiquitatem
2158 2692 2357 2740 nostrae
2380 2680 2802 2754 propinquitatis
2830 2686 2886 2735 et
2924 2677 3179 2733 amicitiae
3220 2677 3334 2733 sino

1751 2779 1950 2850 gularis
1973 2778 2168 2834 litteris
2188 2789 2521 2848 prosequens
2551 2775 2783 2831 scribam
2808 2772 2914 2844 73
2944 2771 3148 2842 aliquid
3191 2771 3335 2842 quod

1748 2884 1868 2926 esse
1898 2869 1994 2925 tibi
2024 2870 2215 2939 possit,
2265 2869 2310 2924 si
2365 2882 2471 2922 non
2519 2866 2661 2930 usui,
2721 2863 2911 2920 saltem
2959 2862 3328 2918 delectationi.

1748 2957 1862 3016 Hoc
1889 2956 2115 3015 forsitan
2143 2958 2301 3031 digne
2324 2956 2591 3023 fecissem,
2617 2955 2682 3021 si,
2707 2969 2852 3021 cum,
2884 2967 3019 3025 opus
3064 2952 3327 3024 postulas,

1746 3051 2033 3106 materiam
2057 3050 2399 3122 praebuisses.
2430 3046 2630 3103 Verum
2656 3046 2784 3117 quia
2810 3053 3021 3115 gratum
3073 3044 3167 3101 tibi
3218 3042 3332 3098 fore

1746 3141 1873 3198 dum
1900 3140 2155 3207 scribam,
2185 3140 2445 3211 quidquid
2469 3138 2598 3194 illud
2649 3139 2743 3203 sit,
2793 3136 3087 3208 polliceris,
3139 3136 3195 3192 in
3236 3149 3329 3191 ex—

1745 3233 2011 3304 quirenda
2041 3233 2267 3288 materia
2298 3230 2443 3287 nolui
2487 3245 2575 3286 me
2629 3243 2858 3301 Operose
2904 3238 3158 3298 torquere
3210 3224 3322 3281 dili-

1747 3327 1947 3395 gentia,
1982 3324 2151 3381 multo
2179 3325 2356 3381 minus
2375 3325 2430 3379 in
2468 3322 2735 3395 elegantia
2782 3321 2970 3378 solerti
3019 3320 3324 3377 verborum.

1745 3416 1899 3485 Quod
1928 3417 2092 3488 igitur
2119 3417 2252 3471 mihi
2283 3416 2420 3472 nihil
2441 3416 2550 3471 tale
2582 3414 2826 3470 molienti
2848 3412 3089 3470 occurrit
3115 3420 3321 3468 extem-

1742 3505 2002 3578 poraliter
2041 3505 2341 3576 explicabo.
2400 3504 2836 3560 Reviviscentem
2895 3502 2949 3557 in
2991 3502 3077 3557 his
3127 3501 3328 3556 nostris

1744 3596 2054 3669 regionibus
2082 3597 2406 3667 sapientiam
2427 3595 2689 3666 quosdam
2712 3591 3110 3650 studiosissime
3145 3591 3325 3648 colere

1739 3696 2053 3758 pergratum
2076 3685 2282 3752 habeo;
2328 3686 2424 3741 sed
2464 3685 2593 3740 hinc
2644 3683 3060 3754 haudquaquam
3116 3682 3321 3737 medio-

1740 3778 1907 3834 criter
1944 3790 2164 3833 moveor
2193 3777 2337 3846 quod
2356 3776 2574 3846 quidam
2627 3781 2870 3832 nostrum
2918 3780 3126 3844 partem
3180 3770 3323 3827 illius

1741 3879 2077 3942 appetentes,
2123 3870 2421 3925 insolenter
2463 3875 2673 3940 partem
2718 3866 3022 3937 repudiant.
3067 3862 3321 3920 Omnium

1739 3970 1919 4018 autem
1949 3976 2221 4019 consensu
2241 3962 2375 4018 nihil
2402 3962 2456 4016 in
2477 3976 2540 4017 ea
2567 3969 2651 4017 est
2677 3958 2960 4031 quodjure
3008 3956 3182 4030 excipi
3228 3966 3321 4012 aut

1736 4053 1910 4128 possit
1935 4066 2029 4111 aut
2066 4054 2278 4112 debeat.
2329 4055 2508 4122 Quare
2553 4061 2773 4124 apparat
2814 4067 2914 4108 nos
2958 4053 3103 4123 ipsos
3162 4050 3318 4108 nobis

1737 4161 1860 4203 esse
1892 4145 2218 4212 contrarios,
2256 4146 2382 4201 dum
2411 4145 2727 4215 insipienter
2761 4143 3079 4215 sapientiam
3130 4158 3315 4200 cottae.

1738 4238 1829 4310 qui
1859 4240 2178 4312 cogitamus.
2206 4240 2418 4296 Etenim
2440 4239 2682 4310 plerique
2702 4253 2769 4294 ex
2819 4252 2883 4294 ea
2908 4237 2936 4278 ι)
2961 4236 3162 4295 cultum
3204 4251 3315 4291 ser-

1735 4333 1912 4388 monis
1934 4332 2259 4402 quaarimus;
2296 4340 2353 4388 et
2378 4346 2575 4401 paucos
2600 4330 2891 4387 admodum
2938 4328 3179 4398 reperias
3204 4327 3314 4396 qui

1734 4440 1799 4480 ex
1828 4439 1891 4480 ea
1930 4436 2139 4480 morum
2168 4424 2520 4495 probitatem,
2549 4424 2692 4496 quod
2721 4423 2881 4495 longe
2925 4418 3314 4478 conducibilius

1735 4524 1836 4583 est,
1865 4524 2171 4587 proponant
2193 4516 2492 4573 addiscere.
2522 4516 2615 4572 Sic
2643 4515 2837 4586 lingua
2892 4512 3021 4568 vitia
3071 4509 3308 4567 reformi-

1735 4608 1924 4664 damus
1946 4617 2001 4663 et
2029 4620 2260 4679 purgare
2309 4607 2717 4671 contendimus;
2770 4605 2891 4661 vitae
2947 4618 3077 4659 vero
3114 4602 3308 4658 delicta

1734 4697 2174 4768 parvipendimus
2196 4707 2251 4752 et
2276 4710 2551 4768 augemus.
2586 4694 2693 4752 Sed
2721 4710 2844 4751 cum
2886 4693 3063 4749 omnis
3097 4693 3309 4762 sapien-

1734 4788 1805 4842 tia
1836 4805 1864 4842 a
1899 4787 2123 4844 Domino
2155 4789 2264 4843 Deo
2289 4789 2379 4854 sit,
2405 4795 2466 4842 ut
2486 4787 2679 4842 litterae
2700 4784 2894 4840 divinae
2913 4782 3303 4843 demonstrant,

1731 4872 1918 4935 ordine
1943 4893 2183 4948 congruo
2238 4893 2358 4933 eam
2414 4883 2753 4947 appetamus,
2805 4881 2860 4928 et
2903 4870 3091 4946 procul
3146 4872 3306 4928 dubio

1729 4978 2144 5039 consequemur.
2166 4969 2224 5024 id
2243 4976 2425 5024 autem
2450 4967 2606 5023 nobis
2632 4981 2698 5021 ex
2759 4964 2937 5021 divina
2983 4964 3307 5021 auctoritate

1728 5059 2077 5130 depromitur.
2155 5058 2302 5123 Fili,
2352 5057 2564 5126 inquit,
2615 5056 2901 5126 concupisti
2971 5055 3302 5126 sapientiam,

1725 5171 1874 5208 serva
1895 5148 2168 5219 mandata,
2186 5160 2233 5206 et
2258 5144 2510 5205 Dominus
2524 5146 2895 5219 prwbebitca‘m
2908 5147 3001 5202 tibi
3018 5146 3241 5219 (Eccli.t
3260 5150 3298 5219 ).

1725 5243 1825 5300 libi
1852 5245 2016 5300 etiam
2036 5243 2165 5313 quid
2193 5241 2552 5313 sitsapientia
2590 5256 2798 5296 summe
2836 5254 2901 5295 ac
2941 5236 3302 5310 pulcherrime

1722 5397 1775 5451 id
1799 5396 1981 5453 facere
2009 5397 2184 5453 adnisi
2219 5405 2425 5452 suntut
2462 5396 2706 5455 salubres
2755 5411 2820 5454 ac
2863 5381 3147 5458 salutiferi,
3207 5393 3299 5458 sed

1720 5476 1782 5521 ut
1828 5467 2140 5523 scholastici
2189 5480 2255 5523 ac
2307 5467 2492 5522 diserti
2542 5465 2888 5524 haberentur.
2942 5486 2987 5531 ι,
3022 5456 3157 5531 Dio,
3205 5456 3296 5518 lib.

1718 5551 1924 5591 xxxvtu
1959 5556 1972 5591 :
2010 5556 2029 5588 ι
2055 5537 2249 5593 Cicero
2268 5538 2648 5593 acerbissimos
2689 5536 2792 5594 sibi
2842 5526 3090 5594 inimicos
3137 5526 3295 5604 para-

1717 5616 1895 5679 verat,
1933 5608 2059 5679 dum
2086 5623 2299 5679 semper
2324 5608 2769 5679 praestantissimo
2812 5606 3007 5679 cuique
3056 5622 3115 5679 se
3162 5619 3298 5673 prae-

1718 5677 1861 5733 ferre
1888 5678 2150 5748 studeret,
2175 5674 2528 5748 ii'bert'ateque
2550 5678 2761 5735 dicendi
2786 5677 2865 5748 Ain
2889 5674 3085 5748 o’mucs
3102 5674 3291 5748 itnmo‘

1718 5749 1835 5819 dica
1864 5747 1929 5801 ad
1952 5749 2256 5804 satietatem
2287 5742 2459 5819 usque
2479 5758 2738 5819 uteretur.
2769 5745 2974 5819 Quippe
2992 5746 3090 5819 qui
3121 5742 3294 5819 magis

1718 5763 1835 5803 unca
1864 5763 1929 5801 au
1952 5763 2256 5804 satietatem
2287 5764 2456 5819 usque
2479 5763 2738 5806 uteretur.
2769 5763 2974 5872 quippe
2998 5763 3088 5816 qui
3121 5763 3293 5811 magls

1717 5818 1953 5883 facundi,
1982 5835 2047 5874 ac
2069 5832 2178 5889 pne
2208 5821 2429 5891 reliquis
2454 5814 2662 5885 diserti,
2692 5833 2854 5889 quam
2891 5818 3001 5872 )oni
3042 5813 3144 5871 viri
3200 5827 3293 5867 no—

1716 5903 1841 5949 tuen
1867 5892 2180 5949 venabatur.
2211 5910 2231 5951 ι

3253 408 3425 464 502.
