3902 6300
493 340 599 400 507

1515 348 1574 402 li.
1620 348 1677 403 S.
1720 347 1875 406 LUPI
1909 348 2198 404 ABBATIS
2235 349 2739 407 FERRARIENSIS
3586 368 3649 425 503

414 520 415 523 η
490 458 625 514 mihi
677 458 1025 516 commissum
1071 470 1181 526 est;
1234 460 1589 531 dominusque
1633 470 1815 516 noster
1839 460 2062 516 Carolus
2089 462 2137 525 Α
2167 467 2279 515 tum
2312 461 2379 516 ad
2421 476 2508 516 me
2542 462 2753 526 attinet,
2804 462 3021 532 plenum
3071 461 3347 518 infortunii
3376 476 3395 501 ε
3423 466 3588 522 obitum
3620 482 3653 528 ei

490 550 627 606 mira
673 567 759 608 me
800 552 1110 624 dignatione
1150 553 1378 620 fovens,
1429 554 1599 626 gratia
1666 568 1764 609 sua
1820 553 2057 609 donavit.

490 638 685 697 Vestra
724 642 887 714 igitur
916 642 1287 709 benevolentia
1315 658 1403 703 me
1432 659 1646 715 unaque
1687 644 2061 716 congregatio-

487 748 613 788 nem
646 732 775 789 mihi
815 733 1074 791 creditam
1095 737 1265 793 sacris
1291 736 1647 801 orationibus,
1681 752 1881 807 quaeso,
1914 752 2061 793 com-

490 822 750 879 mendare
796 823 1063 898 dignetur,
1111 835 1171 882 ut
1219 824 1357 883 sicut
1401 828 1580 884 studia
1623 843 1741 885 mea
1769 828 2059 901 plurimum

488 912 794 970 eruditione
822 913 1125 986 adjuvistis,
1153 917 1233 973 sic
1258 916 1419 973 cilicii
1443 915 1809 974 diﬂicultatem
1830 918 2063 976 assiduis

484 1007 737 1077 precibus
780 1007 1107 1079 temperetis.
1152 1007 1419 1064 Caeterum
1447 1008 1625 1064 audivi
1661 1009 1931 1065 sarcinam
1961 1009 2060 1064 ad-

485 1098 898 1157 ministrationis
925 1107 1121 1159 vestra:
1143 1115 1241 1157 vos
1272 1113 1299 1141 ι
1342 1101 1675 1172 deposuisse,
1710 1108 1765 1157 et
1794 1101 1955 1156 rebus
1980 1101 2060 1157 di-

482 1190 624 1247 vinis
665 1192 1001 1250 solummodo
1046 1210 1191 1251 nunc
1230 1209 1349 1251 esse
1394 1194 1655 1260 intentos,
1680 1192 1897 1250 iiattoni
1931 1209 2060 1251 vero

480 1291 666 1353 nostro
701 1298 886 1343 curam
927 1270 1139 1340 Sudoris
1174 1284 1390 1356 plenam
1428 1283 1730 1356 reliquisse.
1771 1283 1937 1355 Cujus
1979 1285 2058 1341 rei

479 1374 748 1440 ordinem,
780 1375 1049 1447 simulque
1076 1377 1182 1432 alia
1209 1392 1541 1451 quaecunque
1564 1376 1906 1444 videbuntur,
1935 1378 2059 1434 bea-

480 1466 727 1522 titudinis
752 1476 949 1525 vestrae
974 1467 1168 1525 litteris
1194 1465 1520 1540 exspectabo
1546 1482 1891 1540 cognoscere.
1920 1466 2059 1540 Opto

478 1574 574 1614 vos
606 1559 746 1615 bene
778 1562 955 1617 valere
993 1561 1205 1633 meique
1243 1569 1501 1634 pernetuo
1540 1561 1823 1633 dignanter
1869 1560 2058 1617 memi-

479 1651 644 1706 nissc.

936 1745 1048 1816 so
1079 1740 1413 1802 EPISTOLA
1450 1740 1587 1800 xu.

1034 1830 1037 1833 ’
1057 1836 1083 1876 ιι
1118 1853 1184 1892 an
1225 1851 1486 1893 quenes.

554 1927 869 1989 sanctitatis
908 1927 1101 1985 merito
1134 1930 1344 1985 sincere
1379 1929 1719 2001 suspiciende
1761 1927 2054 1984 venerabili

478 2018 706 2075 immoui
736 2019 917 2092 Lupus
943 2029 1201 2077 aeternam
1230 2020 1476 2077 salutem.

553 2110 848 2182 Epistulam
880 2122 1113 2168 vestram
1154 2125 1240 2166 me
1264 2127 1425 2184 quam
1466 2110 1699 2167 molliter
1734 2111 2056 2169 mulcentem

478 2204 839 2275 amicitiaque
872 2205 1186 2260 memoriam
1213 2204 1449 2260 suaviter
1475 2202 1849 2269 rel‘ricantem,
1869 2211 1929 2261 ut
1955 2218 2055 2273 par

478 2295 604 2361 fuit,
643 2311 851 2352 summa
888 2296 1242 2353 delectatione
1265 2296 1489 2369 perlegi,
1517 2298 1678 2367 eique
1708 2312 1866 2353 sensa
1891 2298 2059 2352 menti

477 2392 695 2463 penitus
721 2390 906 2462 illapsa
934 2390 1172 2462 diligenti
1198 2392 1474 2450 memorias
1498 2390 1894 2448 commendavi.
1920 2388 2057 2446 Nam

479 2484 525 2538 si
567 2497 713 2550 vere,
746 2491 806 2538 ut
844 2482 1159 2553 scripsistis,
1200 2498 1285 2538 me
1325 2484 1469 2541 inter
1492 2482 1843 2539 cbarissimos
1869 2498 2056 2539 nume-

478 2575 640 2639 ratis,
689 2575 796 2631 erit
842 2574 1069 2631 forsitan
1122 2575 1390 2632 veniabile
1430 2576 1573 2646 quod
1610 2573 2059 2646 peregrinationis

476 2667 742 2733 molestia,
776 2666 1076 2737 praesertim
1118 2676 1196 2723 tot
1233 2675 1365 2737 quot
1406 2666 1639 2722 inveniri
1684 2665 1841 2721 facile
1866 2675 2058 2736 potue-

478 2766 603 2813 rant
650 2757 907 2829 neglectis
956 2755 1489 2829 opportunitatibus,
1540 2756 1818 2829 epistolari
1866 2756 2058 2813 solatio

420 2895 429 2905 ν
478 2866 564 2906 me
604 2850 787 2906 levare
829 2849 1134 2920 sprevistis.
1182 2849 1499 2919 Quanquam
1542 2847 1677 2905 tanti
1718 2857 2059 2920 contemptus

477 2938 716 2996 dolorem
744 2939 1089 2995 vehementer
1114 2938 1387 2994 exulceret
1409 2952 1512 2993 non
1544 2946 1723 2993 actum
1750 2938 1891 3010 quod
1919 2952 2058 3008 saepe

479 3032 621 3089 inter
646 3046 746 3086 nos
779 3031 1042 3095 constitit,
1065 3040 1126 3084 ut
1159 3030 1583 3099 quotiescunque
1609 3029 1844 3085 nancisci
1875 3040 2061 3100 posse-

481 3124 553 3178 tis
584 3121 946 3186 occasionem,
991 3136 1111 3192 qua:
1135 3119 1507 3192 cognoscenda
1558 3120 1687 3176 mihi
1722 3126 1925 3185 essent,
1965 3124 2061 3175 vos

2167 550 2522 621 quorumdam
2554 550 2781 611 aliorum
2811 553 3132 619 amicorum,
3171 568 3280 610 non
3321 564 3402 611 est
3424 561 3544 626 quod
3569 564 3653 617 mihi

2163 642 2502 699 extrinsecus
2560 644 2825 701 accidisse
2868 646 3153 701 admodum
3198 647 3355 702 triste
3392 650 3655 707 ert-didam.

2162 733 2272 791 Cur
2296 742 2475 790 autem
2504 735 2659 791 vobis
2691 735 2987 807 signiﬁcari
3024 738 3293 808 petieritis
3319 754 3449 809 quos
3477 739 3607 798 libros
3625 747 3658 800 in

2161 822 2451 881 Germania
2493 824 2579 882 vel
2625 827 2941 897 scripserim
2983 832 3069 885 vel
3112 829 3337 901 legerim
3361 868 3379 897 ,
3439 831 3662 891 demiratus

2161 930 2302 981 sum,
2344 930 2446 972 nec
2481 916 2617 973 satis
2653 932 2877 975 causam
2925 920 3386 989 comprehendere
3413 925 3567 995 potui;
3596 929 3662 982 siti

2160 1007 2301 1063 forte
2343 1008 2447 1063 mei
2502 1010 2931 1078 experimentum
2981 1020 3174 1081 argute
3218 1027 3419 1083 capere
3453 1015 3662 1081 voluistis,

2158 1097 2449 1170 propositis
2476 1099 2683 1156 duabus
2722 1100 2915 1168 rebus;
2951 1116 3185 1172 quarum
3225 1103 3420 1170 altera,
3456 1104 3497 1160 si
3527 1106 3665 1163 cessis-

2159 1202 2297 1256 sem,
2322 1189 2497 1245 videri
2523 1199 2739 1260 poterat
2776 1193 3184 1260 ostentationis,
3229 1194 3400 1251 altera
3429 1196 3665 1267 impruden-

2160 1281 2248 1338 tiae
2286 1281 2525 1353 puerilis.
2568 1282 2757 1354 itaque
2794 1285 3112 1356 simpliciter
3136 1284 3299 1341 vobis
3325 1288 3500 1357 aperio
3519 1288 3665 1357 princi-

2110 1380 2117 1384 ’
2156 1389 2278 1446 pem
2307 1375 2414 1447 ει
2448 1390 2669 1447 operam
2707 1391 2795 1433 me
2836 1376 2948 1434 illic
2988 1377 3294 1434 destinasse
3326 1378 3545 1443 lectioni,
3566 1384 3668 1436 end

2156 1465 2444 1523 oblivionis
2477 1468 2775 1527 remedium
2816 1476 2875 1525 et
2905 1469 3231 1526 eruditionis
3278 1478 3596 1541 augmentum
3627 1473 3667 1526 li-

2156 1554 2287 1612 bros
2312 1555 2569 1627 pauculos
2594 1558 2890 1627 paravisse,
2922 1572 3027 1617 nee
3050 1557 3394 1616 Germanicae
3427 1559 3593 1631 lingua
3612 1578 3671 1616 ci-

2156 1657 2311 1719 ptum
2356 1662 2572 1713 amore,
2621 1658 2682 1705 ut
2731 1651 3072 1722 ineptissime
3113 1652 3338 1722 quidam
3377 1653 3670 1724 jactaverast,

2161 1739 2431 1795 sarcinam
2486 1740 2719 1799 subiisse
2764 1743 2898 1801 tanti
2951 1751 3173 1813 tamque
3224 1743 3466 1801 diutumi
3508 1746 3670 1802 laboris.

2085 1826 2137 1886 B
2159 1829 2313 1899 Quod
2342 1840 2522 1890 autem
2553 1834 2730 1890 studio
2759 1834 3084 1893 humilitatis
3114 1851 3203 1893 me
3238 1837 3517 1908 invigilare
3532 1838 3675 1893 divisis

2156 1925 2565 1982 auctoritatibus
2595 1927 2903 1995 mounistis,
2922 1937 3237 2001 pergratum
3268 1930 3472 1995 habent
3498 1939 3547 1986 et
3559 1931 3674 1989 velis

2157 2016 2392 2074 credatis
2419 2031 2506 2073 me
2535 2018 2794 2075 hactenus
2834 2019 2889 2075 id
2929 2033 3093 2091 agere
3119 2030 3179 2076 ut
3210 2022 3360 2091 quod
3384 2022 3513 2078 Deus
3539 2021 3676 2079 nolo.

2157 2109 2253 2176 cit,
2281 2110 2534 2181 quodque
2559 2110 2673 2167 suis
2695 2110 2975 2168 beneficiis
3001 2112 3246 2180 donavit,
3282 2122 3454 2171 totum
3474 2114 3676 2187 dium

2158 2203 2245 2258 tiae
2276 2203 2569 2273 assignem,
2600 2212 2655 2259 et
2687 2213 2744 2259 ut
2775 2219 2839 2259 ea
2879 2205 2933 2259 in
2962 2220 3046 2261 me
3084 2221 3418 2263 conservans
3451 2208 3678 2278 ampliﬁcet

2157 2294 2440 2350 submissis
2485 2294 2737 2365 precibus
2780 2294 3033 2368 ﬂagitem.
3093 2296 3377 2369 Siquidem
3419 2299 3483 2354 ad
3515 2314 3569 2354 ea
3595 2315 3676 2370 qua

2155 2385 2535 2457 proposuistis,
2577 2384 2706 2440 illud
2742 2384 2909 2441 etiam
2950 2387 3324 2457 evangelicum
3358 2387 3575 2457 adjicio:
3602 2386 3679 2440 iia-

2157 2478 2267 2533 bete
2291 2477 2371 2532 sal
2401 2478 2457 2532 in
2484 2478 2647 2542 vobis,
2671 2486 2718 2531 et
2740 2495 2920 2549 pacem
2939 2478 3121 2534 habete
3140 2489 3278 2534 inter
3299 2497 3386 2536 vos
3409 2479 3579 2551 (Marc.
3602 2476 3676 2547 1x);

2163 2568 2384 2639 etquod
2423 2577 2758 2625 secretorum
2801 2569 3100 2626 ctelestium
3140 2571 3395 2628 conscius
3417 2567 3679 2627 docetPau-

2158 2663 2269 2719 ius:
2290 2658 2431 2730 Quid
2451 2661 2608 2718 habes
2623 2663 2760 2735 quod
2777 2675 2878 2718 itan
2896 2662 3178 2734 accepisti?
3200 2662 3265 2720 Si
3286 2673 3458 2720 autem
3477 2662 3681 2735 accepisti,

2157 2748 2282 2829 quid
2315 2750 2560 2827 gloriaris
2592 2756 2746 2827 quasi
2786 2773 2889 2810 non
2923 2757 3223 2828 acceperis?
3268 2757 3324 2829 (Ι
3349 2756 3468 2813 Cor.
3495 2755 3577 2827 tv.)
3609 2755 3682 2810 Nec

2158 2847 2287 2903 illud
2327 2861 2414 2902 me
2442 2845 2595 2919 fugit,
2629 2860 2936 2918 quanquam
2975 2847 3195 2902 omnino
3233 2862 3326 2903 me
3354 2861 3584 2917 magnum
3610 2859 3680 2900 mn

2159 2934 2388 2996 sentiam
2421 2956 2433 2991 :
2464 2937 2673 3004 Quanto
2704 2954 2924 3009 magnus
2952 2954 3026 3005 es,
3062 2934 3286 2993 humilia
3324 2947 3374 2994 te
3403 2938 3455 2993 in
3485 2936 3683 2998 omnii“.

2158 3038 2207 3085 et
2239 3042 2416 3085 coram
2434 3020 2540 3083 Deo
2574 3028 2798 3087 invenies
2830 3029 3055 3101 gratiam
3077 3026 3267 3101 (Eccli.
3300 3028 3410 3101 ut).
3432 3028 3588 3099 Atque
3610 3035 3684 3082 tam

2162 3114 2349 3189 multa,
2398 3124 2508 3175 tam
2555 3116 2717 3174 fortia
2766 3120 3096 3189 tandemque
3130 3118 3373 3176 salubria
3420 3120 3537 3175 hinc
3574 3128 3685 3175 teneo

481 3211 819 3285 potissimum
850 3210 1178 3282 panderetis.
1207 3210 1406 3266 Verum
1442 3209 1557 3266 haec
1595 3210 1749 3266 alias.
1791 3209 2057 3267 Caeterum
2087 3193 2131 3254 (ἶ
2162 3211 2505 3275 documenta,
2548 3221 2610 3266 ut
2638 3224 2707 3265 ne
2743 3210 3014 3267 somniare
3040 3210 3261 3282 quidem
3305 3211 3504 3284 possim
3531 3210 3686 3266 divino-

481 3304 717 3378 propitio
744 3302 972 3361 Domino
994 3304 1103 3363 Deo
1139 3316 1323 3363 nostro
1369 3323 1555 3381 sospes
1588 3320 1866 3380 regressus
1908 3322 2057 3376 sum;

483 3404 787 3469 praeterque
823 3395 1027 3452 domini
1071 3410 1135 3453 ac
1177 3397 1457 3455 nutritoris
1502 3398 1605 3454 mei
1635 3397 1859 3466 Aldrici,
1891 3410 2062 3471 quan-

483 3527 651 3597 Lupi;
682 3542 811 3599 eum
852 3536 1035 3599 antea,
1079 3526 1231 3597 jussu
1280 3530 1424 3586 baud
1467 3529 1629 3587 dubie
1682 3530 1881 3599 Caroli,
1935 3546 2059 3591 eum

481 3588 731 3671 mena—eiii
754 3588 1140 3671 Ferrarieuses
1180 3600 1473 3671 elegissent
1515 3619 1547 3657 κ
1579 3599 1694 3657 Kal.
1728 3588 2058 3671 Decembris.

483 3669 599 3744 Quo
624 3666 797 3744 magis
834 3670 1028 3724 mirum
1057 3676 1140 3725 est
1163 3666 1402 3744 Odo'nem
1441 3671 1714 3744 abbatem,
1746 3688 1904 3744 quem
1937 3668 2061 3729 iiine

481 3739 1069 3807 Carolus’removerat,
1108 3742 1290 3796 tandiu
1329 3742 1435 3799 illic
1472 3739 1792 3809 substitisse,
1824 3760 1968 3810 cum,
2002 3754 2062 3800 ut

480 3813 555 3885 ait
585 3810 780 3867 alicubi
807 3811 1083 3885 Pbmdrus,
1117 3824 1277 3885 nemo
1309 3812 1538 3885 libenter
1567 3814 1767 3869 recolat
1803 3817 1893 3885 qui
1925 3815 2062 3885 laesit

481 3882 675 3939 locum.
705 3884 893 3955 itaque
917 3883 1084 3938 abbas
1108 3883 1431 3955 constitutus
1458 3883 1639 3955 Lupus
1666 3882 1836 3941 edixit
1861 3895 1919 3940 ut
1946 3884 2061 3941 Odo

480 3951 822 4015 abscederet'
846 3954 985 4007 intra
1032 3966 1092 4007 ιιι
1127 3951 1312 4009 Nonas
1353 3951 1624 4010 memorati
1658 3957 1867 4011 mensis.
1910 3955 1959 4012 is
1987 3965 2062 4012 ta.

480 4040 604 4081 men
635 4042 741 4084 non
768 4023 1028 4094 absCessit
1046 4032 1171 4079 ante
1205 4024 1348 4080 idus.
1384 4024 1622 4081 Tandem
1654 4040 1719 4080 eo
1751 4026 2058 4094 recedente,

482 4110 657 4151 novus
715 4095 883 4167 abbas
925 4091 1105 4167 Lupus
1156 4097 1540 4151 monasterium
1587 4095 1941 4152 Ferrariense
1983 4091 2062 4153 in;

480 4181 699 4249 gressus
724 4170 826 4223 est.
853 4163 985 4249 [lein
1008 4163 1075 4249 ad
1096 4167 1412 4249 comitatum
1441 4180 1739 4249 regressus,
1767 4182 1887 4249 quae
1907 4176 2057 4240 gesta

482 4234 535 4291 in
587 4237 691 4293 isto
738 4235 956 4305 negotio
1006 4234 1220 4305 fuerant
1271 4234 1528 4291 narravit.
1580 4234 1802 4292 Factum
1836 4238 1888 4292 id
1910 4234 2061 4294 anno

478 4308 603 4369 842,
634 4312 693 4364 ut
718 4304 870 4379 patet
891 4304 1206 4379 cxgiis__quae
1230 4306 1390 4379 pauiu
1418 4312 1540 4379 post
1573 4308 1972 4379 adnotabantur
1995 4308 2061 4365 de

480 4374 735 4462 successu
762 4375 1004 4462 Aﬂabani.
1044 4374 1499 4462 ‘Unde"_coliigere
1542 4393 1822 4462 possumus
1851 4378 2059 4462 Lnupum

479 4451 645 4507 fuisse
672 4450 869 4507 factum
901 4448 1149 4503 abbatem
1182 4442 1580 4504 Ferrariensem
1605 4465 1635 4504 a
1656 4449 1850 4506 Carolo
1870 4442 2055 4517 Calvo,

480 4534 624 4577 anno
648 4522 772 4579 842.

551 4567 944 4661 ἶνιῆξιῖιὲυἱεεε.
978 4588 1055 4645 Ex
1084 4586 1189 4645 hoc
1218 4589 1336 4645 loco
1350 4590 1570 4661 pridem
1602 4590 1929 4661 collegerunt
1955 4591 2056 4648 viri
2086 4567 2139 4628 D

479 4662 623 4718 docti
656 4661 937 4718 Rabanum
988 4661 1299 4715 menasterii

478 4733 756 4789 abdicasse
782 4742 943 4805 quam
975 4729 1127 4805 fieret
1160 4732 1463 4805 episcopus.
1498 4729 1740 4799 Quonam
1770 4748 1898 4805 vero
1929 4742 2060 4805 tem:

477 4818 622 4886 pore'
740 4802 1309 4886 contigeritln'endum
1353 4803 1639 4886 quisquam
1682 4803 2057 4886 a.peruit,_r.t_i§i

478 4870 624 4943 quod
648 4870 916 4929 illustriss'.
935 4871 1082 4943 card.
1099 4870 1424 4928 Baroniusid
1447 4870 1646 4928 factum
1668 4870 1743 4927 ait
1769 4888 1911 4928 anno
1931 4873 2055 4930 8‘58.

477 4941 663 5016 itaque
700 4958 788 4998 res
828 4944 985 5016 altius
1019 4941 1392 5016 investiganda
1418 4950 1519 5016 est.
1547 4943 1879 5016 ‘Rodolphus
1938 4958 2061 5016 pre-

483 5012 747 5087 sby'ter‘ct
772 5013 1088 5087 monachus,
1105 5012 1311 5087 Rabani
1333 5012 1647 5084 discipulus,
1680 5012 1851 5087 tradit
1868 5016 1919 5069 in
1939 5012 2062 5087 ejus

481 5082 602 5168 Vita
639 5083 787 5139 illum
821 5082 1131 5168 deposuisse
1170 5085 1379 5168 pondus
1421 5082 1566 5139 cura:
1602 5084 1889 5168 pastoralis
1919 5082 2061 5168 vice:

482 5157 621 5211 simo
647 5170 798 5217 anno
836 5162 1118 5226 postquam
1168 5155 1295 5211 illud
1342 5165 1675 5226 susceperat.
1732 5155 2060 5226 Susceperat

481 5235 659 5280 autem
702 5224 849 5281 anno
872 5224 997 5292 822,
1034 5234 1092 5281 ut
1131 5228 1295 5281 tradit
1318 5232 1505 5281 auctor
1522 5225 1805 5280 Annalium
1834 5224 2061 5281 Fuiden.

480 5296 640 5351 sium.
675 5294 811 5351 Tum
841 5310 968 5352 vero
999 5299 1221 5358 secessit
1268 5297 1323 5351 in
1351 5294 1639 5350 ecclesiam
1684 5296 1740 5352 S.
1768 5296 1913 5353 Petri
1947 5313 1975 5350 a
2003 5309 2061 5351 se

480 5364 822 5434 aediﬁcatam,
871 5380 993 5434 quae
1036 5367 1319 5424 duodecim
1369 5365 1481 5421 fere
1525 5366 1712 5421 stadiis
1760 5364 1996 5423 distabat
2029 5380 2060 5421 a

482 5438 812 5495 monasterio
854 5435 1127 5498 Fuldensi.
1174 5452 1191 5488 ι
1225 5437 1360 5492 Cum
1401 5435 1563 5506 igitur
1588 5435 1674 5490 vir
1715 5436 1805 5491 ille
1832 5451 2055 5492 venera-

479 5506 622 5573 bilis,
664 5509 838 5580 inquit
886 5508 1216 5582 ilodolphus,
1244 5507 1628 5582 monasterium
1670 5507 1772 5563 sibi
1804 5509 2053 5582 commis-

412 5616 425 5630 .
486 5595 603 5633 sum
642 5578 751 5651 per
768 5598 937 5636 annos
963 5578 1163 5652 viginti
1198 5578 1450 5652 nobiliter
1498 5579 1759 5652 rexisset,
1808 5580 2051 5652 deposito

483 5647 962 5725 ctum'pastoralis
1022 5647 1374 5725 ponderanti
1418 5647 1700 5725 ecclesiam
1766 5647 1925 5721 quam
1985 5650 2051 5704 ad

484 5718 745 5778 oricutém
788 5718 1103 5778 monasterii
1144 5720 1313 5775 sancti
1340 5718 1483 5775 Petri
1512 5719 1563 5770 in
1594 5718 2055 5777 monte—constru-

482 5796 621 5851 ctam
653 5809 812 5869 supra
843 5794 977 5862 dixi,
1005 5810 1062 5850 sc
1091 5791 1345 5857 contulit;
1379 5789 1561 5860 ibique
1586 5805 1830 5857 manens,
1862 5808 1922 5847 ac
1949 5792 2056 5847 Deo

1392 4661 1630 4734 ulde_usis
1654 4664 1890 4734 regimen
1934 4672 2058 4718 ante

2163 3310 2283 3359 rum
2326 3300 2710 3359 beneficiorum
2762 3300 2895 3359 mihi
2947 3300 3152 3374 aliquid
3207 3302 3579 3375 arrogantium.
3612 3299 3687 3355 Sed

2161 3397 2330 3471 plane
2352 3396 2445 3468 Qui
2488 3394 2665 3468 aliqua
2691 3394 2719 3436 ά
2747 3395 2928 3452 divina
2968 3395 3170 3453 eminet
3202 3397 3406 3468 gratia,
3436 3412 3533 3453 non
3557 3402 3689 3466 potest

2163 3534 2426 3616 serviens,
2454 3534 2660 3616 cmlestl
2690 3533 3045 3616 philusophise
3079 3530 3330 3591 Vacabat.
3370 3535 3688 3616 iniiinepatet

2162 3604 2446 3664 Rabanum
2502 3604 2806 3663 deseruisse
2866 3620 3052 3661 curam
3103 3607 3422 3664 monasterii
3467 3604 3692 3662 Fuldsnsis

2164 3688 2307 3731 anno
2335 3666 2460 3742 842,
2493 3684 2778 3746 postquam
2816 3673 2863 3729 ei
2892 3673 3180 3745 praefuerat
3205 3691 3306 3746 per
3336 3693 3504 3732 annos
3530 3674 3689 3746 viginti.

2162 3746 2470 3821 Chronicon
2495 3743 2983 3821 'liiidesllemense
3004 3763 3016 3799 :
3039 3764 3087 3821 _i
3130 3743 3288 3821 Anno
3306 3743 3604 3821 ﬂaminica:
3640 3743 3692 3821 in;

2164 3815 2495 3873 carnationls
2537 3810 2662 3880 84!,
2718 3815 2986 3871 Rabanus‘
3006 3816 3143 3871 abba
3185 3814 3471 3873 Fuldensis
3510 3810 3690 3872 caenobii

2162 3884 2416 3958 expulsus
2441 3886 2507 3958 de
2536 3885 2887 3958 monasterio.
2927 3906 2944 3937 ι
2977 3884 3201 3958 D_emum
3235 3886 3286 3942 in
3324 3885 3476 3944 libris
3498 3882 3690 3954 Antiqui-

2165 3954 2336 4013 tatum
2369 3955 2735 4022 Fuldensium,
2763 3954 2921 4012 editis
2947 3970 2977 4010 a
3007 3955 3260 4023 Pistorio,
3293 3966 3509 4026 exstant
3545 3967 3688 4026 quam-

2160 4028 2411 4101 plurima
2434 4035 2550 4101 acta
2594 4020 2738 4101 illius
2771 4027 3185 4101 aevi_c:_t_quibus
3220 4020 3439 4085 constat
3468 4020 3693 4101 Ralianum

2163 4095 2338 4153 adhuc
2366 4099 2619 4154 abbatem
2662 4098 2829 4153 fuisse
2858 4095 3181 4152 Fuldénsem
3212 4113 3360 4154 anno
3390 4097 3606 4153 secundo
3631 4095 3695 4148 im-

2161 4170 2299 4240 perii
2335 4168 2598 4233 Lotliarii,
2624 4167 2911 4240 Hattqnem
2958 4183 3088 4240 vero
3123 4168 3237 4240 jam
3281 4170 3533 4240 abbatem
3572 4165 3695 4240 ﬁnisse

2165 4234 2308 4295 anno
2338 4239 2496 4295 tertio
2525 4239 2736 4309 imperii
2765 4238 3019 4293 Ludovici
3050 4234 3192 4309 regis
3212 4238 3551 4309 orientalium
3572 4234 3695 4292 Fran-

2162 4326 2376 4376 corum,
2401 4310 2453 4366 id
2480 4319 2583 4373 est,
2603 4307 2862 4366 Ludovici
2892 4309 3035 4380 regis
3058 4307 3384 4380 Germanias.
3417 4309 3490 4380 De
3510 4307 3696 4380 iistione

2162 4396 2357 4452 porro,
2392 4381 2638 4452 in‘quem
2684 4395 2872 4452 curam
2893 4377 3580 4452 _pas‘tora_lem_t_rausfudit,
3607 4388 3681 4445 age

2165 4422 2324 4452 νυ..-
2479 4422 2638 4451 ιιυυ...
2685 4422 2872 4434 -........
2914 4422 3237 4450 ν--.ν....ν...
3281 4422 3580 4442 .......,.......,
3607 4422 3647 4445 -,

2163 4466 2286 4526 mus
2307 4422 2551 4526 pluribus
2590 4446 2643 4506 in
2668 4446 2819 4526 noti_s_
2839 4448 2906 4526 ad
2936 4448 3216 4526 epistolam
3241 4449 3332 4526 86.
3359 4516 3373 4526 Δ
3415 4521 3427 4526 _
3452 4520 3464 4526 _
3539 4514 3578 4526 κ.
3638 4514 3647 4526 .

2235 4522 2263 4562 δ
2306 4514 2387 4576 Ἀά
2412 4520 2724 4577 Immonem.
2780 4514 3102 4589 Episcopum
3142 4519 3284 4575 haud
3336 4516 3497 4589 dubie

2162 4607 2430 4659 mensem,
2453 4591 2543 4661 qui
2573 4590 2801 4647 concilio
2826 4583 3140 4661 Belvaeensi
3184 4588 3432 4661 interluit
3454 4603 3585 4661 anno
3603 4583 3696 4642 διδ.

2161 4678 2349 4744 mense
2376 4658 2571 4744 Aprili,
2603 4671 2658 4744 et
2680 4659 2975 4744 annon859,
3006 4658 3060 4714 in
3090 4660 3325 4744 civitatis
3354 4658 3698 4744 Novioinageu:

2162 4734 2238 4803 sis
2272 4722 2483 4788 excidio
2516 4722 2710 4803 periit,
2744 4746 2774 4786 a
2812 4722 3340 4787 Normaunis'czesus
3360 4772 3375 4797 ,
3416 4739 3476 4786 ut
3506 4722 3697 4785 iacebas

2164 4802 2413 4874 Meyer-us
2450 4801 2625 4874 radit,

2237 4867 2266 4947 ἔ
2302 4872 2532 4947 Obitum.
2567 4871 2714 4947 Qbiit
2733 4871 2978 4947 Aldricus
3023 4885 3165 4925 anno
3191 4868 3319 4947 8H_,
3345 4887 3400 4947 vi
3423 4870 3543 4947 ldus
3565 4867 3695 4947 (icto-

2165 4944 2298 5009 bris,
2328 4955 2386 4998 ut
2416 4942 2482 4998 ad
2514 4941 2894 5013 epistolam39
2924 4940 3123 5013 dictum
3154 4951 3272 5013 esti
3286 4941 3455 5012 igitur
3482 4938 3609 4997 haud
3645 4938 3697 4990 ita

2167 5013 2336 5094 multo
2350 5022 2481 5094 post
2508 5009 2708 5094 scripta
2737 5009 3330 5094 iuitdisti'uec‘epistolai

2237 5083 2263 5123 ά
2293 5079 2481 5139 Divina
2522 5079 2707 5138 eminet
2733 5082 2923 5154 gratia.
2953 5079 3127 5136 Recte
3146 5082 3399 5138 admonet
3423 5080 3591 5154 Lupus
3630 5089 3700 5154 eqs

2170 5156 2221 5210 in
2244 5155 2438 5224 primis
2467 5154 2682 5226 invidia:
2700 5150 2993 5226 morsibus
3012 5160 3241 5226 patere,
3279 5169 3413 5224 quos
3440 5150 3571 5207 Deus
3598 5150 3700 5226 emi-

2169 5221 2357 5281 nentes
2390 5221 2664 5297 esse~_l_‘ecit
2698 5223 2749 5277 in
2779 5237 2838 5279 re
2863 5221 3137 5297 quapiam.
3168 5221 3583 5297 Nam'nunquam
3603 5221 3701 5297 rivi.

2168 5296 2343 5366 nantia
2393 5288 2589 5366 invidia
2632 5302 2831 5366 carem,
2862 5288 2947 5366 ni
2966 5288 3199 5366 Velleius
3226 5288 3533 5366 Patercu’ius
3571 5290 3636 5366 ait
3662 5288 3700 5366 in

2168 5362 2308 5420 libro
2339 5363 2597 5437 secundo.
2640 5362 2706 5417 Et
2735 5362 2875 5433 apud
2904 5360 2965 5437 Τ.
3002 5361 3210 5417 Livium
3243 5366 3296 5419 in
3330 5363 3464 5437 libro
3496 5375 3581 5415 vm
3606 5358 3701 5437 Legi-

2168 5450 2308 5500 mus,
2340 5432 2611 5500 invidiam,
2642 5427 2889 5501 umquam
2929 5434 3118 5501 ignem,
3155 5430 3370 5489 summa
3391 5440 3553 5501 petere
3607 5427 3699 5482 Plu-

2167 5506 2387 5561 tarchus
2411 5516 2624 5575 quoque
2646 5505 2702 5576 in
2727 5500 2844 5558 Vita
2869 5500 3158 5576 Publicola:
3182 5504 3403 5576 adnotat
3427 5518 3543 5559 eum
3566 5503 3699 5576 vitare

2159 5591 2266 5632 non
2288 5572 2526 5647 potuisse
2539 5572 2825 5647 invidiam,
2841 5572 2927 5628 cui
2951 5586 3165 5645 semper
3182 5573 3400 5630 obnoxii
3416 5583 3535 5629 sunt
3555 5572 3695 5647 magni

2159 5641 2504 5715 virifitaque
2536 5663 2639 5701 non
2671 5644 2870 5713 injuria
2928 5641 3175 5715 socet'mm
3198 5660 3352 5701 suum
3379 5660 3441 5700 ex
3470 5660 3531 5700 co
3558 5641 3697 5696 laudat

2164 5718 2403 5782 Tacitus,
2418 5712 2566 5786 quod
2595 5717 2667 5771 ita
2695 5712 2860 5771 vitam
2886 5729 3036 5769 suam
3069 5712 3411 5781 instituisset,
3434 5723 3556 5771 utet
3577 5718 3695 5767 extra

2165 5788 2445 5855 invidiam,
2476 5802 2575 5844 nec
2610 5795 2766 5843 extra
2791 5787 3018 5860 gloriam
3046 5795 3210 5844 esset.
3240 5786 3582 5855 Graviterque
3605 5793 3695 5836 uto-

3795 2228 3800 2403 l
