3902 6300
520 322 617 379 5H

1558 318 1621 373 Β.
1665 317 1723 371 s.
1765 315 1920 373 LUPI
1960 313 2250 371 ABBA'I‘IS
2290 311 2801 371 FERRARIENSIS
3235 280 3251 286 ’
3648 322 3711 378 su

516 452 730 508 cunque
759 424 1313 507 similia'patientibus
1360 432 1684 488 Mardocbtei
1716 430 2099 497 constantiam,
2128 438 2177 497 Α
2207 430 2416 501 gressio
2467 429 2778 500 impedivit;
2843 443 3007 500 quam
3061 437 3294 501 urgente
3347 430 3630 487 necessitate
3663 435 3714 491 bis

518 529 717 585 Esther
760 528 1014 599 pietatem
1072 524 1399 598 impendite;
1442 531 1503 580 ut
1548 524 1736 580 hostes
1776 523 2098 580 famulorum

521 620 614 676 Dei
648 627 825 675 vestra
869 618 1167 690 diligentia,
1218 618 1329 674 imo
1369 616 1554 672 divina
1606 617 1835 683 virtute,
1886 631 1995 672 non
2026 620 2103 673 'ut

519 708 767 782 tempore
789 707 942 780 cujus
970 698 1299 764 mentionem
1323 706 1487 775 facio,
1510 706 1580 764 ad
1605 720 1760 763 suam
1783 706 2099 777 perniciem,

520 800 616 856 sed
636 799 704 854 ad
723 807 1036 870 perpetuam
1056 797 1288 855 salutem
1312 799 1604 855 vincantur
1628 806 1685 854 et
1703 797 2099 870 opprimantur.

519 889 666 947 Bene
694 905 791 947 vos
812 889 993 947 valere
1019 896 1291 961 optamus.

1035 1024 1377 1082 EPISTOLA
1400 1025 1580 1082 XLIII.

944 1134 1012 1173 AD
1055 1133 1361 1175 ιυῡονιοωί
1407 1133 1672 1174 ΛΒΒΔΤΕΙΙ.

586 1232 1093 1295 Praecellentissimo
1114 1232 1298 1289 abbati
1323 1231 1598 1289 Ludovico
1633 1230 1818 1303 Lupus
1845 1240 2104 1289 aeternam
2137 1288 2140 1292 λ

517 1325 768 1382 salutem.

586 1416 777 1473 Debita
804 1417 945 1472 dona
970 1430 1090 1486 quae
1113 1430 1213 1486 per
1247 1430 1344 1473 vos
1368 1431 1463 1472 rex
1478 1414 1641 1485 jussit
1674 1417 1871 1484 direxi,
1900 1433 2024 1489 qua:
2044 1427 2105 1473 ut

515 1512 565 1567 ei
591 1522 747 1582 grata
775 1510 908 1567 fiant
930 1519 1113 1567 vestra
1159 1509 1535 1567 benevolentia
1571 1527 1677 1568 non
1727 1512 2105 1582 aspernabitur

516 1617 829 1674 procurare.
861 1600 997 1670 Quia
1026 1616 1156 1659 vero
1186 1615 1213 1644 ιι
1255 1600 1565 1673 Odulphum
1596 1618 1719 1659 cum
1760 1603 1789 1644 δ
1825 1603 2013 1675 regina
2037 1603 2106 1659 ad

517 1707 702 1765 regem
729 1701 1021 1761 venturum
1040 1692 1221 1749 audivi
1245 1733 1261 1759 ,
1290 1692 1535 1765 supplico
1560 1701 1620 1747 ut
1636 1706 1906 1749 memores
1932 1693 2104 1750 nostri

2202 521 2400 577 litteris
2439 520 2660 587 refrico,
2711 530 2769 575 ut
2815 535 2935 576 mea
2968 521 3182 577 saltem
3214 520 3713 595 importunitatem

2201 608 2377 686 ipsum
2401 628 2618 687 quoque
2660 616 2955 687 ingenuum
3002 615 3267 687 pudorem
3292 615 3547 683 excludit,
3570 634 3645 674 vos
3676 622 3716 679 ad

2202 707 2631 763 subveniendum
2660 707 2793 762 mihi
2824 715 2880 763 et
2924 706 3048 763 aliis
3091 707 3286 763 eadem
3340 707 3637 777 patientibus
3658 713 3718 767 im-

2201 799 2417 871 pellam.
2443 799 2630 871 Neque
2656 800 2800 856 enim
2830 798 3194 871 congregandi
3216 799 3345 853 auri
3371 800 3666 870 argentique,
3682 820 3719 859 ac

2202 892 2430 948 aliarum
2457 893 2822 964 pretiosarum
2853 892 3159 963 specierum
3179 890 3459 947 sublatam
3479 891 3613 948 nobis
3630 895 3721 951 dole-

2201 999 2326 1039 mus
2361 983 2671 1049 materiam,
2694 984 2790 1040 sed
2819 983 2962 1039 unde
2993 982 3162 1038 vitam
3193 981 3546 1037 mediocriter
3578 993 3716 1039 auster
3794 981 3795 1047 l

2200 1075 2469 1141 tabamus,
2518 1075 2624 1131 hoc
2676 1083 2782 1142 est,
2842 1074 2984 1130 unde
3039 1074 3377 1130 vestimenta
3421 1082 3477 1129 et
3520 1073 3720 1133 alimento-

2200 1183 2325 1223 rum
2386 1168 2859 1238 consequebamur
2938 1167 3086 1223 omni
3154 1175 3412 1237 tempore
3474 1166 3720 1235 adiumenta.

2201 1258 2460 1329 Cogimur
2506 1260 2694 1331 itaque
2720 1258 2907 1314 attrita
2937 1267 2993 1314 et
3027 1267 3236 1315 resarta
3291 1258 3439 1314 ferre
3482 1261 3720 1316 vestimenta
3794 1248 3795 1327 ξ

2201 1361 2259 1408 et
2288 1352 2485 1408 famem
2506 1367 2647 1422 pene
2673 1367 2888 1422 semper
2913 1351 3041 1407 solis
3066 1350 3314 1407 oleribus
3345 1359 3403 1406 et
3429 1352 3654 1421 emptitiis
3672 1353 3719 1405 le.
3794 1348 3795 1353 “

2203 1445 2513 1517 guminibus
2549 1454 2874 1515 temperare.
2905 1444 3046 1500 llinc
3067 1451 3384 1515 queruntur
3405 1442 3602 1497 infirmi.
3624 1443 3719 1513 Apud

2204 1550 2304 1592 nos
2348 1543 2606 1592 consueta
2654 1535 2973 1606 requirunt,
3022 1549 3126 1590 nec
3166 1532 3490 1598 inveniunt,
3538 1533 3719 1603 hospites.

2204 1629 2497 1685 Praesentia
2521 1638 2767 1700 tempora
2789 1627 3143 1693 infamantur,
3158 1635 3216 1682 et
3233 1625 3394 1683 Deus
3416 1625 3483 1681 ad
3506 1626 3718 1682 vindictam

2207 1720 2324 1775 sine
2374 1719 2538 1775 dubio
2583 1727 2931 1791 provocatur.
2986 1716 3188 1773 Verum
3238 1717 3399 1788 quia,
3448 1718 3577 1773 sicut
3612 1719 3722 1786 priori

517 1798 641 1843 ⁸⁵⁵⁸
668 1783 985 1882 δίεηῗίηίηίι
1022 1783 1234 1882 δείξαι
1267 1791 1328 1839 ut
1366 1782 1565 1882 θῗμδξῖξ
1594 1791 1862 1882 ηθδιττξξην
1910 1784 1968 1838 in
1997 1798 2104 1855 9"“
2133 1802 2183 1863 B
2209 1810 2437 1882 epistola
2492 1782 2601 1867 non
2653 1808 2989 1874 adulatorie,
3045 1809 3141 1864 sed
3188 1782 3342 1864 serio
3386 1782 3719 1879 comprehend,

517 1883 716 1947 prteter
739 1875 913 1931 solum
943 1884 966 1915 ο
1018 1874 1153 1930 nihil
1193 1889 1331 1946 pene
1377 1874 1524 1930 aliud
1547 1870 1661 1944 jam
1708 1873 1958 1941 relictum
1995 1882 2101 1938 est,

524 1965 741 2022 tandem
778 1964 1067 2036 aliquando
1087 1964 1116 2004 ά
1148 1965 1447 2037 recipiam;
1478 1966 1608 2036 quia
1633 1980 1752 2021 eam
1777 1964 1924 2021 nulla
1946 1965 2104 2036 culpa

522 2073 644 2114 mea
672 2058 907 2135 perdidi,
931 2073 1032 2140 nec
1051 2072 1146 2114 eas
1172 2057 1456 2114 facultates
1484 2067 1672 2114 noster
1692 2058 1857 2113 habet
1876 2057 2028 2115 locus
2046 2066 2107 2114 ut

522 2145 641 2202 sine
692 2145 921 2218 praefata
970 2145 1108 2202 cella
1165 2147 1221 2200 in
1279 2160 1345 2201 eo
1401 2147 1598 2201 durare
1652 2146 1824 2217 possit
1896 2144 2106 2217 religio.

522 2235 768 2308 Namque
798 2237 925 2295 inde
943 2252 1070 2295 cera
1091 2237 1356 2304 ecclesiae,
1389 2237 1651 2295 fratribus
1676 2248 1732 2295 et
1768 2237 1990 2295 famulis
2018 2253 2109 2295 ve-

525 2328 799 2397 stimenta,
824 2329 1023 2400 pisces,
1050 2343 1263 2395 caseus,
1309 2336 1365 2384 et
1401 2328 1674 2401 legumina
1722 2330 2109 2387 ministraban-

525 2428 642 2487 tur;
673 2406 870 2492 quibus
893 2421 1160 2484 omnibus,
1178 2420 1385 2476 utinam
1416 2436 1521 2477 non
1547 2421 1613 2477 ad
1644 2433 1667 2461 θ
1695 2421 1917 2492 duplum
1944 2420 2110 2478 detri-

524 2520 766 2568 mentum
793 2510 996 2569 domini
1034 2512 1231 2579 nostri,
1281 2520 1560 2585 gementes
1593 2527 1863 2569 caremus.
1904 2512 2108 2569 Admo-

523 2610 650 2659 nete
673 2602 837 2675 igitur
861 2616 987 2657 eum
1017 2602 1100 2657 sui
1128 2600 1376 2672 periculi,
1412 2609 1471 2658 ut
1491 2611 1547 2658 et
1565 2601 1668 2659 sibi
1698 2611 1753 2658 et
1780 2601 1937 2658 nobis
1963 2601 2112 2658 aliis-

523 2708 630 2765 que
656 2694 907 2750 similiter
925 2708 956 2749 a
980 2708 1039 2751 se
1068 2691 1283 2750 afﬂictis
1304 2693 1586 2760 consulat;
1612 2707 1713 2749 nec
1741 2693 1927 2749 timeat
1940 2693 2109 2749 Deum

523 2794 710 2845 nostra
751 2784 863 2857 85
892 2784 1261 2841 consolatione
1292 2784 1533 2855 placare,
1585 2799 1747 2856 quem
1777 2800 1886 2841 non
1932 2785 2113 2840 timuit

524 2878 721 2934 acerba
766 2877 1119 2949 oppressione
1162 2874 1455 2932 offendere.
1510 2875 1789 2947 Siquidem
1843 2875 2111 2948 generalis

523 2968 906 3040 religiosorum
933 2968 1164 3024 assertio
1188 2975 1295 3032 est,
1317 2975 1515 3036 praeter
1548 2967 1843 3023 vindictam
1865 2967 2110 3022 ultimam

527 3074 649 3129 qua:
670 3059 996 3128 impendeat,
1028 3072 1304 3128 nunquam
1319 3072 1444 3113 eum
1469 3057 1744 3114 felicitatis
1769 3067 1969 3129 optata:
1994 3074 2113 3130 pro

526 3152 870 3255 speritatem.
889 3153 1207 3255 adepturum
1252 3152 1425 3208 donec
1450 3152 1780 3255 redintegret
1809 3151 2110 3255 Ecclesiam
2138 3168 2184 3232 ρ
2214 3151 2386 3245 Deum
2438 3188 2668 3255 reversi,

527 3259 694 3315 quam
713 3242 915 3310 divisit,
946 3252 1005 3300 et
1030 3244 1285 3316 gravibus
1328 3258 1394 3299 ac
1422 3243 1652 3299 maturis
1681 3243 1970 3310 bonorum,
2007 3243 2113 3302 hoc

527 3345 616 3395 est
638 3338 809 3395 Deum
847 3337 1176 3404 timentium,
1198 3337 1441 3395 consiliis
1485 3338 1814 3409 acquiescat.
1845 3337 1991 3394 Bene
2018 3353 2115 3395 vos

529 3427 712 3486 valere
740 3427 915 3500 cupio.

1044 3542 1380 3602 EPISTOLA
1428 3544 1613 3616 xuv,

1108 3656 1177 3696 ΑΙ)
1214 3655 1547 3697 BINCIARUI.

599 3733 825 3790 Summa
859 3731 1208 3790 veneratione
1257 3732 1602 3804 suspicienda
1651 3729 1949 3787 Hincmaro
1974 3730 2116 3787 anti-

530 3827 644 3884 stiti
674 3826 857 3899 Lupus
879 3825 1248 3882 omnimodam
1273 3824 1523 3883 salutem.

600 3918 863 3975 Effectum
884 3918 1160 3989 petitionis
1193 3932 1332 3974 meae
1360 3932 1533 3988 nuper
1573 3932 1606 3973 a
1644 3931 1770 3990 rege
1812 3924 1995 3973 vestra
2037 3916 2116 3974 di-

603 4052 622 4073 -
658 4034 980 4105 Odulphum.
1010 4034 1088 4090 Ita
1117 4034 1331 4105 diserte
1355 4041 1508 4105 vetus
1538 4033 1729 4098 codex,
1762 4048 1862 4104 pro
1886 4045 1952 4088 eo
1971 4032 2115 4105 quod

537 4104 703 4161 editio
747 4102 981 4161 Mtrssoni
1020 4106 1253 4160 habebat
1284 4102 1648 4172 Edilulphum,
1681 4102 1903 4173 prorsus
1952 4102 2113 4158 male.

538 4173 819 4246 Qdulphus
859 4176 908 4232 is
943 4184 1057 4241 est,
1108 4184 1168 4229 ut
1211 4189 1371 4244 supra
1415 4175 1702 4246 diximus,
1742 4174 1841 4246 cui
1893 4173 2118 4246 Carolus

538 4243 735 4316 Calvus
764 4247 988 4302 dederat
1009 4246 1198 4304 cellam
1219 4243 1387 4302 sancti
1409 4244 1595 4301 Judoci
1625 4263 1640 4300 :
1665 4246 1712 4302 is
1732 4245 1875 4316 ipse,
1884 4243 2115 4316 ppinor,

578 4315 1006 4442 uinllaudulphus
1026 4332 1208 4374 comes
1233 4325 1457 4373 vocatur
1478 4317 1532 4372 in
1555 4314 1781 4387 epistola
1810 4316 1845 4370 6
1883 4314 2118 4371 Frotarii

592 4405 620 4442 υ
665 4405 829 4442 en5ts.

592 4405 829 4445 unen5ts.

610 4460 638 4500 ιι
690 4460 911 4530 Regina.
941 4458 1288 4525 Irmintrude,
1318 4459 1493 4516 Caroli
1525 4473 1715 4525 uxore,
1746 4455 1900 4527 cujus
1925 4457 2118 4514 studiis

537 4532 679 4587 haud
702 4532 864 4587 dubie
892 4532 1237 4588 attollebatur
1264 4531 1561 4602 Odulphus.

608 4614 631 4642 ο
676 4602 827 4657 Nihil
850 4619 998 4673 pene.
1051 4602 1305 4673 lntelligit
1355 4602 1560 4658 cladem
1587 4616 1691 4673 qua
1722 4608 2008 4673 vastatum
2036 4610 2119 4673 est

537 4670 925 4743 monasterium
980 4673 1155 4729 sancti
1208 4670 1399 4728 Judoci
1434 4691 1445 4726 :
1482 4670 1645 4743 quam
1670 4670 2121 4743 Aclademvconti-

538 4746 677 4811 gissc
704 4759 845 4799 anno
865 4742 971 4798 844
993 4744 1151 4799 docet
1176 4753 1367 4799 auctor
1385 4741 1639 4799 Clironici
1664 4741 2115 4797 Fontanellensis.

538 4815 739 4869 Verum
775 4814 1216 4884 eamcoutigisse
1256 4830 1398 4870 anno
1447 4814 1553 4870 842
1606 4814 1774 4869 tradit
1810 4812 1894 4868 his
1941 4813 2123 4867 verbis

538 4893 727 4939 auctor
752 4883 1039 4938 Annalium
1083 4883 1259 4939 sancti
1302 4884 1502 4940 Bertini
1554 4902 1568 4939 :
1620 4903 1639 4936 ι
1698 4884 1772 4938 Ea
1804 4890 2123 4951 tempestate

539 4955 971 5008 Normannorum
988 4953 1187 5026 classis
1224 4954 1279 5026 in
1306 4957 1547 5026 emporio
1574 4954 1737 5026 quod
1755 4952 2121 5026 Quentovicus

537 5026 753 5087 dicitur,
794 5024 1076 5093 repentino
1106 5024 1205 5079 sub
1232 5021 1410 5081 lucem
1448 5021 1678 5080 adventu
1708 5021 2121 5093 depraedationi-

539 5096 660 5159 bns,
689 5093 1001 5164 captivitate
1029 5102 1084 5149 et
1111 5111 1242 5152 nece
1297 5111 1458 5151 sexus
1503 5094 1785 5164 utriusque
1814 5093 2118 5164 hominum,

539 5167 674 5220 adeo
712 5162 1026 5221 debacchati
1061 5174 1205 5231 sunt,
1236 5176 1298 5222 ut
1323 5166 1455 5221 nihil
1486 5166 1540 5221 in
1566 5162 1869 5236 eoprteter
1892 5162 2120 5219 aedilicia

538 5236 713 5307 pretio
744 5237 1023 5307 redempta
1056 5237 1443 5307 relinquerent.
1480 5257 1499 5290 ι
1553 5234 1866 5307 5εά’νθι;ἰρι·
1893 5244 2121 5307 estepo-

539 5254 713 5307 pI‘CIIO
744 5254 1023 5307 reuempta
1056 5254 1190 5292 I‘CIIII
1233 5254 1443 5293 tierent.
1480 5257 1499 5290 ι
1554 5254 1662 5291 aea
1685 5254 1866 5291 νει-ιοῐ
1893 5254 1977 5290 esr.
1992 5254 2119 5303 epo-

539 5307 639 5361 clia
663 5307 714 5361 in
741 5306 1138 5364 Fontanellensi
1166 5254 1437 5364 (ΣΊποηίρο
1463 5307 1738 5363 adnotata.
1765 5303 1904 5361 Nam
1935 5305 1987 5360 in
2017 5306 2119 5361 ista

538 5376 1011 5449 epistolaimentio
1037 5388 1215 5434 exstat
1261 5379 1481 5449 reginas,
1527 5377 1581 5433 id
1626 5385 1712 5449 est
1750 5375 2119 5442 Irmintrudis,

542 5450 724 5503 uxoris
762 5448 941 5505 Caroli
991 5448 1161 5506 Calvi.
1206 5450 1283 5505 Ea
1328 5447 1516 5506 autem
1574 5447 1811 5519 nondum
1865 5457 2125 5519 nupserat

539 5519 755 5592 Carolo,
784 5521 1026 5592 adeoque
1056 5522 1294 5578 nondum
1350 5522 1533 5592 rcgina
1561 5528 1698 5575 erat.
1726 5518 1955 5592 Carolus
1978 5519 2121 5574 enim

539 5589 684 5646 illam
716 5592 869 5647 duxit
896 5589 1125 5648 exeunte
1156 5599 1365 5647 tantum
1412 5589 1556 5646 anno
1596 5590 2009 5661 quadragesimo
2034 5605 2121 5645 se-

540 5662 715 5717 cundo
741 5663 885 5719 illius
906 5663 1112 5727 saeculi,
1132 5670 1194 5716 ut
1221 5662 1385 5718 etiam
1416 5661 1583 5718 tradit
1607 5660 2122 5717 auctor’Annalinm

541 5733 1001 5790 Bertinianorum.
1039 5731 1106 5787 Et
1151 5731 1446 5788 Nithardus
1474 5740 1719 5788 extremo
1747 5728 1886 5787 libro
1928 5740 2123 5790 quarto

542 5804 693 5861 docet
714 5805 931 5883 nuptias
952 5802 1351 5869 ﬂinnentrudis
1369 5812 1425 5862 et
1441 5801 1621 5863 Caroli
1640 5800 1804 5857 fuisse
1825 5800 2124 5862 celebratas

2208 1897 2372 1958 totius
2414 1902 2670 1959 Ecclesiae
2703 1916 2866 1957 causa
2912 1916 3014 1958 vos
3054 1901 3569 1973 dignitate'ornatos
3603 1909 3642 1955 et
3675 1899 3721 1952 h-

2205 1992 2523 2048 miliaritate
2568 1992 2682 2064 86
2721 1991 2986 2062 principis
3028 1991 3260 2048 donatos
3298 1992 3584 2057 credimus,
3614 1990 3718 2060 idque

2208 2084 2372 2142 rebus
2396 2085 2642 2156 cupimus
2663 2084 2972 2154 approbari,
3012 2084 3141 2140 dum
3171 2085 3377 2141 adesse
3400 2082 3644 2154 Odulphus
3670 2081 3719 2135 di-

2209 2178 2352 2234 citur
2394 2176 2677 2233 elaborare
2703 2176 2999 2248 dignamini
3047 2185 3111 2233 ut
3139 2193 3200 2233 se
3240 2192 3344 2233 rex
3397 2184 3539 2231 tanto
3572 2182 3721 2245 pectito

2209 2276 2389 2332 exuat,
2417 2277 2472 2322 et
2507 2281 2607 2323 nos
2635 2274 2747 2322 tam
2795 2266 3002 2339 ingenti
3046 2269 3280 2339 penuria
3331 2268 3545 2331 liberet;
3584 2280 3718 2321 neno:

2211 2367 2320 2413 tam
2347 2372 2471 2414 eum
2497 2367 2684 2414 nostra
2709 2357 2885 2413 oratio
2936 2358 3184 2415 sublevet
3234 2374 3408 2430 quam
3458 2354 3639 2413 aMietio
3660 2357 3720 2409 im-

2209 2449 2493 2522 portabilis
2556 2449 2846 2522 deprimat.
2899 2449 3178 2522 Siquidem
3229 2460 3418 2508 vestra
3466 2448 3715 2521 suggestione

2211 2540 2493 2596 institutus
2518 2555 2769 2613 magnam
2804 2548 2988 2612 potest
3020 2541 3229 2598 habere
3259 2542 3718 2614 opportunitatemnt

2211 2632 2357 2703 quod
2397 2645 2684 2702 perperam
2726 2630 2893 2697 fecit,
2940 2633 3231 2699 immutet,
3285 2633 3493 2690 scilicet
3533 2631 3571 2686 si
3603 2643 3714 2685 saw-

2211 2724 2436 2790 laribus,
2492 2726 2692 2796 quibus
2741 2740 2832 2781 res
2875 2724 3284 2782 ecclesiasticas
3334 2723 3615 2796 impertitus
3643 2728 3714 2780 est.

2211 2823 2497 2872 conrueret
2517 2830 2639 2886 quae
2665 2831 2726 2873 se
2751 2817 2927 2889 ipsum
2962 2825 3018 2873 et
3064 2816 3184 2872 illos
3216 2825 3351 2888 post
3375 2820 3632 2872 consecuta
3651 2810 3716 2866 sint

2215 2911 2578 2977 incommoda,
2635 2919 2693 2966 et
2750 2911 2949 2965 iratum
3009 2910 3180 2965 Deum
3233 2925 3346 2966 non
3377 2951 3395 2976 ,
3446 2908 3540 2964 nisi
3584 2919 3653 2962 sua
3685 2902 3715 2957 ei

2214 3005 2524 3071 restituant,
2552 3018 2676 3060 esse
2720 3003 3065 3075 placandum,
3095 3018 3197 3061 nec
3227 3003 3393 3059 aliter
3420 3015 3506 3057 eos
3542 3000 3712 3054 virtutem

2216 3103 2273 3151 et
2323 3095 2612 3152 consilium
2654 3105 2990 3166 recepturos,
3042 3093 3147 3149 nisi
3196 3110 3264 3150 ex
3306 3094 3469 3149 corde
3509 3090 3566 3144 ad
3604 3088 3713 3157 ipsum

2720 3187 2926 3257 rapinis
2974 3185 3311 3254 abstineant,
3352 3195 3407 3241 et
3433 3198 3533 3240 sua!
3555 3175 3712 3235 imbecil-
3794 3212 3795 3223 κ

2215 3280 2384 3336 litatis
2429 3278 2671 3344 conscii,
2721 3275 2839 3349 ejus
2889 3277 3305 3348 omnipotentiae
3356 3292 3416 3332 se
3462 3270 3710 3329 submittant

2216 3371 2370 3440 Quod
2406 3371 2514 3427 nisi
2554 3369 2738 3427 facere
2775 3369 3026 3426 dominus
3053 3378 3242 3426 noster
3264 3384 3367 3424 rex
3391 3357 3707 3423 acceleraverit.

2217 3472 2273 3519 et
2299 3462 2651 3532 trepidaverit
2676 3461 2769 3517 ubi
2818 3475 2927 3517 non
2978 3470 3064 3516 est
3091 3460 3275 3527 timor,
3304 3460 3449 3516 ultra
3476 3468 3609 3530 quam
3645 3446 3709 3502 dici

2214 3562 2397 3627 potest
2424 3554 2654 3611 formido
2681 3568 2750 3609 ne
2787 3553 3051 3610 citissime
3101 3554 3215 3610 suis
3263 3552 3497 3610 inimicis
3536 3544 3709 3620 gaudium

2215 3647 2395 3719 pariat
2426 3647 2762 3716 exoptatum,
2788 3644 2947 3700 nobis
2981 3652 3165 3700 autem
3213 3645 3378 3701 unice
3416 3657 3472 3697 se
3494 3632 3712 3694 amantibus

2217 3737 2564 3810 opprobrium
2612 3735 2971 3807 derelinquat.
3020 3736 3164 3792 Bene
3193 3751 3298 3792 vos
3343 3735 3515 3791 valere
3549 3725 3710 3797 cupiocl

2219 3829 2273 3884 in
2300 3829 2417 3884 dies
2444 3827 2512 3882 ad
2535 3827 2761 3883 meliora
2784 3827 3072 3899 prolicere.
3105 3826 3360 3882 Imitatus
3388 3832 3574 3879 veteres
3592 3811 3695 3871 eradi

2221 3922 2383 3978 tionis
2404 3920 2660 3987 artificio,
2679 3920 2845 3976 etiam
2861 3935 3005 3975 nunc
3026 3929 3211 3975 nostra
3240 3929 3547 3989 recuperare
3566 3906 3712 3965 molitu-

2218 4036 2407 4092 eodem
2437 4050 2601 4101 anno,
2632 4051 2726 4090 xxx
2760 4032 2878 4088 Kal.
2915 4032 3177 4089 Januarii.
3210 4032 3475 4088 Praeterea
3490 4028 3572 4101 ista
3590 4017 3705 4101 clades

2218 4085 2601 4179 sanguine
2618 4085 2937 4177 causa";
2953 4085 3109 4160 agger
3123 4085 3299 4159 an}...
3312 4085 3708 4179 Ferrariensiﬂ

2218 4164 2398 4249 quani,
2430 4164 2758 4249 dignitatem
2814 4164 2859 4230 is
2908 4191 3050 4230 anno
3119 4164 3707 4249 ⁸ιεὶιιιψῐι,849-Πξῖδέεξξιξξξ

2218 4225 2869 4320 ὖέἶῦἓμίῖῗιὶὶῖξᾶἰξιιιίἱι
2910 4225 3045 4320 ᾆξ’
3069 4225 3709 4320 ad'_f§pi§i1iiaiirio._tjigp

2218 4301 2537 4389 manifeste
2561 4301 2831 4389 colligitur
2881 4315 3088 4373 cladem
3141 4301 3290 4370 illam
3344 4307 3600 4380 contigisse
3636 4301 3708 4368 νυ>¹

2220 4406 2423 4446 annum
2447 4388 2571 4446 842.
2697 4388 2709 4389 “
2999 4424 3017 4444 .
3616 4441 3637 4453 ν,

2292 4437 2653 4527 E'ﬁkiiiiiiim.
2676 4459 2791 4531 Ego
2811 4437 3049 4531 arbitror
3085 4465 3197 4512 tum
3230 4456 3549 4531 aliquatenus
3564 4437 3708 4531 satislt:

2141 4544 2198 4606 1)
2220 4521 2558 4606 ctum_Lupt_)_.
2590 4521 2911 4606 Nam'paulo
2949 4537 3071 4606 post
3094 4521 3708 4606 conciliumhvemeusﬁkl'

2223 4594 2487 4660 videlicet'
2507 4594 2775 4657 Kalendas
2805 4594 3071 4672 Januarii,
3125 4598 3353 4672 Garolus
3376 4594 3551 4672 Calvus
3573 4594 3704 4672 ρι’ξῖξξξτξ]

3027 4644 3221 4746 statuit
3255 4644 3353 4746 ut-
3366 4679 3480 4722 cum

2223 4722 2548 4835 ᾗὲξιξήξῑῖιᾙ
2570 4722 3292 4835 gédééii'ouliitpiib'comiti,
3310 4722 3321 4724 ’
3338 4747 3427 4822 aut
3459 4722 3704 4835 εεξιῄξξέξυλ

2225 4814 2507 4884 Odulphus
2535 4814 2751 4879 obierit,
2804 4811 2939 4868 cella
2954 4802 3144 4867 'sancti
3172 4802 3361 4867 Judoci
3403 4802 3683 4863 revertaer

2227 4885 2624 4941 Ferrarienses.
3439 4947 3452 4952 _
3530 4941 3541 4952 ,

2306 4967 2329 4996 ο
2386 4940 2620 5027 Duplum
2647 4953 3137 5027 detrimentum.“
3177 4960 3281 5018 est,
3318 4952 3383 5007 ad
3420 4940 3701 5027 detrinﬂlf'ﬂ

2226 5001 2427 5082 animae
2450 5001 2505 5081 e't
2531 5001 2798 5109 corporis.
2830 5024 2914 5079 Ad
2940 5001 3322 5116 detrimentum
3351 5001 3703 5116 θρίωξλξξᾚῖῖ

2223 5112 2387 5168 paena
2407 5105 2612 5168 acterna
2630 5083 2933 5168 Immineat
2950 5097 3039 5166 qui
3082 5110 3170 5150 res
3198 5092 3440 5149 ecclesiis
3469 5083 3689 5168 ἀίεξξίιξξξξ

2224 5154 2452 5224 donatas
2470 5167 2668 5223 aufert.
2697 5166 2779 5221 Ad
2800 5154 3179 5222 detrimentum
3206 5173 3383 5219 autem
3395 5154 3701 5225 εοτρθΐίθνῑῖυῗῗ

2226 5217 2861 5307 ἦῖἑῶῖῖιιῖἆῦιᾘίιιὶὸῖίὲέ
2876 5217 3083 5307 assa};
3098 5217 3578 5307 ῐὲίρὶιὲζιίῑωρηδᾳηι
3589 5217 3698 5307 ﬁt

2223 5287 3375 5381 ;;;,;,,;,;:,iiia‘.iianimus;3.25.;an
3397 5287 3700 5381 βρτρξρινὶξὲῑ
3794 5312 3795 5373 ι

2229 5362 2858 5467 peraequata“
2881 5374 3449 5467 F39§£i,'3"§3_.=1's92_id
3469 5362 3698 5467 ﬁliiﬁlii

2229 5435 2479 5507 rumdam
2514 5435 2814 5506 visionibus
2868 5449 3064 5503 astruit
3093 5448 3253 5510 paulo
3288 5435 3443 5510 infra,
3470 5435 3698 5510 ἰιειιξίιυῖξῗ
3794 5486 3795 5510 ξ

2229 5465 2479 5507 rumaam
2514 5465 2814 5506 VlSIOﬂlllllS
2868 5465 3064 5503 εὶδιτυιι
3130 5465 3253 5503 αυιο
3292 5465 3443 5510 Inll'a,
3471 5465 3687 5497 IWW‘I""

2227 5520 2453 5607 φρίειρια
2479 5521 2568 5577 δδο
2584 5520 2917 5607 .Sisl’avas.
2932 5465 3154 5607 φρρίδί.
3170 5500 3696 5607 μεμίξςηξὲεβξξῖξῗὲίέἑ

2522 5573 2822 5649 ultore
2850 5573 2960 5644 Deo
3000 5589 3337 5680 Normannos
3380 5587 3431 5671 in
3455 5573 3696 5680 (ἕξιιξῗίξηιᾟ

2227 5639 2616 5720 assignas;
2624 5639 2880 5719 cinia;
2897 5639 3424 5717 inspirantis.
3465 5658 3512 5704 et
3546 5639 3663 5697 aliam

2226 5737 2553 5808 synodorum
2581 5751 2678 5811 per
2701 5748 2794 5789 eas
2818 5741 3165 5806 tempestates
3198 5730 3502 5789 habitarunt.
