3902 6300
115 438 209 492 Si
221 438 271 494 5
1605 438 1756 495 EPIS

1869 438 1987 495 LJE.
3359 440 3464 496 δη

117 563 382 616 essem,
420 549 528 606 nisi
551 550 655 606 hoc
679 550 876 606 frustra
905 553 1121 604 tentans
1144 549 1518 620 experimento
1544 548 1766 619 preprio
1795 553 1847 612 Α
1871 558 1931 605 ιιι
1959 547 2056 607 Dei
2085 549 2248 606 timor
2275 558 2439 621 atque
2465 563 2620 606 amor
2663 555 2903 605 vestram
2956 561 3284 622 compungat
3315 568 3464 606 ruen-

120 645 596 715 comperissem,
625 643 838 699 etiamsi
887 641 1146 712 Virgilius
1192 641 1562 719 revivisceret,
1593 649 1648 696 et
1690 648 1773 695 to-
1877 655 2007 709 tem,
2046 642 2170 715 quia
2201 640 2316 712 jam
2348 639 2596 713 pervenit
2624 655 2819 713 corpus
2873 641 2942 696 ad
2966 640 3179 696 virilem
3225 648 3464 697 aetatem-

124 744 246 792 tas
272 749 307 777 ει
347 734 611 806 tripertiti
655 735 836 806 cperis
891 733 1038 789 vires
1085 733 1367 789 movendis
1413 731 1773 803 quorumdam
1872 737 1953 792 Ne
1981 734 2266 802 diﬁ'eratis,
2298 749 2504 806 quaeso,
2529 733 2759 790 ulterius
2786 734 2990 790 bonum
3033 733 3176 804 quod
3201 749 3300 790 vos
3328 733 3466 790 velle

125 828 442 884 cordibus
463 828 812 898 expenderet,
840 840 908 881 nc
952 824 1240 881 lectionem
1289 823 1504 894 quidem
1538 837 1773 894 praesen-
1875 828 2100 885 dicitis:
2131 827 2387 898 quoniam
2413 841 2536 882 cum
2584 826 2840 882 nesciatis
2893 825 3022 896 quid
3076 834 3466 897 superventura

127 920 310 974 tium
347 920 698 991 adepturum.
1543 917 1546 920 ’
1873 923 2051 994 pariat
2074 920 2212 986 dies,
2263 929 2446 975 tamen
2497 919 2622 989 quia
2667 918 2948 976 nobiscum
2976 918 3218 988 quotidie
3243 920 3310 975 ad
3351 922 3467 990 ejus

644 1055 753 1126 37
789 1053 1122 1110 EPISTOLA
1154 1053 1315 1110 XLV.

542 1183 610 1221 AD
662 1182 879 1223 DOINUM
929 1183 1103 1223 REGI-1M
1150 1183 1416 1225 CAROLUII.

236 1279 654 1350 Omnipotentis
675 1279 788 1344 Dei,
818 1296 1021 1350 quaeso,
1059 1280 1443 1344 recordamini,
1482 1281 1572 1350 qui
1605 1279 1774 1350 gratis

140 1369 324 1426 dedit
374 1371 532 1426 vobis
595 1371 781 1436 vitam,
827 1371 1186 1437 nobilitatem,
1219 1372 1247 1411 δ
1291 1370 1770 1442 pulchritudinem,

143 1464 504 1533 potentiam,
544 1461 976 1533 laudabilemque
1001 1463 1363 1534 prudentiain,
1401 1471 1474 1527 et,
1515 1461 1656 1530 quod
1690 1460 1773 1514 his

147 1556 358 1626 majus
388 1565 473 1610 est
521 1555 790 1621 omnibus,
822 1555 903 1611 sui
948 1555 1332 1625 cognitionem.
1387 1553 1454 1608 Et
1511 1555 1774 1607 honorate

144 1663 296 1701 eum
328 1647 388 1701 in
426 1656 448 1684 ο
481 1647 653 1702 servis
679 1644 823 1715 ejus;
855 1646 981 1716 quia
1012 1647 1136 1716 ipsi,
1163 1654 1348 1716 utpote
1395 1644 1614 1700 habenti
1654 1660 1771 1699 om-

149 1737 284 1803 nia,
323 1737 578 1793 conferre
604 1738 738 1792 nihil
765 1738 1010 1808 potestis.
1045 1738 1294 1794 Polliceri
1346 1739 1602 1808 dignatur
1636 1736 1724 1790 ille
1755 1754 1766 1790 :

149 1830 328 1885 Beati
358 1831 741 1897 misericordes,
769 1832 1019 1902 quoniam
1063 1831 1162 1900 ipsi
1192 1830 1609 1885 misericordiam
1655 1845 1774 1882 con-

1870 1011 2134 1082 judicium
2177 1001 2414 1076 tenditis,
2447 1011 2532 1066 cui
2569 1010 2853 1067 verissime
2900 1010 3098 1066 dicitur
3130 1023 3145 1063 :
3176 1008 3255 1063 Tu
3283 1009 3468 1064 reddes

1875 1101 2153 1167 unicuique
2172 1099 2457 1155 secundum
2477 1116 2632 1170 Opera
2659 1117 2756 1155 sua
2793 1099 3009 1173 (Matth.
3040 1115 3129 1153 xvr
3149 1098 3191 1169 ),
3220 1098 3468 1155 dubitare

1873 1205 2215 1261 nequaquam
2278 1190 2523 1259 potestis.
2557 1188 2826 1244 Horribile
2883 1197 2958 1244 est
3013 1197 3188 1243 autem
3226 1187 3458 1242 incidere

1874 1282 1927 1336 in
1969 1297 2157 1338 manus
2202 1280 2301 1336 Dei
2339 1281 2553 1336 viventis
2597 1279 2784 1351 (Hebr.
2821 1278 2901 1350 ιι).
2947 1277 3057 1334 Nec
3098 1293 3228 1334 vero
3286 1278 3466 1334 dicere

1873 1372 2167 1443 dignemini
2215 1388 2308 1429 vos
2361 1389 2469 1429 non
2506 1387 2686 1442 posse.
2737 1370 3039 1442 Siquidem,
3088 1379 3148 1424 ut
3192 1369 3269 1425 ait
3317 1371 3465 1442 Apoc

1873 1465 2044 1520 stolus
2089 1463 2231 1520 Deus
2273 1481 2376 1518 non
2415 1463 2668 1518 irridetur
2697 1459 2840 1534 (Gal.
2869 1461 2964 1533 v1).
3015 1458 3132 1515 Scit
3166 1459 3254 1514 ille
3296 1477 3466 1538 quau-

1876 1566 1986 1612 tum
2044 1556 2328 1626 potestatis
2374 1555 2634 1620 contulit,
2687 1555 2780 1626 qui
2815 1552 3030 1609 nonnisi
3079 1551 3222 1624 quod
3255 1553 3463 1624 justum

1873 1661 1957 1704 est
1985 1647 2170 1719 exigit.
2215 1645 2292 1702 Ne
2330 1646 2610 1716 trepidetis
2651 1646 2842 1700 timore
2877 1646 2968 1700 ubi
3009 1659 3117 1699 non
3157 1651 3241 1699 est
3282 1644 3462 1698 timor.
3549 1660 3554 1666 “

1871 1739 2078 1818 Audete
2129 1740 2307 1809 potius
2357 1737 2698 1803 benefacere,
2739 1737 2786 1792 si
2837 1737 2894 1791 in
2939 1737 3044 1792 hac
3082 1737 3194 1791 vita
3239 1751 3463 1807 prospe-

1873 1845 1932 1884 re
1969 1839 2024 1885 et
2072 1829 2128 1884 in
2182 1829 2360 1884 futura
2399 1829 2628 1885 feliciter
2676 1828 2997 1885 desideratis
3050 1843 3296 1897 regnare.
3357 1828 3466 1883 Cur

152 1923 505 1994 sequentur(
534 1922 727 1977 Matth.
757 1923 834 1993 v).
875 1923 1063 1978 Estote
1083 1921 1239 1978 nobis
1266 1922 1489 1976 nimium
1521 1922 1763 1992 indigen-
1795 1928 1844 1990 Β
1868 1923 2011 1978 enim
2069 1937 2176 1978 non
2215 1929 2528 1980 constanter
2563 1921 2808 1977 audeatis
2845 1921 3133 1976 immutare
3160 1921 3305 1990 quod
3343 1921 3466 1976 nul-

156 2015 322 2070 tibus
360 2015 760 2081 misericordes,
791 2023 851 2070 ut
873 2029 972 2084 pro
996 2013 1152 2069 nobis
1179 2014 1566 2069 beatitudinem
1607 2015 1766 2070 mise-

158 2107 476 2163 ricordium
529 2108 645 2177 ipse
670 2106 823 2163 vobis
872 2107 1139 2162 restituat.
1201 2106 1328 2162 Plus
1354 2107 1598 2162 minusve
1626 2123 1762 2177 qua-

159 2199 487 2255 driennium
543 2208 628 2254 est
673 2213 740 2254 ex
797 2214 903 2268 quo
958 2198 1298 2269 septuaginta
1339 2200 1446 2254 duo
1490 2200 1762 2265 monachi,

160 2308 314 2362 quos
341 2292 412 2348 ad
435 2308 622 2349 eorum
646 2301 834 2348 votum
859 2291 1289 2363 electionemque
1324 2292 1466 2346 mihi
1485 2293 1762 2349 commisi-

163 2385 303 2451 stis,
333 2385 537 2456 quique
554 2385 949 2449 indesinenter,
968 2385 1125 2440 nobis
1149 2385 1204 2440 in
1229 2385 1442 2441 diversa
1466 2385 1761 2454 occupatis,

165 2490 281 2544 pro
303 2475 477 2532 salute
504 2491 570 2532 ac
595 2476 955 2546 prosperitate
997 2484 1178 2532 vestra
1227 2477 1517 2544 excubant,
1545 2485 1765 2547 propter

167 2569 481 2624 abstractas
493 2568 780 2624 facultates
792 2570 1071 2640 patiuntur
1084 2569 1458 2626 incredibilem
1475 2571 1766 2626 vestimen-

169 2669 381 2728 torum,
411 2660 742 2732 leguminum
765 2676 829 2716 ac
854 2661 880 2698 ἀ
913 2661 1144 2732 piscium
1173 2662 1555 2732 indigentiam;
1588 2672 1643 2718 et
1667 2679 1765 2733 pu-

168 2753 322 2809 blica
363 2753 728 2825 hospitalitas,
792 2753 1094 2825 peregrinis
1111 2753 1267 2822 juxta
1321 2755 1762 2812 constitutionem

170 2846 419 2916 priorum
449 2860 638 2915 regum
696 2831 1372 2912 exhibenda,intermissa
1423 2857 1506 2903 est
1534 2866 1546 2900 :
1577 2847 1763 2902 famuli

171 2933 490 2988 monasterii
533 2932 784 3004 squalore
820 2939 1140 3002 torquentur
1161 2942 1217 2988 et
1242 2932 1461 3004 frigore.
1506 2933 1614 2989 Nec
1645 2949 1765 3004 pos-

172 3042 303 3080 sum
331 3027 614 3082 subvenire
651 3026 883 3092 miseris,
935 3026 1190 3095 quoniam
1219 3024 1288 3081 ab
1318 3025 1442 3080 aliis
1477 3026 1764 3082 multitudo

172 3118 402 3175 collecta
422 3118 554 3173 mihi
581 3117 770 3173 relicta
793 3123 894 3182 est,
920 3125 975 3172 et
1001 3117 1155 3188 copia
1196 3119 1336 3172 unde
1385 3117 1764 3173 sustentaban-

178 3221 272 3264 tur
298 3209 488 3266 ablata.
525 3208 801 3279 Siquidem
841 3207 1212 3263 intercedente
1253 3207 1486 3279 gloriosa
1535 3220 1556 3248 ο
1590 3219 1764 3265 matre

178 3307 359 3355 vestra
408 3297 788 3354 serenissimus
842 3305 997 3368 pater
1041 3304 1222 3352 vester
1248 3297 1552 3354 Ludovicus
1578 3300 1760 3368 Augu-
1788 3288 1833 3351 C

176 3397 298 3449 stus
321 3389 385 3444 ad
407 3388 702 3445 remedium
732 3387 926 3442 anima:
953 3401 1065 3442 suae
1100 3399 1167 3442 ac
1217 3386 1446 3444 salutem
1477 3388 1762 3460 posterita-

180 3481 254 3537 tis
281 3479 699 3551 supplementum
761 3479 862 3533 hoc
909 3479 1156 3534 coenobio
1201 3488 1388 3536 nostro
1435 3481 1758 3537 contulerat.

181 3576 293 3630 Nec
319 3585 512 3639 tamen,
543 3589 667 3630 cum
699 3572 752 3628 id
782 3572 1129 3638 haberemus,
1175 3575 1336 3629 noxia
1387 3574 1762 3632 diﬂluebamus

180 3668 526 3734 abundantia,
555 3674 616 3721 ut
651 3666 706 3720 in
745 3663 968 3720 delicias
1020 3664 1446 3736 intemperanter
1482 3667 1596 3738 88
1645 3668 1759 3724 sol-

180 3781 444 3830 veremur,
477 3764 604 3834 quia
628 3778 748 3834 qua:
779 3760 982 3832 Regula
1006 3759 1256 3816 concedit
1283 3760 1506 3831 integris
1530 3760 1757 3816 faculta-

182 3858 324 3913 tibus
351 3855 659 3911 monasterii
683 3854 774 3909 vix
797 3861 1049 3924 poterant
1076 3853 1376 3922 procurari.
1405 3852 1559 3908 Nunc
1578 3863 1758 3910 autem

181 3949 333 4018 longe
357 3946 607 4018 pauciora
656 3944 957 4010 consecuti,
1016 3942 1348 3999 abstinemus
1405 3943 1578 4010 inviti,
1613 3944 1761 4016 alge-

185 4056 308 4097 mus
334 4039 504 4096 coacti
539 4057 550 4093 :
583 4051 803 4109 pueros,
838 4050 1020 4102 senes,
1045 4044 1208 4105 atque
1260 4033 1508 4091 inﬁrmos
1536 4045 1761 4107 propter

183 4133 408 4203 inopiam
454 4146 562 4187 non
615 4128 877 4185 fovemus.
905 4127 961 4182 lu
991 4135 1141 4181 tanta
1181 4125 1490 4182 calamitate
1534 4127 1675 4198 patri
1704 4136 1761 4184 et

185 4227 337 4283 matri
383 4231 576 4280 vestrae
622 4222 962 4294 quotidianas
1009 4234 1197 4289 preces
1252 4228 1309 4274 et
1343 4235 1583 4276 annuum
1632 4220 1754 4276 otii-

185 4323 322 4380 cium
354 4318 728 4390 persolvimus,
757 4313 913 4386 quasi
964 4313 1108 4384 quod
1137 4312 1216 4366 illi
1254 4313 1603 4369 contulerunt
1632 4329 1758 4383 pos-

183 4414 459 4470 sideamus.
483 4407 754 4465 Fecerunt
779 4407 923 4462 enim
946 4405 1021 4461 illi
1055 4413 1227 4462 totum
1250 4407 1390 4477 quod
1441 4414 1754 4476 potuerunt,

185 4517 240 4563 et
267 4507 453 4562 donum
492 4518 648 4559 suum
694 4498 1072 4556 robustissime
1118 4499 1492 4555 ﬁrmaverunt.
1550 4499 1760 4572 Tangat

185 4596 356 4665 itaque
375 4607 471 4649 vos
497 4590 719 4647 aﬁ‘ectus
761 4604 948 4646 eorum
979 4603 1075 4660 per
1122 4603 1258 4659 quos
1319 4605 1439 4646 esse
1491 4590 1753 4660 coepistis.

1871 2014 1953 2070 lus
1985 2013 2192 2083 justum
2230 2029 2348 2070 esse
2385 2014 2556 2084 possit
2590 2013 2919 2069 ostendere?
2956 2010 3232 2068 Consensu
3298 2013 3465 2067 bono-

1871 2124 1988 2163 rum
2025 2110 2266 2165 omnium
2302 2110 2512 2180 justum
2555 2119 2641 2164 est
2683 2109 2828 2180 quod
2873 2108 3164 2178 poscimus,
3207 2105 3464 2178 possibile

1871 2201 2036 2274 regali
2083 2202 2354 2272 potentiae,
2412 2201 2778 2257 necessarium
2835 2201 3012 2267 nobis,
3043 2200 3173 2255 utile
3211 2215 3318 2254 non
3353 2210 3461 2253 tam

1871 2292 2026 2348 nobis
2055 2308 2216 2362 quam
2244 2290 2558 2348 vobiscNos
2577 2292 2720 2347 enim
2771 2291 2883 2363 89
2923 2306 2992 2346 ex
3040 2291 3143 2346 hoc
3196 2289 3463 2345 beneﬁcio

1872 2382 2221 2453 temporalem
2267 2397 2663 2453 consequemur
2690 2398 2866 2447 usum,
2925 2397 3021 2439 vos
3045 2391 3245 2446 autem,
3310 2397 3463 2437 acce—

1869 2474 2119 2530 dentibus
2145 2474 2266 2530 aliis
2311 2473 2488 2539 bonis,
2547 2473 2829 2544 praemium
2884 2473 3299 2544 sempiternum.
3341 2471 3461 2526 Fle-

1868 2576 2020 2623 ctant
2047 2568 2213 2639 igitur
2241 2569 2497 2638 pietatem
2522 2575 2760 2622 vestram
2779 2565 3091 2636 iustissimae
3111 2564 3462 2634 supplicatio-

1869 2675 1989 2725 nes,
2018 2659 2332 2714 humillimae
2360 2674 2571 2729 preces,
2591 2673 2727 2730 quas
2755 2657 2992 2713 maxima
3030 2665 3318 2728 extorquet
3338 2672 3462 2728 ege-
3538 2685 3542 2688 ~

1868 2760 2001 2806 stas.
2029 2750 2098 2804 Et
2129 2750 2213 2806 vel
2245 2766 2389 2806 nunc
2415 2752 2679 2820 perﬁcere
2704 2749 3002 2822 dignamini
3031 2749 3173 2819 quod
3214 2757 3344 2804 tunc
3369 2750 3464 2803 ﬁr-

1868 2842 2113 2898 missime
2164 2842 2537 2909 concessistis,
2590 2856 2714 2897 cum
2754 2841 2904 2896 vobis
2961 2841 3276 2896 Davidicum
3329 2839 3460 2893 illud

1876 2935 1896 2976 ί
1928 2937 2253 2993 servandum
2273 2936 2530 3008 proposui
2563 2953 2577 2991 :
2609 2933 2805 2990 Fixum
2836 2945 2920 2990 εει·
2933 2935 3071 3006 quod
3107 2934 3309 2988 locutus
3341 2949 3457 2986 sum

1868 3028 1951 3101 (II
1977 3029 2106 3101 Reg.
2130 3030 2270 3102 XIX).
2295 3029 2536 3100 Namque
2560 3044 2660 3084 nec
2682 3029 2840 3084 aliter
2860 3028 3016 3084 decet
3041 3037 3276 3083 vestram
3301 3025 3458 3081 nobi-

1868 3122 2073 3178 litatem
2097 3131 2262 3192 atque
2299 3122 2649 3193 probitatem,
2705 3136 2827 3190 quae
2876 3119 3128 3175 omnibus
3179 3116 3459 3173 imitabilis

1866 3226 1986 3268 esse
2031 3211 2223 3278 debet;
2256 3228 2356 3268 nec
2411 3227 2541 3267 vero
2586 3211 2743 3266 aliter
2772 3210 3024 3267 convenit
3071 3219 3266 3264 vestra:
3295 3206 3454 3264 saluti

1867 3316 2030 3376 atque
2050 3306 2382 3376 Reipublicae
2411 3307 2551 3378 paci.
2577 3305 2686 3361 Nos
2709 3314 2888 3361 autem
2931 3319 3032 3360 nec
3064 3303 3121 3358 in
3167 3302 3346 3358 debito
3379 3300 3458 3354 fa-

1867 3398 2077 3454 mulatu
2102 3399 2376 3455 reddendo
2405 3399 2744 3454 inveniemur
2775 3412 2989 3469 segnes,
3026 3404 3082 3452 et
3117 3396 3168 3450 in
3191 3394 3454 3464 placanda

1866 3491 2042 3555 vobis,
2071 3498 2330 3560 quantum
2357 3489 2673 3561 poterimus,
2689 3489 2968 3544 divinitate
2990 3487 3301 3543 curabimus
3325 3501 3449 3540 esse

1865 3581 2152 3638 ferventes.

2374 3671 2708 3728 EPISTOLA
2750 3670 2840 3726 XL
2849 3671 2930 3726 Vl.

2375 3779 2576 3822 CUIDAM
2611 3778 2953 3819 NECESSARIO.

1933 3855 2086 3912 Justa
2108 3857 2433 3926 copiosaque
2462 3863 2781 3926 suppetente
2812 3851 3061 3918 materia,
3091 3866 3158 3906 ne
3195 3850 3452 3906 dubitetis

1866 3958 1945 4014 tu,
1975 3958 2033 4004 et
2058 3964 2196 4019 quos
2224 3949 2411 4005 ﬁdeles
2452 3947 2726 4020 iudicasti,
2753 3945 2944 4017 perﬁdi
2986 3951 3294 4001 commenta
3321 3943 3454 3998 sub-

1864 4051 2102 4110 vertere,
2131 4043 2221 4114 qui
2245 4042 2574 4113 impudentia
2603 4041 2860 4111 singulari
2893 4048 2948 4095 et
2981 4038 3258 4095 beneﬁciis
3293 4037 3450 4102 meis,

1863 4143 1922 4188 ut
1962 4134 2017 4188 in
2046 4134 2378 4190 monasterio
2417 4142 2604 4189 nostro
2651 4132 2972 4197 subsistens,
3005 4131 3197 4196 utitur,
3226 4137 3283 4184 et
3311 4129 3454 4183 lace-

1863 4241 1988 4282 rare
2019 4243 2124 4282 non
2155 4227 2352 4281 desinit
2381 4243 2410 4280 a
2439 4241 2546 4296 quo
2571 4224 2820 4290 fovetur;
2851 4232 3014 4294 atque
3034 4230 3253 4293 cperlus
3301 4227 3453 4288 igno-

1866 4322 2056 4388 minia,
2081 4329 2137 4377 et
2160 4319 2392 4376 refertus
2419 4319 2641 4384 invidia,
2662 4318 2802 4373 unde
2821 4331 2880 4372 se
2901 4332 3006 4395 non
3031 4315 3172 4369 valet
3196 4313 3452 4382 expedire

1861 4430 1947 4470 me
1973 4422 2201 4470 conatur
2227 4412 2548 4483 propellere.
2578 4411 2643 4466 Et
2669 4412 2794 4482 quia
2828 4404 2962 4480 fugit
2990 4423 3111 4462 eum
3158 4413 3342 4478 optata
3372 4405 3450 4458 vi-

1861 4506 2053 4570 ctoria,
2080 4505 2310 4560 mirabili
2337 4503 2573 4559 amentia
2597 4518 2780 4559 serere
2808 4499 3084 4556 infamiam
3113 4497 3444 4559 delectatur;
3539 4533 3541 4535 ι

1867 4597 1943 4653 illi
1967 4597 2156 4652 similis
2184 4596 2447 4668 quiquod
2501 4611 2560 4651 se
2609 4607 2951 4664 nequaquam
2998 4592 3446 4658 recuperaturum

185 4687 470 4743 lnstaurate
493 4683 707 4740 illorum
727 4681 1124 4752 eleemosynam
1148 4682 1350 4753 ingenti
1373 4682 1610 4752 periculo
1635 4682 1763 4738 hac-
1790 4662 1843 4721 Ῑ)
1870 4690 2170 4761 cognoscit,
2194 4662 2406 4744 amoliri
2437 4687 2503 4742 ab
2532 4686 2653 4741 aliis
2677 4662 2784 4740 non
2823 4681 3072 4753 quiescit.
3111 4678 3221 4735 Cur
3266 4686 3445 4732 autem

187 4791 334 4836 tenus
391 4779 776 4835 intermissam.
815 4774 926 4831 Nec
967 4775 1358 4833 obliviscamini
1396 4778 1580 4834 vestri.
1632 4777 1759 4834 Ete-

187 4873 294 4930 nim
343 4887 434 4929 vos
473 4873 585 4944 jam
657 4872 997 4944 eleemosyna
1063 4870 1329 4942 indigetis.
1386 4872 1619 4942 Tempus
1677 4881 1761 4926 est

264 5001 286 5029 ι
322 4986 600 5060 Τήρεζῄιὶ
626 4990 817 5060 operis.
851 4985 1674 5060 Intellige‘Bucolica,georgica
1701 4996 1756 5042 et

187 5055 472 5128 xEneidem.
501 5057 628 5114 Haec
655 5055 800 5114 enim
828 5073 990 5128 opera
1020 5055 1239 5128 reliquit
1268 5055 1545 5126 Virgilius.

259 5130 286 5198 ι)
321 5126 788 5184 Pulchritudinem.
819 5126 994 5184 Etiam
1026 5126 1370 5198 pulchritudo
1422 5127 1658 5197 pertinet
1685 5129 1752 5183 ad

190 5197 528 5268 maiestatem.
562 5197 717 5256 Unde
760 5210 817 5254 et
857 5197 1049 5270 aliqua}.
1086 5207 1272 5270 gentes
1299 5213 1427 5254 suos
1459 5213 1613 5270 reges
1641 5215 1751 5253 non

192 5288 257 5328 ex
277 5267 549 5340 nobilitate
577 5271 864 5326 sumebant
889 5288 904 5336 ;
946 5267 1040 5326 sed
1070 5267 1192 5323 eum
1221 5267 1491 5340 eligebant
1521 5269 1612 5340 qui
1635 5284 1756 5340 spe-

191 5343 270 5399 cie
292 5341 402 5395 oris
416 5350 481 5412 et
500 5339 688 5412 habitu
725 5341 968 5412 corporis
991 5339 1276 5412 emineret,
1304 5339 1357 5412 id
1385 5347 1469 5412 est
1509 5339 1756 5412 pulcher-

191 5413 394 5469 rimum.
427 5409 560 5467 Vide'
574 5412 753 5466 virum
777 5409 1202 5467 eruditissimum
1233 5409 1668 5466 Freinshemium
1701 5411 1754 5465 in

192 5482 324 5540 notis
347 5483 409 5536 ad
435 5479 501 5549 Q.
528 5479 797 5548 Curtium,
822 5481 917 5538 lib.
947 5496 1021 5546 v1,
1053 5497 1172 5550 cap.
1200 5480 1249 5534 5.

264 5565 284 5592 ε
322 5551 486 5609 Servis
513 5552 647 5621 ejus.
676 5551 736 5608 ld
763 5561 848 5609 est
879 5552 1176 5607 monachis.
1218 5551 1325 5606 Hos
1384 5567 1531 5607 enim
1563 5566 1753 5608 servos

196 5625 284 5679 Dei
313 5639 399 5694 per
421 5639 513 5679 eas
554 5632 901 5695 tempestates
935 5622 1108 5695 dictos
1131 5638 1251 5678 esse
1275 5623 1480 5695 vulgari
1515 5623 1754 5694 epitheto

197 5693 547 5751 adnotavimus
572 5695 639 5749 ad
662 5693 942 5751 epistolam
968 5693 1059 5748 25.

259 5763 284 5803 τι
324 5763 559 5818 Piscium.
591 5763 873 5820 Probabile
921 5774 1002 5820 est
1043 5765 1336 5820 monachos
1377 5763 1754 5820 Fcrrarienses

200 5846 300 5890 tum
347 5835 663 5891 abstinuisse
712 5837 780 5890 ab
817 5851 915 5891 esu
971 5837 1236 5891 carnium.
1278 5834 1560 5905 Nunquam
1605 5837 1746 5891 enim

199 5906 358 5975 Lupus
377 5906 834 5978 conqueritursibi
859 5906 1045 5961 deesse
1073 5923 1312 5973 carnem,
1331 5908 1422 5962 sed
1454 5907 1739 5978 legumina,

1863 4796 1986 4836 cum
2017 4795 2125 4836 nou
2161 4778 2601 4835 constantissime
2636 4775 2851 4831 invictis
2881 4782 2937 4828 et
2957 4769 3335 4828 insolubilibus
3362 4785 3448 4823 ar-

1861 4871 2132 4944 gumentis
2157 4867 2498 4942 opprimatis,
2523 4882 2684 4940 quem
2715 4866 2872 4938 juxta
2900 4864 3059 4920 ﬁdem
3107 4862 3292 4918 divini-
3321 4877 3444 4917 ora-

1856 4989 2329 5060 piscesucaseum,
2369 4983 2580 5053 aliaque
2631 4981 2889 5060 similia.“
2916 4979 3045 5060 Sict
3075 4994 3136 5060 es
3157 4976 3438 5060 “instituto

1860 5047 2342 5122 sancti'Bonifacii,
2367 5065 2422 5110 et
2448 5047 2742 5109 secundum
2771 5051 2832 5104 B.
2852 5049 3122 5105 Benedicti
3153 5047 3440 5122 Regulam,

1859 5129 2111 5184 monachi
2147 5127 2443 5182 Fuldenses
2491 5123 2921 5178 abstinebantab
2953 5136 3047 5175 esu
3091 5121 3358 5183 carnium,
3383 5127 3444 5172 ut

1859 5200 1976 5270 ipse
1997 5198 2310 5270 Bonifacius
2346 5202 2644 5270 auctorest
2675 5192 2978 5270 inepistola
3000 5191 3282 5270 142,__qua3
3313 5189 3440 5242 data

1858 5260 1943 5326 est
1970 5272 2036 5326 ad
2063 5267 2382 5323 Zachariam
2402 5260 3286 5336 pontiﬁcem‘Romanum._Hgdie
3321 5273 3439 5336 me:

1859 5342 2022 5395 naehi
2059 5329 2494 5410 congregationis
2517 5335 2689 5410 sancti
2719 5333 2914 5399 Mauri,
2957 5333 3047 5402 qui
3075 5332 3133 5410 β.
3163 5329 3440 5410 Benedicti

1858 5411 2125 5482 Regulam
2151 5400 2392 5482 severius
2418 5407 2778 5482 proﬁtentur,_
2804 5400 3327 5477 prorsusabstinent
3371 5400 3439 5456 ab

1861 5476 1970 5537 esu'
1983 5481 2247 5546 carnium,
2280 5480 2384 5534 nisi
2406 5476 2475 5534 ob
2492 5476 2929 5532 invaletudiuem.

1937 5564 1960 5591 θ
2002 5551 2176 5606 Matre
2226 5539 2418 5605 uestra.
2483 5547 2687 5614 Judith,
2743 5558 3017 5619 postrema
3067 5542 3324 5600 Ludovici
3353 5539 3436 5596 Pii

1860 5621 2205 5677 imperatoris
2231 5637 2419 5676 uxore.

1999 5691 2326 5776 Se-rvandunm
2353 5691 2620 5776 proposui.
2647 5689 2914 5776 Nimirum
2966 5689 3019 5742 in
3063 5682 3438 5776 exhortatione

1856 5780 2018 5837 quam
2056 5763 2237 5837 Lupus
2267 5757 2391 5837 fecit
2415 5757 2756 5837 allgarglum
2780 5761 3023 5837 Calvum,
3063 5757 3214 5837 cujus
3269 5757 3435 5809 etiam

1858 5831 2178 5890 metuinitiu
2224 5836 2446 5906 epistola
2488 5834 2574 5888 5'5.
2605 5833 2676 5886 Ea
2721 5840 2899 5886 autem
2935 5831 3240 5885 exhortatio
3293 5841 3435 5880 [nunc

1858 5923 1960 5962 non
1991 5916 2183 5961 exstat.
