3902 6300
151 407 266 464 517

1589 419 1972 479 EPlS’i‘OLE.

3312 442 3427 500 ’518

148 540 503 596 possessuros
535 527 762 585 aiiirmat
789 529 841 601 (Ι
867 530 990 585 Cor.
1020 532 1115 602 vi),
1146 541 1202 589 et
1228 533 1369 588 ultra
1399 535 1597 591 dubius
1621 551 1744 592 esse
1776 541 1819 599 A
1848 540 1969 609 piex
1995 539 2176 614 flagito
2200 557 2258 600 ut
2278 549 2634 620 vosmetipsos
2656 551 2897 608 liberetis
2925 554 3183 624 periculo,
3239 575 3433 632 meque

148 633 268 674 non
315 621 532 690 poterit.
588 621 895 693 Praeceptor
923 639 1048 678 vero
1092 625 1227 696 ejus,
1262 641 1329 682 ne
1356 641 1414 683 se
1460 628 1746 684 insolubile

149 719 533 781 argumentum
592 715 857 783 reperisse
905 715 1184 786 glorietur,
1241 719 1473 789 accipiat
1504 722 1747 777 omnium

146 802 405 858 villarum
437 812 744 860 nostrarum
776 821 979 873 meum,
1013 823 1213 874 meum,
1246 809 1482 880 inquam,
1513 826 1633 867 esse
1655 828 1744 868 re-

147 897 336 967 gimen
360 904 415 951 et
441 896 699 965 laborem,
730 914 885 954 usum
911 914 1040 954 vero
1063 899 1335 956 fructuum
1367 901 1540 971 ipsum
1582 903 1746 957 etiam

147 989 450 1042 secundum
481 1003 655 1043 meam
683 988 1088 1059 dispositionem
1116 991 1342 1048 fratrum
1359 1008 1479 1049 esse
1499 1009 1744 1049 commu-

147 1095 304 1134 nem.
328 1079 404 1134 ita
426 1094 525 1134 nec
575 1080 888 1136 saecularem
927 1081 1116 1153 religio
1166 1084 1362 1139 minuit
1397 1092 1741 1155 potestatem,

147 1183 260 1224 nec
287 1178 522 1238 potestas
547 1169 826 1225 confundit
856 1171 1188 1242 religionem.
1208 1171 1424 1228 interim
1457 1175 1745 1244 prospicite

147 1261 360 1316 nostris
379 1263 554 1331 equis,
582 1277 650 1318 ne
679 1278 709 1317 a
746 1264 1011 1335 magistro
1064 1275 1158 1320 aut
1179 1282 1208 1320 a
1239 1266 1502 1338 discipulo
1531 1269 1745 1324 subtra-

147 1353 389 1419 hantur;
433 1364 489 1410 et
529 1355 735 1425 absque
759 1355 866 1410 ullo
892 1356 946 1411 in
977 1357 1080 1412 hac
1134 1366 1290 1428 parte
1321 1373 1442 1414 meo
1471 1368 1739 1429 respectu,

145 1447 416 1518 quidquid
447 1447 739 1503 secundum
777 1447 923 1520 leges
947 1446 1161 1516 valetis,
1189 1463 1376 1506 contra
1428 1451 1742 1508 violentiam

145 1539 462 1612 pervasoris
491 1554 651 1611 agere
673 1541 1007 1607 contendite,
1036 1541 1358 1596 industriam
1376 1550 1612 1597 vestram
1642 1543 1744 1598 hoc

145 1631 287 1686 mihi
336 1631 626 1703 gratiorem
681 1631 919 1688 scientes
942 1631 1178 1695 futuram
1201 1647 1310 1702 quo
1337 1633 1510 1704 major
1539 1642 1593 1688 et
1620 1633 1741 1688 iliu-

143 1723 322 1778 strior
351 1721 625 1778 enituerit.
656 1721 786 1777 Mihi
821 1723 1032 1794 potiora
1064 1724 1307 1780 molienti
1365 1727 1507 1796 quod
1547 1741 1743 1796 oppor-

145 1815 353 1871 tunitas
379 1815 526 1881 hinc,
553 1815 663 1870 imo
703 1815 844 1871 Deus
887 1816 1218 1886 permiserit,
1252 1832 1399 1873 cura:
1426 1819 1532 1872 erit
1579 1817 1742 1887 perii-

140 1921 293 1963 cere.
319 1906 448 1979 Ego,
472 1907 727 1978 quoniam
771 1923 895 1963 cum
923 1923 1048 1993 rege
1078 1921 1104 1950 α
1132 1911 1200 1965 ad
1247 1908 1575 1979 Traiectum,
1629 1910 1740 1967 Deo
1769 1894 1816 1954 Β

137 1997 378 2065 volente,
407 1999 580 2054 iturus
625 2014 764 2065 sum,
822 2015 929 2070 quo
955 2000 1005 2054 ei
1035 2002 1103 2056 ad
1159 2001 1486 2072 colloquium
1537 2001 1737 2058 fratres

135 2092 456 2152 occurrent,
489 2094 545 2141 et
575 2086 604 2126 δ
631 2086 956 2156 recipiendis
987 2087 1134 2143 cellae
1163 2089 1302 2144 bona
1333 2090 1464 2145 mihi
1489 2104 1615 2160 spes
1631 2099 1731 2155 est,

137 2192 250 2234 nec
270 2193 488 2248 possum
539 2180 730 2236 adesse
771 2180 943 2246 vobis,
993 2189 1050 2235 ut
1101 2183 1470 2254 unusquisque
1489 2192 1733 2239 vestrum

134 2277 271 2340 agat
321 2284 534 2326 mecum
580 2271 724 2341 quod
773 2270 910 2327 solet
955 2281 1010 2326 et
1046 2272 1228 2340 debet,
1279 2273 1421 2329 sicut
1457 2274 1735 2345 superiore

132 2375 289 2414 anno
319 2361 570 2416 convenit
595 2362 772 2429 nobis,
799 2363 887 2432 qui
920 2371 1097 2434 potest
1127 2379 1287 2436 agere
1316 2367 1550 2432 studeat,
1601 2383 1734 2438 quo-

132 2468 316 2523 usque
362 2453 594 2522 rediens,
625 2455 671 2510 si
701 2453 904 2525 aliquid
940 2457 1011 2512 sit
1056 2457 1472 2522 immutandum,
1532 2474 1734 2532 cogno-

129 2559 312 2598 scam.
359 2543 510 2601 Satio
542 2546 935 2603 studiosissime
983 2552 1337 2618 procuretur;
1369 2562 1427 2606 et
1456 2554 1599 2621 quod
1627 2567 1728 2610 no-

129 2639 240 2694 stri
266 2639 431 2696 boves
462 2649 584 2718 post
603 2641 842 2697 solemne
871 2642 1109 2698 debitum
1137 2659 1244 2699 non
1267 2642 1598 2710 suffecerint,
1619 2643 1731 2718 94

126 2715 476 2801 frequentes
497 2731 754 2802 impleant
796 2733 1224 2805 corrogationes.
1253 2735 1396 2790 Bene
1423 2750 1518 2790 vos
1548 2733 1729 2791 valere

124 2824 302 2894 cupio
323 2833 382 2880 et
403 2825 814 2898 diligentissime
835 2843 997 2884 orare
1020 2843 1120 2899 pro
1152 2828 1330 2886 nobis.

689 2961 1026 3024 EPISTOLA
1064 2963 1172 3028 ιιι.

775 3073 1101 3114 ΡΒΒΡΟΒΙΤΟ.
1336 3127 1366 3147 κ

217 3155 240 3185 ο
277 3145 339 3212 Ε..
367 3159 554 3204 nOSIer
574 3149 871 3224 probabilia
904 3150 1033 3206 fecit
1061 3145 1396 3226 quiscunque
1427 3151 1522 3207 abs
1549 3160 1599 3208 te
1637 3167 1728 3224 ge-

1853 632 2254 693 devotissimum
2279 640 2431 696 vobis
2474 640 2729 697 famulum
2777 647 3067 702 secundum
3127 649 3434 720 frequentes

1849 737 2060 783 vestras
2103 731 2490 800 promissiones
2538 737 2835 806 asperrimo
2875 740 3166 798 sublevetis
3225 743 3429 802 labore.

1849 825 1978 894 Quae
2004 826 2177 885 beatae
2204 832 2477 887 memoriae
2500 841 2657 903 pater
2683 844 2886 902 vester,
2915 836 3282 896 intercedente
3321 843 3433 914 glo-

1851 918 1992 975 riosa
2018 931 2209 988 matre,
2239 925 2539 995 peregrinis
2565 938 2620 982 et
2642 928 2737 983 Dei
2765 931 2936 986 servis
2963 931 3071 1003 95
3097 932 3274 1002 largiti
3304 947 3430 992 sunt
3495 944 3499 947 ’

1847 1010 1917 1064 ob
1941 1011 2362 1083 redemptionem
2388 1017 2690 1073 animarum
2722 1036 2958 1085 suarum,
2993 1021 3109 1080 haec
3134 1023 3316 1082 afflicti
3340 1044 3430 1084 va-

1848 1102 1945 1158 riis
1997 1107 2433 1176 necessitatibus,
2481 1119 2716 1179 quatuor
2763 1129 3025 1170 annorum
3066 1117 3259 1188 spatio,
3307 1121 3432 1194 quia

1847 1209 2035 1250 omnes
2061 1198 2253 1253 adesse
2276 1215 2380 1254 non
2409 1212 2657 1270 possunt,
2681 1217 2778 1273 per
2820 1220 2907 1260 me
2963 1217 3254 1277 reposcunt
3282 1225 3311 1264 a
3339 1226 3432 1267 vo-

1847 1285 1949 1340 bis.
1981 1285 2053 1342 Ut
2075 1287 2186 1358 ipsa
2219 1289 2383 1344 etiam
2413 1306 2600 1346 eorum
2630 1294 2792 1348 verba
2842 1295 3047 1362 sciatis,
3083 1297 3267 1355 dicunt
3294 1299 3431 1371 inju-

1847 1387 1990 1434 stum
2035 1395 2154 1436 esse
2185 1389 2302 1437 uta
2341 1385 2494 1440 vobis
2547 1383 2688 1441 fame
2742 1396 3094 1459 torqueantur
3127 1399 3183 1446 et
3205 1390 3429 1464 frigore,

1846 1488 1968 1526 cum
2001 1474 2214 1529 assidue
2235 1491 2332 1545 pro
2361 1486 2541 1533 vestra
2572 1480 2852 1550 temporali
2879 1490 2933 1537 et
2960 1492 3216 1553 perpetua
3263 1486 3434 1542 salute

1845 1574 2109 1636 cogantur
2134 1582 2314 1633 orare,
2351 1585 2451 1625 nee
2479 1585 2575 1626 vos
2598 1572 2822 1629 einnino
2846 1585 3233 1633 consecuturos
3263 1577 3433 1634 felici-

1845 1663 2011 1712 tatem
2037 1673 2200 1728 quam
2227 1659 2545 1717 desideretis
2574 1662 2746 1720 donec
2797 1681 2920 1721 cum
2980 1669 3204 1738 parvulo
3246 1679 3430 1727 nostro

1844 1747 1871 1788 (ι
1901 1757 2090 1806 sancto
2118 1749 2278 1807 Petro
2305 1753 2359 1807 in
2397 1755 2621 1824 gratiam
2669 1757 2920 1814 amicitiae
2969 1761 3222 1817 redeatis.
3255 1762 3336 1818 Ac
3363 1780 3431 1820 ne

1845 1843 2045 1911 putetis
2068 1844 2377 1914 eos,jocari,
2403 1847 2546 1902 serio
2599 1848 2926 1905 confirmant
2951 1865 3112 1908 senes
3139 1854 3309 1908 nostri
3336 1869 3431 1910 ex-

1843 1934 1955 2003 peri
1965 1941 2143 1990 mento
2165 1951 2223 1992 se
2244 1938 2466 2007 proprio
2487 1941 2838 2011 comperisse,
2869 1943 3032 2014 idque
3053 1946 3156 2002 sibi
3183 1948 3365 2015 pueris
3397 1965 3426 2004 a
3457 2000 3462 2010 η

1841 2024 2059 2087 senibus
2091 2041 2212 2083 esse
2247 2029 2526 2098 traditum,
2557 2031 2700 2100 quod
2727 2033 3037 2105 quicunque
3087 2039 3422 2095 monasterio

1837 2122 2026 2170 nostro
2071 2113 2281 2186 insigne
2334 2117 2550 2188 aliquod
2596 2119 2835 2177 intulerit
2861 2121 3140 2192 damnum,
3187 2125 3290 2182 nisi
3319 2129 3427 2185 cito

1838 2192 2144 2276 resipuerit,
2172 2223 2427 2280 magnum
2461 2210 2751 2268 incurrerit
2774 2213 3191 2284 incommodum,
3224 2227 3319 2275 aut
3342 2236 3427 2276 sa-

1838 2299 2044 2364 nitatis,
2077 2308 2132 2356 et
2154 2301 2278 2357 vitae
2302 2303 2590 2372 pertulerit
2645 2305 3003 2377 dispendium.
3039 2309 3117 2368 Ne
3143 2311 3307 2382 igitur
3332 2312 3421 2368 tali

1839 2407 1896 2448 re
1918 2402 2012 2449 aut
2039 2393 2305 2449 similibus
2334 2401 2572 2450 vestram
2624 2396 2928 2469 impediatis
2979 2403 3419 2474 prosperitatem,

1837 2500 1937 2540 nec
1974 2500 2253 2540 servorum
2275 2483 2369 2539 Dei
2401 2486 2681 2556 penuriam
2729 2479 3122 2558 contemnatis,
3144 2507 3244 2549 nec
3277 2495 3419 2550 salu-

1838 2585 1944 2630 tem
1987 2585 2222 2631 vestram
2277 2575 2498 2633 dubiam
2544 2577 2773 2636 faciatis.
2834 2581 3064 2641 Reddite
3092 2584 3271 2654 potius
3311 2584 3424 2643 Deo

1834 2675 1957 2721 vota
1982 2675 2187 2734 vestra,
2223 2667 2348 2723 dum
2377 2669 2603 2740 potestis
2629 2686 2644 2736 ;
2674 2671 2740 2724 ad
2765 2670 2918 2742 cujus
2957 2673 3222 2742 judicium
3258 2677 3421 2735 nimis

1835 2756 2170 2812 tremendum
2217 2757 2457 2830 quotidie
2506 2761 2812 2833 properatis
2869 2763 3171 2836 nobiscum,
3221 2767 3275 2824 in
3313 2785 3421 2848 quo

1835 2849 2036 2918 absque
2062 2858 2308 2920 respectu
2337 2851 2660 2923 dignitatum
2691 2866 2784 2916 aut
2812 2912 2815 2913 ,
2841 2872 3197 2927 personarum
3248 2849 3420 2922 unus-

1831 2941 2061 3014 quisque
2086 2944 2311 3015 recipiet
2345 2947 2489 3016 quod
2541 2957 2796 3005 meretur.
2835 2951 2956 3008 Vita
2996 2952 3112 3010 haec
3144 2953 3324 3013 brevis
3367 2967 3422 3014 et

1834 3036 2040 3094 incerta
2079 3046 2181 3103 est,
2219 3047 2274 3093 et
2316 3038 2565 3110 juniores
2606 3032 2758 3098 vobis
2804 3045 3042 3116 quotidie
3092 3047 3419 3107 moriuntur.

1831 3127 1950 3200 ipse
1980 3146 2109 3188 vero
2138 3131 2282 3189 Deus
2323 3133 2592 3203 promittit
2634 3144 2689 3200 et
2717 3136 2992 3201 minatur:
3034 3138 3420 3212 Quigloriﬁcat

129 3249 410 3306 verentur.
445 3223 588 3310 quod
627 3243 756 3300 mihi
778 3243 927 3300 cordi
959 3243 1082 3310 fuit,
1099 3223 1404 3317 moneoque
1427 3254 1479 3301 te
1506 3255 1565 3302 ut
1586 3247 1727 3304 sicut

1839 3239 1934 3287 me,
1966 3223 2272 3296 gloriﬁcabo
2297 3241 2448 3291 eum;
2473 3227 2564 3297 qui
2594 3236 2768 3282 autem
2793 3239 3126 3287 contemnunt
3145 3248 3243 3297 me,
3269 3241 3421 3289 erunt

126 3329 374 3400 accpisti,
406 3331 460 3385 in
481 3331 655 3387 otiioio
677 3334 887 3389 sincera
925 3334 1030 3390 (ide
1057 3350 1403 3405 permaneas.
1437 3337 1725 3395 Furiosum

129 3421 312 3488 illum,
345 3437 506 3494 super
533 3439 639 3494 quo
672 3425 955 3496 scripsisti,
989 3427 1114 3498 quia
1142 3428 1304 3484 etiam
1333 3430 1606 3502 paenitens
1631 3446 1723 3486 su—

125 3524 357 3586 spectus
396 3518 528 3576 mihi
557 3527 659 3584 est,
697 3529 753 3574 et
789 3535 1044 3590 germana
1099 3523 1390 3582 sanctitate
1437 3539 1609 3598 usque
1659 3527 1725 3582 ad

124 3609 416 3665 fastidium
443 3611 724 3678 satiamur,
749 3614 1094 3669 vehementer
1130 3630 1217 3670 me
1239 3626 1612 3674 recusaturum
1635 3633 1726 3674 co-

125 3716 340 3773 gnosce
373 3719 385 3756 :
419 3718 483 3758 ac
506 3704 549 3760 si
577 3718 635 3759 se
666 3703 975 3776 ingesserit,
1003 3721 1070 3762 ne
1101 3707 1262 3762 tridui
1291 3724 1473 3765 meras
1500 3710 1726 3766 excedat

124 3794 352 3852 caeteris
377 3797 675 3863 persuade;
708 3798 834 3868 quia
857 3799 998 3869 quod
1026 3800 1316 3858 toleremus
1343 3818 1450 3857 non
1481 3817 1616 3872 Opus
1641 3812 1724 3858 est

122 3885 300 3941 nobis
318 3887 656 3943 extrinsecus
683 3903 949 3958 quaerere.

680 4024 1018 4082 EPISTOLA
1055 4025 1185 4081 Llll.

529 4131 598 4169 AD
626 4130 846 4172 BOIINUII
889 4131 1060 4172 REGE“
1087 4133 1353 4177 CAROLUII.

204 4205 711 4268 Praeeellentissime
747 4226 861 4267 rex.
905 4210 1058 4268 Licet
1088 4213 1340 4280 tacendo,
1370 4212 1637 4285 loquendo
1662 4230 1726 4272 ac

118 4300 449 4366 scribendo,
475 4301 612 4358 nihil
649 4304 911 4360 hactenus
958 4303 1298 4375 profecerim,
1359 4315 1538 4372 tamen
1597 4309 1724 4382 quia

117 4391 230 4445 Dei
260 4405 423 4446 causa
450 4401 536 4447 est
560 4409 721 4463 quam
751 4410 870 4465 ago,
894 4395 1178 4464 quiescere
1209 4413 1316 4452 non
1373 4399 1564 4454 audeo.
1621 4398 1725 4455 Pro

118 4492 319 4540 vestra
367 4486 538 4544 salute
567 4504 628 4543 ac
655 4489 1015 4560 prosperitate
1060 4506 1156 4548 vos
1207 4492 1470 4549 admoneo
1509 4502 1562 4548 et
1600 4511 1723 4566 sup-

1829 3315 2080 3386 ignobiles
2131 3315 2182 3387 (1
2222 3314 2351 3388 Reg.
2382 3316 2467 3390 ιι).
2506 3316 2587 3373 Ad
2649 3317 2860 3376 virilem
2906 3329 3121 3378 aetatem
3177 3324 3421 3396 perducti

1827 3408 1980 3464 estis.
2012 3406 2090 3462 Ne
2119 3409 2358 3466 timeatis
2381 3411 2649 3479 justitiam
2678 3413 2880 3482 facere,
2912 3424 2972 3471 ut
3005 3431 3233 3486 peream
3265 3419 3419 3474 thro-

1829 3514 1928 3552 nus
1959 3507 2138 3554 vester
2167 3491 2433 3556 iirmetur.
2459 3493 2686 3560 Domine
2712 3505 2785 3558 mi
2816 3520 2932 3572 rex,
2972 3508 3253 3566 considera
3275 3509 3417 3578 quod

1828 3590 1966 3644 sicut
1995 3605 2165 3664 nuper
2198 3601 2220 3628 ο
2249 3590 2302 3644 in
2335 3591 2714 3647 exhortatione
2746 3595 3042 3662 prudenter
3085 3597 3288 3652 dictum
3315 3609 3418 3663 est,

1820 3677 1931 3747 jam
1962 3689 2115 3749 pater
2140 3695 2218 3746 es,
2247 3690 2302 3736 et
2325 3681 2378 3736 in
2408 3682 2617 3752 magnis
2646 3681 2822 3740 adhuc
2850 3685 3085 3742 versaris
3115 3685 3415 3754 laboribus;

1825 3780 1881 3825 et
1920 3771 2080 3825 talem
2130 3779 2182 3826 te
2232 3771 2489 3828 omnibus
2540 3773 2738 3830 exhibe
2767 3784 2826 3828 ut
2862 3773 2991 3839 boni
3022 3786 3076 3842 te
3114 3777 3336 3849 cupiant
3365 3787 3421 3835 et

1826 3875 2012 3935 optent
2042 3865 2227 3920 videre
2268 3865 2603 3921 fortunatum
2631 3866 2742 3939 96
2780 3876 2943 3938 atque
2977 3868 3187 3926 felicem
3234 3886 3415 3937 avum,

1826 3969 1882 4014 et
1909 3966 2028 4030 post
2046 3955 2204 4027 hujus
2224 3957 2347 4014 vita:
2375 3957 2683 4026 transitum,
2707 3959 2942 4018 caelestis
2979 3961 3172 4038 patriae
3195 3978 3409 4038 posses-

1827 4065 2024 4106 sorem.

2381 4130 2714 4189 EPISTOLA
2750 4131 2883 4193 LIV.

2452 4241 2790 4284 NBCESSARIO.

1897 4317 2013 4374 Non
2074 4317 2387 4388 ignorabam
2456 4319 2600 4374 haud
2647 4318 2805 4376 aliter
2859 4329 2910 4376 te
2957 4336 3120 4393 quam
3168 4323 3412 4380 volebam

1825 4424 2098 4480 quamque
2124 4409 2408 4479 oportebat
2427 4419 2714 4476 iacturum,
2743 4419 2796 4468 et
2835 4410 3099 4470 maleﬁcia
3129 4413 3270 4469 illius
3294 4430 3417 4484 per-

1827 4501 2081 4557 ditissimi
2132 4501 2370 4556 maxima
2392 4502 2594 4574 ingenti
2639 4504 2959 4560 auctoritate
2988 4513 3410 4573 praeventurmn.

205 4652 230 4680 ε
275 4640 357 4726 Ad
394 4639 708 4726 Trajectunz.
741 4641 872 4699 Vide
913 4659 1031 4715 quae
1061 4646 1128 4702 ad
1157 4647 1491 4718 superiorem
1523 4649 1721 4721 episto-
1744 4634 1799 4696 Ῑ)
1824 4656 1986 4712 Mauii
2007 4655 2197 4726 Lepidi
2223 4669 2287 4710 ac
2323 4656 2386 4711 L.
2424 4655 2690 4722 Arruntii,
2736 4655 2962 4726 addidit
2996 4675 3009 4708 :
3043 4654 3173 4709 Illos
3208 4657 3416 4726 quidem

117 4708 240 4764 iam
267 4708 522 4770 adnotata
548 4723 692 4767 sunt.

203 4783 232 4859 ιζ
275 4779 603 4859 Recipiendw
651 4784 814 4859 refice.
877 4785 1122 4843 Nondum
1164 4803 1292 4859 ergo
1318 4788 1509 4844 cellam
1551 4793 1725 4847 sancti

115 4851 359 4931 Jndocih
377 4851 675 4931 receperat
705 4855 886 4931 Lupus
939 4874 1080 4931 anno
1108 4851 1254 4924 8327,"
1271 4861 1478 4931 tametsi
1528 4878 1728 4931 praece-

116 4933 290 4993 ptum
321 4922 677 4980 CaroiiCalvi
705 4922 945 4982 diu'antc
977 4929 1157 4983 datum
1189 4922 1332 4985 esset
1359 4930 1428 4983 oh
1455 4922 1573 4987 eain
1601 4950 1726 4988 cau-

115 4993 452 5075 sanrﬂEygo
501 4997 736 5075 nondum
780 4997 1059 5075 Dduiphus
1109 5008 1510 5068 cratmortuus,
1552 5020 1726 5075 neque

115 5065 457 5143 beneficium
483 5066 685 5143 aliuda
721 5065 962 5143 principe
997 5082 1300 5143 acceperat.

207 5148 229 5172 ε
277 5135 348 5190 Ε.
375 5148 566 5190 noster.
585 5136 684 5193 llic
719 5135 1046 5195 reddidimus
1072 5135 1213 5196 bona
1237 5141 1341 5197 ﬁde
1355 5143 1595 5198 codicem
1617 5158 1717 5202 ms.

117 5205 273 5284 Diam
300 5207 464 5284 editio
482 5207 726 5284 _li_iassoni
754 5210 825 5284 ita
858 5211 1090 5284 habebat
1122 5231 1132 5264 :
1160 5211 1352 5268 Frater
1374 5224 1548 5268 noster
1571 5219 1718 5284 prob.

119 5277 416 5355 Sincerior
446 5279 656 5355 videtur
693 5279 853 5335 lectio
873 5283 1065 5346 vetusti
1095 5284 1316 5352 codicis,
1349 5277 1580 5355 ideoque
1601 5303 1720 5342 eam

121 5348 360 5402 retineri
387 5350 585 5406 debere
612 5351 783 5406 visum
811 5363 912 5406 est.

202 5417 229 5456 δ
278 5416 473 5484 Sancto
524 5418 700 5476 Petro.
755 5421 889 5494 Quia
934 5426 1319 5482 monasterium
1372 5427 1724 5485 Ferrariensc

117 5489 379 5546 dicatum
407 5501 491 5552 est
523 5504 707 5578 sancto
747 5491 922 5578 Retro.
981 5496 1302 5578 finiendum
1352 5509 1528 5554 autem
1576 5498 1724 5578 Lupo

117 5576 242 5646 nop
279 5572 418 5627 erat,
444 5579 509 5617 ne
541 5564 610 5618 ita
639 5563 978 5646 faiiiiliziritct‘
1008 5568 1220 5622 habitus
1265 5569 1475 5646 Petrus,
1515 5580 1571 5626 ut
1599 5563 1722 5646 pa'r-

120 5631 298 5708 vulus
325 5643 562 5708 vocetur,
595 5651 711 5688 cum
732 5636 948 5704 parvulo
986 5649 1161 5692 nostra
1209 5652 1387 5694 sancto
1427 5631 1620 5708 Petro}
1666 5643 1726 5697 ti-

116 5703 412 5784 silendum,
441 5706 677 5784 inquam,
707 5703 808 5759 non
838 5718 1040 5784 crat_n_c
1070 5711 1201 5784 hinc
1215 5711 1406 5784 Ρυιωδ
1431 5713 1544 5784 Lup
1565 5735 1579 5767 ,ν
1600 5703 1726 5768 sub-

121 5777 672 5856 irascereturthi-vo
715 5785 888 5856 latitet:
931 5779 1146 5856 Tiberio
1173 5777 1527 5856 displicuisse
1551 5786 1725 5856 potuit

122 5845 334 5923 iunilis
361 5845 700 5923 familiaritas
731 5848 781 5900 in
807 5848 969 5923 potta
999 5845 1283 5923 Messalino
1311 5855 1420 5923 qui,
1454 5865 1505 5909 ut
1551 5845 1724 5910 i-ci‘cu

121 5915 364 5972 Tacitus
386 5917 437 5971 iu
468 5928 619 5975 sexto
650 5919 934 5973 Annalium
961 5921 1116 5986 libro,
1142 5915 1370 5991 querens
1399 5915 1460 5980 :ic
1485 5929 1721 5995 potentia

1836 4725 2198 4790 Senatus,’me
2232 4736 2404 4782 autem
2447 4727 2672 4780 tuebitur
2731 4725 3022 4779 Tiberiolus
3071 4725 3233 4779 naeus.
3285 4727 3418 4781 Mat-

1839 4799 2011 4854 thaeus
2036 4797 2272 4852 Parisius
2298 4797 2365 4852 ad
2390 4813 2590 4852 annum
2617 4797 2712 4852 801
2749 4796 2911 4850 refert
2947 4796 3235 4865 quemdam
3267 4799 3420 4853 theo-

1836 4869 2038 4940 logum,
2059 4883 2190 4940 cum
2225 4867 2576 4940 disseruisset
2589 4868 2815 4940 publice
2827 4867 2897 4940 de
2927 4867 3186 4940 mysterio
3235 4867 3418 4922 Trini-

1841 4937 1986 5007 tatis,
2019 4939 2226 4996 videret
2249 4947 2430 4994 autem
2477 4937 2749 4998 auditores
2776 4937 2874 5007 sibi
2902 4937 3305 5006 applaudentes,
3365 4940 3418 4993 in

1837 5011 1954 5066 haec
1972 5006 2146 5066 verba
2177 5018 2380 5066 temere
2411 5011 2652 5080 erupisse
2682 5023 2694 5060 :
2732 5006 3005 5080 OAJesule,
3029 5007 3226 5075 Jewle,
3250 5026 3419 5080 quau-

1836 5090 1946 5135 tum
1969 5080 2024 5135 in
2052 5081 2150 5136 hac
2174 5079 2460 5148 quwstione
2491 5077 2792 5148 c'on/irnmvi
2830 5077 2990 5148 legem
3021 5088 3163 5132 tuam
3205 5077 3421 5134 et'exal-

1831 5153 1961 5225 iovi!
1986 5150 2154 5225 _Ap_ud
2177 5147 2499 5225 Bubuslaum
2521 5147 2802 5225 Balbinum
2821 5147 3209 5225 iniiistoria_S.
3238 5150 3420 5225 Maria:

1832 5222 2028 5278 Montis
2048 5218 2244 5276 'Sancti
2275 5219 2502 5291 legimus
2521 5218 2758 5292 Jesulup:
2782 5235 2888 5292 pro
2934 5235 3100 5292 puero
3127 5220 3274 5276 Jesu.
3327 5221 3420 5275 Ri-

1869 5293 2140 5348 amontius
2170 5306 2297 5346 vero
2325 5289 2475 5360 parte
2515 5289 2747 5345 secunda
2782 5289 3139 5346 Historiarum
3166 5292 3420 5347 Ecclesiae

1839 5361 2267 5422 Mcdiolanensis,
2294 5377 2414 5431 pag.
2442 5361 2532 5424 57,
2566 5362 2753 5416 scribit
2780 5361 3080 5417 diemonem
3115 5362 3165 5415 in
3195 5378 3421 5432 corpore

1835 5435 2082 5490 muliebri
2140 5434 2497 5502 habitantem,
2553 5447 2673 5486 cum
2709 5441 2828 5502 post
2859 5449 2976 5488 eam
3007 5434 3208 5487 frustra
3248 5433 3418 5486 dedu-

1835 5515 1976 5559 ctam
2011 5505 2077 5559 ad
2101 5503 2273 5558 sancti
2297 5501 2424 5574 Syri
2451 5501 2726 5574 reliquias,
2781 5506 2845 5557 ad
2896 5512 3142 5559 sanctum
3190 5504 3421 5559 Bernar-

1836 5576 1962 5629 dum
1999 5575 2250 5628 abbatem
2282 5572 2749 5638 Clarcvallciiscm,
2780 5577 2869 5644 qui
2900 5575 3080 5628 tmnin
3113 5588 3174 5628 ea
3205 5576 3420 5644 regione

1833 5653 1972 5710 erat,
1998 5645 2226 5716 adducta
2255 5644 2765 5716 fuisset,urgcrctur
2795 5647 3196 5699 autemdmmon
3219 5655 3278 5698 ut
3299 5645 3421 5699 inde

1833 5717 2027 5781 exiret,
2051 5715 2123 5770 ita
2143 5717 2506 5786 proclamasse
2539 5715 2564 5769 :'
2585 5716 2694 5770 Nec
2718 5733 2800 5770 me
2826 5717 3014 5784 petiere
3052 5717 3220 5786 potuit
3259 5725 3414 5768 antea

1836 5786 2080 5866 Syroius,
2115 5802 2206 5866 nec
2227 5787 2378 5866 hodie
2401 5787 2755 5866 Berita_rdolus
2778 5787 2951 5866 pellet.
3019 5857 3028 5866 -
3151 5856 3161 5866 _
3289 5856 3299 5866 θ

1909 5872 1930 5894 (ν
1970 5857 2035 5912 In
2059 5860 2437 5912 exhortatione.
2484 5859 2613 5912 Vide
2641 5856 2797 5927 supra
2830 5859 2880 5910 in
2922 5857 3062 5911 notis
3097 5856 3162 5910 ad
3218 5856 3417 5928 (κνίδιο-

1835 5929 1938 5983 lani
1965 5929 2053 5983 45.
