3902 6300
55 306 154 363 521

1498 307 1850 366 EPISTOLAE
1861 347 1873 361 .

3213 321 3316 377 522

55 442 208 483 meas
226 426 502 482 dilferente
523 435 744 497 propter
760 427 1082 495 absentiam,
1106 436 1165 484 ut
1184 428 1400 493 fatetur,
1426 427 1622 484 Oduln.
1651 431 1709 494 Α
1731 429 1937 484 aditum
1990 429 2290 500 respondit,
2315 444 2424 501 quo
2469 431 2731 486 hactenus
2777 429 2855 486 uti
2903 436 3310 502 contempserit.

55 522 105 576 ls
135 520 384 590 languere
411 519 627 585 dicitur,
675 535 776 575 nec
807 530 917 576 tam
956 519 1260 591 periculose
1303 530 1364 576 ut
1411 519 1496 574 vel
1535 521 1629 575 ad-

55 612 288 667 monitus
314 611 636 684 corrigatur,
663 612 807 682 quod
845 621 1180 684 optaremus,
1212 628 1312 669 nec
1365 621 1478 669 tam
1506 629 1629 686 gra-

55 705 196 759 viter
227 714 284 759 ut
313 705 598 771 moriatur,
625 706 768 775 quod
806 717 1029 776 propter
1055 705 1172 775 ejus
1205 718 1233 748 ι
1263 706 1628 763 certissimam

55 794 453 852 damnationem
485 795 808 852 doleremus.
839 796 1136 868 Properate
1169 797 1354 868 itaque
1390 805 1469 863 ut,
1498 813 1630 868 quo-

55 888 200 944 niam
263 888 541 959 propiores
591 888 979 958 aliquantulum
1036 889 1163 945 facti
1221 905 1408 947 sumus
1435 931 1450 956 ,
1503 899 1628 962 post

55 987 204 1032 tanta
231 979 400 1048 spatia
422 977 741 1036 desideratis
768 977 1014 1035 refovear
1051 979 1323 1051 alloquiis,
1347 990 1402 1036 et
1444 989 1628 1037 vestro

55 1069 264 1134 innisa,
293 1076 515 1124 auctore
540 1068 722 1125 divina
758 1071 955 1142 gratia,
987 1069 1187 1127 liberer
1213 1070 1506 1143 angoribus
1533 1071 1624 1126 vix

56 1158 305 1214 ierendis.
348 1157 524 1225 Tales,
547 1173 753 1229 quaeso,
781 1159 981 1216 nostris
1011 1168 1185 1218 estote
1211 1160 1395 1232 pueris
1439 1161 1626 1233 quales

56 1267 157 1307 non
186 1250 343 1306 modo
370 1249 597 1316 nostris,
626 1265 815 1306 verum
865 1251 1031 1307 etiam
1057 1251 1218 1324 vulgo
1245 1250 1426 1308 fuistis
1451 1251 1626 1308 omni-

57 1358 149 1398 )US
168 1341 540 1413 paternitatem
570 1349 806 1398 vestram
826 1343 916 1413 pie
941 1344 1325 1413 quaerentibus.
1358 1343 1472 1414 98
1495 1343 1625 1398 Exi-

55 1435 267 1507 ;uitatis
293 1448 430 1490 mea:
470 1434 689 1490 nomine
715 1434 1098 1490 charissimam
1123 1435 1347 1505 Eigilem
1386 1445 1441 1491 et
1492 1435 1623 1491 reli-

53 1543 187 1599 quos
216 1541 399 1583 omnes
420 1526 616 1583 fratres
639 1527 933 1600 dignamini
977 1529 1234 1585 salutare.
1285 1529 1626 1586 Laboriosis—

53 1620 244 1683 simum
265 1615 576 1674 diﬁcillimo
603 1625 843 1690 tempore
873 1619 1165 1690 negotium,
1196 1619 1499 1688 praesertim
1542 1619 1625 1673 ni-

54 1709 125 1764 iil
152 1709 393 1774 meritus,
423 1707 577 1764 vobis
604 1707 882 1778 imponere
919 1707 1333 1780 haudquaquam
1363 1724 1621 1779 praesum-

1732 529 1894 588 atque
1923 520 2028 576 hoc
2074 520 2177 576 sibi
2217 521 2388 576 satius
2417 520 2588 576 videri
2616 534 2684 575 ne
2710 531 2898 591 pereat
2937 529 2997 576 ut
3045 524 3313 578 constrin-

1731 618 1888 681 gatur
1947 611 2289 667 convenienti
2349 611 2588 667 custodia
2657 611 2974 682 priusquam
3032 613 3312 670 societatis

1730 701 2165 758 communionem
2193 711 2494 773 recuperet.
2522 701 2631 758 Nos
2669 716 2816 766 vero,
2847 703 3061 759 tametsi
3091 702 3315 761 oll‘erret

1729 806 1850 861 quae
1896 806 2118 862 sperare
2158 793 2248 847 vix
2280 793 2502 848 omnino
2547 808 2856 864 possemus,
2900 794 3080 864 idque,
3112 804 3171 849 ut
3214 811 3312 866 par

1729 892 1866 946 erat,
1892 882 2362 954 amplecteremur,
2383 899 2480 939 vos
2505 898 2607 938 nec
2629 885 2768 939 citra
2789 883 3064 940 decretum
3091 883 3310 953 Regulae

1728 974 2024 1031 subsistere
2049 989 2152 1030 nec
2185 973 2326 1030 ultra
2347 973 2487 1030 velle
2507 975 2761 1047 progredi
2791 984 3109 1032 constanter
3132 987 3314 1032 astruv

1727 1066 1925 1121 ximus.
1982 1065 2059 1122 De
2107 1065 2431 1122 liberalitate
2481 1076 2660 1122 vestra
2700 1068 2832 1138 quid
2887 1068 3114 1124 sentiam
3162 1067 3308 1125 nolui

1726 1155 1988 1226 praecipiti
2015 1154 2288 1212 declarare
2336 1157 2609 1226 praeconio
2632 1197 2648 1223 ,
2691 1158 2866 1214 donec
2905 1159 3186 1230 experirer
3235 1174 3305 1213 an

1728 1246 1882 1316 copia
1912 1245 2160 1317 piscium,
2197 1262 2318 1316 quae
2343 1255 2570 1303 ventura
2600 1257 2719 1304 erat
2745 1264 2868 1304 cum
2901 1249 3159 1315 maxima,
3195 1257 3308 1305 tum

1726 1339 1914 1404 etiam,
1944 1347 2004 1394 ut
2024 1339 2307 1410 opinabar,
2338 1341 2558 1410 optima,
2586 1342 2693 1397 mei
2721 1342 3202 1412 supergrederetur
3224 1342 3309 1398 in-

1726 1429 1924 1501 genioli
1953 1429 2292 1488 facultatem.

2255 1522 2591 1580 EPISTOLA
2630 1525 2792 1581 LVII.

2419 1633 2600 1672 EIDEM.

1799 1705 2164 1763 Dilectissimo
2211 1704 2394 1763 abbati
2433 1707 2692 1764 Ratberto
2730 1707 2914 1780 Lupus
2942 1709 3307 1766 omnimodam

53 1799 298 1869 psissem,
328 1797 433 1854 nisi
481 1796 626 1868 quod
673 1811 770 1852 rex
817 1806 1004 1853 noster
1040 1811 1137 1854 vos
1180 1798 1248 1852 ad
1295 1798 1624 1868 colloquium
1652 1799 1701 1858 B
1729 1798 1980 1854 salutem.

62 1891 303 1948 nvitaret
351 1887 770 1958 comperissem;
819 1889 955 1944 adeo
1000 1897 1060 1944 ut
1110 1889 1242 1944 mihi
1272 1905 1486 1961 quoque
1521 1889 1622 1946 hoc

54 1998 286 2055 .empore
314 1981 635 2054 praeceperit
659 1989 721 2037 ut
746 1981 793 2036 si
819 1979 960 2038 forte
990 1982 1058 2036 ad
1085 1982 1477 2038 monasterium
1524 1998 1623 2038 no-

53 2087 220 2131 strum
257 2072 606 2138 accederetis,
636 2074 702 2129 ad
729 2087 788 2128 se
811 2088 907 2128 vos
937 2072 1277 2130 deducendos
1326 2087 1573 2129 curarem
1603 2090 1618 2138 ;

54 2177 212 2238 itque
261 2167 534 2224 licentiam
587 2166 950 2238 impetraturi,
993 2166 1133 2222 inter
1180 2166 1290 2223 alia
1339 2166 1622 2222 commode

60 2259 355 2332 inperatori
411 2273 702 2332 suggerere
754 2259 988 2330 possetis
1031 2273 1062 2314 a
1119 2273 1204 2315 me
1257 2259 1624 2330 fratribusque

54 2352 272 2418 rostris,
312 2351 404 2422 qui
449 2365 549 2422 pro
587 2365 655 2408 eo
691 2365 903 2422 semper
948 2365 1185 2418 oremus,
1229 2367 1328 2410 vos
1373 2352 1623 2424 precibus

53 2442 290 2514 'atigari:
321 2449 382 2496 ιιι
423 2441 684 2512 quoniam
716 2440 746 2482 ι»
777 2441 846 2496 de
882 2441 1002 2498 loco
1047 2449 1235 2498 nostro
1263 2441 1403 2507 sitis,
1449 2456 1479 2496 a
1513 2455 1622 2510 quo

53 2551 141 2591 ros
169 2549 393 2604 corpore
435 2533 701 2590 duntaxat
725 2533 1092 2590 ecclesiastica
1145 2533 1353 2590 utilitas
1381 2533 1621 2589 abduxe-

54 2627 136 2689 'it,
164 2627 311 2695 isque
353 2624 709 2681 diminutione
737 2623 1051 2681 facultatum
1095 2625 1446 2682 vehementer
1485 2634 1625 2682 atte-

54 2726 260 2782 iuetnr,
287 2725 450 2788 atque
502 2716 749 2788 religioni
777 2726 1068 2788 paupertas
1115 2716 1619 2788 impedimento‘sit,

57 2805 448 2862 ntercessionis
486 2821 644 2878 opem
673 2807 1051 2864 instaurationi
1077 2807 1194 2879 ejus
1224 2807 1623 2879 impensissimo

53 2898 226 2955 illldIO
252 2896 576 2954 “conferatis.
620 2897 791 2963 Vale,
840 2900 1054 2956 domine
1107 2899 1375 2971 Paterque
1418 2901 1624 2959 charis-

51 2989 204 3055 sime,
233 2986 470 3060 Lupique
499 2988 579 3046 tui
602 3004 817 3060 semper
841 2991 1076 3061 benigne
1101 2991 1440 3049 memineris.

579 3124 916 3183 EPISTOLA
946 3124 1079 3183 LVI.

533 3249 557 3280 θ
593 3254 876 3296 RATBERTO
912 3255 1122 3296 ΔΒΒΛΤΙ.

108 3351 280 3409 Bonis
311 3349 563 3409 omnibus
601 3353 979 3424 amplectenda
1018 3352 1284 3411 Ratberto
1328 3354 1511 3427 Lupus
1558 3356 1618 3413 in

51 3445 274 3503 )omino
294 3445 542 3502 salutem.

111 3536 304 3592 Habita
329 3535 616 3610 diligenter
656 3536 1075 3608 opportunitatis
1110 3537 1341 3605 ratione,
1375 3539 1618 3611 suggessi

51 3627 259 3682 Iomino
282 3627 417 3697 regi,
446 3625 720 3682 annitente
742 3625 1018 3698 Vulfegiso
1043 3636 1252 3694 nostro,
1277 3643 1437 3698 super
1456 3628 1620 3686 lvone

52 3720 92 3774 d
129 3733 231 3774 vos
273 3717 551 3788 postulare
577 3725 640 3772 ut
689 3719 945 3789 quoniam
981 3731 1084 3774 nec
1127 3720 1195 3774 ad
1223 3719 1618 3776 monasterium

52 3815 355 3874 ’emeasset,
377 3816 432 3864 et
457 3808 752 3865 verisimile
777 3816 924 3865 esset
948 3824 1072 3864 eum
1094 3823 1214 3879 qute
1241 3809 1404 3865 fuerit
1427 3810 1620 3867 solitus

51 3907 260 3963 terare,
301 3896 348 3952 si
399 3898 614 3967 quando
656 3898 855 3954 reverti
905 3907 1160 3965 tentaret,
1187 3915 1254 3955 ne
1284 3899 1338 3954 in
1369 3899 1453 3956 sui
1485 3900 1620 3957 alio-

52 3999 264 4056 umque
290 3986 585 4056 perniciem
615 3988 900 4059 potestatis
937 3986 1054 4058 ejus
1081 3989 1333 4059 praesidio
1359 3989 1617 4046 muniret.

51 4079 315 4152 iiquidem
345 4090 492 4138 esset
532 4081 811 4153 indignum
851 4082 968 4154 ejus
1002 4082 1304 4153 majestate,
1336 4082 1440 4139 nisi
1485 4083 1620 4139 resi-

51 4173 393 4240 .iscentibus,
414 4173 688 4243 perversis
713 4173 925 4244 aperire
949 4188 1252 4240 accessum,
1283 4171 1397 4244 99
1421 4172 1618 4229 nedum

51 4264 373 4335 mpunitatis
419 4263 698 4336 indulgere
748 4265 1113 4321 securitatem.
1161 4264 1275 4332 Ille,
1322 4279 1430 4336 quo
1481 4265 1620 4322 solet

51 4355 182 4409 ultu
220 4370 344 4410 cum
375 4355 642 4424 gratiosus
667 4365 910 4427 apparet,
936 4366 1061 4428 post
1085 4357 1328 4427 quaedam
1358 4356 1481 4424 alia,
1492 4355 1618 4426 jure

51 4465 82 4504 c
135 4447 244 4520 ipsi
293 4447 559 4504 monacho
603 4447 860 4520 deinceps
904 4457 1230 4522 negaturum
1276 4449 1618 4507 auctoritatis

95 4629 126 4659 ι
154 4615 522 4690 (lenissimum
543 4617 950 4674 damnationem.
978 4619 1054 4674 Ex
1076 4617 1382 4689 hujusmodi
1404 4634 1624 4690 persua-

51 4689 278 4744 ionibus
301 4696 486 4742 natum
519 4696 603 4743 est
645 4690 912 4744 somnium
957 4691 1023 4746 de
1061 4689 1418 4746 damnatione
1445 4692 1623 4748 Caroli

51 4757 280 4814 lartelli.
339 4757 734 4813 Existimabam
781 4759 924 4814 enim
980 4769 1090 4815 tum
1155 4761 1393 4816 nonnul'i
1439 4771 1620 4819 aetum

52 4843 264 4902 «orsus
295 4827 364 4883 de
389 4828 563 4902 salute
606 4829 723 4897 ejus
755 4830 846 4902 qui
873 4829 1163 4902 velgungue
1187 4847 1418 4896 summo,
1455 4841 1515 4885 ut
1541 4834 1615 4890 ita

53 4899 288 4969 ixerim,
318 4900 686 4969 perstringere
712 4901 935 4954 auderet
963 4899 1104 4955 bona
1128 4902 1605 4959 monasteriorum.

51 4969 183 5042 .pud
208 4967 510 5042 _C:eSarium
557 4967 687 5025 sane
717 4969 1301 5042 lleisterbachiensem,
1331 4971 1426 5042 qui
1475 4982 1603 5030 ante

53 5039 459 5111 uadringentos
489 5055 662 5095 annos
684 5041 922 5111 vivebat,
955 5041 1133 5111 legere
1162 5049 1244 5097 est
1271 5039 1470 5096 multos
1494 5059 1609 5099 ma-

52 5121 222 5164 nates
278 5110 486 5165 aeterna
518 5119 713 5166 morte
755 5110 1039 5166 damnatos
1083 5112 1153 5168 ob
1204 5127 1324 5167 eam
1369 5126 1608 5168 causam.

52 5187 84 5235 ;t
121 5181 176 5234 id
204 5180 427 5249 quidem
456 5180 600 5235 valet
645 5182 697 5235 in
745 5182 1068 5238 deterrendo
1112 5191 1205 5238 aut
1248 5183 1607 5240 exhortando.

57 5254 112 5306 ic
142 5249 462 5322 Bonifacius
485 5250 829 5321 Moguntinus
848 5267 970 5308 cum
1009 5252 1216 5322 aliquot
1245 5253 1512 5322 episcopis
1540 5269 1608 5310 ex

51 5321 238 5447 {nodo
305 5322 555 5390 quapiam
608 5323 852 5378 scribens
910 5323 976 5377 ad
1026 5321 1366 5405 Etbibaldum
1425 5321 1607 5406 regem

69 5406 359 5447 ercrorum
382 5400 442 5446 ut
459 5407 584 5446 eum
605 5396 849 5447 retrahat
869 5410 897 5447 a
917 5408 1234 5447 pervasuone
1253 5394 1479 5447 ecclesia
1489 5411 1606 5447 rum

69 5391 359 5447 erciorum
382 5400 442 5446 ut
459 5407 584 5446 eum
605 5396 849 5448 retrahat
869 5410 897 5447 a
917 5394 1234 5463 pervasione
1253 5391 1606 5450 ecclesiarum

51 5476 66 5517 t
94 5463 585 5534 monasteriorum,
607 5465 860 5532 proponit
883 5465 1186 5534 exemplum
1209 5465 1452 5522 Ccolredi
1478 5465 1610 5521 Mer-

51 5536 240 5589 iorum
272 5533 437 5604 regis,
465 5543 519 5604 et
545 5531 734 5588 Osredi
766 5537 908 5603 regis
952 5531 1230 5592 Deirorum
1257 5547 1311 5591 et
1339 5537 1610 5593 Bernicio-

51 5603 292 5676 um,_qui
322 5601 440 5676 (ob
463 5601 755 5676 fracturam
777 5601 1228 5676 iuonasteriorum
1247 5606 1393 5675 justo
1407 5608 1611 5676 judicio

52 5675 115 5729 ei
137 5674 430 5746 damnati,
459 5675 526 5728 de
565 5675 798 5728 culmine
845 5677 1008 5744 regali
1040 5675 1196 5746 hujus
1224 5674 1346 5733 vita:
1393 5674 1608 5744 abiecti,

51 5755 69 5800 t
132 5744 435 5802 immatura
480 5752 535 5798 et
579 5745 804 5800 terribili
859 5757 1032 5805 morte
1087 5744 1380 5818 praeventi,
1427 5765 1457 5804 a
1493 5751 1611 5807 lucc

318 5836 588 5900 ΡΔτιιοι..
635 5836 860 5902 CXIX.

1645 4577 1701 4639 D

1798 1889 1953 1956 Quod
1994 1886 2276 1957 ﬂagitastis
2334 1889 2554 1959 exsequi
2605 1888 2808 1960 absque
2873 1891 3131 1948 dilatione
3176 1909 3310 1948 con-

1726 1979 1906 2045 tendi;
1939 1978 2274 2048 evolutisque
2309 1979 2814 2036 ratiocinationibus
2844 1981 3046 2046 multis,
3073 1982 3140 2037 ad
3171 1985 3310 2040 hanc

1723 2076 1900 2130 virum
1940 2074 2170 2142 compuli
2196 2073 2560 2130 conditionem
2592 2081 2652 2128 ut
2679 2088 2784 2128 non
2812 2074 2975 2129 modo
3005 2082 3199 2130 noceat
3224 2076 3307 2130 ni-

1723 2166 1819 2232 hil,
1842 2179 2028 2221 verum
2057 2167 2221 2221 etiam
2252 2167 2425 2236 prosit
2451 2165 2765 2235 plurimum,
2798 2165 2844 2220 si
2873 2179 2998 2236 erga
3029 2165 3148 2235 ejus
3179 2182 3305 2236 pro-

1725 2258 2008 2327 pinquum,
2035 2258 2127 2326 qui
2165 2265 2404 2326 tempore
2433 2256 2695 2312 tumultus
2723 2257 2996 2324 discessit,
3021 2268 3076 2314 et
3100 2259 3310 2314 instau-

1725 2357 1844 2402 rata
1881 2362 2012 2417 pace
2061 2355 2448 2412 reverteretur,
2479 2347 2696 2418 benigni
2737 2349 3074 2404 exstiteritis.
3105 2349 3164 2405 ld
3212 2365 3310 2406 vos

1725 2447 1780 2495 et
1800 2439 2031 2496 libenter
2053 2437 2296 2495 facturos
2320 2447 2375 2494 et
2402 2440 2456 2494 in
2487 2440 2740 2496 amnibus
2765 2455 2885 2511 quae
2903 2442 3096 2512 jubere
3122 2442 3308 2513 digna-

1726 2537 1878 2584 retur
1926 2528 2326 2594 obsecuturos,
2380 2529 2506 2583 dum
2553 2529 2670 2600 ejus
2726 2530 2902 2600 gratia
2952 2530 3304 2592 fruercmini,

1726 2618 2049 2674 ﬁducialiter
2095 2619 2394 2689 spopondi;
2441 2628 2603 2690 atque
2631 2635 2697 2676 eo
2719 2636 2890 2690 usque
2935 2621 3108 2678 institi
3137 2623 3308 2678 donec

1726 2712 2042 2768 ﬁrmissime
2090 2711 2436 2783 promitteret
2479 2711 2614 2768 nihil
2649 2727 2708 2768 se
2749 2713 2905 2769 vobis
2961 2713 3308 2781 oll‘ecturum,

1724 2802 1832 2858 nisi
1854 2803 2006 2874 prius
2051 2817 2264 2858 mecum
2307 2817 2527 2858 causam
2572 2801 2865 2858 conferret.
2918 2803 3077 2875 ιοο
3125 2803 3311 2876 Itaque

1722 2892 1943 2948 modum
1973 2893 2253 2964 petitionis
2304 2907 2438 2948 meae
2481 2894 2585 2950 hoc
2631 2893 2736 2948 fine
2787 2895 3092 2962 terminavi,
3147 2905 3206 2950 ut
3259 2898 3305 2952 si

1723 2985 1942 3054 quando
1991 2983 2220 3040 rebelles
2271 2983 2388 3056 ejus
2439 2983 2628 3042 favore
2653 2999 2780 3040 suas
2829 2985 3081 3055 querelas
3130 2985 3310 3042 fulciri

1723 3076 2116 3148 deposcerent,
2154 3090 2260 3132 non
2310 3075 2470 3154 vulgo
2529 3076 2938 3147 acquiesceret,
2989 3091 3177 3134 verum
3221 3093 3310 3134 res

1647 3188 1694 3254 ρ
1725 3167 1986 3223 duntaxat
2011 3168 2202 3237 dignas
2225 3177 2421 3225 vestra:
2444 3170 2790 3226 conscientia:
2803 3180 3129 3227 reservaret.
3157 3170 3310 3240 Quae‘

1723 3261 1848 3316 dam
1873 3260 1978 3316 alia
2009 3262 2246 3332 comperi
2270 3271 2379 3317 tam
2415 3271 2574 3319 caute
2601 3264 2891 3320 revelanda
2920 3273 2982 3320 ut
3010 3280 3076 3321 ea
3107 3265 3306 3322 litteris

1719 3353 2176 3424 comprehendere
2216 3363 2386 3409 tutum
2430 3369 2535 3410 non
2573 3357 2896 3426 putaverint,
2948 3365 3164 3429 tamque
3207 3374 3306 3414 ne-

1720 3446 1955 3503 cessaria
1980 3447 2196 3517 cognitu
2214 3488 2230 3513 ,
2261 3455 2321 3502 ut
2357 3462 2520 3516 quam
2543 3449 2768 3517 potestis
2796 3447 3048 3514 celerius,
3076 3459 3302 3518 praeter-

1720 3539 1796 3595 ita
1839 3538 2081 3611 qualibet
2107 3539 2208 3595 alia
2252 3539 2518 3606 utilitate,
2560 3540 2688 3595 mihi
2726 3541 2795 3595 ad
2840 3541 3168 3611 colloquium
3212 3558 3304 3598 oc-

1720 3646 1941 3688 currere
1971 3631 2231 3686 debeatis.
2269 3629 2559 3696 Caeterum,
2593 3631 2696 3686 nisi
2719 3630 2833 3699 jam
2875 3633 3160 3688 molestum
3209 3635 3299 3700 sit,

1720 3720 2030 3793 profecturo
2069 3721 2354 3776 mihicum
2394 3736 2541 3792 rege,
2569 3721 2613 3777 si
2662 3721 2804 3776 Deus
2848 3723 2982 3788 vult,
3013 3724 3081 3778 ad
3131 3723 3304 3780 Silva-

1720 3829 1842 3870 cum
1865 3815 2114 3869 nuntium
2139 3813 2388 3882 dirigite;
2419 3822 2478 3869 ut
2497 3829 2618 3868 cum
2639 3815 2842 3886 gratias
2874 3831 3035 3886 agere
3058 3831 3300 3888 cmpero,

1720 3907 1940 3962 uberius
1971 3906 2185 3962 dicendi
2215 3906 2369 3977 copia
2397 3903 2599 3962 frustra
2626 3916 2911 3963 conantem
2939 3909 3170 3980 plurima
3193 3925 3299 3966 non

1721 3998 1998 4054 destituat.
2035 3995 2108 4054 Ut
2135 4011 2264 4053 vero
2287 3997 2572 4067 epistolam
2593 3998 2738 4054 serio
2765 3999 3040 4067 claudam,
3068 4002 3294 4058 obsecro

1720 4105 1790 4145 ne
1811 4089 1911 4145 sim
1945 4090 2096 4146 vobis
2121 4090 2272 4144 oneri
2300 4090 2444 4160 quod
2471 4091 2652 4146 nimiae
2677 4091 3065 4149 familiaritatis
3102 4094 3299 4152 fiducia

1721 4180 1888 4236 multa
1916 4179 2127 4251 postulo
2161 4198 2174 4234 :
2205 4179 2331 4251 quia
2363 4180 2408 4236 si
2430 4181 2596 4236 vitam
2625 4190 2681 4237 et
2717 4184 3130 4254 prosperitatem
3157 4187 3300 4243 Deus

1721 4271 1856 4327 mihi
1901 4271 2267 4338 concesserit,
2313 4287 2421 4326 non
2464 4285 2584 4326 sum
2619 4288 2763 4328 nunc
2809 4275 2876 4328 ad
2928 4277 3301 4346 accipiendum

1719 4363 1959 4433 paratior
1992 4377 2155 4434 quam
2201 4361 2470 4433 quondam
2524 4362 2591 4417 ad
2644 4363 2982 4436 largiendum
3035 4383 3156 4423 esse
3200 4383 3300 4424 cu-

1719 4455 1873 4512 rabo.

1724 4641 1984 4706 perpetua
2015 4634 2370 4706 extranei,gin
2424 4631 2978 4706 profu_ndum_inferni
3023 4644 3080 4690 et
3108 4646 3296 4706 tarta-

1875 4705 2055 4831 ἤιξ’εεὶ
2071 4704 2304 4760 demersi
2329 4713 2472 4760 sunt.
2512 4723 2530 4756 ι
2557 4703 2712 4774 Apud
2738 4703 3071 4760 Bonifacium
3101 4705 3154 4761 in
3185 4709 3301 4779 epi-

1726 4791 1748 4830 s
1772 4790 1806 4831 o
1827 4792 1855 4829 a
1966 4815 1979 4828 .

1721 4785 1855 4831 slota
1892 4785 1979 4831 ‘19.

1793 4847 1818 4886 δ
1847 4845 1924 4900 De
1973 4845 2085 4900 loco
2128 4855 2301 4901 nostra
2345 4845 2479 4898 sitis.
2542 4844 2725 4912 Itaque
2782 4841 3151 4904 Marcwardus
3195 4848 3300 4906 fuit

1718 4916 1893 4985 primo
1930 4917 2229 4971 monachus
2277 4917 2331 4970 in
2383 4915 2711 4970 monasterio
2745 4913 3077 4972 Ferrariensi
3105 4957 3121 4984 ,
3173 4919 3297 4976 dein

1718 4987 1888 5042 abbas
1908 4986 2264 5041 Prumiensis.
2994 5036 2999 5041 .

1791 5068 1814 5095 ε
1847 5055 2095 5110 Ratberto
2141 5057 2353 5120 abbati.
2387 5053 2601 5108 Veteris
2647 5053 2928 5119 Corheiae,
2975 5056 3027 5111 in
3075 5057 3296 5114 dimcesi

1716 5125 2088 5200 Ambianensi,
2115 5127 2332 5200 qui_sub
2350 5123 2748 5200 _Carolo_(lalvo
2775 5124 2972 5200 ﬂoruit,
3001 5135 3054 5182 ct
3084 5128 3296 5200 integro

1717 5198 1935 5253 nomine
1960 5194 2186 5252 vocatur
2211 5195 2530 5250 Paschasius
2556 5194 2867 5251 Ratbcrtus.
2901 5195 3090 5252 Exstat
3113 5194 3296 5256 aufem

1717 5268 1769 5322 in
1794 5268 1964 5323 veteri
1993 5268 2180 5323 codice
2208 5282 2327 5321 meo
2360 5282 2459 5319 ms.
2494 5266 2609 5320 Vita
2640 5267 2811 5321 sancti
2842 5266 3100 5334 Richarii,
3134 5271 3300 5325 abba--

1715 5339 1785 5410 tis
1813 5338 2171 5410 Centulensis,
2197 5338 2247 5410 in
2272 5335 2426 5410 cujus
2465 5339 2568 5410 fine
2593 5338 2703 5410 hinc
2724 5339 2923 5410 scripta
2951 5349 3076 5410 sunt
3125 5359 3136 5393 :
3186 5339 3296 5395 Ea:-

1709 5409 1853 5478 plicit
1889 5407 2007 5461 Vita
2038 5408 2353 5463 sanctissimi
2381 5409 2692 5478 confessoris
2723 5407 2920 5463 lilii-isti
2963 5409 3219 5474 Riclmrii,
3263 5430 3297 5467 (ι

1708 5478 2084 5532 uenerabilibus
2133 5478 2252 5530 viris
2301 5478 2558 5541 Rutberlo,
2589 5495 2784 5533 necnon
2814 5481 3034 5534 Αἰτιιὶιιο
3081 5480 3294 5545 Albino,
3383 5508 3397 5520 -

1711 5551 1880 5603 veraci
1909 5549 2042 5618 style
2066 5549 2345 5617 descripta.
2375 5547 2698 5619 Supplicatio
2724 5551 2850 5604 dicti
2879 5549 3074 5606 Albini.

1899 5697 2006 5762 Dic,
2031 5698 2310 5762 quicunque
2333 5699 2694 5762 legisipraeclari
2719 5710 2854 5761 gesta
2881 5701 3066 5759 patroni
3094 5713 3107 5747 :

1966 5760 2200 5824 Pauperis
2223 5760 2416 5824 Albani,
2440 5760 2654 5814 Christe.
2676 5760 2924 5814 memento
2944 5765 3031 5812 tui.

2865 5845 2938 5904 17
