3902 6300
33 289 140 350 525

1469 277 1854 339 EPISTOIJE.

3199 283 3310 344 536

33 413 211 486 pictor
238 421 266 452 ι
288 405 466 464 beatis
484 401 632 460 vovit
654 379 1358 473 martyribus,hebdomada
1385 396 1622 456 secunda
1650 399 1698 474 Α
1725 405 1780 453 et
1806 397 1983 453 fructu
2006 397 2307 454 dilectionis
2331 397 2602 472 Dominus.
2627 399 2769 453 Dens
2813 407 2996 454 noster
3038 399 3280 472 glorifice’

33 513 155 578 post
207 500 418 557 Pascha
477 495 577 568 ipsi
615 495 846 564 dirigere
893 491 1206 564 dignemini.
1265 490 1418 558 Quod
1457 490 1622 578 etiam

33 611 208 656 causa
236 591 514 665 petitionis
538 603 670 644 meae
695 603 790 644 vos
812 595 1088 646 maturare
1109 584 1300 656 cupio;
1335 593 1394 638 ut
1413 599 1534 638 cum
1557 579 1625 636 ad

33 706 130 747 nos
161 686 444 748 veneritis,
475 682 760 754 pratfatam
817 688 1026 751 partem
1088 677 1258 748 ipsius
1293 676 1416 731 libri
1470 676 1626 732 nobis

33 779 366 838 afferendum
397 773 621 832 curetis.
654 771 712 827 in
741 771 926 842 pueris
973 767 1198 824 multum
1229 768 1386 823 nobis
1413 768 1624 838 prmsti-

36 872 245 936 teritis,
290 869 335 925 si
365 868 508 939 quod
536 849 782 936 coepistis
821 873 1046 935 paterna
1079 863 1279 934 pietate
1305 877 1410 915 non
1439 874 1628 930 grave-

33 963 164 1019 mini
215 974 616 1017 consummare.
662 956 874 1027 Capitis
911 964 1094 1014 autem
1151 953 1390 1010 dolorem
1444 951 1627 1022 nepoti

33 1071 154 1114 meo
179 1055 418 1126 parcitas
444 1061 604 1124 potus
658 1049 885 1106 forsitan
914 1049 1186 1114 detrahet,
1239 1049 1286 1104 si
1331 1047 1448 1118 ejus
1473 1060 1629 1117 appe-

47 1150 262 1206 tentior
287 1147 452 1202 fuerit
471 1145 858 1216 deprehensus.
889 1141 1102 1212 Alioqui
1142 1150 1328 1196 nostro
1353 1139 1627 1196 curandus

33 1239 406 1298 reservabitur
436 1235 668 1298 medico,
691 1235 783 1305 qui
805 1247 1016 1299 omnes,
1039 1247 1270 1302 quarum
1293 1230 1494 1284 nullam
1520 1245 1625 1284 non

33 1332 274 1403 ignorat,
299 1327 570 1400 depellere
597 1343 656 1382 se
685 1341 846 1398 posse
892 1324 1116 1382 conlidit
1148 1321 1508 1378 inﬁrmitates.
1542 1321 1626 1376 in-

33 1423 327 1496 tegerrime
360 1435 457 1474 vos
479 1433 672 1474 amans
699 1415 1016 1472 felicissime
1068 1413 1249 1470 valere
1277 1412 1543 1478 desidero,
1573 1419 1626 1471 et

33 1525 90 1572 ut
112 1530 206 1570 me
229 1529 440 1584 semper
461 1510 602 1581 apud
621 1511 790 1565 Deum
819 1509 1094 1579 praecipue
1109 1505 1305 1576 juvarc
1328 1504 1626 1575 dignemini

33 1606 260 1678 mppiex
283 1603 540 1677 etilagito.

463 1734 626 1806 103
674 1731 1012 1790 EPISTOLA
1059 1730 1194 1786 mu.

173 1853 206 1896 δ
254 1869 319 1909 AD
371 1863 716 1908 GUlGMUNDUM
751 1863 1125 1904 EBOBACENSE)!
1165 1859 1479 1902 EPISCOPUM.

96 1965 563 2023 Reverentissimo
589 1977 891 2034 magnaque
907 1961 1259 2016 veneratione
1281 1959 1627 2030 suspiciende

33 2058 394 2131 Guigmundo,
453 2053 820 2110 Eboracensis
869 2052 1126 2108 Ecclesia:
1177 2051 1428 2115 antisﬁti,
1489 2066 1623 2105 cnn-

33 2152 248 2222 ctisque
298 2149 397 2206 sub
449 2162 515 2202 eo
557 2145 788 2202 Domino
825 2157 847 2184 ο
895 2144 1006 2200 Deo
1053 2143 1405 2199 famulatibus
1443 2143 1626 2222 Lupus

33 2246 208 2301 abbas
235 2252 284 2298 et
308 2243 556 2300 universa
599 2240 833 2297 caenohii
880 2239 1246 2296 Fcrrariensis
1277 2239 1628 2312 congregatio

33 2335 82 2390 iu
123 2334 357 2390 Domino
381 2332 628 2388 salutem.

101 2427 302 2498 Ingens
325 2425 475 2480 tinxit
500 2423 736 2496 spatium
783 2422 1046 2492 temporis
1074 2422 1236 2492 quod,
1267 2421 1628 2492 perturbatio-

33 2522 198 2580 nibus
222 2519 386 2584 variis
407 2517 899 2584 crebrescentibus,
943 2517 1178 2572 societas
1200 2531 1320 2588 quae
1346 2533 1374 2570 a
1397 2531 1628 2586 praeces-

33 2613 257 2670 scribus
291 2611 514 2676 nostris,
573 2617 798 2664 auctore
845 2608 1098 2674 Domino,
1153 2609 1285 2664 inita
1327 2617 1430 2676 est,
1483 2608 1627 2664 nulla

33 2715 238 2779 praeter
285 2705 560 2762 orationes
605 2702 834 2774 protulit
892 2701 1092 2758 indicia
1141 2702 1446 2758 charitatis.
1474 2703 1628 2758 Nunc

33 2809 224 2856 autem
254 2797 526 2868 aperiente
553 2810 612 2851 se
633 2795 806 2866 gratia
829 2793 1001 2864 pacis,
1024 2801 1078 2848 et
1105 2801 1318 2862 recepta
1346 2791 1478 2848 cella
1503 2807 1628 2848 sau-

33 2893 105 2950 ιειί
127 2890 341 2954 Judoci,
362 2887 502 2944 unde
516 2895 581 2952 et
607 2888 721 2942 hinc
744 2885 1056 2956 scribimus,
1090 2885 1422 2950 curavimus,
1450 2892 1628 2959 utpar

33 2981 161 3048 fuit,
190 2981 402 3054 priores
428 2987 641 3036 certare
666 2977 860 3044 cilicio,
910 2991 1115 3046 vosque
1141 2977 1258 3032 sive
1282 2977 1349 3032 ad
1379 2987 1628 3048 repeten-

33 3073 162 3129 dam
191 3072 307 3128 sive
355 3071 426 3128 ad
449 3059 828 3126 declarandam
875 3067 1171 3122 amicitiam
1195 3081 1514 3138 provocare.
1545 3067 1626 3138 Ac

1651 1763 1704 1826 Β

1729 499 1816 548 tur
1844 507 1907 548 ac
1957 489 2268 548 delectetur.
2301 490 2469 565 Cupio
2498 507 2594 548 vos
2623 492 2802 546 valere
2841 490 3090 558 feliciter,
3119 491 3312 548 aman-’

1731 582 1922 640 tissimi
1958 581 2167 641 Patres.
3299 595 3306 606 ‘

2125 714 2285 790 loti.
2341 715 2673 772 EPISTOLA
2733 715 2893 772 Lxu.

2199 832 2227 872 ἀ
2251 849 2318 887 ιιι)
2348 847 2554 888 ALTSIG.
2583 845 2847 886 ABBATEII.

1801 949 2107 1006 Venerabili
2133 947 2325 1020 Altsig.
2347 947 2528 1003 abbati
2552 946 2734 1020 Lupus
2756 945 3072 1002 monasterii
3087 945 3306 1016 Bethle-

1728 1044 1969 1100 hemitici
1994 1045 2107 1098 sive
2132 1042 2498 1098 Ferrariensis
2525 1043 2577 1096 in
2598 1042 2824 1097 Domino
2841 1039 3092 1120 salutem.

1798 1135 2005 1207 Ingenti
2029 1135 2312 1190 clementia
2346 1134 2440 1189 Dei
2474 1133 2643 1189 nostri
2675 1131 2959 1188 discordiae
2984 1139 3136 1202 peste
3168 1131 3310 1210 miti-

1727 1232 1871 1298 gata,
1921 1242 2040 1296 qua:
2089 1233 2228 1280 totas
2286 1224 2490 1280 Gallias
2537 1222 2994 1294 Germaniamque
3044 1223 3310 1279 hactenus

1728 1318 1946 1372 vexavit
1987 1317 2268 1384 atrociter,
2315 1317 2456 1372 inter
2508 1317 2621 1386 ipsa
2661 1315 2812 1387 pacis
2858 1315 3084 1404 exprdia
3134 1313 3310 1402 fmdus

1729 1411 1872 1480 quod
1902 1411 2044 1468 inter
2071 1420 2311 1468 nostram
2339 1421 2690 1482 vestramque
2718 1409 2844 1465 olim
2871 1391 2972 1466 fuit
3012 1391 3310 1464 Ecclesiam

1731 1501 1952 1557 directis
1974 1504 2042 1557 ad
2061 1505 2556 1560 reverentissimum
2581 1501 2976 1574 Guigmundum
3000 1487 3310 1583 episcopuné

1729 1593 1927 1648 litteris
1973 1595 2154 1650 studui
2211 1611 2492 1650 renovare.
2544 1595 2680 1662 Quia
2722 1611 2848 1650 vero
2886 1610 2980 1650 vos
3009 1609 3194 1649 amore
3220 1610 3312 1650 sa-

1730 1687 1970 1757 pientia},
2001 1687 2155 1756 cujus
2181 1698 2235 1742 ct
2255 1705 2354 1758 ego
2386 1703 2504 1742 sum
2529 1686 2740 1754 avidus,
2790 1685 3019 1758 ﬂagrare
3048 1684 3314 1756 comperi,

1729 1779 1816 1835 vel
1844 1781 2287 1836 secundumillud
2317 1781 2493 1843 Tullii,
2525 1797 2676 1850 pares
2724 1797 2841 1834 cum
2883 1780 3097 1850 paribus
3153 1757 3312 1850 facile
3411 1812 3419 1820 ι

1725 1882 2135 1941 congregantur,
2167 1873 2251 1926 vel
2268 1871 2423 1942 juxta
2455 1882 2686 1941 receptze
2725 1869 3020 1942 Scriptura:
3050 1871 3313 1927 assertio-

1729 1975 1876 2026 nem,
1903 1961 2068 2016 Omne
2091 1961 2291 2017 animal
2316 1963 2484 2033 diligit
2507 1964 2606 2018 sibi
2625 1961 2818 2028 simile,
2841 1965 2917 2018 sic
2941 1964 3110 2018 arpinis
3134 1963 3314 2030 homo,

1729 2052 1832 2109 hac
1858 2053 2080 2124 cpistola
2107 2069 2285 2108 meam
2327 2053 2498 2110 offero
2539 2065 2594 2111 ct
2623 2065 2856 2110 vestram
2907 2063 3102 2126 expeto
3129 2038 3317 2112 amici,-

1731 2144 1882 2212 tiam,
1913 2153 1971 2198 ut
1995 2145 2151 2198 nobis
2198 2144 2435 2199 vicissim
2463 2139 2608 2200 cum
2639 2147 2692 2199 in
2739 2145 2909 2202 sacris
2955 2145 3312 2212 orationibus,

1731 2242 1842 2289 tum
1873 2235 2036 2290 etiam
2064 2235 2117 2290 in
2150 2235 2480 2304 quibuslibet
2512 2236 2634 2292 aliis
2687 2235 3010 2294 utilitatibus
3053 2238 3314 2310 prodesse

1729 2342 2002 2382 curemus.
2033 2327 2212 2397 Atque
2243 2337 2300 2382 ut
2327 2329 2470 2398 quod
2503 2328 2758 2400 polliceor
2812 2346 2906 2386 vos
2937 2327 3312 2404 exscquamini

1727 2419 1962 2490 priores,
1994 2419 2192 2473 obnixe
2223 2417 2404 2490 ﬂagito
2440 2429 2498 2475 ut
2548 2421 2876 2494 qutestiones
2922 2423 3067 2480 beati
3119 2423 3314 2480 lliero-

1729 2513 1897 2584 nymi,
1925 2527 2084 2582 quas,
2116 2521 2252 2568 teste
2279 2513 2627 2580 Cassiodoro,
2679 2517 2732 2571 in
2785 2512 2954 2573 Vetus
2999 2527 3056 2572 et
3104 2518 3315 2574 Novum

1732 2612 2112 2658 testamentum
2139 2603 2470 2672 elaboravit;
2503 2617 2526 2646 ε
2552 2607 2710 2662 Beda:
2733 2624 2948 2678 quoque
2969 2609 3139 2666 vestri
3165 2607 3316 2668 simi-

1728 2691 1852 2748 liter
1875 2696 2202 2765 (pastiones
2225 2697 2277 2752 in
2303 2706 2593 2769 utrumque
2615 2697 3048 2768 Testamentum,
3077 2702 3316 2773 itemque

1729 2787 2015 2842 memorati
2053 2785 2364 2861 Hieronymi
2396 2789 2562 2845 libros
2609 2790 3046 2854 explanationum
3080 2791 3132 2848 in
3161 2791 3317 2849 Jere-

1729 2876 1915 2942 miam,
1937 2885 2136 2948 praeter
2157 2893 2253 2934 sex
2282 2879 2506 2949 primos,
2531 2881 2621 2950 qui
2645 2883 2784 2952 apud
2814 2897 2914 2937 nos
2945 2883 3313 2964 reperiuntur,

1728 2979 1956 3026 caeteros
1983 2971 2075 3042 qui
2108 2980 2440 3042 sequuntur;
2479 2984 2740 3043 praaterea
2795 2975 3112 3046 Quintiliani
3153 2975 3314 3032 Insti-

1729 3064 1996 3119 ttttionum
2052 3066 2413 3120 oratoriarum
2465 3065 2632 3121 libros
2679 3083 2775 3132 xu,
2829 3085 2929 3140 per
2980 3066 3316 3130 certissimos

33 3165 274 3235 primum
305 3161 436 3218 illud
460 3169 588 3226 ante
615 3159 798 3215 omnia
826 3157 1142 3228 suppliciter
1159 3133 1454 3229 poscimus,
1487 3133 1624 3214 utet
1647 3145 1695 3210 C
1727 3155 1958 3211 nuntios
1977 3154 2110 3211 mihi
2158 3157 2224 3212 ad
2253 3155 2448 3215 cellam
2505 3158 2676 3212 sancti
2701 3133 2912 3225 induci,
2944 3175 3064 3230 quae
3096 3160 3316 3218 tandem

33 3260 84 3316 in
142 3257 368 3329 privatis
409 3265 466 3312 et
517 3256 570 3311 in
601 3253 831 3326 publicis
868 3254 1118 3325 precibus
1145 3255 1319 3310 nostri
1348 3270 1623 3312 memores

33 3367 162 3409 esse
187 3350 499 3424 dignemini.
531 3347 735 3406 Deinde
767 3347 1016 3404 volumus
1064 3357 1124 3402 ut
1166 3347 1406 3404 vicissim
1469 3347 1625 3405 nobis

33 3453 298 3515 praestare
316 3443 629 3500 studeamus
651 3440 910 3510 quidquid
941 3441 1241 3511 gratiosum
1278 3438 1397 3496 fore
1423 3440 1622 3496 litteris

33 3537 290 3606 utrinque
335 3533 558 3590 directis
615 3531 922 3588 constiterit
957 3540 1014 3586 et
1040 3531 1269 3589 facultas
1291 3533 1620 3604 permiserit.

33 3629 305 3686 Iaturate
330 3626 491 3698 igitur
517 3636 760 3683 vestram
793 3627 952 3682 nobis
999 3627 1237 3698 pandere
1263 3628 1621 3696 voluntatem,

33 3732 93 3778 ut
121 3729 184 3776 et
209 3720 278 3776 ad
305 3719 742 3789 morigerendum
767 3718 918 3774 vobis
939 3719 1196 3775 continuo
1231 3734 1620 3790 praeparemur,

106 3875 137 3903 ι
164 3859 344 3915 Beati:
384 3857 724 3930 martyribus.
771 3857 964 3930 idest,
991 3858 1195 3914 sanctis
1227 3856 1542 3916 Marcellino
1568 3866 1626 3914 et

33 3933 220 3997 Petro,
267 3945 495 4000 quorum
523 3928 724 4000 Lsacrat
771 3928 1012 4000 reliquiae
1055 3937 1281 4000 exstant
1321 3930 1376 4000 in
1441 3929 1627 3986 basili-

33 4011 102 4060 ca
139 3999 455 4056 monasterii
515 3999 1042 4071 Seligenstadiensis,
1081 3999 1210 4071 illuc
1255 3999 1445 4058 delatae
1492 4017 1626 4057 cura

33 4072 344 4147 Eginhardi
357 4085 498 4147 anno
517 4069 649 4147 8:27,
678 4081 737 4126 ut
768 4070 932 4147 tradit
967 4081 1156 4147 auctor
1187 4069 1478 4147 Annalium
1499 4071 1627 4147 Fui:

33 4140 287 4202 iénsium
333 4141 418 4197 his
462 4141 643 4197 verbis
689 4159 702 4196 :
754 4159 773 4193 ι
821 4140 1061 4209 Corpora
1102 4143 1380 4198 beatorum
1421 4141 1626 4200 Christi

33 4225 340 4284 martyrum
394 4211 688 4284 Marcellini
727 4209 965 4284 etiPetri
1019 4227 1204 4284 mense
1252 4211 1536 4268 Novembri
1570 4213 1624 4268 in

33 4283 327 4342 Franciam
357 4283 515 4340 allata
539 4293 682 4338 sunt.
724 4302 742 4336 ι
769 4283 902 4354 Eam
927 4283 1206 4354 basilicam
1239 4283 1439 4352 incepit
1460 4284 1624 4354 Egin-

33 4356 274 4420 bardus;
314 4353 613 4426 illatiaicus
654 4353 902 4426 perfecit.
945 4351 1250 4424 llilpericus
1276 4351 1406 4410 vero
1429 4351 1622 4426 pictor,

33 4437 92 4483 at
115 4427 280 4495 docet
309 4425 512 4495 Lupus,
545 4425 758 4480 tabulas
783 4433 1004 4479 voverat
1057 4427 1122 4482 ad
1152 4425 1452 4480 ornandam
1483 4425 1626 4484 basi-

34 4501 220 4576 icam.
249 4494 529 4562 Raba’nus,
556 4495 758 4568 hymno
789 4495 878 4561 24,
904 4497 971 4552 de
1011 4497 1214 4554 sanctis
1236 4496 1548 4554 Marcellino
1570 4508 1630 4554 et
1651 4513 1704 4576 ι)

33 4570 199 4626 Petro
234 4583 254 4621 ς

196 4683 299 4736 Hos
319 4679 497 4738 Christi
523 4687 678 4732 testes
701 4681 911 4731 Romana
936 4681 1105 4734 ascivit
1126 4681 1188 4732 ab
1210 4684 1336 4734 urbe

255 4745 342 4794 Vir
367 4747 548 4808 probus
573 4745 860 4808 Ainhardus,
886 4747 1234 4808 constituitque
1259 4745 1436 4796 locum.

191 4807 341 4919 Canis
363 4805 614 4880 successor
639 4805 857 4880 perfecta
869 4809 1138 4879 “presbyter
1154 4805 1268 4856 'aula

301 4870 518 4929 atlatcus.
541 4878 723 4919 sanctis
745 4869 959 4919 condidit
983 4870 1112 4918 hunc
1129 4869 1342 4919 titulum.

102 4983 134 5024 ἱ»
163 4981 247 5037 Ad
285 4979 697 5050 Guigmundum.
753 4979 1147 5034 Eboracensem
1211 4981 1519 5050 episcopum
1569 4984 1622 5040 in

33 5053 250 5124 hngiia.
279 5051 433 5108 Nulla
463 5050 608 5108 illius
635 5051 835 5105 mentio
871 5057 1051 5124 exstat
1103 5051 1244 5121 apud
1292 5050 1624 5124 Willeimum

33 5121 588 5194 tlaimesburiensem,
637 5122 1077 5194 praetermodum
1124 5135 1337 5194 nomen.
1389 5121 1626 5194 Vocatur

33 5204 220 5249 intem
274 5193 387 5248 illic
446 5190 791 5248 Wimundus.
841 5190 988 5248 Obiit
1026 5207 1169 5247 anno
1216 5191 1341 5256 854,
1373 5203 1433 5250 ut
1461 5191 1626 5252 tradit

33 5265 324 5322 blatthasus
337 5263 954 5334 Westmonasteriensis.
971 5261 1294 5320 Franciscus
1305 5263 1621 5334 Godwinus,

33 5338 325 5407 rpiSCOptls
346 5333 1112 5407 lierefordcnsisscribiteum
1129 5335 1181 5388 in
1204 5335 1461 5392 cathedra
1485 5337 1624 5402 Ebo-

33 5405 250 5464 -acensi
302 5406 632 5462 successisse
681 5405 888 5470 Vulsio,
937 5405 1153 5476 illicque
1200 5407 1407 5462 sedisse
1458 5409 1619 5465 annis

33 5477 445 5550 .eptemdecim.
493 5477 550 5531 in
591 5477 757 5550 veteri
805 5476 1616 5550 catalogo“archiepiscoporum

33 5547 485 5610 Eboracensium,
515 5548 684 5618 quiin
717 5547 891 5604 lucem
945 5547 1140 5617 prodiit
1169 5563 1331 5618 Opera
1362 5547 1620 5607 ac'bene-

33 5622 154 5676 icio
173 5619 250 5691 Β.
280 5619 341 5674 Ρ.
372 5618 733 5691 ιιθὺιιθίιιιαξε
760 5619 1006 5691 leguntur
1037 5637 1048 5671 :
1073 5637 1102 5691 ν(
1132 5618 1260 5674 Post
1285 5621 1619 5676 Eaubaltlttm

33 5690 256 5743 i'nisius
283 5689 425 5743 rexit
466 5689 1010 5761 archiepiscopatum,
1067 5690 1310 5746 Eanredo
1344 5703 1618 5761 regnante.

33 5761 275 5816 doriens
297 5769 476 5817 autem
503 5759 736 5826 Vulsius,
769 5760 1121 5815 \‘t'imundum
1164 5761 1347 5816 habuit
1402 5759 1619 5818 Succes-

1729 3245 2017 3317 aliquando
2039 3247 2196 3303 nobis
2212 3247 2232 3286 ί
2261 3247 2468 3304 reddita
2485 3248 2851 3322 est,’dirigatis
2873 3249 3316 3306 tradendosLan-

1727 3347 1960 3407 tranmo,
2019 3342 2110 3412 qui
2165 3343 2304 3398 bene
2359 3343 2509 3398 vobis
2557 3352 2718 3399 notus
2769 3343 2926 3416 105
2968 3354 3084 3411 est,
3133 3343 3316 3416 ibique

1727 3436 2116 3492 exscribendos
2151 3435 2414 3506 vobisque
2472 3451 2634 3507 quam
2671 3438 2870 3506 poterit
2926 3435 3044 3492 fieri
3081 3437 3317 3493 celerius

1728 3527 2101 3583 remittendos.
2128 3525 2284 3594 Quod
2389 3541 2576 3582 omnes
2606 3541 2712 3580 non
2751 3527 3056 3598 potueritis,
3109 3535 3168 3582 at
3215 3527 3315 3583 ali-

1728 3636 1864 3692 quos
1891 3635 1958 3675 ne
1988 3617 2284 3690 gravemini
2347 3618 2642 3686 destinare,
2686 3619 2955 3689 recepturi
2983 3635 3012 3674 a
3042 3617 3154 3675 Deo
3173 3635 3314 3690 pra:-

1729 3714 1896 3768 mium
1927 3712 2160 3783 impletae
2188 3712 2490 3774 charitatis.
2528 3728 2560 3768 a
2589 3713 2746 3768 nobis
2794 3720 2974 3768 autem
3005 3728 3310 3784 quamcun-

1729 3862 1927 3912 sorem,
1976 3844 2204 3917 przcl‘ato
2248 3859 2376 3918 rege
2431 3845 2864 3918 regnanteLCui
2913 3847 3126 3903 decimo
3152 3857 3310 3918 sexto

1728 3915 2072 3990 episcopatus
2092 3918 2174 3974 sui
2207 3915 2642 3984 anno,.morienti
2667 3915 2932 3985 Wli‘here,
2965 3920 3230 3976 successit
3252 3915 3310 3986 in

1728 3990 2276 4060 archiepiscopatum.
2304 4008 2346 4060 _»

1801 4072 1823 4100 ο
1863 4058 1972 4114 Deo
2008 4058 2407 4130 fainulqntibus.
2459 4059 2517 4115 id
2570 4068 2674 4126 est,
2723 4060 3005 4117 monachis
3055 4061 3313 4119 Ecclesiae

1729 4127 2135 4204 Eboracensis“
2161 4127 2296 4204 Nam
2351 4139 2464 4186 tum
2486 4130 2900 4204 monachorum
2945 4131 3127 4204 plena
3153 4143 3314 4204 erant

1727 4203 1908 4257 omnia
1937 4201 2080 4271 apud
2110 4199 2334 4273 Anglos,
2367 4217 2433 4273 ex
2483 4201 2730 4258 instituto
2760 4201 2822 4258 Β.
2848 4199 3152 4273 Augustini.
3180 4203 3314 4266 Erat

1729 4219 1908 4257 omma
1937 4219 2080 4271 apuu
2110 4219 2334 4273 angues,
2367 4219 2433 4256 ex
2483 4219 2730 4258 msututo
2764 4219 2822 4258 υ.
2848 4219 3152 4328 Αιιὲιειιιιι.
3180 4219 3314 4266 Erat

1729 4283 1908 4328 autem
1933 4287 2126 4342 magna
2154 4273 2388 4328 societas
2418 4272 2560 4327 inter
2608 4275 2902 4332 monachos
2989 4277 3314 4332 boracenses

1727 4355 1781 4400 et
1809 4343 2189 4417 Ferrarienses
2211 4363 2223 4398 :
2236 4359 2422 4417 quam,
2443 4343 2586 4417 quod
2615 4343 3103 4417 interruptaesset,
3131 4347 3312 4401 redin-

1729 4413 1929 4488 tegrati
1957 4414 2192 4486 postulat
2234 4411 2436 4488 Lupus.
2462 4411 2654 4488 itaque
2699 4411 2864 4472 abba's
2900 4414 3009 4481 ille,
3057 4417 3123 4471 ad
3149 4425 3311 4487 quem

1729 4483 1930 4556 scripta
1959 4483 2044 4556 est
2072 4483 2583 4556 sequens'epistola,
2633 4495 2752 4542 erat
2800 4488 2964 4543 abbas
3013 4483 3310 4544 monacho-

1731 4555 1853 4614 rum
1873 4555 2130 4614 Ecclesiae
2153 4555 2530 4614 Eboracensis.

1749 4655 1766 4668 ο
1802 4627 1829 4668 ά
1856 4627 1937 4702 Ad
1968 4627 2154 4699 Altsig.
2175 4627 2241 4702 in
2267 4627 2503 4684 editione
2523 4627 2758 4702 Massoni
2783 4627 3000 4702 legitur,
3021 4625 3104 4682 Ad
3129 4627 3314 4702 Attici-

1729 4716 1850 4770 gum
1883 4698 2141 4770 abbatem.
2174 4698 2287 4770 Ego
2312 4713 2440 4754 vero
2470 4698 2914 4770 noluidrecedere
2967 4714 2998 4752 a
3041 4698 3312 4770 scriptura
3377 4723 3386 4732 -

1733 4768 1931 4824 veteris
1959 4768 2180 4840 codicis.
2235 4769 2367 4825 Erat
2405 4778 2586 4824 autem
2617 4768 2704 4825 ille
2726 4769 2894 4824 abbas
2921 4768 3309 4840 monachorum

1730 4839 1984 4896 Ecclesiae
2013 4839 2390 4906 Eboracensis,
2415 4847 2474 4893 ut
2499 4840 2631 4894 dixi.

1806 4923 1830 4952 θ
1856 4909 2016 4966 Beda:
2055 4912 2226 4966 vestri.
2269 4909 2326 4965 id
2352 4918 2452 4974 est,
2483 4926 2552 4965 ex
2601 4909 2794 4980 Anglia
2837 4916 3016 4965 vestra
3069 4911 3308 4981 oriundi,

1728 4983 1945 5056 illicque
1967 4981 2240 5056 nati._Fuit
2266 4991 2444 5036 autem
2468 4981 2550 5036 vir
2581 4981 2762 5052 magni
2785 4981 3122 5056 notitinis_,_ut
3148 4983 3308 5056 lippis

1727 5049 1890 5110 etiam
1909 5061 2087 5108 tonsor
2101 5053 2326 5124 ibusque
2355 5059 2543 5124 notum
2570 5049 2695 5124 esse
2718 5052 2974 5124 arbitror.
2999 5049 3145 5110 Obiit
3163 5049 3310 5124 anno

1726 5124 1849 5196 755,
1899 5123 2155 5196 ho_c._est,
2201 5121 2418 5196 centum
2441 5122 2560 5196 plus
2606 5122 2974 5196 minusannis
2994 5133 3120 5196 ante
3143 5121 3309 5196 quatit

1725 5195 1932 5266 anina
1956 5193 2145 5250 isthzec
2166 5194 2390 5266 epistola
2421 5193 2931 5266 scribereturtVide
2953 5193 3226 5266 La‘bbeu'm
3251 5199 3306 5253 in
3337 5255 3342 5258 _
3370 5251 3377 5266 ,

1725 5263 2121 5322 Dissertatione
2148 5263 2405 5321 historica
2447 5265 2514 5318 de
2538 5263 2892 5334 scriptoribus
2920 5263 3308 5324 ecclesiasticis

1725 5347 1780 5392 et
1809 5347 1964 5392 notas
1994 5347 2208 5392 nostras
2232 5335 2299 5406 ad
2323 5333 2608 5406 epistolam
2636 5333 2704 5391 76
2727 5335 2880 5406 Lupi.
3352 5363 3361 5371 -

1803 5407 1819 5446 ί
1851 5406 2074 5461 Reddita
2123 5417 2220 5462 est.
2252 5403 2388 5462 Hinc
2417 5403 2694 5478 colligitur
2735 5403 2854 5478 eain
2885 5406 3166 5478 epistolam
3195 5421 3304 5469 non

1723 5494 1844 5533 esse
1871 5479 2128 5552 scriptam
2155 5487 2280 5552 ante
2302 5475 2676 5552 anttun‘t4._847.
2727 5477 2864 5552 Nam
2885 5475 2952 5552 ei
2966 5479 3206 5552 _epistola
3233 5482 3299 5552 5‘1

1723 5559 1934 5605 constat
1962 5547 2198 5602 nondum
2226 5548 2381 5624 Ltth
2396 5547 2657 5624 redditam
2680 5549 2868 5606 cellam
2886 5547 3169 5624 SJudoci,
3196 5547 3305 5624 quo

1728 5631 2174 5692 temporedregcs
2220 5625 2285 5674 ad
2313 5619 2647 5692 'Trajcciunt
2695 5621 3008 5676 convcnturi
3037 5619 3301 5677 crantfld

1729 5688 1856 5746 vero
1909 5688 2231 5760 colloquium
2286 5688 2530 5747 halitum
2579 5704 2659 5746 (‘st
2702 5693 2854 5748 initio
2905 5692 3028 5746 anni
3073 5692 3200 5759 847,
3243 5701 3302 5746 υι

1727 5763 2040 5820 adnotatum
2066 5773 2140 5820 est
2172 5761 2235 5816 at!
2265 5762 2542 5836 epistolam
2574 5764 3094 5834 qninquagesitnmn.
3169 5812 3173 5816 .
3261 5761 3268 5768 ’
