3902 6300
599 328 709 415 sev

1651 336 1714 393 Β.
1756 334 1814 392 S.
1855 333 2015 392 LUPI
2048 331 2340 391 ABBATIS
2378 332 2886 392 FERRARIENSIS
3738 353 3808 409 5-33

595 479 706 536 quc
726 458 1038 534 possibilem
1065 461 1326 518 duntaxat
1353 459 1626 518 cesseritis
1666 463 1840 516 vicem
1867 462 2001 517 tanti
2023 461 2172 516 labo—
2197 461 2253 522 Α
2275 459 2330 514 in
2370 460 2470 512 hac
2509 457 2774 528 legatione
2815 459 3263 525 laboraverimus,
3312 477 3408 518 nec
3444 466 3606 520 nobis
3633 483 3721 522 nec
3745 471 3810 524 ho-

594 557 695 614 ris.
717 554 928 623 Valete,
949 569 1153 625 nosque
1179 568 1304 610 mox
1330 562 1389 608 ut
1415 567 1475 608 se
1497 553 1875 623 opportunitas
1916 550 2181 609 obtulerit

596 647 890 721 exoptabili
915 660 1174 718 responso
1202 644 1496 702 laetiﬁcate.

1112 796 1449 856 EPISTOLA
1495 799 1676 856 LXIII.

951 903 981 933 ⁸
1010 905 1080 980 ιιι
1117 906 1460 949 ΡΒυΒΕΝτΙυιί
1505 906 1825 948 εΡιεεοΡυιι.

639 983 1000 1061 ’ϐιιιιινίεεὶιιιο
1034 983 1134 1060 suo
1178 1001 1474 1060 Prudentio
1522 1001 1706 1074 Lupus
1748 1003 1805 1058 in
1835 999 2066 1057 Domino
2098 1013 2181 1057 sa-

592 1093 645 1148 lu
654 1101 779 1150 tem.

666 1183 909 1256 Septimo
933 1183 1059 1242 ldus
1083 1184 1282 1258 April.,
1313 1186 1344 1226 ι)
1363 1185 1683 1243 Heribohlus
1709 1187 1994 1258 episcopus
2015 1186 2179 1258 paulo

593 1286 721 1331 ante
748 1291 1029 1346 regressus
1057 1291 1089 1332 a
1126 1293 1273 1349 rege,
1318 1277 1594 1333 mandavit
1642 1278 1773 1333 mihi
1803 1293 1871 1334 ex
1908 1290 2180 1350 prmeepto

592 1363 838 1436 dusdem
877 1367 1020 1439 regis
1044 1375 1104 1423 ut
1145 1367 1401 1438 quoniam
1447 1383 1507 1423 se
1535 1368 1648 1439 ipse
1685 1379 1707 1407 ο
1738 1368 2021 1438 legationis
2061 1368 2182 1423 fun-

591 1457 774 1515 ctione
803 1459 1143 1527 absolvisset,
1172 1460 1418 1516 eamdem
1460 1476 1560 1516 nos
1587 1469 1807 1516 strenue
1834 1477 1897 1516 ac
1926 1459 2179 1517 celeriter

591 1549 621 1592 δ
654 1565 1095 1622 exsequeremur,
1131 1560 1192 1607 ut
1221 1552 1274 1605 in
1313 1559 1580 1608 conventu
1629 1552 1869 1624 generali
1913 1567 2180 1608 memora-

591 1656 682 1704 tus
719 1662 816 1705 rex
843 1647 911 1704 de
935 1646 1162 1720 singulis
1201 1647 1334 1703 locis
1370 1657 1552 1718 posset
1583 1648 1785 1703 certior
1811 1647 1949 1703 fieri.
1994 1647 2182 1717 Itaque

591 1737 721 1808 quia
760 1745 817 1793 et
859 1746 1073 1808 tempus
1100 1737 1514 1809 appropinquat,
1549 1751 1649 1793 nec
1683 1737 1800 1794 sine
1843 1736 2178 1803 difﬁcultate,

2281 550 2519 607 minibus
2552 550 2755 606 nostris
2799 551 3004 622 aliquid
3060 551 3432 609 remittendum
3473 555 3613 625 quin
3644 573 3810 626 ageam

2281 643 2425 714 quod
2471 644 2674 711 caeteri,
2714 644 2760 699 si
2808 651 2986 700 motus
3035 643 3122 701 his
3171 644 3266 714 qui
3312 645 3568 702 hactenus
3606 662 3812 705 vexarat

2281 738 2592 795 exstiterint
2619 737 2841 794 similes.

2801 868 3139 928 EPISTOLA
3199 871 3380 927 LXIV.

2584 1000 2932 1043 ΕΧΒΟΒΤΔἸΊΟ
2975 1003 3045 1042 ΔΙ)
3073 1002 3250 1044 REGE!
3302 1004 3569 1046 CABOLUI.

2354 1097 2426 1153 Ut
2452 1097 2678 1169 pacilice
2705 1097 3044 1170 feliciterque
3085 1101 3325 1172 regnetis
3351 1103 3690 1158 observanda
3713 1108 3810 1163 vobis

2283 1188 2424 1244 ﬁdeli
2453 1189 2739 1245 devotione
2757 1191 2967 1263 collegi.
3001 1191 3252 1248 Creatori
3277 1202 3460 1250 vestro
3485 1195 3602 1250 Deo
3629 1207 3679 1250 et
3697 1198 3809 1266 judia‘

2283 1281 2464 1338 futuro
2495 1283 2700 1353 gratias
2727 1282 2920 1338 habete
2943 1298 3158 1355 semper
3179 1293 3237 1341 et
3273 1287 3437 1358 agile,
3464 1289 3560 1357 qui
3614 1304 3702 1344 vos
3736 1290 3811 1344 hc—

2282 1381 2442 1428 tenus
2468 1359 2642 1428 ‘maus
2690 1372 2933 1443 pluribus
2968 1373 3240 1440 liberavit,
3265 1386 3322 1430 et
3367 1377 3526 1431 bonis
3559 1379 3807 1448 multiplici-

2280 1463 2384 1520 bus
2408 1464 2728 1530 exornavit;
2761 1473 2928 1534 utque
2951 1465 3105 1521 vobis
3132 1465 3366 1530 initium,
3389 1466 3694 1537 profectum
3710 1480 3812 1538 ιιᾳ

2281 1556 2744 1626 perseverantiam
2771 1555 2825 1610 in
2857 1555 3014 1611 bonis
3042 1556 3254 1611 actibus
3284 1557 3558 1628 largiatur
3608 1560 3809 1629 quotidi-

2284 1645 2370 1699 nis
2392 1645 2640 1716 precibus
2669 1644 2926 1717 flagitate.
2963 1645 3097 1701 Cum
3130 1648 3325 1702 essetis
3351 1650 3589 1719 parvuli,
3629 1651 3810 1721 loquele

2287 1737 2416 1790 mini
2440 1745 2498 1790 ut
2521 1736 2748 1806 parvuli,
2799 1736 3092 1806 sapiebatis
3117 1748 3176 1793 ut
3215 1739 3449 1810 parvuli.
3505 1741 3665 1798 Nunc
3696 1755 3808 1797 autem

591 1830 830 1886 maxime
857 1839 1080 1902 propter
1119 1845 1382 1902 equorum
1420 1829 1700 1902 pabulum,
1727 1829 1960 1901 colloqui
1986 1844 2180 1900 possu-
2209 1821 2259 1882 B
2286 1827 2354 1882 ad
2401 1827 2610 1882 virilem
2653 1827 2898 1897 perducti
2966 1837 3204 1896 aetatem,
3279 1833 3588 1888 secundum
3636 1837 3810 1890 eum

591 1936 736 1986 mus,
763 1935 867 1978 nec
901 1936 1032 1978 vero
1072 1929 1197 1976 ante
1223 1921 1435 1992 copiam
1467 1923 1648 1977 herbae
1671 1923 1814 1992 quod
1843 1920 2064 1991 jubetur
2097 1921 2182 1976 in-

592 2013 820 2079 choare,
845 2020 902 2068 et
942 2011 1303 2068 valetudinem
1329 2021 1588 2078 vestram,
1621 2020 1675 2068 et
1703 2013 1831 2082 quid
1876 2027 2039 2082 super
2080 2013 2181 2069 hac

591 2117 655 2158 re
689 2101 844 2159 vobis
868 2103 1080 2174 placeat
1106 2103 1365 2158 continuo
1393 2095 1613 2160 directis
1651 2103 1846 2159 litteris
1887 2103 2178 2160 declarate.

591 2190 670 2250 Ut
714 2201 894 2249 autem
934 2193 1060 2249 hinc
1111 2207 1287 2249 meam
1341 2195 1666 2248 sententiam
1712 2194 1865 2250 vobis
1916 2195 2180 2266 aperiam,

591 2301 990 2357 supervacuum
1022 2284 1228 2356 judicio
1274 2287 1393 2342 loca
1433 2302 1666 2357 quorum
1694 2296 1893 2343 statum
1912 2287 2026 2358 jam
2052 2304 2179 2359 per-

590 2379 892 2450 speximus,
924 2379 1122 2436 iterum
1151 2381 1324 2446 adire,
1371 2382 1588 2452 quando
1615 2382 1758 2436 nulla
1787 2383 1858 2437 sit
1883 2384 2183 2440 correctior

589 2469 900 2538 subsecuta,
932 2479 987 2526 et
1015 2471 1071 2526 in
1092 2471 1470 2528 Aurelianensi
1509 2488 1572 2527 ac
1597 2470 1886 2541 Senonico,
1918 2482 1973 2530 et
1999 2484 2181 2532 vestro

589 2579 656 2620 ac
688 2573 878 2621 nostro
913 2580 1068 2638 pago,
1104 2575 1310 2624 restent
1348 2567 1594 2638 quaedam
1630 2569 1879 2625 coenobia
1907 2570 1962 2624 in
1986 2571 2182 2640 quibus

590 2663 806 2727 tempus
863 2656 1082 2713 interim
1134 2667 1312 2714 terere
1357 2658 1646 2729 possimus,
1682 2667 1744 2714 ut
1786 2659 1928 2714 sicut
1976 2660 2029 2714 in
2061 2659 2183 2717 aliis

585 2746 742 2816 locis,
775 2749 849 2805 ita
894 2757 952 2807 et
992 2750 1046 2806 in
1098 2750 1185 2806 his
1226 2751 1389 2806 etiam
1434 2751 1767 2806 emendanda
1817 2766 1914 2821 per
1944 2766 2042 2807 nos
2086 2767 2182 2808 rex

578 2850 900 2912 cognoscat.
953 2841 1021 2896 Et
1050 2856 1116 2897 ne
1152 2841 1205 2896 in
1234 2841 1427 2912 legatis
1461 2841 1579 2912 ejus
1621 2841 1788 2910 ipsius
1815 2841 1976 2914 106
1999 2831 2182 2914 'jussio

588 2940 988 2997 contemnatur,
1011 2931 1056 2987 si
1084 2931 1334 2997 voluerit,
1359 2931 1589 2986 sanciat.
1617 2930 1817 2998 Quanti
1839 2931 1984 2985 enim
2011 2931 2184 2988 simus

588 3026 782 3092 habiti,
817 3025 926 3080 imo
960 3025 1074 3095 ipse
1113 3024 1205 3095 qui
1239 3039 1337 3080 nos
1392 3023 1635 3089 miserat,
1692 3023 1852 3079 nobis
1909 3025 2184 3094 impensus

589 3120 767 3174 honor
791 3117 1047 3190 patefecit
1073 3127 1128 3173 et
1154 3118 1604 3174 monasteriorum
1633 3118 1933 3173 instaurata
1957 3119 2172 3191 religio.

588 3184 824 3265 Proinde
854 3218 1145 3280 antequam
1191 3208 1510 3280 legationem
1563 3208 1891 3274 adoriamur,
1938 3184 2182 3280 regi'per
2209 3184 2255 3248 δ

590 3319 681 3359 me
707 3302 773 3358 de
801 3302 886 3358 his
911 3317 1032 3372 qua:
1061 3302 1389 3357 videbuntur
1415 3317 1705 3374 suggerere
1733 3302 1898 3357 statui
1921 3311 1977 3357 et
2017 3314 2040 3347 ο
2071 3311 2183 3358 tra-

593 3393 795 3470 ctorias
845 3393 1108 3463 accipere,
1155 3401 1210 3449 et
1261 3401 1385 3448 tunc
1425 3392 1638 3450 favente
1690 3392 1785 3449 Dei
1827 3393 2001 3466 gratia
2052 3408 2181 3463 pro-

591 3483 781 3540 ficisci.
813 3481 1065 3539 Vicissim
1090 3498 1219 3554 ergo
1244 3497 1460 3538 sensum
1498 3490 1734 3538 vestrum
1765 3483 1961 3539 litteris
1993 3484 2178 3554 expri-

597 3577 750 3643 mite,
774 3585 832 3632 ut
865 3576 1125 3647 optimum
1155 3575 1299 3632 factu
1337 3591 1404 3630 ex
1453 3576 1734 3647 utriusque.
1768 3577 1984 3648 ingenio
2021 3577 2179 3634 colli-

595 3676 774 3743 gatur.
818 3667 953 3724 lllud
982 3677 1164 3724 autem
1191 3682 1299 3724 non
1337 3683 1434 3724 vos
1479 3668 1666 3740 fugiat,
1704 3678 2182 3739 quantumcunque

666 3840 692 3868 τι
743 3827 824 3881 At!
880 3824 1227 3880 Prudentium
1284 3823 1609 3893 episcopum.
1664 3820 2069 3893 Trecassinnm,
2125 3828 2183 3893 ut

591 3897 826 3954 habebat
855 3895 1040 3951 titulus
1064 3895 1120 3950 in
1153 3890 1394 3950 editione
1430 3893 1684 3958 illassoni,
1712 3903 1767 3947 et
1797 3891 2012 3947 aliunde
2048 3890 2183 3946 satis

593 3977 781 4023 notum
812 3976 917 4022 est.

668 4039 696 4079 δ
720 4037 1037 4091 Heriboldus
1061 4036 1350 4106 episrcOpus.
1379 4033 1892 4106 Autissiodorensis,
1923 4033 1991 4088 ad
2017 4048 2176 4103 quem

594 4108 932 4177 suntplures
966 4108 1134 4176 ipsius
1165 4105 1296 4176 Lupi
1335 4105 1598 4177 cpistolze.

667 4189 692 4217 ε
716 4173 1015 4248 Βεψιιίοηὶὲ
1046 4173 1329 4248 (unctione.
1360 4173 1664 4248 Ea‘legatio
1689 4173 1824 4248 Lupi
1852 4183 1921 4248 et
1940 4174 2184 4248 Pruden-

593 4249 656 4303 tii
693 4245 921 4317 contigit
967 4261 1108 4317 anno
1139 4246 1264 4309 8M,
1314 4255 1373 4301 ut
1424 4246 1830 4317 dictumiesrin
1860 4245 1984 4317 Vjta
2016 4246 2182 4317 ipsius

592 4319 751 4390 Lupi.
769 4329 771 4331 ‘
792 4314 945 4390 Quod
971 4316 1328 4390 confirmatur
1354 4331 1422 4390 c_x
1449 4316 1678 4390 epistola
1704 4315 1858 4390 52,}
1889 4314 2181 4384 Superiore

591 4386 756 4455 anno,
789 4389 984 4458 inquit,
1031 4387 1227 4444 missus
1271 4386 1761 4458 inuBurgundiam,
1795 4387 1985 4458 decem
2009 4401 2178 4458 equos

591 4462 769 4516 amisi.
809 4479 828 4513 ι
861 4455 1096 4530 Epistola
1123 4466 1303 4513 autem
1333 4455 1422 4512 illa
1452 4455 1654 4528 scripta
1681 4466 1763 4513 est
1788 4471 1930 4512 anno
1963 4455 2092 4524 845,
2120 4466 2181 4513 ut

590 4531 703 4586 illic
729 4531 1127 4586 adnotavimus.

2281 1915 2597 1986 Apostolum
2628 1915 2679 1988 (I
2711 1914 2835 1970 Cor.
2864 1917 3011 1988 ιιιι),
3037 1917 3091 1973 in
3129 1933 3246 1990 quo
3274 1919 3569 1978 evidenter
3621 1923 3706 1978 Dei
3740 1921 3810 1992 Sa-

2281 2009 2420 2064 ritus
2472 2007 2812 2078 loquebatur,
2873 2018 3136 2064 evacuate
3199 2026 3320 2080 quae
3372 2011 3604 2068 fuerunt

2283 2097 2502 2155 Scilicet
2539 2098 2703 2154 stulta
2731 2112 2960 2169 qumque
2987 2101 3153 2170 atque
3187 2101 3369 2157 inania
3407 2103 3746 2168 declinata,
3764 2121 3810 2158 ra

2282 2191 2578 2257 tionabilia,
2605 2192 2856 2262 praasenti
2884 2200 2939 2245 et
2963 2191 3158 2248 futura:
3181 2194 3343 2250 saluti
3368 2195 3680 2266 profutura,
3700 2209 3810 2254 seu}

2281 2285 2433 2342 mini.
2462 2285 2618 2357 107
2642 2284 2772 2353 Quae.
2803 2285 3010 2356 agenda
3035 2292 3164 2342 'sunt
3199 2289 3502 2358 prospicite
3523 2290 3814 2362 diligentem

2281 2385 2574 2434 retractate
2600 2377 2888 2446 subtiliter,
2923 2380 3322 2436 communicato
3363 2382 3607 2437 consilio
3637 2398 3740 2437 cum
3759 2382 3814 2436 ts

2281 2470 2588 2540 vestrisque
2619 2469 2860 2540 perfecte
2897 2471 3146 2527 fidelibus
3165 2512 3180 2538 ,
3211 2471 3363 2540 quia,
3388 2479 3450 2525 ut
3500 2471 3732 2526 divinum
3759 2486 3812 2524 es

2283 2566 2501 2622 instruit
2550 2566 2975 2638 eloquium,qui
3023 2567 3122 2621 sibi
3173 2583 3398 2636 nequam
3425 2577 3555 2632 est,
3607 2568 3811 2621 enim

2281 2655 2421 2710 erit?
2447 2653 2635 2728 (Eccli.
2671 2655 2806 2728 xw.)
2836 2656 2946 2711 Nec
2971 2670 3067 2712 vos
3097 2656 3318 2711 cuilibet
3355 2656 3431 2710 ita
3486 2655 3761 2724 subjiciatis
3785 2667 3816 2708 It
3875 2653 3879 2728 ξ

2282 2749 2350 2803 ad
2379 2747 2496 2817 ejus
2541 2746 2825 2801 arbitrium
2869 2746 3050 2801 omnia
3079 2746 3310 2802 faciatis.
3335 2744 3452 2801 Cur
3479 2747 3630 2802 enim
3665 2749 3806 2817 regina

2283 2854 2481 2894 nomen
2538 2838 2878 2909 praetenditis
2902 2878 2918 2904 ,
2957 2838 3004 2893 si
3047 2850 3275 2910 regnare
3323 2838 3605 2895 nescitis?
3642 2846 3694 2892 ut
3734 2849 3812 2906 pa

2283 2937 2602 2986 cunctorum
2631 2930 2883 2997 dixerim,
2927 2945 3034 2985 non
3057 2929 3279 3001 eipedit
3307 2931 3474 2986 vobis
3503 2940 3568 2987 et
3592 2929 3756 3002 populo
3781 2940 3813 2980 si
3875 2935 3879 3006 ζ

2284 3021 2519 3093 aliquem
2550 3022 2704 3077 vobis
2723 3021 2968 3092 atquetis,
2996 3022 3193 3078 nedum
3227 3023 3578 3094 praeponatis
3598 3041 3613 3076 :
3633 3022 3815 3092 quoniam
3877 3013 3879 3016 ⁴

2287 3114 2451 3179 Deus,
2474 3115 2565 3184 qui
2597 3113 2699 3169 scit
2721 3113 2850 3185 quid
2870 3113 2943 3170 sit
2983 3115 3037 3169 in
3081 3107 3302 3170 homine
3320 3154 3336 3180 ,
3363 3125 3674 3185 pmmonet
3694 3129 3745 3169 ne
3763 3117 3814 3167 de
3877 3115 3879 3120 ’

2285 3213 2610 3277 potestatem
2660 3205 2933 3262 liliistuis
2990 3207 3046 3260 in
3086 3206 3195 3260 vita
3231 3205 3428 3278 (Eccli.
3477 3209 3706 3276 xxmn),

2283 3297 2479 3353 melius
2528 3306 2613 3353 est
2640 3307 2701 3352 ut
2731 3297 2808 3351 illi
2859 3306 2910 3353 te
2939 3299 3301 3368 deprecentur
3334 3313 3512 3367 quam
3561 3307 3619 3355 tu
3648 3297 3756 3353 illos.
3780 3294 3813 3348 Si

2283 3388 2411 3445 filiis
2439 3390 2544 3444 hoc
2575 3403 2680 3444 non
2717 3397 2803 3444 est
2829 3388 3491 3459 concedendum,quanto
3519 3392 3694 3445 minus
3722 3387 3814 3441 alia?

2283 3479 2470 3536 Vicem
2495 3495 2590 3536 vos
2619 3493 2807 3552 gerere
2851 3479 2946 3534 Dei
2976 3480 3101 3551 quis
3146 3479 3405 3551 ignorat?
3439 3480 3515 3536 At
3549 3481 3663 3551 ipse
3702 3477 3814 3533 dcit:

2283 3565 2524 3629 Gloria'm
2553 3589 2724 3628 meam
2751 3572 2910 3628 alteri
2935 3589 3040 3627 non
3064 3572 3200 3628 dabo
3250 3573 3389 3645 (Ira.
3439 3590 3562 3631 nu
3581 3577 3621 3647 ).
3653 3572 3746 3629 Non
3764 3571 3817 3624 ai-

2281 3666 2570 3721 mittantur
2616 3681 2745 3738 ergo
2790 3681 2824 3722 a
2863 3665 3016 3722 vobis
3052 3665 3348 3722 mouitores
3373 3706 3390 3730 ,
3448 3682 3598 3738 quos
3633 3661 3816 3736 ibajda

2283 3822 2418 3878 Vide
2451 3820 2544 3877 lib.
2579 3837 2631 3876 tv
2669 3819 2926 3894 Capitul.,
2963 3837 3081 3892 cap.
3111 3821 3201 3894 773,
3239 3832 3303 3894 et
3336 3820 3688 3886 Marculfum,
3713 3820 3816 3894 libi.

2283 3908 2402 3962 cap.
2429 3894 2516 3954 li,
2551 3908 2673 3946 cum
2705 3893 2848 3964 notis
2877 3893 3228 3948 eruditissimi
3262 3893 3593 3964 Hieronymi

2284 3960 2518 4032 itemque
2554 3971 2709 4019 notas
2750 3963 2961 4018 Justelli
2991 3965 3059 4018 ad
3087 3963 3333 4019 codicem
3361 3960 3659 4020 Canonum
3681 3960 3816 4017 Ἐιόῑε

2282 4035 2377 4091 sia:
2428 4032 2730 4098 Africanze,
2773 4049 2897 4104 pag.
2925 4034 3012 4089 95.

2359 4104 2378 4144 τ
2408 4104 2648 4176 Bajulos.
2688 4105 2743 4176 ιιι
2778 4101 2871 4176 est
2909 4105 3226 4170 munitores,
3258 4114 3318 4159 ut
3347 4101 3814 4176 interpretatur

2282 4191 2402 4258 pus.
2430 4176 2595 4258 verbo
2609 4175 2863 4258 Sallustii
2881 4183 3067 4258 't'ttens',
3093 4176 3208 4258 sive
3229 4187 3484 4258 rectores
3499 4174 3815 4258 imperatas}

2275 4241 2532 4317 juventae,
2565 4255 2624 4300 ut
2663 4247 2829 4318 verbo
2881 4246 3054 4318 Taciti
3101 4246 3445 4318 utaturGesta
3501 4241 3814 4318 Dagoberti

2281 4313 2617 4387 Francorum
2669 4317 2834 4387 regis,
2867 4317 2957 4387 qui
2986 4316 3208 4373 Clotarii
3253 4317 3297 4372 ll
3328 4317 3478 4373 ﬁlius
3512 4313 3660 4372 fuit:
3689 4313 3815 4387 cliti:

2281 4389 2385 4444 fuit
2410 4386 2552 4442 filius
2580 4383 2799 4443 nomine
2826 4383 3162 4459 Dagobertus
3183 4428 3197 4452 ,
3225 4403 3388 4459 quem
3428 4403 3502 4444 ex
3549 4383 3813 4459 Βενιοὰιῴ

2281 4459 2467 4530 regina
2495 4465 2824 4530 susceperat,
2852 4458 2948 4530 qui
2977 4458 3117 4530 patri
3163 4458 3489 4530 succederet
3524 4469 3592 4516 et
3623 4458 3814 4530 industria

2135 4598 2148 4611 .
2202 4547 2258 4608 ι)
2283 4527 2475 4611 dignus
2515 4537 2572 4611 et
2591 4527 2952 4611 viribusaﬂic
2980 4527 3229 4611 denique
3256 4529 3308 4584 in
3349 4530 3518 4611 an_n_i_s
3581 4528 3810 4611 puerilia?

660 4602 688 4641 τι
713 4597 1383 4681 Exsequeremurﬂdcst:
1415 4597 1682 4681 Quoniam
1713 4597 2036 4681 lleriboldus
2061 4598 2180 4681 ep}:
2203 4597 2251 4608 “’
2281 4597 2491 4681 positus
2517 4599 2755 4681 traditus
2765 4608 2851 4681 est
2890 4615 2928 4681 ιι⁸
2945 4597 3190 4681 genitore
3211 4600 3517 4681 venerabili
3563 4597 3631 4656 ac

590 4689 788 4745 scopus
812 4667 1178 4745 se'excnsavit
1214 4667 1283 4745 ab
1307 4669 1551 4745 obeunda
1600 4669 1865 4741 legatione
1905 4684 2067 4739 quam
2097 4667 2178 4724 illi

591 4736 817 4800 Carolus
846 4742 1213 4807 commiserat,
1258 4736 1421 4808 jussit
1467 4736 1719 4811 princeps
1746 4749 1804 4794 ut
1841 4736 2174 4811 ego__tuque,

590 4814 872 4878 Prudenti,
903 4827 1023 4869 eam
1063 4826 1250 4866 curam
1281 4809 1699 4880 susciperentus,
1727 4809 1895 4880 quam
1934 4809 2182 4864 Heribal-

591 4885 692 4940 dus
731 4884 1071 4940 detrectavit.
1105 4882 1328 4952 Legatio
1358 4893 1540 4936 autem
1569 4882 1657 4936 illa
1686 4881 1994 4952 hujusmodi
2037 4891 2177 4947 erat,

528 4963 531 4966 '
591 4966 653 5009 ut
685 4955 846 5023 legati
869 4955 943 5009 illi
967 4955 1083 5009 vice
1103 4951 1246 5023 regia
1277 4952 1562 5023 visitarent
1585 4952 1911 5023 monasteria
1934 4951 2180 5023 ingregno

591 5020 772 5080 Caroli
802 5026 1113 5087 constituta,
1145 5020 1201 5078 et
1227 5023 1271 5077 si
1299 5023 1429 5092 quid
1459 5022 1928 5076 animadversione
1957 5020 2176 5092 dignum

590 5096 986 5159 existimarent,
1036 5096 1102 5150 ad
1149 5091 1446 5165 principem
1497 5092 1786 5158 referrent,
1842 5101 1900 5145 ut
1946 5091 2179 5148 diximus

591 5166 660 5219 ad
689 5165 972 5236 epistolam
999 5165 1086 5220 l2.

668 5249 694 5276 ο
723 5231 1049 5291 Τναοιοήαδ.
1119 5234 1296 5291 Missis
1345 5234 1615 5298 omnibus,
1671 5242 1730 5286 ιιι
1792 5232 1858 5286 ad
1930 5231 2177 5300 Capitula

589 5306 772 5362 Caroli
815 5305 963 5362 Calvi
988 5307 1210 5363 adnotat
1245 5304 1588 5369 Sirmondus,
1622 5305 1688 5358 ad
1715 5302 2009 5374 legationes
2053 5316 2179 5358 suas

590 5378 917 5448 profecturis
947 5378 1202 5434 tractoria
1235 5375 1487 5438 dabatur,
1535 5375 1586 5448 id
1617 5382 1726 5441 est,
1755 5373 1981 5448 epistola
2023 5373 2178 5448 cujus

592 5444 859 5506 beneficio
887 5448 1320 5518 suscipiebantur
1357 5455 1412 5502 et
1452 5444 2174 5518 conjectum'accipicbant,

590 5519 770 5593 idest,
798 5514 1212 5593 pensitationem
1242 5527 1296 5570 et
1328 5514 1610 5593 tributum,
1634 5517 1776 5593 quod
1820 5516 1888 5593 ab
1917 5517 1982 5593 iis
2031 5514 2176 5570 haud

588 5583 765 5664 dubie
787 5583 1107 5664 exigebatur
1134 5603 1363 5664 quorum
1397 5583 1574 5664 causa
1597 5583 1755 5658 legati
1793 5586 2172 5664 mittebantur.

587 5661 646 5715 ln
678 5656 948 5719 tractoriis
972 5676 1135 5731 porro
1152 5656 1415 5731 adnotari
1448 5656 1935 5731 solebat—quantum
1981 5656 2178 5725 cuique

589 5733 760 5804 misso
809 5749 907 5804 pro
967 5728 1084 5804 ejus
1137 5728 1444 5804 conditione
1485 5728 1822 5804 suppeditari
1852 5734 2175 5804 _0porte_ret.

589 5797 825 5871 lucoque
860 5797 1169 5858 tractorium
1215 5797 1589 5871 stipendialem
1631 5806 1790 5856 vocat
1836 5797 2175 5878 Agobardus.

2285 4668 2421 4741 simo
2453 4668 2680 4725 Arnulfo
2707 4668 3024 4741 Metensitim
3064 4670 3214 4725 urbis
3233 4671 3522 4741 episcopo,
3557 4681 3621 4727 ut
3647 4684 3746 4741 eu

2284 4740 2519 4813 cundum
2541 4756 2706 4813 suam,
2719 4740 3047 4813 sapientiam
3075 4738 3372 4809 enutriret,
3403 4738 3582 4813 eique
3613 4738 3810 4813 tramitti

2283 4811 2606 4883 Christianae
2633 4811 2911 4883 religionis
2939 4814 3273 4883 ostenderet,
3303 4811 3502 4880 atque'
3527 4814 3580 4868 ei
3621 4811 3810 4883 custpgd

2284 4853 2497 4951 bajulus
2535 4891 2698 4938 esset.
2735 4853 3023 4937 fAnnales
3063 4853 3466 4936 Bertiniani‘ad
3498 4853 3693 4938 annum
3713 4876 3810 4951 86!”:

2291 4975 2309 5006 ι
2349 4947 2577 5008 Karolus
2615 4953 2838 5008 dimisso
2887 4952 2998 5008 filio
3040 4967 3138 5007 suo
3170 4951 3409 5007 Ludoico
3467 4955 3578 5008 sub
3607 4947 3811 5006 Adalmll.

2280 5024 2622 5079 lrmintrudis
2679 5025 2879 5093 reginze
2934 5023 3224 5093 avunculi,
3280 5022 3646 5092 bajulatione,
3700 5039 3715 5070 ι
3749 5026 3810 5068 δι’·

2280 5095 2413 5150 ltem
2439 5095 2505 5149 ad
2532 5092 2865 5164 annunt’879
2902 5111 2914 5146 :
2951 5112 2970 5145 ι
3010 5092 3203 5147 Filium
3232 5100 3288 5146 et
3330 5095 3677 5162 tequivocum
3711 5098 3810 5164 satis
3877 5133 3879 5136 .

2282 5164 2614 5220 Ludovicum
2651 5163 2962 5232 bajulationi
3009 5164 3292 5226 Bernardi,
3324 5165 3561 5219 comitis
3607 5166 3811 5232 Avernis-

2283 5236 2591 5306 specialiter
2635 5229 2998 5290 committens.
3024 5253 3057 5306 3
3091 5233 3218 5306 Inde
3265 5234 3442 5306 tutela
3499 5245 3713 5290 vocatur
3749 5229 3815 5278 κέ·

2282 5304 2411 5377 lium
2443 5306 2496 5360 in
2549 5307 2684 5377 actis
2737 5321 2852 5360 mvo
2907 5307 2969 5359 D.
3022 5304 3278 5377 Ludovici
3329 5306 3479 5377 regis
3539 5306 3809 5377 Pramum?

2285 5376 2565 5432 confectis.
2608 5375 2700 5431 Sic
2731 5376 3002 5432 Ludovico
3035 5375 3126 5431 Pio
3167 5376 3345 5431 adhuc
3371 5376 3427 5430 in
3459 5377 3623 5430 cunis
3645 5375 3810 5440 vagiat:

2283 5447 2510 5503 Carolus
2555 5446 2780 5517 Magnus
2819 5448 3111 5517 praeposuit
3153 5446 3390 5517 bajulum
3433 5445 3814 5517 Arualdi:me

2286 5518 2474 5573 scribit
2523 5505 2883 5588 auctbrNiiaz
2928 5505 3230 5582 Ludovici:
3260 5515 3396 5572 Vide
3433 5587 3443 5588 ί
3474 5516 3742 5588 epistolam
3779 5505 3808 5556 ll
3877 5531 3879 5586 ε

2289 5589 2565 5644 Hincmari
2605 5589 2670 5642 ad
2708 5587 2962 5643 Carolum
2993 5589 3057 5643 ΙΙΙ
3080 5589 3235 5658 imp.,
3270 5603 3390 5657 cap.
3423 5587 3482 5652 ‘2,
3514 5587 3572 5652 6,
3593 5589 3644 5641 7.
3785 5648 3790 5653 η

2360 5660 2508 5714 Hanc
2551 5659 3158 5738 cpistolarn___Baronius
3209 5659 3415 5714 sentire
3469 5661 3682 5714 videtur
3724 5663 3810 5704 κη’

2289 5740 2434 5804 ptam
2465 5746 2585 5788 esse
2614 5746 2755 5794 anno
2784 5729 2908 5788 850.
