3902 6300
37 311 144 371 529

41 518 370 590 partiamur,
416 524 471 572 et
500 516 776 575 meliorem
824 536 1066 579 amorem
1110 525 1348 582 alienent
1387 543 1417 582 a
1448 528 1622 586 vobis.

41 607 351 663 imitatione
386 605 483 661 Dei
511 606 675 664 nolite
704 620 730 650 ι
760 610 1116 680 personaliter
1133 612 1415 682 judicare;
1445 618 1539 674 sed
1570 619 1622 674 in

39 698 232 753 eadem
270 711 438 753 causa
474 696 646 765 dives,
678 700 967 758 mediocris
996 711 1052 759 et
1092 719 1330 777 pauper,
1373 709 1624 766 eumdem

39 808 127 848 vos
156 792 437 858 sentiant;
477 799 539 846 ut
563 791 634 848 sit
658 792 800 862 quod
829 801 1075 864 potentes
1123 802 1342 865 terreat,
1378 807 1433 855 et
1479 800 1632 874 quod

37 885 278 941 muleeat
299 900 405 940 non
429 883 762 940 resistentes.
793 885 937 941 Bene
971 887 1139 943 semel
1167 898 1318 960 gesta
1345 907 1621 962 nunquam

32 976 139 1033 nisi
164 977 220 1033 in
241 974 436 1033 melius
466 975 904 1042 immutaveritis,
921 985 982 1033 ut
1003 980 1163 1035 Iidem
1191 990 1427 1038 vestram
1453 991 1619 1055 atque

23 1068 404 1125 constantiam
459 1068 639 1125 cuncti
706 1070 995 1128 mirentur.
1053 1071 1246 1145 Fugite
1301 1075 1621 1144 levitatem,

23 1172 247 1215 lio-rum
271 1157 641 1214 maturitatem
662 1161 1139 1232 apprehendite,nt
1171 1173 1350 1220 vestra
1378 1167 1623 1238 probitas

23 1251 247 1307 :unctis
290 1250 464 1321 possit
510 1251 770 1322 prodesse
811 1253 1095 1323 subjectis.
1133 1253 1310 1311 Vitate
1353 1257 1619 1317 malorum

21 1345 376 1409 societatem,
412 1343 690 1415 quoniam,
718 1351 778 1398 ut
802 1345 1063 1415 scriptum
1097 1348 1357 1414 recolitis,
1382 1338 1618 1407 corrum-

23 1441 162 1488 sunt
188 1442 360 1487 mores
407 1434 569 1488 bonos
607 1432 869 1505 colloquia
895 1434 1039 1491 mala
1089 1435 1141 1507 (1
1169 1437 1290 1493 Cor.
1339 1439 1452 1512 xv).
1482 1441 1620 1497 Λιιι-

21 1523 333 1592 alectimini
356 1523 620 1580 bonorum
650 1525 936 1598 collegium
956 1567 973 1595 ,
999 1529 1255 1613 quoniam
1292 1547 1411 1586 cum
1434 1543 1616 1588 sancto

23 1624 244 1669 :anetus
275 1614 404 1680 eris,
431 1623 481 1669 et
525 1632 644 1670 cum
669 1615 781 1670 viro
810 1616 1083 1674 innocente
1124 1620 1369 1675 innocens
1396 1621 1518 1677 eris.
1545 1620 1616 1677 Et

19 1721 152 1759 tum
196 1704 359 1760 electo
390 1704 580 1761 electus
625 1708 752 1774 eris,
779 1715 827 1762 et
867 1725 986 1764 cum
1026 1727 1265 1781 perverso
1306 1716 1615 1783 perverteris

1390 338 1395 341 ·
1498 321 1881 386 Εριετοιιε.

40 425 233 530 vulgus
281 420 540 495 appellat,
685 423 909 498 gloriam
946 435 1182 536 vestram
1237 432 1382 490 inter
1426 449 1485 491 se
1519 437 1622 536 ipsi
1652 444 1698 500 Α
1730 440 1931 498 milites
1955 452 2148 503 cuncta
2177 463 2343 522 opera
2374 463 2556 512 vestra
2582 466 2849 528 vennstet,
2877 465 3006 536 quia

2850 294 2977 316 μεθ’

3193 356 3304 422 530

3037 469 3302 543 scriptum

1724 541 1849 637 est:
1881 535 2021 602 Quid
2057 543 2286 610 superbit
2330 556 2471 603 terra
2511 559 2563 604 et
2610 553 2783 609 cinis?
2826 556 3021 629 (Eccli.
3067 535 3165 637 x.)-
3192 565 3300 621 Et:

1726 624 1937 719 Quanto
1974 645 2197 702 magnus
2221 651 2300 703 es,
2324 637 2548 696 humilia
2575 651 2626 698 te
2654 646 2709 699 in
2754 624 3014 719 omnibus,
3045 662 3094 708 et
3116 624 3301 711 'coram
3353 663 3359 668 ‘

1720 713 1833 771 Deo
1863 718 2088 818 invenies
2115 727 2342 794 gratiam
2370 728 2560 801 (Eccli.
2583 734 2704 806 ιιι),
2737 746 2794 794 et
2817 738 2933 810 ipse
2970 713 3304 818 Iiedemptor

1722 818 1908 902 noster
1949 814 2242 872 admonet:
2274 818 2472 878 Discite
2514 842 2547 879 a
2602 844 2684 882 me
2723 830 2848 902 quia
2886 832 3030 890 mitis
3081 814 3199 891 sunt
3251 847 3306 894 et

1720 900 1934 959 humilis
1958 906 2134 974 corde,
2161 917 2211 964 et
2233 910 2501 970 invenietis
2541 900 2770 990 requiem
2810 923 3091 981 animabus
3118 928 3303 985 vestris
3382 968 3393 987 .

1721 989 1943 1062 (Matth.
1974 994 2075 1090 x1).
2103 996 2476 1073 Eleemosynis
2520 1008 2752 1066 assiduis
2792 1010 2959 1068 Deum
2987 1015 3143 1073 vobis
3186 1017 3304 1090 pla-

1720 1093 1842 1180 cate
1870 1088 2165 1180 secundum
2196 1091 2325 1148 illud
2357 1113 2370 1149 :
2404 1095 2658 1155 Miserere
2693 1103 2886 1160 anima:
2929 1116 3036 1163 tute
3085 1088 3303 1180 placens

1717 1174 1830 1273 lico
1860 1177 2050 1251 (Eccli.
2095 1185 2252 1257 xxx),
2277 1188 2424 1257 quia,
2456 1198 2517 1246 ut
2543 1206 2711 1250 sacrae
2756 1197 3035 1255 continent
3057 1174 3300 1273 Litterae,

1717 1268 2042 1343 eleemosyna
2061 1291 2095 1328 a
2116 1286 2282 1332 morte
2300 1277 2502 1345 liberat,
2527 1294 2575 1338 et
2604 1302 2707 1340 non
2730 1277 2932 1356 patitur
2950 1293 3183 1349 animam
3219 1268 3300 1351 ire

1716 1360 1774 1415 in
1800 1365 2038 1459 tenebras
2062 1365 2213 1438 (Tob.
2238 1372 2333 1444 iv).
2354 1372 2607 1431 Salvator
2624 1393 2841 1451 quoque
2862 1382 3005 1438 hanc
3030 1384 3105 1440 ita
3138 1386 3300 1459 109

1717 1457 2096 1513 commendat:
2130 1459 2265 1517 Date
2311 1461 2687 1536 eleemosynam
2713 1510 2729 1535 ,
2779 1479 2828 1525 et
2875 1474 3054 1527 omnia
3097 1457 3296 1531 munda

1715 1558 1836 1603 sunt
1864 1550 2002 1605 vobis
2048 1551 2197 1624 (Luc.
2230 1554 2670 1626 x1.)Glorilicatc
2721 1561 2890 1619 Deum
2919 1565 2974 1621 in
3019 1567 3295 1634 omnibus,

1715 1639 1842 1708 quia
1869 1640 1982 1711 ipsa
2008 1650 2234 1700 testatur
2259 1663 2273 1700 :
2299 1647 2404 1713 Qui
2422 1647 2681 1719 glori/ica!
2696 1669 2798 1720 me,
2814 1653 3119 1725 glorificabo
3141 1674 3295 1723 eum;

1714 1731 1806 1820 qui
1824 1743 1997 1788 autem
2023 1745 2356 1793 contemnunt
2383 1757 2485 1805 me,
2513 1753 2665 1797 erunt
2692 1744 2940 1815 ignobiles
2963 1746 3016 1818 (Ι
3044 1746 3174 1819 Reg.
3206 1750 3293 1820 ιι).

19 1795 206 1867 ξΡειιι.
238 1795 393 1868 xvii).
437 1796 505 1852 Et
540 1797 680 1868 apud
717 1799 965 1857 eumdem
994 1816 1174 1873 regem
1200 1812 1254 1859 et
1294 1804 1608 1874 prophetam

1725 1795 1736 1801 -
2471 1795 2484 1805 ι
2522 1795 2525 1796 ν
2695 1795 2937 1815 ⁷ῡ·“⁷“”⁷*ν
2965 1795 3005 1818 ι-
3044 1795 3174 1819 ’·-ν;ι·
3206 1795 3293 1820 --ιν

1719 1818 1829 1878 Rex
1855 1823 2018 1879 etiam
2057 1834 2113 1882 et
2154 1829 2417 1900 propheta
2443 1833 2675 1889 eximius
2709 1835 2789 1889 sic
2819 1836 2921 1893 sibi
2951 1835 3119 1893 Deum
3149 1854 3293 1909 prae-

20 1888 394 1945 )ulcherrime
421 1887 619 1945 dicitur
651 1906 665 1944 :
697 1888 984 1947 Ambulans
1023 1894 1078 1948 in
1117 1895 1200 1948 via
1247 1895 1607 1965 immaculata,

19 1981 200 2052 [08
225 1981 311 2035 hic
340 1980 471 2035 mihi
495 1981 848 2037 ministrabat.
897 1982 1021 2039 Non
1067 1985 1319 2040 habitabit
1349 1987 1403 2042 in
1439 1987 1609 2044 medio

21 2074 215 2128 tomus
238 2089 370 2129 metu
389 2075 478 2145 qui
512 2074 638 2145 facit
664 2077 961 2147 superbiam
992 2091 1010 2132 :
1037 2079 1128 2150 qui
1157 2078 1389 2151 loquitur
1405 2082 1604 2154 iniqua,

21 2182 131 2221 ton
168 2166 365 2221 direxit
401 2167 458 2221 in
509 2179 786 2238 conspectu
842 2169 1115 2226 oculorum
1150 2188 1382 2229 meorum
1433 2174 1608 2247 (Psal.

23 2258 105 2331 ι).
160 2258 240 2316 Ne
289 2260 544 2316 inetuatis
581 2269 859 2331 potentes,
908 2280 1044 2335 quos
1100 2265 1202 2336 ipsi
1255 2266 1496 2335 fecistis,
1553 2277 1611 2325 et

22 2367 163 2424 [uos
205 2367 333 2408 cum
373 2352 538 2409 vultis
580 2365 875 2410 extenuare
922 2358 1166 2428 potestis.
1200 2358 1286 2414 Ne
1332 2361 1607 2430 conﬁdatis

26 2465 61 2502 ιι
91 2446 449 2518 principibus,
482 2447 536 2502 in
582 2448 707 2517 ﬁliis
747 2449 1039 2517 hominum,
1068 2451 1123 2506 in
1165 2452 1353 2524 quibus
1402 2470 1506 2510 non
1531 2463 1608 2510 est

23 2544 169 2597 mtas
208 2539 385 2614 (Psal.
413 2542 603 2613 cxcv);
632 2543 727 2598 sed
760 2543 1054 2600 transferte
1095 2559 1247 2616 spem
1273 2556 1509 2604 vestram
1538 2548 1609 2604 ad

23 2636 218 2701 Deum,
246 2636 341 2708 qui
362 2636 483 2705 fecit
528 2636 711 2691 caelum
730 2646 780 2692 et
802 2646 1018 2704 terram,
1038 2640 1129 2709 qui
1161 2641 1388 2695 custodit
1413 2642 1608 2697 verita-

25 2737 131 2781 tem
160 2728 217 2782 in
242 2726 519 2782 sreculum.
565 2726 847 2800 Concipite
880 2729 1164 2787 honestam
1209 2732 1517 2801 veritatem,
1548 2741 1608 2789 nt

25 2819 168 2888 ιυοά
201 2834 301 2875 vos
330 2834 441 2876 non
478 2820 633 2875 decet
668 2831 954 2893 pratstare,
988 2838 1150 2880 nemo
1174 2825 1412 2881 scienter
1439 2842 1470 2881 a
1513 2842 1608 2884 vo-

29 2912 104 2967 iis
148 2911 176 2951 ιι
203 2912 403 2967 audeat
433 2912 726 2983 postulare.
760 2914 1006 2987 Cogitate
1057 2916 1245 2984 multa,
1278 2933 1378 2974 nec
1410 2918 1607 2976 dicatis

29 3005 229 3070 smnia,
259 3004 388 3076 quia
412 3004 498 3060 vel
519 3004 676 3076 juxta
701 3006 940 3064 divinam
967 3007 1301 3080 Scripturam
1320 3012 1409 3082 qui
1434 3022 1608 3068 casto-

28 3096 102 3149 iit
121 3113 178 3151 os
198 3113 378 3163 suum,
391 3098 617 3154 custodit
639 3101 703 3154 ab
724 3102 979 3172 angustiis
1003 3102 1234 3157 animant
1255 3119 1406 3158 suam
1420 3102 1600 3176 (Prov.

25 3191 168 3259 Im),
194 3190 279 3248 vel
294 3188 486 3260 juxtac
506 3192 820 3249 saecularem
846 3192 1236 3251 litteraturam:
1254 3194 1407 3261 Quod
1432 3197 1606 3250 occul-

64 3296 144 3334 um
181 3281 325 3346 velis,
372 3281 567 3337 nemini
610 3282 826 3338 dixeris.
858 3283 1133 3350 Quomodo
1165 3302 1387 3359 namque
1414 3289 1608 3358 poteris

61 3370 106 3424 rb
130 3370 228 3426 alio
251 3372 456 3444 exigere
482 3371 748 3441 silentium
787 3375 926 3446 quod
954 3375 1049 3430 tibi
1076 3376 1185 3446 ipse
1222 3393 1327 3432 non
1363 3390 1604 3447 praestas.

51 3459 145 3514 Et:
170 3459 287 3516 Non
327 3472 494 3533 potest
539 3479 643 3520 vos;
671 3464 833 3520 missa
880 3466 1067 3521 reverti
1103 3466 1323 3538 (Horat.
1361 3469 1427 3525 de
1459 3471 1608 3538 Arte,

66 3567 102 3605 ι.
130 3552 245 3619 590,
272 3554 450 3625 quoad
503 3556 769 3629 sensum).
817 3554 1172 3613 Communem
1213 3559 1499 3617 utilitatem
1552 3568 1609 3618 et

61 3648 485 3716 )pportunitatem
536 3648 778 3705 omnium
814 3650 1194 3707 charissimam
1223 3653 1377 3710 vobis
1420 3669 1609 3711 omnes

65 3735 380 3815 ntelligant,
414 3722 477 3794 ut
507 3739 757 3795 certatim
806 3754 998 3796 omnes
1055 3741 1157 3797 sibi
1211 3758 1309 3798 vos
1353 3743 1609 3814 prmferre

53 3830 375 3887 :ontendant.
407 3830 629 3888 Divinas
665 3840 723 3889 et
748 3834 1014 3890 humanas
1047 3833 1194 3906 leges
1214 3874 1230 3902 ,
1256 3834 1433 3905 justas
1472 3837 1609 3892 dun-

37 3933 201 3991 taxat,
229 3938 385 3979 nemo
413 3925 624 3981 sinatur
660 3935 1032 3995 contemnere,
1058 3928 1183 3999 quia
1212 3929 1476 3985 malorum
1506 3931 1609 3986 im-

27 4015 258 4075 )unitas
275 4015 526 4071 vitiorum
554 4032 770 4087 semper
813 4020 1021 4089 peperit
1047 4020 1465 4078 incrementum.
1496 4021 1605 4079 Ηιις

90 4164 125 4193 ι
165 4148 517 4225 _Personalitei'
528 4151 792 4223 judicare.
819 4153 932 4225 Hoc
956 4163 1059 4221 est,
1091 4155 1145 4210 in
1182 4152 1401 4224 judiciis
1428 4154 1608 4225 feren-

20 4225 103 4292 ἥδ
166 4218 682 4298 imitamini_Deum_,
725 4224 862 4298 apud
893 4218 1055 4295 quem
1102 4218 1205 4281 non
1241 4235 1327 4283 est
1367 4218 1607 4298 acceptio

18 4289 406 4368 jersonlarum.
434 4289 595 4368 Jux_ta
626 4289 775 4348 illum
807 4289 969 4368 dives»
982 4304 1035 4351 et
1064 4311 1270 4368 pauper
1316 4313 1470 4368 aeque
1496 4289 1602 4355 tuti

17 4371 181 4420 ιιιιιι.
216 4358 308 4415 Sic
336 4376 500 4432 porro
535 4362 747 4419 locutus
784 4373 870 4420 est
903 4358 1083 4421 etiam'
1104 4358 1477 4433 Cassiodorus,
1507 4386 1604 4424 cu-

20 4446 228 4507 usuea
272 4441 393 4507 sunt
445 4433 609 4507 verba
642 4434 716 4507 ~in
775 4435 1003 4507 epistola
1041 4438 1075 4494 8
1103 4436 1225 4493 libri
1259 4453 1299 4492 ιι
1352 4457 1416 4492 τι
1472 4439 1604 4507 Quis

22 4503 231 4580 melius
261 4502 321 4555 ad
344 4504 616 4580 aequitatis
635 4505 767 4580 jura.
780 4502 1027 4580 diligitur
1050 4523 1210 4578 quam
1239 4508 1330 4580 qni
1353 4502 1603 4567 sacerdo-

17 4571 552 4648 ,io_¢_lecoratnr:i_qni
574 4571 1012 4648 amore'juslitite,
1026 4571 1380 4648 personaliter
1401 4581 1600 4637 neseiat

24 4643 304 4727 uiiicare,
320 4652 373 4724 et
390 4643 618 4727 diligens
635 4643 859 4702 cunctos
880 4647 934 4701 in
961 4643 1269 4715 commune,
1290 4649 1467 4706 locum
1493 4668 1601 4708 non

17 4716 313 4783 relinquat
337 4712 571 4770 invidias.
611 4734 627 4767 ι
718 4750 728 4760 .

106 4788 145 4827 b
177 4782 399 4858 _Audeai
447 4785 732 4855 postulare.
775 4784 958 4858 Lupus
1006 4788 1059 4843 in
1107 4790 1483 4847 exhortatione
1532 4792 1600 4849 ad

17 4853 287 4930 Zarolum
308 4851 523 4909 Calvum
548 4857 600 4911 in
632 4871 753 4927 cap.
785 4851 1065 4930 l2'synodi
1088 4859 1379 4930 Vernensis
1406 4880 1418 4915 :
1446 4881 1468 4915 ι
1494 4863 1603 4919 Nec

17 4948 38 4987 ι
79 4939 146 4983 ιε
176 4923 669 4998 quisquampetere
696 4923 1061 4998 audeat'quod
1084 4928 1420 4997 majestatem
1450 4942 1597 4988 tuam

18 5005 294 5057 "uastare
323 5009 426 5049 non
453 4996 658 5053 deceat.
690 5017 708 5050 ι
938 4996 951 4998 “
980 5018 981 5023 η

92 5081 122 5109 c
159 5063 353 5142 siccat.
394 5065 714 5142 iitter._l_l_lud
736 5070 1356 5142 esteonstantissimum,
1383 5087 1603 5142 persna-

21 5154 156 5202 mm
188 5134 766 5212 fuisse_Lupo‘librum
795 5138 945 5193 illum
986 5138 1071 5212 de»
1096 5134 1354 5205 moribus,
1383 5134 1604 5212 'qui,Se-

21 5222 187 5271 necat
216 5204 492 5281 tribuitur;
538 5206 756 5263 Senecae
782 5223 952 5281 esse.“
975 5208 1183 5281 Quippe
1233 5204 1600 5269 testiinonium

25 5290 271 5351 tequens
317 5275 499 5351 laudat
540 5278 890 5351 essazcuiari
921 5275 1256 5347 litteratura,
1303 5282 1355 5337 id
1382 5293 1486 5346 est,
1532 5298 1602 5339 ex

28 5344 263 5422 iufstore
289 5361 393 5422 non
426 5344 755 5404 Christiano.
782 5348 1047 5422 Deinceps
1073 5366 1203 5422 ergo
1243 5344 1491 5422 superest
1519 5353 1604 5408 in-

31 5417 407 5500 iestigandum
427 5431 496 5500 an
522 5434 584 5500 re
603 5432 732 5500 vera
767 5417 1103 5500 sii.Sen_éca:,
1132 5417 1201 5500 in
1232 5417 1358 5478 vero
1386 5422 1602 5500 ξεινιξηί

35 5487 377 5564 Dnmiensis,
408 5495 469 5542 ut
496 5488 698 5564 placuit
745 5489 1088 5561 quibusdam.
1135 5490 1247 5564 Ego
1277 5493 1603 5564 crediderim

40 5556 285 5632 )riusAab
321 5556 539 5632 Seneca
572 5556 853 5632 scriptum,
899 5570 1086 5632 postea
1115 5556 1247 5619 vero
1289 5578 1320 5618 a
1373 5563 1605 5622 Martino

46 5628 363 5702 lescriptuin
381 5628 862 5702 et_abbreviatum;
900 5628 1003 5702 qua
1030 5641 1146 5688 arte
1163 5633 1361 5689 librum
1384 5633 1605 5693 Seneca:

45 5716 193 5775 suum
216 5696 383 5775 iecit.
415 5699 574 5775 Certe
608 5696 894 5775 sequentes
917 5696 1248 5775 'sententise,
1293 5721 1413 5775 qua:
1458 5706 1603 5762 haud

47 5769 201 5829 lubie
232 5768 518 5827 laudantur
561 5768 720 5829 isthic
746 5788 814 5830 ex
843 5773 933 5830 illo
967 5774 1127 5841 libro,
1166 5775 1287 5832 aliis
1311 5768 1516 5842 verbis,
1547 5786 1603 5833 et

1712 1915 1905 1986 ponit:
1939 1913 2063 1971 Non
2107 1919 2278 1985 nobis,
2327 1920 2578 1989 Domine,
2630 1941 2733 1979 non
2771 1926 2938 1993 nobis,
2968 1927 3058 1982 sed
3094 1930 3293 1984 nomini

1708 2015 1798 2061 tuo
1816 2006 1885 2061 da
1919 2006 2139 2078 gloriam
2169 2009 2341 2081 (Psal.
2363 2014 2537 2082 cxm).
2569 2012 2695 2070 [hec
2723 2019 2963 2073 studiose
2981 2019 3292 2074 custodien-

1709 2104 1815 2164 tes,
1838 2097 1964 2155 “Deo
2004 2107 2059 2154 et
2107 2100 2265 2157 bonis
2313 2102 2615 2175 quibusque
2656 2105 2970 2177 placebitis;
3021 2109 3287 2172 rebelles.

1707 2186 1853 2258 Deo,
1886 2197 1945 2244 ut
1971 2188 2244 2247 credimus
2284 2208 2383 2264 pro
2404 2196 2558 2251 vobis
2592 2209 2888 2270 pugnante,
2919 2201 3291 2271 comprimetis

1708 2287 1871 2349 atque
1897 2280 2148 2349 vincetis,
2177 2290 2232 2337 et
2261 2294 2383 2354 post
2424 2302 2648 2358 regnum
2681 2290 2976 2361 temporale
3003 2300 3167 2362 atque
3212 2291 3292 2382 lag

1705 2372 1981 2430 boriosnm
2012 2379 2416 2450 consequemini
2459 2383 2847 2455 sempiternum
2876 2393 2933 2441 et
2970 2399 3097 2441 vere
3143 2372 3290 2455 qniel

1712 2475 1845 2525 tum.

2227 2564 2564 2625 EPISTOLA
2598 2568 2740 2624 LXV

2078 2671 2374 2713 FRATRIBUS
2411 2674 2599 2721 QUlBUS
2634 2675 2918 2717 PRrEERAT.

1779 2766 1999 2825 Dilectis
2053 2769 2309 2829 fratribus
2366 2772 2479 2829 suis
2539 2773 2719 2846 Lupus
2755 2774 2924 2831 abbas
2974 2775 3030 2832 in
3060 2776 3288 2834 Domino

1707 2857 1962 2915 salutem.

1778 2952 2066 3025 Flagrante
2112 2957 2403 3028 cupiditate
2448 2959 2632 3015 hostes
2669 2960 2837 3017 nostri
2865 2960 3033 3018 multa
3067 2961 3287 3033 quidem

1708 3046 1884 3100 conati
1915 3056 2041 3101 sunt
2064 3089 2080 3111 ,
2112 3049 2205 3104 sed
2250 3057 2562 3121 protegente
2591 3066 2689 3106 nos
2716 3050 2944 3108 Domino
2971 3053 3287 3125 meritisque

1632 3170 1678 3235 c
1708 3145 2018 3192 sanctorum
2069 3153 2163 3209 spe
2205 3154 2301 3195 sua
2352 3140 2544 3212 dejecti
2586 3151 2731 3206 sunt,
2773 3143 3081 3235 eodemque
3105 3145 3287 3216 opitu-

1632 3227 1872 3298 Llante,
1894 3244 2166 3300 nunquam
2193 3239 2436 3301 optatum
2462 3233 2561 3288 sibi
2585 3243 2988 3304 consequentur
3008 3233 3283 3292 eﬂ'ectum.

1710 3317 1861 3386 Quod
1896 3320 2050 3376 vobis
2088 3320 2364 3377 declarare
2392 3322 2591 3389 studui,
2629 3333 2688 3379 ut
2713 3324 2823 3380 Deo
2845 3333 2901 3381 et
2929 3324 3133 3381 sanctis
3166 3324 3286 3395 ejus

1712 3409 1883 3498 digna:
1912 3412 2100 3484 gratiae
2127 3412 2454 3480 referantur,
2481 3424 2538 3472 et
2564 3424 2779 3487 recepta
2810 3417 3103 3476 securitate
3128 3431 3286 3473 men~

1710 3510 1793 3558 tes
1820 3511 2013 3560 vestrae
2039 3504 2238 3575 quietis
2275 3505 2448 3576 gratia
2486 3505 2855 3577 perfruantur.

2212 3637 2545 3695 EPISTULA
2583 3637 2767 3715 vat.

2052 3729 2080 3771 ἀ
2118 3747 2186 3787 ιιι)
2223 3744 2586 3787 neotnsntnuu
2622 3742 2936 3788 EPISCOPUI.

1778 3842 2235 3901 Reverentissimo
2264 3844 2492 3915 praesuli,
2527 3844 2839 3916 Reginfrido
2872 3844 3056 3918 Lupus
3088 3845 3146 3904 in
3181 3844 3288 3903 Do.

1626 3980 1637 3989 .
1708 3936 1858 3991 mino
1880 3935 2127 3992 salutem.

1779 4024 2127 4082 Profecturus
2159 4024 2408 4093 Romam,
2440 4026 2725 4081 transitum
2778 4026 2937 4084 nobis
2974 4025 3093 4085 fore
3139 4027 3284 4085 haud

1708 4158 1923 4232 quidem
1976 4157 2417 4232 elegantioribns,
2465 4158 2818 4232 proferuntur
2845 4177 2875 4216 a
2928 4159 3081 4232 Lupo
3118 4175 3284 4232 quam

1707 4229 2011 4303 habeantur
2052 4229 2191 4300 apud
2223 4229 2508 4303 Ma‘rtinum
2540 4229 2906 4303 Durniensem,
2934 4229 3073 4301 apud
3119 4229 3282 4303 quem

1708 4300 1787 4356 sic
1815 4300 2072 4371 scriptum
2124 4308 2207 4354 est
2237 4318 2250 4354 :
2279 4300 2431 4366 Quod
2482 4302 2700 4355 tacitum
2746 4318 2857 4357 esse
2897 4300 3039 4366 velis,
3089 4300 3283 4358 nemini

1706 4369 1939 4443 dixeris!
1981 4369 2037 4425 Si
2088 4371 2178 4424 tibi
2208 4388 2328 4443 non
2378 4371 2687 4443 imperasti,
2748 4373 3009 4443 quomodo
3061 4373 3131 4443 ab
3176 4374 3283 4434 alio

1708 4442 1971 4513 silentium
1998 4442 2218 4513 speras?
2243 4441 2432 4513 Itaque
2457 4440 2815 4513 fragmentum
2869 4443 3089 4499 Seneca:
3118 4441 3281 4501 habe-

1631 4530 1683 4593 ι)
1710 4528 1830 4593 mtis
1947 4511 2214 4593 itac‘lfupi
2242 4511 2492 4593 cpistola.

1779 4581 1807 4621 (ι
1838 4580 2205 4654 Reginfridum'
2226 4583 2541 4654 episcopum.
2569 4582 2873 4654 Cujusnam
2892 4580 3036 4654 sedis
3075 4581 3276 4653 episco-

1708 4668 1809 4723 pus
1840 4651 2001 4706 l'uerit
2041 4668 2147 4705 non
2188 4651 2372 4722 liquet.
2402 4652 2584 4723 Neque
2608 4651 2752 4708 enim
2787 4653 2919 4708 mihi
2940 4651 3281 4777 placeiqt‘tod

1708 4723 1968 4777 adnatant
1995 4720 2418 4778 Samnnarthani.
2451 4738 2573 4777 eum
2603 4724 2858 4778 nimirum
2899 4738 3019 4778 esse
3040 4737 3132 4778 aut
3208 4724 3275 4778 el.

1708 4733 1968 4777 adnatant
1995 4733 2418 4788 Sammarthatlt,
2451 4738 2573 4777 cum
2603 4733 2858 4778 nimirum
2899 4738 3019 4778 esse
3040 4733 3132 4793 qui
3155 4733 3275 4778 Met.

1709 4793 1889 4875 detisis
1915 4793 2201 4875 episfoptis
2231 4792 2349 4858 fuit,
2375 4794 2685 4875 sy‘nodoque
2709 4793 3098 4875 Pontigonensi
3115 4793 3278 4848 inte:-

1709 4861 1807 4917 fuit
1832 4861 1973 4917 atino
1995 4861 2126 4933 876.!
2152 4861 2286 4918 Nam
2318 4861 2500 4919 multis
2521 4861 2646 4918 ante
2664 4863 2820 4919 annis
2839 4861 3050 4933 obierat
3076 4862 3280 4933 Lupus.

1748 4949 1869 4989 nam
1910 4931 2477 5009 Διὶιιεςιξιιῄἰόιιδ,ίξιζιθιξι
2507 4933 2809 5009 _episcopus
2850 4931 3283 5009 MeldensisiAEt
3358 4933 3371 5005 ξ

1727 5002 1955 5059 brtassis
1991 5002 2089 5057 iste
2117 5002 2460 5073 Reginiridns
2503 5002 2675 5057 fuerat
2710 5002 2871 5058 antea
2909 5002 3154 5059 notarius
3179 5002 3288 5060 Ca-

1706 5073 1804 5128 roli
1856 5074 2002 5155 Calvi
2052 5071 2240 5155 regis;
2269 5071 2403 5126 Nam
2444 5074 2497 5155 in
2536 5074 2821 5155 praeceptis
2847 5073 3281 5155 ibitis-temporis

1705 5145 1918 5215 reperio
1961 5142 2335 5215 Raginfiidum
2376 5142 2645 5215 notarium
2671 5142 3057 5215 subscripsisse
3093 5142 3162 5199 ad
3199 5146 3281 5200 vi.

1703 5212 1821 5285 cem
1844 5212 2125 5285 Ludovici.
2157 5212 2241 5285 De
2261 5212 2762 5285 Pontigoneiporro,
2786 5212 3048 5285 (quoniam
3068 5215 3287 5278 occasio

1703 5281 2297 5356 tulit,_aiferam_verba
2334 5280 2533 5356 Caroli
2557 5280 2849 5356 Simplicis,
2871 5299 2991 5356 quae
3028 5285 3176 5356 litem
3212 5288 3288 5345 de

1702 5354 1810 5409 situ
1855 5352 1997 5410 illius
2024 5353 2128 5427 ioci
2158 5352 2439 5427 dirimunt.
2475 5352 2571 5427 _Sic
2594 5352 2773 5427 autem
2805 5352 3042 5427 loq'uiiur
3062 5355 3117 5412 in
3145 5371 3286 5427 prae~

1707 5433 1865 5495 cepto
1888 5439 1996 5495 quo
2019 5423 2197 5504 dotem
2235 5423 2517 5506 constituit
2553 5422 2769 5497 conjngi
2794 5422 2906 5509 sua:
2942 5422 3235 5508 Frideri'nae
3261 5438 3280 5480 :

1711 5491 2077 5569 Eoptigoneni,
2099 5508 2227 5569 quin
2245 5503 2403 5548 etiam
2421 5510 2478 5569 in
2499 5512 2633 5569 pago
2650 5495 2887 5552 Pertenst
2910 5513 3066 5569 super
3090 5498 3283 5569 ﬂuvios

1711 5512 2077 5566 routtgonem,
2099 5512 2227 5563 quin
2245 5512 2403 5548 etiam
2423 5512 2478 5548 tn
2499 5512 2633 5565 pago
2650 5512 2887 5552 rerum:
2910 5513 3066 5569 super
3090 5512 3283 5567 [mutos

1704 5563 1913 5621 Saltum
1946 5576 1993 5619 et
2030 5563 2383 5618 Brustionem.
2421 5563 2739 5622 Nominatur
2764 5575 2949 5623 autem
2981 5564 3124 5623 Pons
3163 5565 3285 5621 Ηιέη

1739 5635 1853 5689 onis
1894 5634 1948 5689 in
1985 5634 2286 5704 Annalibus
2327 5636 2725 5694 Anianensibue
2748 5677 2766 5704 ,
2794 5638 2928 5696 vitio
2953 5635 3094 5694 haud
3120 5637 3287 5693 dubie

1727 5705 2074 5763 ibrariorum.
2102 5703 2237 5761 Vide
2263 5705 2356 5762 lib.
2385 5720 2439 5763 tv
2463 5708 2530 5764 de
2559 5706 2638 5764 Re
2666 5703 2912 5778 diplom.,
2943 5722 3068 5780 pag.
3090 5708 3215 5764 5H.

3256 5828 3309 5877 ψ
