4034 6298
207 394 321 480 55τὲ

1640 401 2020 461 EPISTOLA‘J.

3365 392 3478 448 εει.

208 550 335 593 cum
366 529 568 588 nostris
595 525 830 586 conferri
858 525 1073 590 faciam,
1098 531 1153 578 ut
1179 536 1247 577 ex
1262 521 1530 589 utrisque,
1554 518 1597 572 si
1620 517 1790 588 possit
1816 523 1870 584 Α
1892 518 2191 570 memorata
2213 509 2346 566 cella
2383 507 2606 579 implere
2642 506 2812 562 coacti
2852 505 3001 561 estis.
3040 504 3210 573 Quam
3241 503 3309 560 ob
3341 517 3470 557 cau-

208 624 331 682 lieri
361 666 375 690 ,
411 623 614 679 veritas
663 618 1003 689 exculpatnr.
1053 616 1133 671 Tu
1186 602 1365 668 autem
1411 610 1538 666 huic
1605 615 1796 665 nostro

207 717 426 776 cursori
467 714 702 771 Tullium
734 714 788 769 in
816 712 983 769 Arato
1012 708 1184 773 trade,
1214 714 1276 762 ut
1304 721 1371 762 ex
1414 719 1485 761 eo
1516 718 1677 775 quem
1708 714 1797 756 me
1829 758 1843 771 ι

207 811 628 881 impetraturum
683 808 845 864 credo
900 819 1020 876 quae
1072 803 1263 883 deesse
1314 798 1389 855 illi
1450 796 1796 888 Egilmoster

209 902 431 974 aperuit
455 900 827 972 suppleantur.
855 897 1001 954 Bene
1030 895 1169 960 vale,
1218 901 1273 949 et
1307 892 1413 947 tuis
1452 904 1539 945 me
1581 901 1796 958 semper

208 991 553 1079 orationibus
582 1000 819 1066 protege.

702 1148 713 1155 .
742 1101 1077 1159 EPISTOLA
1113 1099 1277 1156 LXX.

757 1211 826 1250 an
864 1208 1264 1249 MARCWARDUM.
1338 1262 1341 1267 ί

262 1280 797 1351 _Desiderantis‘simo
831 1297 886 1342 et
942 1282 1251 1358 integritate
1297 1282 1418 1336 vitae
1468 1280 1661 1335 merito
1706 1290 1799 1334 su-

212 1382 496 1455 spiciendo
546 1378 884 1436 Marcwardo
912 1368 1093 1433 abbati
1129 1370 1311 1447 Lupus
1352 1376 1667 1444 perpetuam
1712 1383 1801 1425 sa-

210 1475 404 1532 lutem.
926 1490 929 1491 '
1418 1542 1421 1545 Α
1488 1538 1491 1545 _

286 1566 488 1638 Dignas
520 1563 676 1620 vobis
700 1561 996 1635 rependere
1014 1552 1225 1633 gratias
1264 1573 1371 1612 non
1407 1542 1668 1638 valemus,
1706 1548 1803 1609 scd

210 1670 327 1711 non
364 1636 576 1711 idcirco
607 1652 692 1710 vel
719 1651 903 1708 verbis
947 1646 1000 1706 id
1038 1644 1247 1705 tentare
1276 1644 1381 1723 non
1408 1636 1683 1701 debemus.
1718 1641 1804 1698 sr—

212 1749 438 1820 quidem
456 1748 599 1803 inter
613 1747 717 1803 alia
738 1761 857 1818 qua:
883 1744 1039 1800 nobis
1062 1742 1173 1815 jam
1204 1738 1433 1814 plurima
1453 1736 1800 1819 praestitistis,

213 1839 638 1911 linguzevestrae
665 1854 864 1910 pueros
887 1844 1101 1892 nostros
1132 1833 1337 1891 fecistis
1368 1828 1682 1911 participes,
1711 1844 1804 1883 cu-

207 1910 317 2001 jus,
334 1910 493 2003 usum
536 1931 641 1988 hoc
688 1939 931 1999 tempore
974 1910 1644 1998 pernecessarium'nemo
1697 1918 1803 1974 nisi

214 2023 385 2079 nimis
413 2024 600 2079 tardus
629 2022 862 2093 ignorat.
895 2020 1083 2091 Itaque
1124 2036 1229 2073 nun
1273 2016 1392 2072 istis
1431 2025 1639 2088 gratam
1688 2028 1803 2068 rem

214 2115 396 2171 solum
426 2157 441 2183 ,
503 2131 690 2172 verum
739 2115 913 2171 etiam
961 2111 1309 2169 utilissimam
1352 2109 1509 2165 nobis
1554 2106 1806 2163 omnibus

217 2209 383 2282 113
413 2208 736 2266 contulistis.
770 2203 1191 2262 Dilectissimum
1240 2203 1464 2258 fratrem
1496 2197 1721 2271 Eigilem
1752 2203 1808 2251 et

215 2312 449 2360 caeteros
477 2319 532 2358 IV
560 2302 697 2358 Non.
744 2298 1083 2373 Septembris
1122 2299 1280 2355 laetus
1332 2292 1539 2369 excepi.
1591 2294 1699 2351 Sed
1745 2301 1808 2349 ut

216 2413 523 2471 congruum
563 2396 832 2470 curationi
870 2407 1082 2467 tempus
1111 2382 1507 2464 impenderent,
1530 2390 1680 2463 justo
1718 2404 1808 2446 ce-

216 2490 388 2546 lerius
415 2489 737 2554 dimisimus,
756 2502 818 2544 ea
832 2487 1141 2543 conditione
1152 2486 1448 2542 obstrictos
1472 2491 1530 2539 ut
1556 2496 1656 2553 per
1682 2496 1797 2544 nos,

217 2581 352 2641 dum
376 2582 654 2648 redierint,
677 2581 1115 2654 proficiscantur.
1136 2579 1336 2634 Sumus
1357 2578 1499 2633 enim
1526 2576 1593 2630 de
1620 2588 1807 2630 eorum

220 2675 463 2731 sanitate
490 2681 546 2729 et
580 2674 817 2744 ipsorum
845 2681 899 2729 et
927 2673 1097 2728 vestri
1122 2685 1283 2726 causa
1322 2671 1674 2724 vehementer
1702 2664 1809 2721 sol-

217 2766 374 2825 liciti.
429 2766 697 2823 Cteterum
744 2768 890 2821 hunc
926 2765 1192 2820 novitium
1228 2777 1508 2819 cursorem
1559 2767 1809 2815 nostrum

216 2859 421 2916 vestrae
449 2860 722 2915 sanctitati
752 2858 1218 2922 commendamus,
1247 2855 1395 2910 omni
1446 2865 1644 2925 genere
1679 2864 1810 2905 con-

219 2953 550 3010 Versationis
579 2951 898 3023 professioni
926 2964 1036 3004 suae
1058 2947 1469 3019 respondentem
1499 2985 1516 3011 ,
1538 2942 1643 2999 nisi
1665 2939 1811 3012 quod

220 3045 425 3110 adhuc,
458 3043 621 3099 credo
649 3050 871 3111 propter
894 3041 1116 3094 timores
1157 3047 1472 3100 nocturnos,
1520 3033 1668 3090 solus
1716 3046 1810 3086 cu-

219 3137 355 3191 bare
381 3149 488 3190 non
517 3141 715 3205 potest.
749 3132 889 3202 Opto
922 3146 1017 3187 vos
1045 3128 1226 3184 valere
1271 3126 1502 3183 feliciter
1525 3166 1541 3192 ,
1592 3121 1810 3194 meique

219 3222 441 3296 semper
462 3233 690 3307 paterno
719 3223 914 3280 affectu
946 3222 1277 3277 meminisse.

740 3334 1072 3391 EPlSTOLA
1112 3332 1300 3389 LXXI.

261 3444 331 3483 AD
370 3442 548 3484 ιιι-εδει
582 3441 850 3490 οΛιιοιυΜ,
877 3441 1014 3481 ANTE
1054 3436 1535 3480 RECUPERATIONEI
1568 3435 1773 3476 (ιιιιιηι.

294 3517 802 3574 Ρτωοθιιθιιιίεείιηθ
838 3515 1056 3570 domine
1096 3515 1169 3569 mi
1215 3528 1341 3580 rex,
1375 3511 1656 3567 humiliter
1681 3525 1811 3581 sup-

225 3609 369 3680 plico
392 3616 453 3667 ut
477 3606 877 3679 suggestionem
906 3607 979 3661 tui
1011 3603 1341 3662 devotissimi
1359 3601 1545 3659 famuli
1572 3599 1814 3674 digneris

224 3701 524 3772 prudenter
551 3713 878 3772 c0gnoscere
908 3707 962 3753 et
1004 3697 1302 3752 clementer
1357 3703 1614 3751 tractare.
1663 3691 1813 3747 Reli-

222 3781 567 3866 giosissimus
593 3793 891 3864 imperator
915 3791 1240 3854 Ludovicus,
1291 3798 1485 3847 vestrae
1514 3785 1814 3843 nobilitatis

224 3893 440 3951 auctor,
462 3885 529 3940 ad
553 3884 866 3955 petitionem
893 3883 1295 3955 gloriosissimm
1324 3879 1598 3935 memoriae
1626 3876 1813 3933 Judith

223 3980 484 4046 Augusta:
514 3976 943 4032 matrisn'estra:
989 3974 1183 4051 cellam
1227 3971 1399 4029 sancti
1447 3970 1636 4027 Iud0ci
1693 3982 1812 4024 mo-

225 4066 821 4123 nasterioFerrariensi
846 4066 1093 4129 contulit,
1119 4074 1175 4120 et
1199 4080 1355 4120 suum
1383 4063 1582 4118 donum
1613 4074 1638 4103 α
1677 4076 1816 4131 pm:-

171 4226 177 4231 ξ
225 4167 387 4233 cepto
427 4150 694 4223 firmavit;
724 4165 780 4211 ut
805 4164 859 4211 et
888 4155 1140 4211 monachi
1172 4154 1375 4224 absque
1405 4153 1584 4224 inopia
1613 4151 1668 4206 in
1700 4166 1816 4206 mo-

227 4249 471 4313 nasterio
498 4247 609 4305 Deo
636 4248 925 4315 servirent,
966 4255 1019 4303 et
1051 4247 1102 4303 in
1137 4246 1362 4317 praefata
1405 4242 1540 4300 cella
1576 4243 1817 4315 hospita-

228 4344 439 4399 litatem
461 4344 615 4414 juxta
643 4343 739 4399 Dei
772 4343 1019 4399 timorem
1065 4340 1365 4414 peregrinis
1394 4339 1768 4410 impenderent
1795 4378 1813 4405 ,

224 4438 396 4506 atque
437 4449 535 4508 pro
578 4436 862 4507 utriusque
904 4436 1077 4491 salute
1124 4443 1179 4492 et
1225 4434 1583 4506 prosperitate
1635 4432 1818 4489 Domi-

228 4545 363 4587 num
391 4526 421 4568 b
448 4526 840 4584 delectabiliter
865 4536 1173 4584 exorarent.
1191 4527 1392 4583 Eorum
1414 4524 1816 4597 eleemosynam

1900 621 2016 662 sam
2060 619 2203 660 nunc
2255 602 2348 657 Dei
2396 600 2560 667 servi,
2608 598 2699 669 qui
2727 596 3005 668 provobis
3030 595 3243 651 assidue
3270 603 3469 658 orant,

1898 698 2003 754 hoc
2036 694 2268 751 triennio
2295 700 2552 749 consueta
2594 690 2915 749 vestimenta
2954 704 3062 745 non
3098 685 3388 756 accipiunt,
3421 691 3475 739 et

1898 807 2020 864 quae
2053 791 2197 847 ferre
2236 788 2653 859 compelluntur,
2686 785 2872 841 attrita
2898 792 2955 839 et
2982 782 3237 853 pleraque
3264 788 3474 835 resarta

1899 893 2029 943 sunt
2052 923 2067 950 ,
2124 881 2486 953 leguminibus
2525 877 2789 950 emptitiis
2824 883 3215 938 sustentantur,
3244 871 3475 941 piscium

1900 985 1957 1033 et
1980 975 2124 1033 casei
2155 971 2579 1031 consolationem
2624 968 2902 1045 rarissime
2943 972 3371 1035 consequuntur,
3400 959 3480 1019 fa-

1903 1070 2034 1127 muli
2082 1067 2262 1125 debita
2311 1066 2625 1122 indumenta
2666 1078 2775 1118 non
2815 1059 3083 1131 accipiunt
3116 1076 3127 1113 :
3156 1073 3273 1129 qua:
3300 1055 3483 1110 omnia

1901 1163 2058 1218 nobis
2095 1176 2162 1216 ex
2198 1157 2452 1230 praedicta
2490 1156 2625 1212 cella
2670 1154 3134 1213 ministrabantur,
3170 1152 3225 1206 in
3269 1166 3374 1221 qua
3402 1149 3478 1204 in-

1903 1259 2207 1314 termissam
2241 1246 2730 1310 transnfarinorum
2759 1264 2948 1307 curam
2973 1248 3313 1316 aliorumque
3354 1258 3486 1312 pau-

1903 1364 2092 1420 perum
2147 1355 2202 1402 et
2257 1344 2556 1415 neglectam
2613 1341 2697 1397 sui
2746 1339 3014 1395 culturam
3072 1336 3276 1391 utinam
3329 1332 3483 1387 vobis

1904 1439 2046 1494 Deus
2071 1440 2178 1493 non
2212 1437 2457 1506 imputet.
2492 1432 2605 1497 Me,
2636 1440 2838 1501 praeter
2866 1443 3204 1485 communem
3248 1425 3487 1480 necessi-

1906 1539 2075 1585 tatem
2116 1540 2174 1584 et
2211 1526 2539 1599 singularem
2584 1523 2827 1579 laborem
2861 1559 2877 1587 ,
2929 1518 3283 1591 gravissimus
3319 1516 3490 1584 pudor

1906 1630 2119 1687 onerat,
2147 1621 2274 1692 quia
2306 1620 2356 1676 id
2384 1619 2526 1690 quod
2552 1619 2644 1674 alii
2674 1619 2899 1675 abbates
2922 1617 2988 1672 ad
3020 1614 3370 1670 stabilitatem
3401 1626 3513 1707 re:

1907 1714 2125 1786 ligionis
2159 1712 2524 1767 munificentia
2560 1709 2825 1781 imperiali
2871 1708 3146 1765 consecuti
3186 1714 3339 1772 sunt,
3388 1719 3488 1777 ego

1906 1808 2063 1880 quasi
2103 1806 2341 1862 omnium
2366 1805 2667 1861 vilissimus
2688 1814 2743 1860 et
2768 1803 3149 1865 inutilissimus
3173 1800 3349 1855 amisi.
3386 1798 3491 1853 Ta-

1908 1914 2031 1957 men
2079 1914 2227 1970 spem
2277 1913 2471 1970 gerens
2522 1897 2875 1968 recuperandi
2918 1913 3039 1952 meo
3079 1895 3301 1952 servitio
3347 1894 3492 1964 quod

1910 1992 2054 2047 trulla
2104 1992 2158 2046 in
2212 2007 2308 2047 vos
2361 1991 2514 2060 culpa
2547 2031 2562 2054 ,
2620 1999 2680 2044 ut
2716 1990 2859 2045 Deus
2907 1990 3059 2044 testis
3102 1999 3215 2052 est,
3261 1988 3492 2057 perdidi,

1910 2085 2144 2140 maxime
2184 2098 2305 2139 cum
2356 2092 2593 2138 vestram
2644 2082 3056 2152 promissionem
3096 2080 3221 2135 inde
3249 2091 3492 2141 teneam,

1909 2184 2072 2248 quam
2100 2175 2287 2231 fallere
2309 2174 2459 2230 nefas
2484 2183 2588 2235 est;
2616 2174 2846 2244 imploro
2883 2173 3026 2243 quod
3064 2174 3208 2243 juste
3251 2171 3491 2240 reposci-

1909 2280 2054 2338 mus,
2087 2285 2156 2324 ne
2185 2268 2410 2323 ulterius
2443 2264 2724 2332 diﬁcratis,
2765 2267 2859 2323 sed
2907 2266 3165 2325 continuo
3204 2265 3356 2320 vobis
3397 2279 3496 2320 no-

1909 2363 2101 2432 bisque
2138 2361 2432 2433 dignemini
2486 2359 2792 2424 consulere,
2848 2368 2908 2415 ut
2957 2367 3013 2415 et
3062 2358 3230 2413 Deum
3283 2356 3495 2414 faciatis

1911 2454 2064 2508 vobis
2089 2452 2404 2524 propitium,
2426 2460 2482 2506 et
2511 2467 2608 2506 nos
2638 2450 2856 2506 ultimos
2882 2448 3112 2505 famulos
3136 2457 3347 2507 vestros
3374 2448 3496 2503 red-

1910 2543 2055 2599 datis
2106 2544 2174 2598 ad
2227 2543 2669 2599 intercedendum
2717 2558 2816 2612 pro
2857 2543 3011 2599 vobis
3052 2542 3199 2599 omni
3255 2552 3497 2612 tempore

1910 2636 2292 2708 promptiores.

2303 2728 2461 2821 115
2509 2748 2846 2806 EPISTOLA
2891 2749 3097 2807 Lxxu.

2508 2851 2530 2879 θ
2565 2855 2633 2895 ΑΒ
2668 2855 2902 2896 DIDONEI

2355 2944 2440 3007 Ea:
2459 2970 2679 3025 persona
2707 2953 2762 3007 Μ
2766 2956 3045 3010 arcwardt'.

1983 3053 2441 3122 Reverentissimo
2488 3074 2543 3124 et
2590 3066 2947 3138 plurimorum
3004 3068 3287 3138 przeconiis
3353 3048 3497 3125 cele-

1909 3158 2119 3217 brando
2169 3158 2362 3214 Didoni
2412 3160 2593 3215 abbati
2647 3160 3010 3218 Marcwardus
3066 3160 3356 3232 plurimam
3408 3179 3495 3218 sa-

1841 3254 1891 3323 c
1918 3250 2106 3308 lutem.

1984 3342 2136 3398 Artis
2153 3349 2346 3398 vestrae
2375 3342 2663 3414 singularis
2690 3344 2884 3415 peritia
2931 3344 3222 3399 multorum
3257 3345 3505 3402 oratione

1915 3433 2232 3505 pervulgata
2299 3433 2487 3491 fratris
2543 3433 2791 3492 Nithardi
2846 3437 3184 3506 potissimum
3245 3439 3508 3494 relatione

1916 3527 2074 3591 nobis
2122 3528 2396 3583 innotuit:
2447 3543 2556 3599 quo
2604 3530 2771 3583 etiam
2831 3529 3103 3584 referente
3149 3530 3510 3601 comperimus

1916 3622 2120 3692 passim
2143 3636 2240 3677 vos
2264 3637 2542 3678 accessum
2578 3622 2941 3692 indigentibus
2965 3621 2991 3661 ιι
3022 3623 3257 3692 aperire,
3282 3632 3335 3678 et
3356 3638 3500 3678 sem-

1915 3713 2188 3782 piternam
2235 3728 2456 3769 usuram
2507 3711 2788 3782 temporali
2841 3713 3220 3783 :cgrotantium
3268 3712 3509 3770 remedio

1916 3817 2230 3874 procurare.
2263 3801 2416 3857 Unde
2460 3804 2673 3858 tametsi
2698 3803 2851 3858 vobis
2889 3802 3066 3858 adhuc
3103 3819 3289 3858 sumus
3315 3804 3507 3875 ignoti,

1919 3911 2026 3950 non
2050 3895 2413 3950 dubitavimus
2440 3904 2659 3965 propter
2692 3906 2715 3933 θ
2748 3896 2987 3965 ejusdem
3027 3895 3300 3966 religionis
3325 3896 3507 3951 unita-

1921 3986 2052 4053 tem,
2085 3987 2235 4056 cujus
2268 3987 2431 4042 etiam
2470 4003 2564 4042 vos
2593 3986 3106 4042 observantissimos
3147 3987 3503 4059 gratulamur,

1920 4079 2207 4134 materiam
2238 4078 2528 4148 prmstandi
2554 4077 2709 4132 nobis
2741 4074 2985 4133 beneficii
3011 4077 3150 4133 ultro
3183 4093 3504 4150 pr0ponere,

1916 4174 2097 4245 parati
2118 4181 2317 4227 vestrae
2344 4170 2729 4242 opinatissimae
2757 4171 3066 4227 liberalitati
3084 4173 3260 4228 modis
3286 4173 3510 4245 quibus-

1923 4279 2135 4336 cunque
2171 4272 2458 4335 possumus
2490 4264 2833 4334 respondere.
2856 4263 3097 4336 Namque
3126 4274 3182 4321 et
3204 4266 3295 4320 lilii
3317 4267 3509 4334 nostri,

1922 4374 2059 4429 quos
2088 4368 2145 4415 et
2171 4368 2380 4413 vestros
2406 4366 2676 4428 optamus,
2724 4356 2966 4413 molestia
3012 4359 3256 4428 corporis
3300 4358 3514 4414 labora-

1923 4450 2055 4505 bant
2082 4464 2098 4515 ;
2139 4463 2302 4519 quam
2349 4449 2554 4519 aliquot
2584 4448 2814 4504 adhibiti
2845 4448 2985 4519 apud
3028 4464 3129 4504 nos
3157 4448 3349 4503 medici
3379 4463 3511 4519 pro-

1924 4540 2140 4612 pulsare
2173 4541 2547 4611 nequiverunt.
2602 4539 2732 4604 Hos,
2766 4541 2991 4594 Domino
3025 4548 3081 4594 et
3106 4548 3300 4596 vestrae
3328 4541 3510 4596 chari-

226 4620 410 4689 primo
444 4619 675 4690 benigne
716 4619 1083 4682 concessistis,
1120 4606 1279 4691 114
1308 4634 1447 4674 novo
1486 4617 1651 4673 etiam
1682 4631 1812 4688 pne-

1927 4606 2023 4686 tati
2063 4606 2312 4697 fidentes,
2339 4628 2605 4686 curandos
2638 4632 2791 4685 vobis
2831 4622 2915 4686 oll‘.
2938 4631 3141 4696 rimus;
3189 4638 3250 4685 ut
3290 4642 3388 4700 per
3417 4647 3513 4688 vos

228 4722 389 4783 cepto
417 4710 712 4778 firmastis;
743 4712 836 4767 sed
864 4723 1050 4782 postea
1079 4714 1149 4767 ad
1177 4713 1582 4783 persuasionem
1629 4726 1821 4767 eorum

228 4800 473 4874 quicum
509 4798 603 4877 Dei
634 4790 927 4858 offensione
970 4817 1076 4858 non
1125 4802 1320 4858 timent
1363 4802 1664 4868 ditescere,
1691 4814 1821 4856 eva-

224 4902 395 4950 cuate
451 4893 650 4963 duplici
702 4886 1042 4963 eleemosyna
1069 4934 1085 4960 ,
1139 4902 1321 4948 votum
1360 4890 1700 4948 saecularium
1753 4890 1822 4946 de

216 5058 225 5067 ο
304 5040 334 5069 ει
361 5025 654 5101 Praecepto.
686 5012 744 5082 Id
770 5036 874 5101 est,
898 5026 1187 5101 diplomate
1218 5027 1383 5101 regio.
1413 5026 1503 5083 Sic
1533 5029 1679 5084 enim
1705 5034 1818 5101 tum

216 5058 225 5067 ο
304 5045 334 5069 α
361 5045 547 5093 rrwce
582 5045 654 5093 to.
686 5045 744 5082 to
770 5045 874 5094 est,
898 5045 1187 5099 ﬂlplOlnale
1218 5045 1383 5098 regio.
1414 5045 1503 5083 anc
1533 5045 1679 5084 enim
1705 5045 1816 5084 tum

215 5097 503 5157 vocabant
527 5045 761 5169 diploma
788 5094 1063 5169 principis.
1094 5090 1202 5155 Nos
1230 5098 1388 5154 hodie
1433 5113 1685 5155 vocamus
1721 5099 1816 5155 lit-

218 5179 684 5239 .teras_pateutes..
884 5230 889 5239 θ

306 5240 337 5280 ι)
376 5238 765 5311 Delectabiliter
805 5248 1100 5295 exorarent.
1134 5238 1249 5311 llis
1298 5242 1440 5296 enim
1489 5241 1821 5300 solemnibus

220 5310 419 5368 rverbis
471 5310 729 5387 timebant
770 5318 1044 5387 praecepta
1096 5310 1239 5387 regia
1292 5313 1636 5387 monasteriis
1684 5318 1817 5387 cori-

231 5396 391 5458 cessa
420 5400 435 5435 :
468 5381 735 5447 Quatenus
764 5380 901 5458 ipso:
928 5380 1207 5458 monachos
1261 5401 1354 5458 pro
1402 5385 1820 5458 nobis,rconjuge

231 5444 712 5535 profanauerit-rit,
737 5444 813 5535 vel
830 5466 922 5535 pro
952 5446 1232 5535 stabilitate
1259 5444 1415 5511 iotius
1448 5444 1592 5535 regni
1630 5444 1818 5535 ηοέζῇ,

219 5521 433 5594 jugiter
481 5521 1140 5594 Dominimt'sericordiam
1179 5544 1397 5582 exorare
1445 5521 1677 5582 delectet.
1730 5521 1826 5585 Sic

234 5592 658 5720 grgﬁ‘xgiiptum
688 5592 790 5648 fuit
819 5595 871 5648 in
898 5606 1167 5669 prmcepto
1196 5597 1451 5653 Ludovici
1478 5598 1560 5653 Pii
1595 5599 1660 5654 de
1688 5599 1827 5657 cella

280 5704 299 5720 ο
328 5678 536 5721 ιιιιιοοι.

210 5782 213 5787 .
244 5746 360 5815 ωο-
382 5734 463 5815 {id
499 5734 1069 5815 Didonem._5‘\bbatent
1092 5741 1448 5815 _m_onasterii
1473 5744 1644 5799 sancti
1681 5743 1828 5799 Petri

207 5834 219 5857 .-
244 5804 360 5863 Vivi
395 5805 743 5863 Senonensis.
761 5806 1063 5865 Chronicon
1089 5808 1146 5864 S.
1162 5810 1307 5867 Petri
1337 5812 1487 5867 Vivi:
1510 5833 1528 5865 ι
1561 5815 1828 5871 Defuncto

241 5886 426 5933 autem
447 5877 757 5948 Anastasio,
795 5880 969 5936 sancti
1013 5872 1156 5937 Petri
1211 5883 1423 5951 abbate,
1471 5891 1730 5945 successit
1775 5889 1828 5945 ei

1925 4730 2126 4793 optatae
2146 4722 2395 4777 sanitatis
2414 4722 2602 4778 solatia
2634 4730 3016 4790 temperantes,
3038 4722 3240 4777 auctori
3271 4720 3515 4790 ejusdem

1926 4810 2208 4865 nobiscum
2238 4811 2440 4881 gratias
2463 4809 2697 4865 referant
2721 4818 2777 4864 et
2788 4818 2966 4864 vestro
2981 4809 3169 4864 labori.
3193 4809 3271 4864 llli
3294 4811 3513 4880 quidem

1928 4905 2287 4975 devotionem,
2314 4920 2475 4977 quam
2512 4906 2681 4961 solam
2722 4914 2968 4976 possunt,
3022 4914 3207 4977 utpote
3237 4910 3511 4979 monachi,

1928 5038 2083 5107 Dido,
2120 5061 2140 5094 ι
2173 5057 2315 5097 anno
2342 5042 2594 5097 nimirum
2643 5040 2765 5096 847.
2815 5038 2962 5096 Obiit
2988 5050 3164 5096 autem
3220 5058 3362 5098 anno
3408 5045 3514 5103 869

1931 5126 2416 5187 successoremque
2434 5112 2621 5187 habuit
2635 5112 2901 5187 Aquilam,
2922 5111 3515 5187 Eigilﬁarchiepiscopi

1933 5181 2262 5264 Senoriensis
2287 5181 2633 5264 discipulum,
2673 5181 2731 5237 ut
2760 5183 2814 5236 in
2839 5181 3025 5238 eodem
3054 5181 3323 5241 Chronico
3343 5181 3519 5257 scrip-

1932 5263 2046 5309 tum
2077 5263 2180 5311 est.

2000 5322 2030 5364 ἃ
2065 5323 2297 5395 Aperire.
2337 5324 2466 5380 Post
2500 5338 2685 5381 vocem
2734 5324 2892 5395 istam
2922 5323 3107 5381 deerat
3135 5341 3302 5381 unum
3329 5326 3516 5384 folium

1931 5395 2176 5469 in_veteri
2200 5397 2382 5469 codice
2399 5397 2578 5469 ;rquod
2594 5395 2696 5449 nisi
2724 5394 3139 5469 defuisset,_usui
3161 5413 3282 5453 esse
3303 5408 3520 5469 poterat

1929 5466 2002 5521 ad
2018 5467 2330 5537 sarciendas
2353 5468 2536 5521 ruinas
2564 5466 2899 5536 sequentium
2930 5466 3297 5537 episﬁtolarum.

2013 5545 2037 5575 ο
2075 5535 2328 5608 Ejusdem
2358 5535 2656 5607 religionis.’
2701 5536 2757 5591 ld
2801 5544 2883 5592 est
2933 5535 3001 5608 υτ
3032 5536 3328 5594 BenediCIi.
3385 5537 3521 5594 Nam

1934 5606 2253 5663 Prumiense
2285 5606 2690 5670 monasterium,
2718 5608 2952 5677 itemque
2980 5606 3314 5673 Senoncnse,
3346 5610 3522 5664 sancti

1938 5677 2095 5750 hujus
2123 5677 2389 5750 Regulam
2412 5678 2826 5750 profitebantur,
2848 5680 3297 5748 quemadmodum
3322 5688 3521 5750 uetera

1935 5747 2231 5805 Galliarum
2267 5763 2320 5803 et
2356 5747 2767 5820 Germaniarum
2816 5747 3142 5806 monasteria
3169 5791 3184 5817 ,
3226 5750 3338 5820 jam
3392 5749 3523 5805 inde

1937 5838 1971 5876 a
1999 5819 2331 5892 temporibus
2355 5819 2613 5877 Ludovici
2640 5821 2742 5878 Pii.

1862 5970 1932 6039 ᾧ
2362 5965 2393 5975 ..
2980 5984 3079 5995 »Μ
