  <div class='ocr_page' id='page_1' title='image "/cluster/home/n/w/nwhite01/storage/ocr_20150623/119/hvd.32044015466915/273.png"; bbox 0 0 4034 6298; ppageno 0'>
   <div class='ocr_carea' id='block_1_1' title="bbox 563 363 670 420">
    <p class='ocr_par' dir='ltr' id='par_1_1' title="bbox 563 363 670 420">
     <span class='ocr_line' id='line_1_1' title="bbox 563 363 670 420; baseline -0.019 0"><span class='ocrx_word' id='word_1_1' title='bbox 563 363 670 420; x_wconf 75' lang='lat'><strong>535</strong></span> 
     </span>
    </p>
   </div>
   <div class='ocr_carea' id='block_1_2' title="bbox 1596 363 2823 425">
    <p class='ocr_par' dir='ltr' id='par_1_2' title="bbox 1596 363 2823 425">
     <span class='ocr_line' id='line_1_2' title="bbox 1596 363 2823 425; baseline 0.007 -8"><span class='ocrx_word' id='word_1_2' title='bbox 1596 363 1658 418; x_wconf 89' lang='lat' dir='ltr'><strong>B.</strong></span> <span class='ocrx_word' id='word_1_3' title='bbox 1701 364 1759 420; x_wconf 93' lang='lat' dir='ltr'><strong>S.</strong></span> <span class='ocrx_word' id='word_1_4' title='bbox 1798 366 1958 424; x_wconf 83' lang='lat' dir='ltr'><strong>LUPI</strong></span> <span class='ocrx_word' id='word_1_5' title='bbox 1989 365 2281 422; x_wconf 78' lang='lat' dir='ltr'><strong>ABBATIS</strong></span> <span class='ocrx_word' id='word_1_6' title='bbox 2319 366 2823 425; x_wconf 81' lang='lat' dir='ltr'><strong>FERRARIENSIS</strong></span> 
     </span>
    </p>
   </div>
   <div class='ocr_carea' id='block_1_3' title="bbox 3726 367 3824 430">
    <p class='ocr_par' dir='ltr' id='par_1_3' title="bbox 3726 367 3824 430">
     <span class='ocr_line' id='line_1_3' title="bbox 3726 367 3824 430; baseline 0 -4"><span class='ocrx_word' id='word_1_7' title='bbox 3726 367 3824 430; x_wconf 74' lang='lat'><strong>536</strong></span> 
     </span>
    </p>
   </div>
   <div class='ocr_carea' id='block_1_4' title="bbox 563 475 3820 553">
    <p class='ocr_par' dir='ltr' id='par_1_4' title="bbox 563 475 3820 553">
     <span class='ocr_line' id='line_1_4' title="bbox 563 475 3820 553; baseline 0.002 -20"><span class='ocrx_word' id='word_1_8' title='bbox 563 485 883 550; x_wconf 88' lang='lat' dir='ltr'><strong>repensent;</strong></span> <span class='ocrx_word' id='word_1_9' title='bbox 937 491 1039 532; x_wconf 90' lang='lat' dir='ltr'><strong>nos</strong></span> <span class='ocrx_word' id='word_1_10' title='bbox 1087 485 1264 532; x_wconf 87' lang='lat' dir='ltr'><strong>autem</strong></span> <span class='ocrx_word' id='word_1_11' title='bbox 1323 475 1541 547; x_wconf 84' lang='lat' dir='ltr'><strong>dignum</strong></span> <span class='ocrx_word' id='word_1_12' title='bbox 1590 479 1811 533; x_wconf 85' lang='lat' dir='ltr'><strong>omnino</strong></span> <span class='ocrx_word' id='word_1_13' title='bbox 1863 480 2139 535; x_wconf 75' lang='lat' dir='ltr'><strong>servitium</strong></span> <span class='ocrx_word' id='word_1_14' title='bbox 2168 480 2486 549; x_wconf 75' lang='lat' dir='ltr'><strong>Aimplere.</strong></span> <span class='ocrx_word' id='word_1_15' title='bbox 2521 481 2664 537; x_wconf 74' lang='lat' dir='ltr'><strong>Caete</strong></span> <span class='ocrx_word' id='word_1_16' title='bbox 2702 518 2720 535; x_wconf 93' lang='lat'><strong>.</strong></span> <span class='ocrx_word' id='word_1_17' title='bbox 2767 518 2781 534; x_wconf 92' lang='lat'><strong>.</strong></span> <span class='ocrx_word' id='word_1_18' title='bbox 2824 520 2838 535; x_wconf 94' lang='lat'><strong>.</strong></span> <span class='ocrx_word' id='word_1_19' title='bbox 2893 478 3226 552; x_wconf 78' lang='lat' dir='ltr'><strong>perfectione</strong></span> <span class='ocrx_word' id='word_1_20' title='bbox 3267 496 3452 553; x_wconf 69' lang='lat' dir='ltr'><strong>quaeso</strong></span> <span class='ocrx_word' id='word_1_21' title='bbox 3498 496 3585 538; x_wconf 91' lang='lat' dir='ltr'><strong>me</strong></span> <span class='ocrx_word' id='word_1_22' title='bbox 3632 482 3747 539; x_wconf 83' lang='lat' dir='ltr'><strong>fieri</strong></span> <span class='ocrx_word' id='word_1_23' title='bbox 3793 501 3820 540; x_wconf 89' lang='lat' dir='ltr'><strong>c</strong></span> 
     </span>
    </p>
   </div>
   <div class='ocr_carea' id='block_1_5' title="bbox 561 569 2142 641">
    <p class='ocr_par' dir='ltr' id='par_1_5' title="bbox 561 569 2142 641">
     <span class='ocr_line' id='line_1_5' title="bbox 561 569 2142 641; baseline 0.001 -14"><span class='ocrx_word' id='word_1_24' title='bbox 561 571 955 641; x_wconf 89' lang='lat' dir='ltr'><strong>persolvamus.</strong></span> <span class='ocrx_word' id='word_1_25' title='bbox 986 569 1307 625; x_wconf 90' lang='lat' dir='ltr'><strong>Petitionem</strong></span> <span class='ocrx_word' id='word_1_26' title='bbox 1340 578 1579 625; x_wconf 90' lang='lat' dir='ltr'><strong>nostram</strong></span> <span class='ocrx_word' id='word_1_27' title='bbox 1612 570 1700 626; x_wconf 92' lang='lat' dir='ltr'><strong>diu</strong></span> <span class='ocrx_word' id='word_1_28' title='bbox 1743 572 1923 626; x_wconf 81' lang='lat' dir='ltr'><strong>verbis</strong></span> <span class='ocrx_word' id='word_1_29' title='bbox 1950 579 2142 628; x_wconf 81' lang='lat' dir='ltr'><strong>exten-</strong></span> 
     </span>
    </p>
   </div>
   <div class='ocr_carea' id='block_1_6' title="bbox 563 660 2148 732">
    <p class='ocr_par' dir='ltr' id='par_1_6' title="bbox 563 660 2148 732">
     <span class='ocr_line' id='line_1_6' title="bbox 563 660 2148 732; baseline 0.001 -17"><span class='ocrx_word' id='word_1_30' title='bbox 563 661 696 717; x_wconf 92' lang='lat' dir='ltr'><strong>dere</strong></span> <span class='ocrx_word' id='word_1_31' title='bbox 721 661 1009 726; x_wconf 91' lang='lat' dir='ltr'><strong>noluimus,</strong></span> <span class='ocrx_word' id='word_1_32' title='bbox 1044 675 1113 715; x_wconf 92' lang='lat' dir='ltr'><strong>ne</strong></span> <span class='ocrx_word' id='word_1_33' title='bbox 1137 660 1276 716; x_wconf 87' lang='lat' dir='ltr'><strong>forte</strong></span> <span class='ocrx_word' id='word_1_34' title='bbox 1310 671 1337 701; x_wconf 74' lang='grc' dir='ltr'>α</span> <span class='ocrx_word' id='word_1_35' title='bbox 1366 660 1432 715; x_wconf 91' lang='lat' dir='ltr'><strong>de</strong></span> <span class='ocrx_word' id='word_1_36' title='bbox 1459 669 1654 716; x_wconf 87' lang='lat' dir='ltr'><strong>vestrae</strong></span> <span class='ocrx_word' id='word_1_37' title='bbox 1699 662 1981 717; x_wconf 88' lang='lat' dir='ltr'><strong>charitatis</strong></span> <span class='ocrx_word' id='word_1_38' title='bbox 2025 678 2148 732; x_wconf 89' lang='lat' dir='ltr'><strong>per-</strong></span> 
     </span>
    </p>
   </div>
   <div class='ocr_carea' id='block_1_7' title="bbox 564 749 2141 823">
    <p class='ocr_par' dir='ltr' id='par_1_7' title="bbox 564 749 2141 823">
     <span class='ocr_line' id='line_1_7' title="bbox 564 749 2141 823; baseline 0.003 -18"><span class='ocrx_word' id='word_1_39' title='bbox 564 751 802 807; x_wconf 84' lang='lat' dir='ltr'><strong>fectione</strong></span> <span class='ocrx_word' id='word_1_40' title='bbox 823 749 1072 807; x_wconf 89' lang='lat' dir='ltr'><strong>dubitare</strong></span> <span class='ocrx_word' id='word_1_41' title='bbox 1094 749 1422 816; x_wconf 80' lang='lat' dir='ltr'><strong>videremur,</strong></span> <span class='ocrx_word' id='word_1_42' title='bbox 1446 767 1566 821; x_wconf 88' lang='lat' dir='ltr'><strong>quae</strong></span> <span class='ocrx_word' id='word_1_43' title='bbox 1594 768 1701 808; x_wconf 91' lang='lat' dir='ltr'><strong>non</strong></span> <span class='ocrx_word' id='word_1_44' title='bbox 1721 753 1893 809; x_wconf 91' lang='lat' dir='ltr'><strong>solum</strong></span> <span class='ocrx_word' id='word_1_45' title='bbox 1927 754 2141 823; x_wconf 77' lang='lat' dir='ltr'><strong>ignotis,</strong></span> 
     </span>
    </p>
   </div>
   <div class='ocr_carea' id='block_1_8' title="bbox 560 838 2142 912">
    <p class='ocr_par' dir='ltr' id='par_1_8' title="bbox 560 838 2142 912">
     <span class='ocr_line' id='line_1_8' title="bbox 560 838 2142 912; baseline 0.006 -22"><span class='ocrx_word' id='word_1_46' title='bbox 560 854 751 896; x_wconf 84' lang='lat' dir='ltr'><strong>verum</strong></span> <span class='ocrx_word' id='word_1_47' title='bbox 781 839 942 895; x_wconf 88' lang='lat' dir='ltr'><strong>etiam</strong></span> <span class='ocrx_word' id='word_1_48' title='bbox 971 838 1204 896; x_wconf 89' lang='lat' dir='ltr'><strong>inimicis</strong></span> <span class='ocrx_word' id='word_1_49' title='bbox 1246 841 1502 911; x_wconf 84' lang='lat' dir='ltr'><strong>prodesse</strong></span> <span class='ocrx_word' id='word_1_50' title='bbox 1552 844 1852 899; x_wconf 77' lang='lat' dir='ltr'><strong>contendit.</strong></span> <span class='ocrx_word' id='word_1_51' title='bbox 1889 844 1954 900; x_wconf 88' lang='lat' dir='ltr'><strong>Et</strong></span> <span class='ocrx_word' id='word_1_52' title='bbox 2002 845 2142 912; x_wconf 90' lang='lat' dir='ltr'><strong>ideo,</strong></span> 
     </span>
    </p>
   </div>
   <div class='ocr_carea' id='block_1_9' title="bbox 560 933 2144 1005">
    <p class='ocr_par' dir='ltr' id='par_1_9' title="bbox 560 933 2144 1005">
     <span class='ocr_line' id='line_1_9' title="bbox 560 933 2144 1005; baseline 0.003 -18"><span class='ocrx_word' id='word_1_53' title='bbox 560 939 624 987; x_wconf 90' lang='lat' dir='ltr'><strong>ut</strong></span> <span class='ocrx_word' id='word_1_54' title='bbox 647 933 848 1003; x_wconf 88' lang='lat' dir='ltr'><strong>optime</strong></span> <span class='ocrx_word' id='word_1_55' title='bbox 881 933 1042 1005; x_wconf 77' lang='lat'><strong>116</strong></span> <span class='ocrx_word' id='word_1_56' title='bbox 1067 933 1262 999; x_wconf 82' lang='lat' dir='ltr'><strong>nostis,</strong></span> <span class='ocrx_word' id='word_1_57' title='bbox 1315 934 1521 989; x_wconf 88' lang='lat' dir='ltr'><strong>oraculi</strong></span> <span class='ocrx_word' id='word_1_58' title='bbox 1572 936 1883 992; x_wconf 91' lang='lat' dir='ltr'><strong>mandatum</strong></span> <span class='ocrx_word' id='word_1_59' title='bbox 1914 944 2144 993; x_wconf 88' lang='lat' dir='ltr'><strong>attesta-</strong></span> 
     </span>
    </p>
   </div>
   <div class='ocr_carea' id='block_1_10' title="bbox 562 1027 2145 1101">
    <p class='ocr_par' dir='ltr' id='par_1_10' title="bbox 562 1027 2145 1101">
     <span class='ocr_line' id='line_1_10' title="bbox 562 1027 2145 1101; baseline 0.002 -18"><span class='ocrx_word' id='word_1_60' title='bbox 562 1027 710 1084; x_wconf 89' lang='lat' dir='ltr'><strong>tione</strong></span> <span class='ocrx_word' id='word_1_61' title='bbox 745 1027 1061 1101; x_wconf 88' lang='lat' dir='ltr'><strong>prophetica</strong></span> <span class='ocrx_word' id='word_1_62' title='bbox 1090 1028 1461 1084; x_wconf 73' lang='lat' dir='ltr'><strong>confirmatur.</strong></span> <span class='ocrx_word' id='word_1_63' title='bbox 1513 1027 1774 1099; x_wconf 87' lang='lat' dir='ltr'><strong>Optamus</strong></span> <span class='ocrx_word' id='word_1_64' title='bbox 1821 1044 1916 1086; x_wconf 91' lang='lat' dir='ltr'><strong>vos</strong></span> <span class='ocrx_word' id='word_1_65' title='bbox 1964 1029 2145 1086; x_wconf 89' lang='lat' dir='ltr'><strong>valere</strong></span> 
     </span>
    </p>
   </div>
   <div class='ocr_carea' id='block_1_11' title="bbox 556 1114 807 1173">
    <p class='ocr_par' dir='ltr' id='par_1_11' title="bbox 556 1114 807 1173">
     <span class='ocr_line' id='line_1_11' title="bbox 556 1114 807 1173; baseline 0.004 -3"><span class='ocrx_word' id='word_1_66' title='bbox 556 1114 807 1173; x_wconf 73' lang='lat' dir='ltr'><strong>feliciter.</strong></span> 
     </span>
    </p>
   </div>
   <div class='ocr_carea' id='block_1_12' title="bbox 617 1183 1644 1244">
    <p class='ocr_par' dir='ltr' id='par_1_12' title="bbox 617 1183 1644 1244">
     <span class='ocr_line' id='line_1_12' title="bbox 617 1183 1644 1244; baseline -0.003 2"><span class='ocrx_word' id='word_1_67' title='bbox 617 1183 633 1212; x_wconf 73' lang='grc'><em>⁵</em></span> <span class='ocrx_word' id='word_1_68' title='bbox 1055 1186 1388 1244; x_wconf 84' lang='lat' dir='ltr'><strong>EPISTOLA</strong></span> <span class='ocrx_word' id='word_1_69' title='bbox 1413 1185 1644 1243; x_wconf 80' lang='lat' dir='ltr'><strong>LXXlIl.</strong></span> 
     </span>
    </p>
   </div>
   <div class='ocr_carea' id='block_1_13' title="bbox 1128 1276 1580 1334">
    <p class='ocr_par' dir='ltr' id='par_1_13' title="bbox 1128 1276 1580 1334">
     <span class='ocr_line' id='line_1_13' title="bbox 1128 1276 1580 1334; baseline -0.007 -1"><span class='ocrx_word' id='word_1_70' title='bbox 1128 1276 1196 1333; x_wconf 69' lang='lat' dir='ltr'><strong>Ai)</strong></span> <span class='ocrx_word' id='word_1_71' title='bbox 1225 1292 1580 1334; x_wconf 71' lang='lat' dir='ltr'><strong>GUENILONEM.</strong></span> 
     </span>
    </p>
   </div>
   <div class='ocr_carea' id='block_1_14' title="bbox 628 1387 2144 1461">
    <p class='ocr_par' dir='ltr' id='par_1_14' title="bbox 628 1387 2144 1461">
     <span class='ocr_line' id='line_1_14' title="bbox 628 1387 2144 1461; baseline 0.002 -19"><span class='ocrx_word' id='word_1_72' title='bbox 628 1387 1089 1446; x_wconf 85' lang='lat' dir='ltr'><strong>Reverentissimo</strong></span> <span class='ocrx_word' id='word_1_73' title='bbox 1115 1389 1343 1445; x_wconf 76' lang='lat' dir='ltr'><strong>antistiti</strong></span> <span class='ocrx_word' id='word_1_74' title='bbox 1370 1388 1658 1445; x_wconf 88' lang='lat' dir='ltr'><strong>Gueniloni</strong></span> <span class='ocrx_word' id='word_1_75' title='bbox 1699 1427 1715 1444; x_wconf 96' lang='lat'><strong>.</strong></span> <span class='ocrx_word' id='word_1_76' title='bbox 1759 1429 1775 1444; x_wconf 95' lang='lat'><strong>.</strong></span> <span class='ocrx_word' id='word_1_77' title='bbox 1815 1427 1831 1444; x_wconf 93' lang='lat'><strong>.</strong></span> <span class='ocrx_word' id='word_1_78' title='bbox 1870 1389 2024 1461; x_wconf 89' lang='lat' dir='ltr'><strong>cujus</strong></span> <span class='ocrx_word' id='word_1_79' title='bbox 2063 1389 2144 1446; x_wconf 88' lang='lat' dir='ltr'><strong>le-</strong></span> 
     </span>
    </p>
   </div>
   <div class='ocr_carea' id='block_1_15' title="bbox 553 1478 2140 1550">
    <p class='ocr_par' dir='ltr' id='par_1_15' title="bbox 553 1478 2140 1550">
     <span class='ocr_line' id='line_1_15' title="bbox 553 1478 2140 1550; baseline 0.003 -20"><span class='ocrx_word' id='word_1_80' title='bbox 553 1478 736 1532; x_wconf 87' lang='lat' dir='ltr'><strong>ctione</strong></span> <span class='ocrx_word' id='word_1_81' title='bbox 756 1487 935 1534; x_wconf 87' lang='lat' dir='ltr'><strong>vestra</strong></span> <span class='ocrx_word' id='word_1_82' title='bbox 958 1479 1132 1534; x_wconf 92' lang='lat' dir='ltr'><strong>victus</strong></span> <span class='ocrx_word' id='word_1_83' title='bbox 1150 1493 1335 1535; x_wconf 89' lang='lat' dir='ltr'><strong>amore</strong></span> <span class='ocrx_word' id='word_1_84' title='bbox 1363 1493 1500 1550; x_wconf 89' lang='lat' dir='ltr'><strong>pene</strong></span> <span class='ocrx_word' id='word_1_85' title='bbox 1525 1517 1540 1532; x_wconf 95' lang='lat'><strong>.</strong></span> <span class='ocrx_word' id='word_1_86' title='bbox 1567 1516 1582 1532; x_wconf 95' lang='lat'><strong>.</strong></span> <span class='ocrx_word' id='word_1_87' title='bbox 1627 1517 1642 1532; x_wconf 95' lang='lat'><strong>.</strong></span> <span class='ocrx_word' id='word_1_88' title='bbox 1678 1494 1777 1550; x_wconf 89' lang='lat' dir='ltr'><strong>per</strong></span> <span class='ocrx_word' id='word_1_89' title='bbox 1799 1494 2140 1535; x_wconf 87' lang='lat' dir='ltr'><strong>communem</strong></span> 
     </span>
    </p>
   </div>
   <div class='ocr_carea' id='block_1_16' title="bbox 555 1571 2139 1644">
    <p class='ocr_par' dir='ltr' id='par_1_16' title="bbox 555 1571 2139 1644">
     <span class='ocr_line' id='line_1_16' title="bbox 555 1571 2139 1644; baseline 0.001 -20"><span class='ocrx_word' id='word_1_90' title='bbox 555 1571 920 1642; x_wconf 84' lang='lat' dir='ltr'><strong>prOpinquum</strong></span> <span class='ocrx_word' id='word_1_91' title='bbox 965 1579 1210 1627; x_wconf 90' lang='lat' dir='ltr'><strong>nostrum</strong></span> <span class='ocrx_word' id='word_1_92' title='bbox 1265 1573 1333 1628; x_wconf 91' lang='lat' dir='ltr'><strong>ab</strong></span> <span class='ocrx_word' id='word_1_93' title='bbox 1387 1587 1447 1627; x_wconf 90' lang='lat' dir='ltr'><strong>ra</strong></span> <span class='ocrx_word' id='word_1_94' title='bbox 1489 1611 1503 1626; x_wconf 92' lang='lat'><strong>.</strong></span> <span class='ocrx_word' id='word_1_95' title='bbox 1549 1611 1562 1626; x_wconf 95' lang='lat'><strong>.</strong></span> <span class='ocrx_word' id='word_1_96' title='bbox 1609 1609 1624 1626; x_wconf 95' lang='lat'><strong>.</strong></span> <span class='ocrx_word' id='word_1_97' title='bbox 1679 1571 1909 1644; x_wconf 78' lang='lat' dir='ltr'><strong>dirigite.</strong></span> <span class='ocrx_word' id='word_1_98' title='bbox 1967 1572 2139 1639; x_wconf 86' lang='lat' dir='ltr'><strong>Quem</strong></span> 
     </span>
    </p>
   </div>
   <div class='ocr_carea' id='block_1_17' title="bbox 559 1661 2138 1734">
    <p class='ocr_par' dir='ltr' id='par_1_17' title="bbox 559 1661 2138 1734">
     <span class='ocr_line' id='line_1_17' title="bbox 559 1661 2138 1734; baseline 0.004 -21"><span class='ocrx_word' id='word_1_99' title='bbox 559 1671 894 1733; x_wconf 85' lang='lat' dir='ltr'><strong>quantopere</strong></span> <span class='ocrx_word' id='word_1_100' title='bbox 948 1661 1239 1733; x_wconf 75' lang='lat' dir='ltr'><strong>diligantur</strong></span> <span class='ocrx_word' id='word_1_101' title='bbox 1272 1701 1287 1716; x_wconf 94' lang='lat'><strong>.</strong></span> <span class='ocrx_word' id='word_1_102' title='bbox 1334 1702 1351 1719; x_wconf 94' lang='lat'><strong>.</strong></span> <span class='ocrx_word' id='word_1_103' title='bbox 1395 1703 1409 1718; x_wconf 95' lang='lat'><strong>.</strong></span> <span class='ocrx_word' id='word_1_104' title='bbox 1449 1663 1594 1734; x_wconf 92' lang='lat' dir='ltr'><strong>quod</strong></span> <span class='ocrx_word' id='word_1_105' title='bbox 1623 1677 1746 1718; x_wconf 92' lang='lat' dir='ltr'><strong>eum</strong></span> <span class='ocrx_word' id='word_1_106' title='bbox 1789 1671 1988 1733; x_wconf 75' lang='lat' dir='ltr'><strong>praeter</strong></span> <span class='ocrx_word' id='word_1_107' title='bbox 2039 1679 2138 1720; x_wconf 88' lang='lat' dir='ltr'><strong>vos</strong></span> 
     </span>
    </p>
   </div>
   <div class='ocr_carea' id='block_1_18' title="bbox 555 1753 2136 1824">
    <p class='ocr_par' dir='ltr' id='par_1_18' title="bbox 555 1753 2136 1824">
     <span class='ocr_line' id='line_1_18' title="bbox 555 1753 2136 1824; baseline 0.001 -18"><span class='ocrx_word' id='word_1_108' title='bbox 555 1753 688 1807; x_wconf 86' lang='lat' dir='ltr'><strong>nulli</strong></span> <span class='ocrx_word' id='word_1_109' title='bbox 718 1769 952 1823; x_wconf 91' lang='lat' dir='ltr'><strong>unquam</strong></span> <span class='ocrx_word' id='word_1_110' title='bbox 983 1769 1177 1824; x_wconf 90' lang='lat' dir='ltr'><strong>passus</strong></span> <span class='ocrx_word' id='word_1_111' title='bbox 1201 1754 1306 1810; x_wconf 91' lang='lat' dir='ltr'><strong>sim</strong></span> <span class='ocrx_word' id='word_1_112' title='bbox 1343 1794 1357 1809; x_wconf 94' lang='lat'><strong>.</strong></span> <span class='ocrx_word' id='word_1_113' title='bbox 1401 1793 1417 1809; x_wconf 95' lang='lat'><strong>.</strong></span> <span class='ocrx_word' id='word_1_114' title='bbox 1461 1794 1476 1809; x_wconf 94' lang='lat'><strong>.</strong></span> <span class='ocrx_word' id='word_1_115' title='bbox 1521 1761 1700 1809; x_wconf 89' lang='lat' dir='ltr'><strong>autem</strong></span> <span class='ocrx_word' id='word_1_116' title='bbox 1746 1753 1990 1810; x_wconf 80' lang='lat' dir='ltr'><strong>ecclesiae</strong></span> <span class='ocrx_word' id='word_1_117' title='bbox 2038 1768 2136 1808; x_wconf 88' lang='lat' dir='ltr'><strong>no-</strong></span> 
     </span>
    </p>
   </div>
   <div class='ocr_carea' id='block_1_19' title="bbox 555 1845 1401 1916">
    <p class='ocr_par' dir='ltr' id='par_1_19' title="bbox 555 1845 1401 1916">
     <span class='ocr_line' id='line_1_19' title="bbox 555 1845 1401 1916; baseline 0.001 -17"><span class='ocrx_word' id='word_1_118' title='bbox 555 1853 686 1901; x_wconf 78' lang='lat' dir='ltr'><strong>strae</strong></span> <span class='ocrx_word' id='word_1_119' title='bbox 716 1846 859 1915; x_wconf 92' lang='lat' dir='ltr'><strong>quod</strong></span> <span class='ocrx_word' id='word_1_120' title='bbox 885 1845 1068 1901; x_wconf 85' lang='lat' dir='ltr'><strong>fanum</strong></span> <span class='ocrx_word' id='word_1_121' title='bbox 1097 1860 1232 1916; x_wconf 90' lang='lat' dir='ltr'><strong>appr</strong></span> <span class='ocrx_word' id='word_1_122' title='bbox 1268 1884 1283 1900; x_wconf 96' lang='lat'><strong>.</strong></span> <span class='ocrx_word' id='word_1_123' title='bbox 1328 1883 1345 1901; x_wconf 96' lang='lat'><strong>.</strong></span> <span class='ocrx_word' id='word_1_124' title='bbox 1385 1883 1401 1900; x_wconf 96' lang='lat'><strong>.</strong></span> 
     </span>
    </p>
   </div>
   <div class='ocr_carea' id='block_1_20' title="bbox 549 1934 2138 2007">
    <p class='ocr_par' dir='ltr' id='par_1_20' title="bbox 549 1934 2138 2007">
     <span class='ocr_line' id='line_1_20' title="bbox 549 1934 2138 2007; baseline 0.001 -19"><span class='ocrx_word' id='word_1_125' title='bbox 549 1934 707 1990; x_wconf 88' lang='lat' dir='ltr'><strong>vistis</strong></span> <span class='ocrx_word' id='word_1_126' title='bbox 731 1945 786 1990; x_wconf 90' lang='lat' dir='ltr'><strong>et</strong></span> <span class='ocrx_word' id='word_1_127' title='bbox 822 1974 839 1988; x_wconf 92' lang='lat'><strong>.</strong></span> <span class='ocrx_word' id='word_1_128' title='bbox 881 1973 898 1991; x_wconf 92' lang='lat'><strong>.</strong></span> <span class='ocrx_word' id='word_1_129' title='bbox 943 1975 956 1989; x_wconf 98' lang='lat'><strong>.</strong></span> <span class='ocrx_word' id='word_1_130' title='bbox 997 1950 1243 2006; x_wconf 70' lang='lat' dir='ltr'><strong>quaerere</strong></span> <span class='ocrx_word' id='word_1_131' title='bbox 1264 1935 1365 2007; x_wconf 92' lang='lat' dir='ltr'><strong>ipsi</strong></span> <span class='ocrx_word' id='word_1_132' title='bbox 1385 1935 1587 2005; x_wconf 92' lang='lat' dir='ltr'><strong>optime</strong></span> <span class='ocrx_word' id='word_1_133' title='bbox 1612 1935 1936 2006; x_wconf 87' lang='lat' dir='ltr'><strong>intelligetis.</strong></span> <span class='ocrx_word' id='word_1_134' title='bbox 1955 1935 2138 2002; x_wconf 86' lang='lat' dir='ltr'><strong>Quan-</strong></span> 
     </span>
    </p>
   </div>
   <div class='ocr_carea' id='block_1_21' title="bbox 545 2026 2136 2097">
    <p class='ocr_par' dir='ltr' id='par_1_21' title="bbox 545 2026 2136 2097">
     <span class='ocr_line' id='line_1_21' title="bbox 545 2026 2136 2097; baseline 0.001 -16"><span class='ocrx_word' id='word_1_135' title='bbox 545 2042 714 2097; x_wconf 88' lang='lat' dir='ltr'><strong>quam</strong></span> <span class='ocrx_word' id='word_1_136' title='bbox 759 2028 812 2083; x_wconf 91' lang='lat' dir='ltr'><strong>in</strong></span> <span class='ocrx_word' id='word_1_137' title='bbox 849 2027 1098 2097; x_wconf 81' lang='lat' dir='ltr'><strong>proximo</strong></span> <span class='ocrx_word' id='word_1_138' title='bbox 1117 2035 1383 2084; x_wconf 90' lang='lat' dir='ltr'><strong>conventu</strong></span> <span class='ocrx_word' id='word_1_139' title='bbox 1415 2027 1569 2082; x_wconf 82' lang='lat' dir='ltr'><strong>vobis</strong></span> <span class='ocrx_word' id='word_1_140' title='bbox 1605 2027 1805 2097; x_wconf 86' lang='lat' dir='ltr'><strong>gratias</strong></span> <span class='ocrx_word' id='word_1_141' title='bbox 1834 2026 2136 2094; x_wconf 82' lang='lat' dir='ltr'><strong>retulerim,</strong></span> 
     </span>
    </p>
   </div>
   <div class='ocr_carea' id='block_1_22' title="bbox 547 2118 2135 2191">
    <p class='ocr_par' dir='ltr' id='par_1_22' title="bbox 547 2118 2135 2191">
     <span class='ocr_line' id='line_1_22' title="bbox 547 2118 2135 2191; baseline 0.001 -18"><span class='ocrx_word' id='word_1_142' title='bbox 547 2128 746 2190; x_wconf 84' lang='lat' dir='ltr'><strong>putans</strong></span> <span class='ocrx_word' id='word_1_143' title='bbox 793 2119 1010 2191; x_wconf 90' lang='lat' dir='ltr'><strong>penitus</strong></span> <span class='ocrx_word' id='word_1_144' title='bbox 1038 2118 1186 2174; x_wconf 92' lang='lat' dir='ltr'><strong>litem</strong></span> <span class='ocrx_word' id='word_1_145' title='bbox 1241 2134 1362 2176; x_wconf 90' lang='lat' dir='ltr'><strong>esse</strong></span> <span class='ocrx_word' id='word_1_146' title='bbox 1408 2120 1660 2190; x_wconf 88' lang='lat' dir='ltr'><strong>sopitam,</strong></span> <span class='ocrx_word' id='word_1_147' title='bbox 1692 2119 1951 2175; x_wconf 89' lang='lat' dir='ltr'><strong>noveritis</strong></span> <span class='ocrx_word' id='word_1_148' title='bbox 2001 2120 2135 2176; x_wconf 86' lang='lat' dir='ltr'><strong>nihil</strong></span> 
     </span>
    </p>
   </div>
   <div class='ocr_carea' id='block_1_23' title="bbox 548 2210 2132 2283">
    <p class='ocr_par' dir='ltr' id='par_1_23' title="bbox 548 2210 2132 2283">
     <span class='ocr_line' id='line_1_23' title="bbox 548 2210 2132 2283; baseline 0.003 -18"><span class='ocrx_word' id='word_1_149' title='bbox 548 2223 673 2265; x_wconf 89' lang='lat' dir='ltr'><strong>esse</strong></span> <span class='ocrx_word' id='word_1_150' title='bbox 723 2210 1004 2266; x_wconf 81' lang='lat' dir='ltr'><strong>definitum</strong></span> <span class='ocrx_word' id='word_1_151' title='bbox 1033 2251 1048 2278; x_wconf 94' lang='lat'><strong>,</strong></span> <span class='ocrx_word' id='word_1_152' title='bbox 1101 2212 1196 2266; x_wconf 91' lang='lat' dir='ltr'><strong>sed</strong></span> <span class='ocrx_word' id='word_1_153' title='bbox 1243 2212 1311 2268; x_wconf 92' lang='lat' dir='ltr'><strong>ad</strong></span> <span class='ocrx_word' id='word_1_154' title='bbox 1353 2221 1536 2267; x_wconf 89' lang='lat' dir='ltr'><strong>votum</strong></span> <span class='ocrx_word' id='word_1_155' title='bbox 1581 2228 1767 2267; x_wconf 89' lang='lat' dir='ltr'><strong>eorum</strong></span> <span class='ocrx_word' id='word_1_156' title='bbox 1821 2212 1916 2283; x_wconf 88' lang='lat' dir='ltr'><strong>qui</strong></span> <span class='ocrx_word' id='word_1_157' title='bbox 1967 2213 2132 2269; x_wconf 90' lang='lat' dir='ltr'><strong>etiam</strong></span> 
     </span>
    </p>
   </div>
   <div class='ocr_carea' id='block_1_24' title="bbox 549 2301 2132 2376">
    <p class='ocr_par' dir='ltr' id='par_1_24' title="bbox 549 2301 2132 2376">
     <span class='ocr_line' id='line_1_24' title="bbox 549 2301 2132 2376; baseline 0.006 -22"><span class='ocrx_word' id='word_1_158' title='bbox 549 2301 750 2373; x_wconf 86' lang='lat' dir='ltr'><strong>injuste</strong></span> <span class='ocrx_word' id='word_1_159' title='bbox 773 2319 882 2360; x_wconf 90' lang='lat' dir='ltr'><strong>non</strong></span> <span class='ocrx_word' id='word_1_160' title='bbox 908 2305 1254 2372; x_wconf 88' lang='lat' dir='ltr'><strong>erubescunt,</strong></span> <span class='ocrx_word' id='word_1_161' title='bbox 1278 2304 1388 2361; x_wconf 91' lang='lat' dir='ltr'><strong>imo</strong></span> <span class='ocrx_word' id='word_1_162' title='bbox 1427 2313 1688 2376; x_wconf 89' lang='lat' dir='ltr'><strong>appetunt</strong></span> <span class='ocrx_word' id='word_1_163' title='bbox 1727 2321 1852 2362; x_wconf 88' lang='lat' dir='ltr'><strong>esse</strong></span> <span class='ocrx_word' id='word_1_164' title='bbox 1877 2307 2132 2375; x_wconf 89' lang='lat' dir='ltr'><strong>victores,</strong></span> 
     </span>
    </p>
   </div>
   <div class='ocr_carea' id='block_1_25' title="bbox 546 2394 2132 2468">
    <p class='ocr_par' dir='ltr' id='par_1_25' title="bbox 546 2394 2132 2468">
     <span class='ocr_line' id='line_1_25' title="bbox 546 2394 2132 2468; baseline 0.004 -21"><span class='ocrx_word' id='word_1_165' title='bbox 546 2394 835 2450; x_wconf 85' lang='lat' dir='ltr'><strong>occasione</strong></span> <span class='ocrx_word' id='word_1_166' title='bbox 862 2395 1135 2451; x_wconf 85' lang='lat' dir='ltr'><strong>dilationis</strong></span> <span class='ocrx_word' id='word_1_167' title='bbox 1170 2397 1492 2468; x_wconf 86' lang='lat' dir='ltr'><strong>presbytero</strong></span> <span class='ocrx_word' id='word_1_168' title='bbox 1533 2405 1714 2453; x_wconf 89' lang='lat' dir='ltr'><strong>vestro</strong></span> <span class='ocrx_word' id='word_1_169' title='bbox 1769 2405 2132 2468; x_wconf 80' lang='lat' dir='ltr'><strong>praeparatum</strong></span> 
     </span>
    </p>
   </div>
   <div class='ocr_carea' id='block_1_26' title="bbox 546 2485 2133 2557">
    <p class='ocr_par' dir='ltr' id='par_1_26' title="bbox 546 2485 2133 2557">
     <span class='ocr_line' id='line_1_26' title="bbox 546 2485 2133 2557; baseline 0.004 -20"><span class='ocrx_word' id='word_1_170' title='bbox 546 2485 691 2553; x_wconf 92' lang='lat' dir='ltr'><strong>quod</strong></span> <span class='ocrx_word' id='word_1_171' title='bbox 728 2485 977 2554; x_wconf 76' lang='lat' dir='ltr'><strong>quaesivit</strong></span> <span class='ocrx_word' id='word_1_172' title='bbox 1031 2486 1456 2542; x_wconf 89' lang='lat' dir='ltr'><strong>emolumentum</strong></span> <span class='ocrx_word' id='word_1_173' title='bbox 1504 2503 1567 2542; x_wconf 89' lang='lat' dir='ltr'><strong>ac</strong></span> <span class='ocrx_word' id='word_1_174' title='bbox 1613 2496 1832 2552; x_wconf 88' lang='lat' dir='ltr'><strong>nostro,</strong></span> <span class='ocrx_word' id='word_1_175' title='bbox 1861 2503 2024 2557; x_wconf 88' lang='lat' dir='ltr'><strong>quam</strong></span> <span class='ocrx_word' id='word_1_176' title='bbox 2053 2488 2133 2544; x_wconf 85' lang='lat' dir='ltr'><strong>fa-</strong></span> 
     </span>
    </p>
   </div>
   <div class='ocr_carea' id='block_1_27' title="bbox 543 2574 2131 2647">
    <p class='ocr_par' dir='ltr' id='par_1_27' title="bbox 543 2574 2131 2647">
     <span class='ocr_line' id='line_1_27' title="bbox 543 2574 2131 2647; baseline 0.004 -18"><span class='ocrx_word' id='word_1_177' title='bbox 543 2574 716 2641; x_wconf 86' lang='lat' dir='ltr'><strong>stidit,</strong></span> <span class='ocrx_word' id='word_1_178' title='bbox 755 2575 865 2644; x_wconf 85' lang='lat' dir='ltr'><strong>jam</strong></span> <span class='ocrx_word' id='word_1_179' title='bbox 913 2592 1064 2647; x_wconf 90' lang='lat' dir='ltr'><strong>spem</strong></span> <span class='ocrx_word' id='word_1_180' title='bbox 1112 2578 1324 2633; x_wconf 91' lang='lat' dir='ltr'><strong>inanem</strong></span> <span class='ocrx_word' id='word_1_181' title='bbox 1375 2577 1637 2633; x_wconf 87' lang='lat' dir='ltr'><strong>relictam.</strong></span> <span class='ocrx_word' id='word_1_182' title='bbox 1689 2578 1921 2636; x_wconf 89' lang='lat' dir='ltr'><strong>Proinde</strong></span> <span class='ocrx_word' id='word_1_183' title='bbox 1949 2589 2131 2636; x_wconf 89' lang='lat' dir='ltr'><strong>vestra</strong></span> 
     </span>
    </p>
   </div>
   <div class='ocr_carea' id='block_1_28' title="bbox 543 2664 2128 2740">
    <p class='ocr_par' dir='ltr' id='par_1_28' title="bbox 543 2664 2128 2740">
     <span class='ocr_line' id='line_1_28' title="bbox 543 2664 2128 2740; baseline 0.006 -22"><span class='ocrx_word' id='word_1_184' title='bbox 543 2664 772 2737; x_wconf 86' lang='lat' dir='ltr'><strong>insignis</strong></span> <span class='ocrx_word' id='word_1_185' title='bbox 802 2665 1106 2735; x_wconf 89' lang='lat' dir='ltr'><strong>prudentia,</strong></span> <span class='ocrx_word' id='word_1_186' title='bbox 1151 2683 1271 2737; x_wconf 76' lang='lat' dir='ltr'><strong>qua:</strong></span> <span class='ocrx_word' id='word_1_187' title='bbox 1312 2668 1502 2724; x_wconf 88' lang='lat' dir='ltr'><strong>didicit</strong></span> <span class='ocrx_word' id='word_1_188' title='bbox 1548 2684 1617 2724; x_wconf 80' lang='lat' dir='ltr'><strong>ex</strong></span> <span class='ocrx_word' id='word_1_189' title='bbox 1668 2668 1962 2740; x_wconf 83' lang='lat' dir='ltr'><strong>Evangelio</strong></span> <span class='ocrx_word' id='word_1_190' title='bbox 2018 2686 2128 2727; x_wconf 88' lang='lat' dir='ltr'><strong>non</strong></span> 
     </span>
    </p>
   </div>
   <div class='ocr_carea' id='block_1_29' title="bbox 539 2757 2128 2830">
    <p class='ocr_par' dir='ltr' id='par_1_29' title="bbox 539 2757 2128 2830">
     <span class='ocr_line' id='line_1_29' title="bbox 539 2757 2128 2830; baseline 0.004 -17"><span class='ocrx_word' id='word_1_191' title='bbox 539 2757 899 2826; x_wconf 87' lang='lat' dir='ltr'><strong>personaliter</strong></span> <span class='ocrx_word' id='word_1_192' title='bbox 919 2760 1185 2830; x_wconf 87' lang='lat' dir='ltr'><strong>judicare,</strong></span> <span class='ocrx_word' id='word_1_193' title='bbox 1217 2760 1486 2817; x_wconf 89' lang='lat' dir='ltr'><strong>instructa</strong></span> <span class='ocrx_word' id='word_1_194' title='bbox 1507 2770 1592 2817; x_wconf 90' lang='lat' dir='ltr'><strong>est</strong></span> <span class='ocrx_word' id='word_1_195' title='bbox 1631 2762 1794 2817; x_wconf 90' lang='lat' dir='ltr'><strong>etiam</strong></span> <span class='ocrx_word' id='word_1_196' title='bbox 1824 2763 1916 2818; x_wconf 91' lang='lat' dir='ltr'><strong>illo</strong></span> <span class='ocrx_word' id='word_1_197' title='bbox 1955 2764 2128 2820; x_wconf 88' lang='lat' dir='ltr'><strong>veteri</strong></span> 
     </span>
    </p>
   </div>
   <div class='ocr_carea' id='block_1_30' title="bbox 443 2852 2125 2932">
    <p class='ocr_par' dir='ltr' id='par_1_30' title="bbox 443 2852 2125 2932">
     <span class='ocr_line' id='line_1_30' title="bbox 443 2852 2125 2932; baseline 0.007 -29"><span class='ocrx_word' id='word_1_198' title='bbox 443 2917 445 2919; x_wconf 18' lang='grc' dir='ltr'><strong><em>ι</em></strong></span> <span class='ocrx_word' id='word_1_199' title='bbox 540 2861 810 2923; x_wconf 69' lang='lat' dir='ltr'><strong>prrecepto</strong></span> <span class='ocrx_word' id='word_1_200' title='bbox 849 2866 864 2906; x_wconf 91' lang='lat'><strong>:</strong></span> <span class='ocrx_word' id='word_1_201' title='bbox 914 2852 1068 2908; x_wconf 74' lang='lat' dir='ltr'><strong>Iuste</strong></span> <span class='ocrx_word' id='word_1_202' title='bbox 1110 2855 1296 2924; x_wconf 86' lang='lat' dir='ltr'><strong>judica</strong></span> <span class='ocrx_word' id='word_1_203' title='bbox 1334 2857 1572 2927; x_wconf 73' lang='lat' dir='ltr'><strong>proximo</strong></span> <span class='ocrx_word' id='word_1_204' title='bbox 1616 2868 1707 2913; x_wconf 88' lang='lat' dir='ltr'><strong>tuo</strong></span> <span class='ocrx_word' id='word_1_205' title='bbox 1753 2857 1940 2930; x_wconf 81' lang='lat' dir='ltr'><strong>(Leuit.</strong></span> <span class='ocrx_word' id='word_1_206' title='bbox 1987 2859 2125 2932; x_wconf 79' lang='lat' dir='ltr'><strong>xix),</strong></span> 
     </span>
    </p>
   </div>
   <div class='ocr_carea' id='block_1_31' title="bbox 535 2942 2127 3021">
    <p class='ocr_par' dir='ltr' id='par_1_31' title="bbox 535 2942 2127 3021">
     <span class='ocr_line' id='line_1_31' title="bbox 535 2942 2127 3021; baseline 0.008 -29"><span class='ocrx_word' id='word_1_207' title='bbox 535 2942 722 3012; x_wconf 88' lang='lat' dir='ltr'><strong>judicii</strong></span> <span class='ocrx_word' id='word_1_208' title='bbox 752 2945 1064 3012; x_wconf 77' lang='lat' dir='ltr'><strong>veritatem,</strong></span> <span class='ocrx_word' id='word_1_209' title='bbox 1092 2953 1153 3001; x_wconf 91' lang='lat' dir='ltr'><strong>ut</strong></span> <span class='ocrx_word' id='word_1_210' title='bbox 1193 2945 1378 3018; x_wconf 70' lang='lat' dir='ltr'><strong>coepit,</strong></span> <span class='ocrx_word' id='word_1_211' title='bbox 1410 2955 1724 3004; x_wconf 88' lang='lat' dir='ltr'><strong>constanter</strong></span> <span class='ocrx_word' id='word_1_212' title='bbox 1752 2956 1810 3005; x_wconf 91' lang='lat' dir='ltr'><strong>et</strong></span> <span class='ocrx_word' id='word_1_213' title='bbox 1830 2949 1940 3005; x_wconf 92' lang='lat' dir='ltr'><strong>cito</strong></span> <span class='ocrx_word' id='word_1_214' title='bbox 1965 2949 2127 3021; x_wconf 82' lang='lat' dir='ltr'><strong>perfi-</strong></span> 
     </span>
    </p>
   </div>
   <div class='ocr_carea' id='block_1_32' title="bbox 541 3033 2126 3109">
    <p class='ocr_par' dir='ltr' id='par_1_32' title="bbox 541 3033 2126 3109">
     <span class='ocr_line' id='line_1_32' title="bbox 541 3033 2126 3109; baseline 0.005 -22"><span class='ocrx_word' id='word_1_215' title='bbox 541 3033 673 3099; x_wconf 87' lang='lat' dir='ltr'><strong>ciat,</strong></span> <span class='ocrx_word' id='word_1_216' title='bbox 699 3049 787 3100; x_wconf 90' lang='lat' dir='ltr'><strong>ne,</strong></span> <span class='ocrx_word' id='word_1_217' title='bbox 821 3037 962 3106; x_wconf 92' lang='lat' dir='ltr'><strong>quod</strong></span> <span class='ocrx_word' id='word_1_218' title='bbox 988 3037 1147 3102; x_wconf 89' lang='lat' dir='ltr'><strong>absit,</strong></span> <span class='ocrx_word' id='word_1_219' title='bbox 1189 3037 1480 3092; x_wconf 84' lang='lat' dir='ltr'><strong>abutantur</strong></span> <span class='ocrx_word' id='word_1_220' title='bbox 1507 3047 1686 3094; x_wconf 88' lang='lat' dir='ltr'><strong>vestra</strong></span> <span class='ocrx_word' id='word_1_221' title='bbox 1719 3038 2000 3095; x_wconf 88' lang='lat' dir='ltr'><strong>nobilitate</strong></span> <span class='ocrx_word' id='word_1_222' title='bbox 2033 3039 2126 3109; x_wconf 92' lang='lat' dir='ltr'><strong>qui</strong></span> 
     </span>
    </p>
   </div>
   <div class='ocr_carea' id='block_1_33' title="bbox 543 3127 2125 3204">
    <p class='ocr_par' dir='ltr' id='par_1_33' title="bbox 543 3127 2125 3204">
     <span class='ocr_line' id='line_1_33' title="bbox 543 3127 2125 3204; baseline 0.005 -23"><span class='ocrx_word' id='word_1_223' title='bbox 543 3127 856 3197; x_wconf 83' lang='lat' dir='ltr'><strong>cupiditatis</strong></span> <span class='ocrx_word' id='word_1_224' title='bbox 883 3130 1244 3198; x_wconf 89' lang='lat' dir='ltr'><strong>patrocinium</strong></span> <span class='ocrx_word' id='word_1_225' title='bbox 1277 3145 1584 3202; x_wconf 89' lang='lat' dir='ltr'><strong>suscepere.</strong></span> <span class='ocrx_word' id='word_1_226' title='bbox 1623 3131 1756 3187; x_wconf 86' lang='lat' dir='ltr'><strong>Nam</strong></span> <span class='ocrx_word' id='word_1_227' title='bbox 1784 3143 1839 3188; x_wconf 91' lang='lat' dir='ltr'><strong>et</strong></span> <span class='ocrx_word' id='word_1_228' title='bbox 1878 3133 1993 3204; x_wconf 89' lang='lat' dir='ltr'><strong>ipsa</strong></span> <span class='ocrx_word' id='word_1_229' title='bbox 2021 3133 2125 3189; x_wconf 87' lang='lat' dir='ltr'><strong>illis</strong></span> 
     </span>
    </p>
   </div>
   <div class='ocr_carea' id='block_1_34' title="bbox 2248 571 2854 642">
    <p class='ocr_par' dir='ltr' id='par_1_34' title="bbox 2248 571 2854 642">
     <span class='ocr_line' id='line_1_34' title="bbox 2248 571 2854 642; baseline 0.003 -18"><span class='ocrx_word' id='word_1_230' title='bbox 2248 571 2474 642; x_wconf 90' lang='lat' dir='ltr'><strong>vestigio</strong></span> <span class='ocrx_word' id='word_1_231' title='bbox 2513 572 2800 627; x_wconf 89' lang='lat' dir='ltr'><strong>certiorem</strong></span> <span class='ocrx_word' id='word_1_232' title='bbox 2840 610 2854 626; x_wconf 95' lang='lat'><strong>.</strong></span> 
     </span>
    </p>
   </div>
   <div class='ocr_carea' id='block_1_35' title="bbox 2243 662 3168 734">
    <p class='ocr_par' dir='ltr' id='par_1_35' title="bbox 2243 662 3168 734">
     <span class='ocr_line' id='line_1_35' title="bbox 2243 662 3168 734; baseline 0.001 -16"><span class='ocrx_word' id='word_1_233' title='bbox 2243 662 2530 734; x_wconf 87' lang='lat' dir='ltr'><strong>parvitatis</strong></span> <span class='ocrx_word' id='word_1_234' title='bbox 2549 679 2682 721; x_wconf 71' lang='lat' dir='ltr'><strong>mete</strong></span> <span class='ocrx_word' id='word_1_235' title='bbox 2705 663 2997 721; x_wconf 89' lang='lat' dir='ltr'><strong>discedatis</strong></span> <span class='ocrx_word' id='word_1_236' title='bbox 3036 702 3054 719; x_wconf 96' lang='lat'><strong>.</strong></span> <span class='ocrx_word' id='word_1_237' title='bbox 3094 702 3112 719; x_wconf 94' lang='lat'><strong>.</strong></span> <span class='ocrx_word' id='word_1_238' title='bbox 3151 703 3168 720; x_wconf 95' lang='lat'><strong>.</strong></span> 
     </span>
    </p>
   </div>
   <div class='ocr_carea' id='block_1_36' title="bbox 2731 797 3339 858">
    <p class='ocr_par' dir='ltr' id='par_1_36' title="bbox 2731 797 3339 858">
     <span class='ocr_line' id='line_1_36' title="bbox 2731 797 3339 858; baseline 0.005 -3"><span class='ocrx_word' id='word_1_239' title='bbox 2731 797 3070 856; x_wconf 83' lang='lat' dir='ltr'><strong>EPISTOLA</strong></span> <span class='ocrx_word' id='word_1_240' title='bbox 3102 799 3339 858; x_wconf 80' lang='lat' dir='ltr'><strong>LXXIV.</strong></span> 
     </span>
    </p>
   </div>
   <div class='ocr_carea' id='block_1_37' title="bbox 2861 928 3200 970">
    <p class='ocr_par' dir='ltr' id='par_1_37' title="bbox 2861 928 3200 970">
     <span class='ocr_line' id='line_1_37' title="bbox 2861 928 3200 970; baseline 0 -2"><span class='ocrx_word' id='word_1_241' title='bbox 2861 929 2930 968; x_wconf 78' lang='lat' dir='ltr'><strong>AD</strong></span> <span class='ocrx_word' id='word_1_242' title='bbox 2960 928 3200 970; x_wconf 70' lang='lat' dir='ltr'><strong>EUIDBI.</strong></span> 
     </span>
    </p>
   </div>
   <div class='ocr_carea' id='block_1_38' title="bbox 2315 1021 3821 1097">
    <p class='ocr_par' dir='ltr' id='par_1_38' title="bbox 2315 1021 3821 1097">
     <span class='ocr_line' id='line_1_38' title="bbox 2315 1021 3821 1097; baseline 0.005 -20"><span class='ocrx_word' id='word_1_243' title='bbox 2315 1021 2771 1079; x_wconf 85' lang='lat' dir='ltr'><strong>Reverentissimo</strong></span> <span class='ocrx_word' id='word_1_244' title='bbox 2810 1025 3029 1095; x_wconf 70' lang='lat' dir='ltr'><strong>praesuli</strong></span> <span class='ocrx_word' id='word_1_245' title='bbox 3061 1023 3347 1082; x_wconf 85' lang='lat' dir='ltr'><strong>Gueniloni</strong></span> <span class='ocrx_word' id='word_1_246' title='bbox 3397 1023 3580 1097; x_wconf 89' lang='lat' dir='ltr'><strong>Lupus</strong></span> <span class='ocrx_word' id='word_1_247' title='bbox 3619 1025 3675 1082; x_wconf 89' lang='lat' dir='ltr'><strong>in</strong></span> <span class='ocrx_word' id='word_1_248' title='bbox 3717 1025 3821 1084; x_wconf 80' lang='lat' dir='ltr'><strong>Do-</strong></span> 
     </span>
    </p>
   </div>
   <div class='ocr_carea' id='block_1_39' title="bbox 2243 1113 2669 1172">
    <p class='ocr_par' dir='ltr' id='par_1_39' title="bbox 2243 1113 2669 1172">
     <span class='ocr_line' id='line_1_39' title="bbox 2243 1113 2669 1172; baseline 0 -2"><span class='ocrx_word' id='word_1_249' title='bbox 2243 1113 2392 1171; x_wconf 89' lang='lat' dir='ltr'><strong>mino</strong></span> <span class='ocrx_word' id='word_1_250' title='bbox 2420 1115 2669 1172; x_wconf 89' lang='lat' dir='ltr'><strong>salutem.</strong></span> 
     </span>
    </p>
   </div>
   <div class='ocr_carea' id='block_1_40' title="bbox 2315 1205 3820 1279">
    <p class='ocr_par' dir='ltr' id='par_1_40' title="bbox 2315 1205 3820 1279">
     <span class='ocr_line' id='line_1_40' title="bbox 2315 1205 3820 1279; baseline 0.002 -19"><span class='ocrx_word' id='word_1_251' title='bbox 2315 1205 2379 1260; x_wconf 94' lang='lat' dir='ltr'><strong>T.</strong></span> <span class='ocrx_word' id='word_1_252' title='bbox 2423 1205 2633 1260; x_wconf 88' lang='lat' dir='ltr'><strong>Livium</strong></span> <span class='ocrx_word' id='word_1_253' title='bbox 2683 1219 2781 1276; x_wconf 88' lang='lat' dir='ltr'><strong>per</strong></span> <span class='ocrx_word' id='word_1_254' title='bbox 2824 1205 2971 1261; x_wconf 88' lang='lat' dir='ltr'><strong>hunc</strong></span> <span class='ocrx_word' id='word_1_255' title='bbox 3008 1244 3023 1259; x_wconf 94' lang='lat'><strong>.</strong></span> <span class='ocrx_word' id='word_1_256' title='bbox 3065 1245 3080 1261; x_wconf 95' lang='lat'><strong>.</strong></span> <span class='ocrx_word' id='word_1_257' title='bbox 3123 1243 3140 1261; x_wconf 94' lang='lat'><strong>.</strong></span> <span class='ocrx_word' id='word_1_258' title='bbox 3179 1206 3356 1279; x_wconf 84' lang='lat' dir='ltr'><strong>agite,</strong></span> <span class='ocrx_word' id='word_1_259' title='bbox 3403 1207 3532 1278; x_wconf 89' lang='lat' dir='ltr'><strong>quia</strong></span> <span class='ocrx_word' id='word_1_260' title='bbox 3584 1207 3680 1262; x_wconf 87' lang='lat' dir='ltr'><strong>illo</strong></span> <span class='ocrx_word' id='word_1_261' title='bbox 3719 1223 3820 1263; x_wconf 86' lang='lat' dir='ltr'><strong>non</strong></span> 
     </span>
    </p>
   </div>
   <div class='ocr_carea' id='block_1_41' title="bbox 2242 1295 3821 1369">
    <p class='ocr_par' dir='ltr' id='par_1_41' title="bbox 2242 1295 3821 1369">
     <span class='ocr_line' id='line_1_41' title="bbox 2242 1295 3821 1369; baseline 0.002 -19"><span class='ocrx_word' id='word_1_262' title='bbox 2242 1295 2592 1351; x_wconf 88' lang='lat' dir='ltr'><strong>mediocriter</strong></span> <span class='ocrx_word' id='word_1_263' title='bbox 2629 1296 2953 1368; x_wconf 79' lang='lat' dir='ltr'><strong>indigemus.</strong></span> <span class='ocrx_word' id='word_1_264' title='bbox 3004 1295 3148 1353; x_wconf 87' lang='lat' dir='ltr'><strong>Bene</strong></span> <span class='ocrx_word' id='word_1_265' title='bbox 3184 1339 3198 1352; x_wconf 94' lang='lat'><strong>.</strong></span> <span class='ocrx_word' id='word_1_266' title='bbox 3245 1336 3259 1352; x_wconf 94' lang='lat'><strong>.</strong></span> <span class='ocrx_word' id='word_1_267' title='bbox 3303 1337 3319 1353; x_wconf 96' lang='lat'><strong>.</strong></span> <span class='ocrx_word' id='word_1_268' title='bbox 3359 1305 3541 1354; x_wconf 89' lang='lat' dir='ltr'><strong>tamen</strong></span> <span class='ocrx_word' id='word_1_269' title='bbox 3587 1299 3821 1369; x_wconf 85' lang='lat' dir='ltr'><strong>postula-</strong></span> 
     </span>
    </p>
   </div>
   <div class='ocr_carea' id='block_1_42' title="bbox 2245 1387 3820 1460">
    <p class='ocr_par' dir='ltr' id='par_1_42' title="bbox 2245 1387 3820 1460">
     <span class='ocr_line' id='line_1_42' title="bbox 2245 1387 3820 1460; baseline 0.003 -18"><span class='ocrx_word' id='word_1_270' title='bbox 2245 1388 2420 1443; x_wconf 91' lang='lat' dir='ltr'><strong>vimus</strong></span> <span class='ocrx_word' id='word_1_271' title='bbox 2445 1387 2740 1456; x_wconf 84' lang='lat' dir='ltr'><strong>dignamini</strong></span> <span class='ocrx_word' id='word_1_272' title='bbox 2787 1387 3011 1460; x_wconf 90' lang='lat' dir='ltr'><strong>implere</strong></span> <span class='ocrx_word' id='word_1_273' title='bbox 3050 1427 3066 1443; x_wconf 95' lang='lat'><strong>.</strong></span> <span class='ocrx_word' id='word_1_274' title='bbox 3110 1429 3124 1445; x_wconf 93' lang='lat'><strong>.</strong></span> <span class='ocrx_word' id='word_1_275' title='bbox 3169 1431 3182 1445; x_wconf 94' lang='lat'><strong>.</strong></span> <span class='ocrx_word' id='word_1_276' title='bbox 3220 1398 3438 1447; x_wconf 87' lang='lat' dir='ltr'><strong>sanctos</strong></span> <span class='ocrx_word' id='word_1_277' title='bbox 3464 1389 3685 1446; x_wconf 86' lang='lat' dir='ltr'><strong>ordines</strong></span> <span class='ocrx_word' id='word_1_278' title='bbox 3713 1389 3820 1446; x_wconf 81' lang='lat' dir='ltr'><strong>lar-</strong></span> 
     </span>
    </p>
   </div>
   <div class='ocr_carea' id='block_1_43' title="bbox 2242 1478 3820 1549">
    <p class='ocr_par' dir='ltr' id='par_1_43' title="bbox 2242 1478 3820 1549">
     <span class='ocr_line' id='line_1_43' title="bbox 2242 1478 3820 1549; baseline 0.003 -17"><span class='ocrx_word' id='word_1_279' title='bbox 2242 1479 2461 1549; x_wconf 88' lang='lat' dir='ltr'><strong>giemini</strong></span> <span class='ocrx_word' id='word_1_280' title='bbox 2509 1478 2828 1549; x_wconf 90' lang='lat' dir='ltr'><strong>participem</strong></span> <span class='ocrx_word' id='word_1_281' title='bbox 2877 1493 3001 1534; x_wconf 90' lang='lat' dir='ltr'><strong>cum</strong></span> <span class='ocrx_word' id='word_1_282' title='bbox 3054 1518 3070 1534; x_wconf 91' lang='lat'><strong>.</strong></span> <span class='ocrx_word' id='word_1_283' title='bbox 3112 1518 3130 1536; x_wconf 95' lang='lat'><strong>.</strong></span> <span class='ocrx_word' id='word_1_284' title='bbox 3168 1518 3184 1534; x_wconf 94' lang='lat'><strong>.</strong></span> <span class='ocrx_word' id='word_1_285' title='bbox 3242 1479 3492 1536; x_wconf 90' lang='lat' dir='ltr'><strong>insenum</strong></span> <span class='ocrx_word' id='word_1_286' title='bbox 3535 1478 3820 1536; x_wconf 82' lang='lat' dir='ltr'><strong>inﬁrmitas</strong></span> 
     </span>
    </p>
   </div>
   <div class='ocr_carea' id='block_1_44' title="bbox 2243 1569 3820 1640">
    <p class='ocr_par' dir='ltr' id='par_1_44' title="bbox 2243 1569 3820 1640">
     <span class='ocr_line' id='line_1_44' title="bbox 2243 1569 3820 1640; baseline 0.001 -16"><span class='ocrx_word' id='word_1_287' title='bbox 2243 1570 2385 1625; x_wconf 87' lang='lat' dir='ltr'><strong>illius</strong></span> <span class='ocrx_word' id='word_1_288' title='bbox 2409 1570 2746 1640; x_wconf 90' lang='lat' dir='ltr'><strong>promotione</strong></span> <span class='ocrx_word' id='word_1_289' title='bbox 2787 1607 2802 1624; x_wconf 93' lang='lat'><strong>.</strong></span> <span class='ocrx_word' id='word_1_290' title='bbox 2847 1607 2864 1624; x_wconf 92' lang='lat'><strong>.</strong></span> <span class='ocrx_word' id='word_1_291' title='bbox 2905 1608 2922 1625; x_wconf 96' lang='lat'><strong>.</strong></span> <span class='ocrx_word' id='word_1_292' title='bbox 2963 1585 3145 1626; x_wconf 90' lang='lat' dir='ltr'><strong>meum</strong></span> <span class='ocrx_word' id='word_1_293' title='bbox 3189 1569 3332 1640; x_wconf 90' lang='lat' dir='ltr'><strong>quod</strong></span> <span class='ocrx_word' id='word_1_294' title='bbox 3361 1570 3638 1626; x_wconf 86' lang='lat' dir='ltr'><strong>elaboravi</strong></span> <span class='ocrx_word' id='word_1_295' title='bbox 3685 1570 3820 1626; x_wconf 81' lang='lat' dir='ltr'><strong>deli-</strong></span> 
     </span>
    </p>
   </div>
   <div class='ocr_carea' id='block_1_45' title="bbox 2239 1660 3818 1732">
    <p class='ocr_par' dir='ltr' id='par_1_45' title="bbox 2239 1660 3818 1732">
     <span class='ocr_line' id='line_1_45' title="bbox 2239 1660 3818 1732; baseline 0.001 -15"><span class='ocrx_word' id='word_1_296' title='bbox 2239 1661 2373 1717; x_wconf 87' lang='lat' dir='ltr'><strong>bero</strong></span> <span class='ocrx_word' id='word_1_297' title='bbox 2429 1676 2493 1716; x_wconf 90' lang='lat' dir='ltr'><strong>ac</strong></span> <span class='ocrx_word' id='word_1_298' title='bbox 2549 1700 2565 1715; x_wconf 93' lang='lat'><strong>.</strong></span> <span class='ocrx_word' id='word_1_299' title='bbox 2607 1699 2622 1715; x_wconf 93' lang='lat'><strong>.</strong></span> <span class='ocrx_word' id='word_1_300' title='bbox 2665 1699 2682 1716; x_wconf 91' lang='lat'><strong>.</strong></span> <span class='ocrx_word' id='word_1_301' title='bbox 2721 1660 2951 1716; x_wconf 89' lang='lat' dir='ltr'><strong>veritate</strong></span> <span class='ocrx_word' id='word_1_302' title='bbox 2979 1660 3137 1732; x_wconf 89' lang='lat' dir='ltr'><strong>pretii</strong></span> <span class='ocrx_word' id='word_1_303' title='bbox 3185 1676 3292 1731; x_wconf 92' lang='lat' dir='ltr'><strong>quo</strong></span> <span class='ocrx_word' id='word_1_304' title='bbox 3327 1661 3590 1732; x_wconf 89' lang='lat' dir='ltr'><strong>redempti</strong></span> <span class='ocrx_word' id='word_1_305' title='bbox 3638 1677 3818 1718; x_wconf 86' lang='lat' dir='ltr'><strong>sumus</strong></span> 
     </span>
    </p>
   </div>
   <div class='ocr_carea' id='block_1_46' title="bbox 2242 1750 3817 1824">
    <p class='ocr_par' dir='ltr' id='par_1_46' title="bbox 2242 1750 3817 1824">
     <span class='ocr_line' id='line_1_46' title="bbox 2242 1750 3817 1824; baseline 0.001 -19"><span class='ocrx_word' id='word_1_306' title='bbox 2242 1761 2265 1789; x_wconf 79' lang='grc' dir='ltr'><strong>ο</strong></span> <span class='ocrx_word' id='word_1_307' title='bbox 2290 1751 2404 1822; x_wconf 91' lang='lat' dir='ltr'><strong>ipse</strong></span> <span class='ocrx_word' id='word_1_308' title='bbox 2423 1750 2576 1808; x_wconf 88' lang='lat' dir='ltr'><strong>vobis</strong></span> <span class='ocrx_word' id='word_1_309' title='bbox 2599 1750 2735 1824; x_wconf 81' lang='lat' dir='ltr'><strong>elegi</strong></span> <span class='ocrx_word' id='word_1_310' title='bbox 2755 1753 3041 1808; x_wconf 89' lang='lat' dir='ltr'><strong>ostendere</strong></span> <span class='ocrx_word' id='word_1_311' title='bbox 3064 1767 3227 1822; x_wconf 92' lang='lat' dir='ltr'><strong>quam</strong></span> <span class='ocrx_word' id='word_1_312' title='bbox 3252 1767 3350 1823; x_wconf 91' lang='lat' dir='ltr'><strong>per</strong></span> <span class='ocrx_word' id='word_1_313' title='bbox 3370 1752 3666 1822; x_wconf 85' lang='lat' dir='ltr'><strong>quemlibet</strong></span> <span class='ocrx_word' id='word_1_314' title='bbox 3691 1753 3817 1807; x_wconf 88' lang='lat' dir='ltr'><strong>diri-</strong></span> 
     </span>
    </p>
   </div>
   <div class='ocr_carea' id='block_1_47' title="bbox 2899 571 3822 647">
    <p class='ocr_par' dir='ltr' id='par_1_47' title="bbox 2899 571 3822 647">
     <span class='ocr_line' id='line_1_47' title="bbox 2899 571 3822 647; baseline 0.009 -23"><span class='ocrx_word' id='word_1_315' title='bbox 2899 609 2914 625; x_wconf 94' lang='lat'><strong>.</strong></span> <span class='ocrx_word' id='word_1_316' title='bbox 2957 609 2973 624; x_wconf 95' lang='lat'><strong>.</strong></span> <span class='ocrx_word' id='word_1_317' title='bbox 3009 571 3170 642; x_wconf 86' lang='lat' dir='ltr'><strong>digno</strong></span> <span class='ocrx_word' id='word_1_318' title='bbox 3229 579 3408 628; x_wconf 87' lang='lat' dir='ltr'><strong>tamen</strong></span> <span class='ocrx_word' id='word_1_319' title='bbox 3468 574 3822 647; x_wconf 88' lang='lat' dir='ltr'><strong>qualicunque</strong></span> 
     </span>
    </p>
   </div>
   <div class='ocr_carea' id='block_1_48' title="bbox 3209 665 3819 725">
    <p class='ocr_par' dir='ltr' id='par_1_48' title="bbox 3209 665 3819 725">
     <span class='ocr_line' id='line_1_48' title="bbox 3209 665 3819 725; baseline 0.007 -6"><span class='ocrx_word' id='word_1_320' title='bbox 3209 665 3392 722; x_wconf 89' lang='lat' dir='ltr'><strong>valere</strong></span> <span class='ocrx_word' id='word_1_321' title='bbox 3421 666 3655 725; x_wconf 84' lang='lat' dir='ltr'><strong>feliciter</strong></span> <span class='ocrx_word' id='word_1_322' title='bbox 3693 708 3710 724; x_wconf 95' lang='lat'><strong>.</strong></span> <span class='ocrx_word' id='word_1_323' title='bbox 3751 708 3765 723; x_wconf 92' lang='lat'><strong>.</strong></span> <span class='ocrx_word' id='word_1_324' title='bbox 3806 708 3819 723; x_wconf 95' lang='lat'><strong>.</strong></span> 
     </span>
    </p>
   </div>
   <div class='ocr_carea' id='block_1_49' title="bbox 1441 1834 3816 1915">
    <p class='ocr_par' dir='ltr' id='par_1_49' title="bbox 1441 1834 3816 1915">
     <span class='ocr_line' id='line_1_49' title="bbox 1441 1834 3816 1915; baseline -0 -15"><span class='ocrx_word' id='word_1_325' title='bbox 1441 1843 1929 1915; x_wconf 88' lang='lat' dir='ltr'><strong>aequissimumjam</strong></span> <span class='ocrx_word' id='word_1_326' title='bbox 1952 1845 2138 1900; x_wconf 87' lang='lat' dir='ltr'><strong>decre-</strong></span> <span class='ocrx_word' id='word_1_327' title='bbox 2165 1834 2214 1896; x_wconf 82' lang='grc' dir='ltr'><strong><em>Β</em></strong></span> <span class='ocrx_word' id='word_1_328' title='bbox 2240 1855 2386 1912; x_wconf 88' lang='lat' dir='ltr'><strong>gere,</strong></span> <span class='ocrx_word' id='word_1_329' title='bbox 2421 1850 2480 1897; x_wconf 92' lang='lat' dir='ltr'><strong>ut</strong></span> <span class='ocrx_word' id='word_1_330' title='bbox 2513 1842 2623 1899; x_wconf 94' lang='lat' dir='ltr'><strong>otio</strong></span> <span class='ocrx_word' id='word_1_331' title='bbox 2655 1844 2812 1898; x_wconf 89' lang='lat' dir='ltr'><strong>nobis</strong></span> <span class='ocrx_word' id='word_1_332' title='bbox 2835 1842 3094 1898; x_wconf 90' lang='lat' dir='ltr'><strong>divinitus</strong></span> <span class='ocrx_word' id='word_1_333' title='bbox 3113 1843 3326 1907; x_wconf 87' lang='lat' dir='ltr'><strong>collato,</strong></span> <span class='ocrx_word' id='word_1_334' title='bbox 3345 1851 3619 1898; x_wconf 88' lang='lat' dir='ltr'><strong>tantarum</strong></span> <span class='ocrx_word' id='word_1_335' title='bbox 3640 1859 3816 1899; x_wconf 85' lang='lat' dir='ltr'><strong>rerum</strong></span> 
     </span>
    </p>
   </div>
   <div class='ocr_carea' id='block_1_50' title="bbox 2238 1932 3656 2006">
    <p class='ocr_par' dir='ltr' id='par_1_50' title="bbox 2238 1932 3656 2006">
     <span class='ocr_line' id='line_1_50' title="bbox 2238 1932 3656 2006; baseline 0.003 -18"><span class='ocrx_word' id='word_1_336' title='bbox 2238 1932 2589 1989; x_wconf 88' lang='lat' dir='ltr'><strong>subtilitatem</strong></span> <span class='ocrx_word' id='word_1_337' title='bbox 2624 1933 2838 1990; x_wconf 79' lang='lat' dir='ltr'><strong>facilius</strong></span> <span class='ocrx_word' id='word_1_338' title='bbox 2863 1949 3076 1990; x_wconf 92' lang='lat' dir='ltr'><strong>mecum</strong></span> <span class='ocrx_word' id='word_1_339' title='bbox 3103 1935 3321 2006; x_wconf 89' lang='lat' dir='ltr'><strong>possitis</strong></span> <span class='ocrx_word' id='word_1_340' title='bbox 3352 1936 3656 1992; x_wconf 88' lang='lat' dir='ltr'><strong>advertere.</strong></span> 
     </span>
    </p>
   </div>
   <div class='ocr_carea' id='block_1_51' title="bbox 2727 2063 3335 2122">
    <p class='ocr_par' dir='ltr' id='par_1_51' title="bbox 2727 2063 3335 2122">
     <span class='ocr_line' id='line_1_51' title="bbox 2727 2063 3335 2122; baseline 0 -2"><span class='ocrx_word' id='word_1_341' title='bbox 2727 2063 3063 2122; x_wconf 86' lang='lat' dir='ltr'><strong>EPISTOLA</strong></span> <span class='ocrx_word' id='word_1_342' title='bbox 3122 2064 3335 2121; x_wconf 79' lang='lat' dir='ltr'><strong>LXXV.</strong></span> 
     </span>
    </p>
   </div>
   <div class='ocr_carea' id='block_1_52' title="bbox 2796 2173 3247 2215">
    <p class='ocr_par' dir='ltr' id='par_1_52' title="bbox 2796 2173 3247 2215">
     <span class='ocr_line' id='line_1_52' title="bbox 2796 2173 3247 2215; baseline 0 -1"><span class='ocrx_word' id='word_1_343' title='bbox 2796 2176 2864 2214; x_wconf 69' lang='lat' dir='ltr'><strong>AD</strong></span> <span class='ocrx_word' id='word_1_344' title='bbox 2903 2173 3247 2215; x_wconf 73' lang='lat' dir='ltr'><strong>BERTOLDUI.</strong></span> 
     </span>
    </p>
   </div>
   <div class='ocr_carea' id='block_1_53' title="bbox 2303 2269 3399 2341">
    <p class='ocr_par' dir='ltr' id='par_1_53' title="bbox 2303 2269 3399 2341">
     <span class='ocr_line' id='line_1_53' title="bbox 2303 2269 3399 2341; baseline 0.001 -16"><span class='ocrx_word' id='word_1_345' title='bbox 2303 2269 2510 2328; x_wconf 89' lang='lat' dir='ltr'><strong>Dilecto</strong></span> <span class='ocrx_word' id='word_1_346' title='bbox 2539 2285 2638 2328; x_wconf 90' lang='lat' dir='ltr'><strong>suo</strong></span> <span class='ocrx_word' id='word_1_347' title='bbox 2662 2269 2916 2327; x_wconf 86' lang='lat' dir='ltr'><strong>Bertoldo</strong></span> <span class='ocrx_word' id='word_1_348' title='bbox 2936 2270 3122 2341; x_wconf 91' lang='lat' dir='ltr'><strong>Lupus</strong></span> <span class='ocrx_word' id='word_1_349' title='bbox 3147 2271 3399 2328; x_wconf 87' lang='lat' dir='ltr'><strong>salutem.</strong></span> 
     </span>
    </p>
   </div>
   <div class='ocr_carea' id='block_1_54' title="bbox 2302 2363 3815 2436">
    <p class='ocr_par' dir='ltr' id='par_1_54' title="bbox 2302 2363 3815 2436">
     <span class='ocr_line' id='line_1_54' title="bbox 2302 2363 3815 2436; baseline 0 -17"><span class='ocrx_word' id='word_1_350' title='bbox 2302 2364 2360 2419; x_wconf 90' lang='lat' dir='ltr'><strong>ln</strong></span> <span class='ocrx_word' id='word_1_351' title='bbox 2381 2366 2484 2421; x_wconf 90' lang='lat' dir='ltr'><strong>hoc</strong></span> <span class='ocrx_word' id='word_1_352' title='bbox 2503 2379 2662 2436; x_wconf 90' lang='lat' dir='ltr'><strong>quem</strong></span> <span class='ocrx_word' id='word_1_353' title='bbox 2687 2379 2860 2435; x_wconf 88' lang='lat' dir='ltr'><strong>nuper</strong></span> <span class='ocrx_word' id='word_1_354' title='bbox 2888 2363 3176 2420; x_wconf 88' lang='lat' dir='ltr'><strong>habuimus</strong></span> <span class='ocrx_word' id='word_1_355' title='bbox 3200 2371 3488 2430; x_wconf 89' lang='lat' dir='ltr'><strong>conventu,</strong></span> <span class='ocrx_word' id='word_1_356' title='bbox 3503 2379 3815 2436; x_wconf 88' lang='lat' dir='ltr'><strong>quanquam</strong></span> 
     </span>
    </p>
   </div>
   <div class='ocr_carea' id='block_1_55' title="bbox 2230 2455 3816 2526">
    <p class='ocr_par' dir='ltr' id='par_1_55' title="bbox 2230 2455 3816 2526">
     <span class='ocr_line' id='line_1_55' title="bbox 2230 2455 3816 2526; baseline -0.001 -15"><span class='ocrx_word' id='word_1_357' title='bbox 2230 2455 2540 2519; x_wconf 90' lang='lat' dir='ltr'><strong>voluissem,</strong></span> <span class='ocrx_word' id='word_1_358' title='bbox 2576 2456 2736 2526; x_wconf 89' lang='lat' dir='ltr'><strong>idque</strong></span> <span class='ocrx_word' id='word_1_359' title='bbox 2754 2457 3007 2526; x_wconf 90' lang='lat' dir='ltr'><strong>episcopo</strong></span> <span class='ocrx_word' id='word_1_360' title='bbox 3036 2463 3218 2511; x_wconf 90' lang='lat' dir='ltr'><strong>vestro</strong></span> <span class='ocrx_word' id='word_1_361' title='bbox 3251 2455 3533 2522; x_wconf 83' lang='lat' dir='ltr'><strong>dixissem,</strong></span> <span class='ocrx_word' id='word_1_362' title='bbox 3581 2456 3816 2511; x_wconf 85' lang='lat' dir='ltr'><strong>demiror</strong></span> 
     </span>
    </p>
   </div>
   <div class='ocr_carea' id='block_1_56' title="bbox 2230 2544 3815 2617">
    <p class='ocr_par' dir='ltr' id='par_1_56' title="bbox 2230 2544 3815 2617">
     <span class='ocr_line' id='line_1_56' title="bbox 2230 2544 3815 2617; baseline -0.002 -15"><span class='ocrx_word' id='word_1_363' title='bbox 2230 2547 2521 2617; x_wconf 82' lang='lat' dir='ltr'><strong>contigisse</strong></span> <span class='ocrx_word' id='word_1_364' title='bbox 2544 2561 2609 2603; x_wconf 89' lang='lat' dir='ltr'><strong>ne</strong></span> <span class='ocrx_word' id='word_1_365' title='bbox 2629 2561 2729 2603; x_wconf 88' lang='lat' dir='ltr'><strong>nos</strong></span> <span class='ocrx_word' id='word_1_366' title='bbox 2749 2545 2979 2600; x_wconf 89' lang='lat' dir='ltr'><strong>invicem</strong></span> <span class='ocrx_word' id='word_1_367' title='bbox 3006 2545 3330 2601; x_wconf 89' lang='lat' dir='ltr'><strong>videremus.</strong></span> <span class='ocrx_word' id='word_1_368' title='bbox 3345 2544 3552 2601; x_wconf 71' lang='lat' dir='ltr'><strong>Praeter</strong></span> <span class='ocrx_word' id='word_1_369' title='bbox 3566 2545 3676 2600; x_wconf 83' lang='lat' dir='ltr'><strong>alia</strong></span> <span class='ocrx_word' id='word_1_370' title='bbox 3691 2559 3815 2601; x_wconf 82' lang='lat' dir='ltr'><strong>vero</strong></span> 
     </span>
    </p>
   </div>
   <div class='ocr_carea' id='block_1_57' title="bbox 2229 2640 3813 2713">
    <p class='ocr_par' dir='ltr' id='par_1_57' title="bbox 2229 2640 3813 2713">
     <span class='ocr_line' id='line_1_57' title="bbox 2229 2640 3813 2713; baseline -0.001 -17"><span class='ocrx_word' id='word_1_371' title='bbox 2229 2656 2351 2711; x_wconf 70' lang='lat' dir='ltr'><strong>quae</strong></span> <span class='ocrx_word' id='word_1_372' title='bbox 2389 2641 2531 2696; x_wconf 90' lang='lat' dir='ltr'><strong>inter</strong></span> <span class='ocrx_word' id='word_1_373' title='bbox 2558 2657 2658 2696; x_wconf 90' lang='lat' dir='ltr'><strong>nos</strong></span> <span class='ocrx_word' id='word_1_374' title='bbox 2697 2640 3038 2695; x_wconf 84' lang='lat' dir='ltr'><strong>familiariter</strong></span> <span class='ocrx_word' id='word_1_375' title='bbox 3069 2641 3232 2713; x_wconf 76' lang='lat'><strong>118</strong></span> <span class='ocrx_word' id='word_1_376' title='bbox 3258 2640 3658 2705; x_wconf 81' lang='lat' dir='ltr'><strong>conferrentur,</strong></span> <span class='ocrx_word' id='word_1_377' title='bbox 3705 2651 3813 2696; x_wconf 80' lang='lat' dir='ltr'><strong>sta-</strong></span> 
     </span>
    </p>
   </div>
   <div class='ocr_carea' id='block_1_58' title="bbox 2233 2729 3812 2803">
    <p class='ocr_par' dir='ltr' id='par_1_58' title="bbox 2233 2729 3812 2803">
     <span class='ocr_line' id='line_1_58' title="bbox 2233 2729 3812 2803; baseline -0.001 -16"><span class='ocrx_word' id='word_1_378' title='bbox 2233 2741 2438 2788; x_wconf 88' lang='lat' dir='ltr'><strong>tueram</strong></span> <span class='ocrx_word' id='word_1_379' title='bbox 2460 2747 2557 2787; x_wconf 88' lang='lat' dir='ltr'><strong>vos</strong></span> <span class='ocrx_word' id='word_1_380' title='bbox 2580 2731 2814 2801; x_wconf 90' lang='lat' dir='ltr'><strong>precari,</strong></span> <span class='ocrx_word' id='word_1_381' title='bbox 2843 2732 2987 2802; x_wconf 91' lang='lat' dir='ltr'><strong>quod</strong></span> <span class='ocrx_word' id='word_1_382' title='bbox 3019 2747 3165 2787; x_wconf 90' lang='lat' dir='ltr'><strong>nunc</strong></span> <span class='ocrx_word' id='word_1_383' title='bbox 3192 2729 3450 2803; x_wconf 75' lang='lat' dir='ltr'><strong>efﬂagito,</strong></span> <span class='ocrx_word' id='word_1_384' title='bbox 3482 2740 3540 2787; x_wconf 93' lang='lat' dir='ltr'><strong>ut</strong></span> <span class='ocrx_word' id='word_1_385' title='bbox 3585 2731 3640 2786; x_wconf 91' lang='lat' dir='ltr'><strong>in</strong></span> <span class='ocrx_word' id='word_1_386' title='bbox 3673 2731 3812 2786; x_wconf 83' lang='lat' dir='ltr'><strong>saltu</strong></span> 
     </span>
    </p>
   </div>
   <div class='ocr_carea' id='block_1_59' title="bbox 2229 2821 3814 2894">
    <p class='ocr_par' dir='ltr' id='par_1_59' title="bbox 2229 2821 3814 2894">
     <span class='ocr_line' id='line_1_59' title="bbox 2229 2821 3814 2894; baseline -0.002 -15"><span class='ocrx_word' id='word_1_387' title='bbox 2229 2823 2368 2894; x_wconf 89' lang='lat' dir='ltr'><strong>apud</strong></span> <span class='ocrx_word' id='word_1_388' title='bbox 2393 2822 2766 2879; x_wconf 87' lang='lat' dir='ltr'><strong>Matriniacum</strong></span> <span class='ocrx_word' id='word_1_389' title='bbox 2802 2830 3042 2878; x_wconf 89' lang='lat' dir='ltr'><strong>vestrum</strong></span> <span class='ocrx_word' id='word_1_390' title='bbox 3082 2821 3388 2894; x_wconf 88' lang='lat' dir='ltr'><strong>largiamini</strong></span> <span class='ocrx_word' id='word_1_391' title='bbox 3435 2821 3596 2878; x_wconf 89' lang='lat' dir='ltr'><strong>nobis</strong></span> <span class='ocrx_word' id='word_1_392' title='bbox 3624 2821 3814 2891; x_wconf 86' lang='lat' dir='ltr'><strong>viginti</strong></span> 
     </span>
    </p>
   </div>
   <div class='ocr_carea' id='block_1_60' title="bbox 2228 2915 3814 2988">
    <p class='ocr_par' dir='ltr' id='par_1_60' title="bbox 2228 2915 3814 2988">
     <span class='ocr_line' id='line_1_60' title="bbox 2228 2915 3814 2988; baseline -0.001 -16"><span class='ocrx_word' id='word_1_393' title='bbox 2228 2917 2473 2986; x_wconf 88' lang='lat' dir='ltr'><strong>arbores,</strong></span> <span class='ocrx_word' id='word_1_394' title='bbox 2495 2932 2792 2987; x_wconf 90' lang='lat' dir='ltr'><strong>earumque</strong></span> <span class='ocrx_word' id='word_1_395' title='bbox 2817 2916 3022 2988; x_wconf 89' lang='lat' dir='ltr'><strong>peritos</strong></span> <span class='ocrx_word' id='word_1_396' title='bbox 3049 2916 3403 2972; x_wconf 90' lang='lat' dir='ltr'><strong>commodetis</strong></span> <span class='ocrx_word' id='word_1_397' title='bbox 3421 2915 3630 2986; x_wconf 89' lang='lat' dir='ltr'><strong>aliquot</strong></span> <span class='ocrx_word' id='word_1_398' title='bbox 3649 2930 3814 2971; x_wconf 66' lang='lat' dir='ltr'><strong>caeso-</strong></span> 
     </span>
    </p>
   </div>
   <div class='ocr_carea' id='block_1_61' title="bbox 2228 3007 3814 3078">
    <p class='ocr_par' dir='ltr' id='par_1_61' title="bbox 2228 3007 3814 3078">
     <span class='ocr_line' id='line_1_61' title="bbox 2228 3007 3814 3078; baseline -0.004 -12"><span class='ocrx_word' id='word_1_399' title='bbox 2228 3027 2333 3076; x_wconf 89' lang='lat' dir='ltr'><strong>res,</strong></span> <span class='ocrx_word' id='word_1_400' title='bbox 2377 3019 2436 3065; x_wconf 91' lang='lat' dir='ltr'><strong>ut</strong></span> <span class='ocrx_word' id='word_1_401' title='bbox 2470 3007 2645 3078; x_wconf 86' lang='lat' dir='ltr'><strong>juncti</strong></span> <span class='ocrx_word' id='word_1_402' title='bbox 2699 3008 2901 3064; x_wconf 88' lang='lat' dir='ltr'><strong>nostris</strong></span> <span class='ocrx_word' id='word_1_403' title='bbox 2947 3007 3248 3064; x_wconf 89' lang='lat' dir='ltr'><strong>naviculam</strong></span> <span class='ocrx_word' id='word_1_404' title='bbox 3287 3007 3442 3063; x_wconf 90' lang='lat' dir='ltr'><strong>nobis</strong></span> <span class='ocrx_word' id='word_1_405' title='bbox 3485 3013 3814 3077; x_wconf 85' lang='lat' dir='ltr'><strong>componant</strong></span> 
     </span>
    </p>
   </div>
   <div class='ocr_carea' id='block_1_62' title="bbox 2227 3100 3815 3172">
    <p class='ocr_par' dir='ltr' id='par_1_62' title="bbox 2227 3100 3815 3172">
     <span class='ocr_line' id='line_1_62' title="bbox 2227 3100 3815 3172; baseline -0.003 -12"><span class='ocrx_word' id='word_1_406' title='bbox 2227 3103 2506 3160; x_wconf 88' lang='lat' dir='ltr'><strong>meliorem</strong></span> <span class='ocrx_word' id='word_1_407' title='bbox 2562 3118 2724 3172; x_wconf 91' lang='lat' dir='ltr'><strong>quam</strong></span> <span class='ocrx_word' id='word_1_408' title='bbox 2771 3101 3017 3158; x_wconf 89' lang='lat' dir='ltr'><strong>invenire</strong></span> <span class='ocrx_word' id='word_1_409' title='bbox 3067 3100 3337 3172; x_wconf 83' lang='lat' dir='ltr'><strong>possimus</strong></span> <span class='ocrx_word' id='word_1_410' title='bbox 3381 3100 3650 3157; x_wconf 88' lang='lat' dir='ltr'><strong>venalem.</strong></span> <span class='ocrx_word' id='word_1_411' title='bbox 3713 3101 3815 3156; x_wconf 87' lang='lat' dir='ltr'><strong>Per</strong></span> 
     </span>
    </p>
   </div>
   <div class='ocr_carea' id='block_1_63' title="bbox 543 3191 3814 3281">
    <p class='ocr_par' dir='ltr' id='par_1_63' title="bbox 543 3191 3814 3281">
     <span class='ocr_line' id='line_1_63' title="bbox 543 3191 3814 3281; baseline 0.005 -14"><span class='ocrx_word' id='word_1_412' title='bbox 543 3217 611 3270; x_wconf 85' lang='lat' dir='ltr'><strong>ad</strong></span> <span class='ocrx_word' id='word_1_413' title='bbox 645 3215 1051 3274; x_wconf 86' lang='lat' dir='ltr'><strong>subversionem</strong></span> <span class='ocrx_word' id='word_1_414' title='bbox 1081 3219 1323 3275; x_wconf 85' lang='lat' dir='ltr'><strong>ecclesiae</strong></span> <span class='ocrx_word' id='word_1_415' title='bbox 1351 3191 1551 3276; x_wconf 76' lang='lat' dir='ltr'><strong>nostrae</strong></span> <span class='ocrx_word' id='word_1_416' title='bbox 1580 3223 1875 3280; x_wconf 89' lang='lat' dir='ltr'><strong>oratorium</strong></span> <span class='ocrx_word' id='word_1_417' title='bbox 1896 3191 2121 3281; x_wconf 48' lang='lat' dir='ltr'><strong>.novmn</strong></span> <span class='ocrx_word' id='word_1_418' title='bbox 2151 3208 2200 3272; x_wconf 76' lang='grc' dir='ltr'>ο</span> <span class='ocrx_word' id='word_1_419' title='bbox 2228 3195 2371 3249; x_wconf 72' lang='lat' dir='ltr'><strong>hunc</strong></span> <span class='ocrx_word' id='word_1_420' title='bbox 2399 3208 2530 3264; x_wconf 62' lang='lat' dir='ltr'><strong>ergo</strong></span> <span class='ocrx_word' id='word_1_421' title='bbox 2553 3192 2801 3248; x_wconf 62' lang='lat' dir='ltr'><strong>&quot;unum&quot;</strong></span> <span class='ocrx_word' id='word_1_422' title='bbox 2827 3191 2973 3264; x_wconf 59' lang='lat' dir='ltr'><strong>(&quot;md</strong></span> <span class='ocrx_word' id='word_1_423' title='bbox 3013 3191 3170 3248; x_wconf 57' lang='lat' dir='ltr'><strong>vobis</strong></span> <span class='ocrx_word' id='word_1_424' title='bbox 3211 3192 3512 3250; x_wconf 62' lang='lat' dir='ltr'><strong>concedere</strong></span> <span class='ocrx_word' id='word_1_425' title='bbox 3546 3192 3814 3265; x_wconf 58' lang='lat' dir='ltr'><strong>placuem</strong></span> 
     </span>
    </p>
   </div>
   <div class='ocr_carea' id='block_1_64' title="bbox 541 3311 2118 3384">
    <p class='ocr_par' dir='ltr' id='par_1_64' title="bbox 541 3311 2118 3384">
     <span class='ocr_line' id='line_1_64' title="bbox 541 3311 2118 3384; baseline 0.008 -24"><span class='ocrx_word' id='word_1_426' title='bbox 541 3318 847 3365; x_wconf 85' lang='lat' dir='ltr'><strong>commenta</strong></span> <span class='ocrx_word' id='word_1_427' title='bbox 873 3318 974 3375; x_wconf 89' lang='lat' dir='ltr'><strong>est,</strong></span> <span class='ocrx_word' id='word_1_428' title='bbox 997 3318 1052 3364; x_wconf 91' lang='lat' dir='ltr'><strong>et</strong></span> <span class='ocrx_word' id='word_1_429' title='bbox 1079 3327 1146 3367; x_wconf 92' lang='lat' dir='ltr'><strong>ne</strong></span> <span class='ocrx_word' id='word_1_430' title='bbox 1169 3311 1383 3368; x_wconf 87' lang='lat' dir='ltr'><strong>veritati</strong></span> <span class='ocrx_word' id='word_1_431' title='bbox 1407 3315 1763 3384; x_wconf 86' lang='lat' dir='ltr'><strong>acquiescant</strong></span> <span class='ocrx_word' id='word_1_432' title='bbox 1787 3317 2118 3372; x_wconf 88' lang='lat' dir='ltr'><strong>unanimita-</strong></span> 
     </span>
    </p>
   </div>
   <div class='ocr_carea' id='block_1_65' title="bbox 542 3402 2123 3485">
    <p class='ocr_par' dir='ltr' id='par_1_65' title="bbox 542 3402 2123 3485">
     <span class='ocr_line' id='line_1_65' title="bbox 542 3402 2123 3485; baseline 0.005 -31"><span class='ocrx_word' id='word_1_433' title='bbox 542 3409 761 3472; x_wconf 88' lang='lat' dir='ltr'><strong>tcmque</strong></span> <span class='ocrx_word' id='word_1_434' title='bbox 779 3402 1060 3460; x_wconf 86' lang='lat' dir='ltr'><strong>eharitatis</strong></span> <span class='ocrx_word' id='word_1_435' title='bbox 1081 3403 1394 3469; x_wconf 85' lang='lat' dir='ltr'><strong>dissolvant,</strong></span> <span class='ocrx_word' id='word_1_436' title='bbox 1428 3406 1605 3461; x_wconf 90' lang='lat' dir='ltr'><strong>adhuc</strong></span> <span class='ocrx_word' id='word_1_437' title='bbox 1635 3407 1761 3463; x_wconf 91' lang='lat' dir='ltr'><strong>inde</strong></span> <span class='ocrx_word' id='word_1_438' title='bbox 1789 3423 1911 3485; x_wconf 75' lang='lat' dir='ltr'><strong>sese</strong></span> <span class='ocrx_word' id='word_1_439' title='bbox 1933 3409 2123 3463; x_wconf 87' lang='lat' dir='ltr'><strong>horta-</strong></span> 
     </span>
    </p>
   </div>
   <div class='ocr_carea' id='block_1_66' title="bbox 541 3493 2122 3568">
    <p class='ocr_par' dir='ltr' id='par_1_66' title="bbox 541 3493 2122 3568">
     <span class='ocr_line' id='line_1_66' title="bbox 541 3493 2122 3568; baseline 0.006 -22"><span class='ocrx_word' id='word_1_440' title='bbox 541 3501 650 3548; x_wconf 89' lang='lat' dir='ltr'><strong>tur.</strong></span> <span class='ocrx_word' id='word_1_441' title='bbox 702 3493 834 3549; x_wconf 88' lang='lat' dir='ltr'><strong>Peto</strong></span> <span class='ocrx_word' id='word_1_442' title='bbox 878 3494 1042 3550; x_wconf 87' lang='lat' dir='ltr'><strong>etiam</strong></span> <span class='ocrx_word' id='word_1_443' title='bbox 1089 3505 1151 3550; x_wconf 92' lang='lat' dir='ltr'><strong>ut</strong></span> <span class='ocrx_word' id='word_1_444' title='bbox 1205 3497 1272 3552; x_wconf 90' lang='lat' dir='ltr'><strong>ad</strong></span> <span class='ocrx_word' id='word_1_445' title='bbox 1325 3497 1774 3568; x_wconf 88' lang='lat' dir='ltr'><strong>supplicationem</strong></span> <span class='ocrx_word' id='word_1_446' title='bbox 1831 3498 2122 3557; x_wconf 89' lang='lat' dir='ltr'><strong>Gerohaldi</strong></span> 
     </span>
    </p>
   </div>
   <div class='ocr_carea' id='block_1_67' title="bbox 543 3584 2122 3662">
    <p class='ocr_par' dir='ltr' id='par_1_67' title="bbox 543 3584 2122 3662">
     <span class='ocr_line' id='line_1_67' title="bbox 543 3584 2122 3662; baseline 0.003 -19"><span class='ocrx_word' id='word_1_447' title='bbox 543 3584 701 3656; x_wconf 79' lang='grc'><strong>117</strong></span> <span class='ocrx_word' id='word_1_448' title='bbox 731 3587 1030 3659; x_wconf 85' lang='lat' dir='ltr'><strong>presbyteri</strong></span> <span class='ocrx_word' id='word_1_449' title='bbox 1054 3588 1082 3628; x_wconf 68' lang='grc' dir='ltr'>δ</span> <span class='ocrx_word' id='word_1_450' title='bbox 1119 3587 1252 3642; x_wconf 89' lang='lat' dir='ltr'><strong>Lau.</strong></span> <span class='ocrx_word' id='word_1_451' title='bbox 1295 3587 1592 3644; x_wconf 89' lang='lat' dir='ltr'><strong>Diaconum</strong></span> <span class='ocrx_word' id='word_1_452' title='bbox 1618 3587 1735 3658; x_wconf 85' lang='lat' dir='ltr'><strong>ejus</strong></span> <span class='ocrx_word' id='word_1_453' title='bbox 1759 3592 2122 3662; x_wconf 90' lang='lat' dir='ltr'><strong>propinquum</strong></span> 
     </span>
    </p>
   </div>
   <div class='ocr_carea' id='block_1_68' title="bbox 537 3675 2122 3749">
    <p class='ocr_par' dir='ltr' id='par_1_68' title="bbox 537 3675 2122 3749">
     <span class='ocr_line' id='line_1_68' title="bbox 537 3675 2122 3749; baseline 0.004 -20"><span class='ocrx_word' id='word_1_454' title='bbox 537 3675 593 3730; x_wconf 88' lang='lat' dir='ltr'><strong>in</strong></span> <span class='ocrx_word' id='word_1_455' title='bbox 616 3677 782 3746; x_wconf 91' lang='lat' dir='ltr'><strong>ipsius</strong></span> <span class='ocrx_word' id='word_1_456' title='bbox 816 3677 970 3732; x_wconf 92' lang='lat' dir='ltr'><strong>titulo</strong></span> <span class='ocrx_word' id='word_1_457' title='bbox 994 3677 1285 3748; x_wconf 87' lang='lat' dir='ltr'><strong>dignemini</strong></span> <span class='ocrx_word' id='word_1_458' title='bbox 1308 3678 1583 3745; x_wconf 88' lang='lat' dir='ltr'><strong>ordinare,</strong></span> <span class='ocrx_word' id='word_1_459' title='bbox 1606 3679 1861 3749; x_wconf 91' lang='lat' dir='ltr'><strong>quoniam</strong></span> <span class='ocrx_word' id='word_1_460' title='bbox 1895 3681 2122 3737; x_wconf 83' lang='lat' dir='ltr'><strong>dilllcul-</strong></span> 
     </span>
    </p>
   </div>
   <div class='ocr_carea' id='block_1_69' title="bbox 533 3768 2123 3841">
    <p class='ocr_par' dir='ltr' id='par_1_69' title="bbox 533 3768 2123 3841">
     <span class='ocr_line' id='line_1_69' title="bbox 533 3768 2123 3841; baseline 0.005 -17"><span class='ocrx_word' id='word_1_461' title='bbox 533 3776 647 3824; x_wconf 84' lang='lat' dir='ltr'><strong>tate</strong></span> <span class='ocrx_word' id='word_1_462' title='bbox 671 3769 819 3826; x_wconf 89' lang='lat' dir='ltr'><strong>visus</strong></span> <span class='ocrx_word' id='word_1_463' title='bbox 842 3768 1157 3841; x_wconf 89' lang='lat' dir='ltr'><strong>frequenter</strong></span> <span class='ocrx_word' id='word_1_464' title='bbox 1185 3786 1293 3826; x_wconf 90' lang='lat' dir='ltr'><strong>non</strong></span> <span class='ocrx_word' id='word_1_465' title='bbox 1326 3770 1524 3826; x_wconf 80' lang='lat' dir='ltr'><strong>sufficit</strong></span> <span class='ocrx_word' id='word_1_466' title='bbox 1552 3772 1889 3829; x_wconf 85' lang='lat' dir='ltr'><strong>sacerdotale</strong></span> <span class='ocrx_word' id='word_1_467' title='bbox 1927 3789 2123 3832; x_wconf 88' lang='lat' dir='ltr'><strong>munus</strong></span> 
     </span>
    </p>
   </div>
   <div class='ocr_carea' id='block_1_70' title="bbox 609 3906 2120 3982">
    <p class='ocr_par' dir='ltr' id='par_1_70' title="bbox 609 3906 2120 3982">
     <span class='ocr_line' id='line_1_70' title="bbox 609 3906 2120 3982; baseline 0.004 -23"><span class='ocrx_word' id='word_1_468' title='bbox 609 3918 633 3946; x_wconf 74' lang='grc' dir='ltr'>ι</span> <span class='ocrx_word' id='word_1_469' title='bbox 667 3906 947 3982; x_wconf 74' lang='lat' dir='ltr'><strong>&#39;Derestraz</strong></span> <span class='ocrx_word' id='word_1_470' title='bbox 971 3909 1116 3962; x_wconf 85' lang='lat' dir='ltr'><strong>char.</strong></span> <span class='ocrx_word' id='word_1_471' title='bbox 1148 3906 1224 3962; x_wconf 91' lang='lat' dir='ltr'><strong>lta</strong></span> <span class='ocrx_word' id='word_1_472' title='bbox 1236 3906 1640 3982; x_wconf 83' lang='lat' dir='ltr'><strong>emendavimus</strong></span> <span class='ocrx_word' id='word_1_473' title='bbox 1659 3907 1976 3982; x_wconf 62' lang='lat' dir='ltr'><strong>exingenio,</strong></span> <span class='ocrx_word' id='word_1_474' title='bbox 1997 3924 2120 3982; x_wconf 87' lang='lat' dir='ltr'><strong>cum</strong></span> 
     </span>
    </p>
   </div>
   <div class='ocr_carea' id='block_1_71' title="bbox 538 3976 2121 4045">
    <p class='ocr_par' dir='ltr' id='par_1_71' title="bbox 538 3976 2121 4045">
     <span class='ocr_line' id='line_1_71' title="bbox 538 3976 2121 4045; baseline 0.004 -16"><span class='ocrx_word' id='word_1_475' title='bbox 538 3983 699 4029; x_wconf 80' lang='lat' dir='ltr'><strong>antea</strong></span> <span class='ocrx_word' id='word_1_476' title='bbox 732 3976 1018 4045; x_wconf 83' lang='lat' dir='ltr'><strong>legeretur,</strong></span> <span class='ocrx_word' id='word_1_477' title='bbox 1048 3987 1094 4031; x_wconf 87' lang='lat' dir='ltr'><strong>et</strong></span> <span class='ocrx_word' id='word_1_478' title='bbox 1124 3988 1308 4032; x_wconf 74' lang='lat' dir='ltr'><strong>uestrw</strong></span> <span class='ocrx_word' id='word_1_479' title='bbox 1328 3978 1500 4042; x_wconf 59' lang='lat' dir='ltr'><strong>clima,</strong></span> <span class='ocrx_word' id='word_1_480' title='bbox 1527 3987 1632 4033; x_wconf 90' lang='lat' dir='ltr'><strong>etc.</strong></span> <span class='ocrx_word' id='word_1_481' title='bbox 1662 3976 1980 4034; x_wconf 72' lang='lat' dir='ltr'><strong>Necessaria</strong></span> <span class='ocrx_word' id='word_1_482' title='bbox 2005 3980 2121 4036; x_wconf 88' lang='lat' dir='ltr'><strong>visa</strong></span> 
     </span>
    </p>
   </div>
   <div class='ocr_carea' id='block_1_72' title="bbox 540 4046 973 4100">
    <p class='ocr_par' dir='ltr' id='par_1_72' title="bbox 540 4046 973 4100">
     <span class='ocr_line' id='line_1_72' title="bbox 540 4046 973 4100; baseline -0.007 0"><span class='ocrx_word' id='word_1_483' title='bbox 540 4054 624 4100; x_wconf 86' lang='lat' dir='ltr'><strong>cst</strong></span> <span class='ocrx_word' id='word_1_484' title='bbox 650 4046 973 4100; x_wconf 85' lang='lat' dir='ltr'><strong>emendatio.</strong></span> 
     </span>
    </p>
   </div>
   <div class='ocr_carea' id='block_1_73' title="bbox 611 4113 2122 4176">
    <p class='ocr_par' dir='ltr' id='par_1_73' title="bbox 611 4113 2122 4176">
     <span class='ocr_line' id='line_1_73' title="bbox 611 4113 2122 4176; baseline 0.007 -11"><span class='ocrx_word' id='word_1_485' title='bbox 611 4117 638 4154; x_wconf 74' lang='grc' dir='ltr'><strong>ι)</strong></span> <span class='ocrx_word' id='word_1_486' title='bbox 679 4113 814 4168; x_wconf 84' lang='lat' dir='ltr'><strong>Lau.</strong></span> <span class='ocrx_word' id='word_1_487' title='bbox 855 4116 1151 4169; x_wconf 82' lang='lat' dir='ltr'><strong>diaconum.</strong></span> <span class='ocrx_word' id='word_1_488' title='bbox 1195 4115 1294 4170; x_wconf 87' lang='lat' dir='ltr'><strong>Hic</strong></span> <span class='ocrx_word' id='word_1_489' title='bbox 1319 4117 1557 4172; x_wconf 87' lang='lat' dir='ltr'><strong>destituti</strong></span> <span class='ocrx_word' id='word_1_490' title='bbox 1587 4133 1772 4173; x_wconf 86' lang='lat' dir='ltr'><strong>sumus</strong></span> <span class='ocrx_word' id='word_1_491' title='bbox 1805 4119 2122 4176; x_wconf 83' lang='lat' dir='ltr'><strong>auctoritate</strong></span> 
     </span>
    </p>
   </div>
   <div class='ocr_carea' id='block_1_74' title="bbox 538 4185 2121 4259">
    <p class='ocr_par' dir='ltr' id='par_1_74' title="bbox 538 4185 2121 4259">
     <span class='ocr_line' id='line_1_74' title="bbox 538 4185 2121 4259; baseline 0.005 -21"><span class='ocrx_word' id='word_1_492' title='bbox 538 4185 743 4259; x_wconf 77' lang='lat' dir='ltr'><strong>codicis</strong></span> <span class='ocrx_word' id='word_1_493' title='bbox 795 4185 1164 4259; x_wconf 78' lang='lat' dir='ltr'><strong>tn_am_tscript_i_.</strong></span> <span class='ocrx_word' id='word_1_494' title='bbox 1212 4187 1417 4259; x_wconf 67' lang='lat' dir='ltr'><strong>Itaque,</strong></span> <span class='ocrx_word' id='word_1_495' title='bbox 1461 4187 1602 4259; x_wconf 86' lang='lat' dir='ltr'><strong>quod</strong></span> <span class='ocrx_word' id='word_1_496' title='bbox 1629 4189 1938 4259; x_wconf 91' lang='lat' dir='ltr'><strong>conjectura</strong></span> <span class='ocrx_word' id='word_1_497' title='bbox 1986 4189 2121 4248; x_wconf 72' lang='lat' dir='ltr'><strong>offe-</strong></span> 
     </span>
    </p>
   </div>
   <div class='ocr_carea' id='block_1_75' title="bbox 543 4255 2122 4325">
    <p class='ocr_par' dir='ltr' id='par_1_75' title="bbox 543 4255 2122 4325">
     <span class='ocr_line' id='line_1_75' title="bbox 543 4255 2122 4325; baseline 0.003 -14"><span class='ocrx_word' id='word_1_498' title='bbox 543 4257 713 4318; x_wconf 88' lang='lat' dir='ltr'><strong>rebat,</strong></span> <span class='ocrx_word' id='word_1_499' title='bbox 746 4255 1090 4325; x_wconf 89' lang='lat' dir='ltr'><strong>arripuimus.</strong></span> <span class='ocrx_word' id='word_1_500' title='bbox 1123 4255 1197 4310; x_wconf 84' lang='lat' dir='ltr'><strong>Ex</strong></span> <span class='ocrx_word' id='word_1_501' title='bbox 1225 4258 1308 4310; x_wconf 81' lang='lat' dir='ltr'><strong>his</strong></span> <span class='ocrx_word' id='word_1_502' title='bbox 1336 4257 1478 4310; x_wconf 87' lang='lat' dir='ltr'><strong>enim</strong></span> <span class='ocrx_word' id='word_1_503' title='bbox 1519 4255 1975 4314; x_wconf 79' lang='lat' dir='ltr'><strong>duabusvocibus</strong></span> <span class='ocrx_word' id='word_1_504' title='bbox 2004 4261 2122 4315; x_wconf 91' lang='lat' dir='ltr'><strong>uni-</strong></span> 
     </span>
    </p>
   </div>
   <div class='ocr_carea' id='block_1_76' title="bbox 537 4325 2121 4391">
    <p class='ocr_par' dir='ltr' id='par_1_76' title="bbox 537 4325 2121 4391">
     <span class='ocr_line' id='line_1_76' title="bbox 537 4325 2121 4391; baseline 0.003 -11"><span class='ocrx_word' id='word_1_505' title='bbox 537 4341 658 4380; x_wconf 89' lang='lat' dir='ltr'><strong>cum</strong></span> <span class='ocrx_word' id='word_1_506' title='bbox 693 4341 886 4379; x_wconf 90' lang='lat' dir='ltr'><strong>nomen</strong></span> <span class='ocrx_word' id='word_1_507' title='bbox 913 4325 1169 4380; x_wconf 77' lang='lat' dir='ltr'><strong>effecerat</strong></span> <span class='ocrx_word' id='word_1_508' title='bbox 1209 4325 1512 4391; x_wconf 81' lang='lat' dir='ltr'><strong>Massonus,</strong></span> <span class='ocrx_word' id='word_1_509' title='bbox 1546 4326 1962 4383; x_wconf 85' lang='lat' dir='ltr'><strong>Laudiaconum.</strong></span> <span class='ocrx_word' id='word_1_510' title='bbox 2013 4329 2121 4386; x_wconf 87' lang='lat' dir='ltr'><strong>Nos</strong></span> 
     </span>
    </p>
   </div>
   <div class='ocr_carea' id='block_1_77' title="bbox 539 4395 2122 4468">
    <p class='ocr_par' dir='ltr' id='par_1_77' title="bbox 539 4395 2122 4468">
     <span class='ocr_line' id='line_1_77' title="bbox 539 4395 2122 4468; baseline 0.004 -18"><span class='ocrx_word' id='word_1_511' title='bbox 539 4397 790 4468; x_wconf 73' lang='lat' dir='ltr'><strong>arbitrati</strong></span> <span class='ocrx_word' id='word_1_512' title='bbox 814 4411 1001 4468; x_wconf 68' lang='lat' dir='ltr'><strong>sumus</strong></span> <span class='ocrx_word' id='word_1_513' title='bbox 1031 4395 1143 4451; x_wconf 67' lang='lat' dir='ltr'><strong>haec</strong></span> <span class='ocrx_word' id='word_1_514' title='bbox 1175 4396 1431 4468; x_wconf 81' lang='lat' dir='ltr'><strong>distingui</strong></span> <span class='ocrx_word' id='word_1_515' title='bbox 1458 4397 1678 4453; x_wconf 88' lang='lat' dir='ltr'><strong>debere.</strong></span> <span class='ocrx_word' id='word_1_516' title='bbox 1701 4397 2034 4455; x_wconf 89' lang='lat' dir='ltr'><strong>Petitautem</strong></span> <span class='ocrx_word' id='word_1_517' title='bbox 2060 4410 2122 4458; x_wconf 85' lang='lat' dir='ltr'><strong>ut</strong></span> 
     </span>
    </p>
   </div>
   <div class='ocr_carea' id='block_1_78' title="bbox 539 4465 2118 4537">
    <p class='ocr_par' dir='ltr' id='par_1_78' title="bbox 539 4465 2118 4537">
     <span class='ocr_line' id='line_1_78' title="bbox 539 4465 2118 4537; baseline 0.003 -16"><span class='ocrx_word' id='word_1_518' title='bbox 539 4465 776 4532; x_wconf 68' lang='lat' dir='ltr'><strong>&#39;t&#39;VeniIo,</strong></span> <span class='ocrx_word' id='word_1_519' title='bbox 809 4465 1138 4521; x_wconf 88' lang='lat' dir='ltr'><strong>Senonensis</strong></span> <span class='ocrx_word' id='word_1_520' title='bbox 1171 4465 1630 4537; x_wconf 77' lang='lat' dir='ltr'><strong>archiepiscopus,</strong></span> <span class='ocrx_word' id='word_1_521' title='bbox 1661 4469 1945 4524; x_wconf 89' lang='lat' dir='ltr'><strong>diaconum</strong></span> <span class='ocrx_word' id='word_1_522' title='bbox 1969 4471 2118 4526; x_wconf 89' lang='lat' dir='ltr'><strong>illum</strong></span> 
     </span>
    </p>
   </div>
   <div class='ocr_carea' id='block_1_79' title="bbox 535 4537 2113 4611">
    <p class='ocr_par' dir='ltr' id='par_1_79' title="bbox 535 4537 2113 4611">
     <span class='ocr_line' id='line_1_79' title="bbox 535 4537 2113 4611; baseline 0.004 -22"><span class='ocrx_word' id='word_1_523' title='bbox 535 4538 752 4611; x_wconf 73' lang='lat' dir='ltr'><strong>ordinet</strong></span> <span class='ocrx_word' id='word_1_524' title='bbox 777 4537 1150 4611; x_wconf 77' lang='lat' dir='ltr'><strong>presbyterum</strong></span> <span class='ocrx_word' id='word_1_525' title='bbox 1185 4537 1236 4591; x_wconf 93' lang='lat' dir='ltr'><strong>in</strong></span> <span class='ocrx_word' id='word_1_526' title='bbox 1284 4537 1434 4611; x_wconf 80' lang='lat' dir='ltr'><strong>titulo</strong></span> <span class='ocrx_word' id='word_1_527' title='bbox 1463 4537 1749 4611; x_wconf 80' lang='lat' dir='ltr'><strong>Gerohaldi</strong></span> <span class='ocrx_word' id='word_1_528' title='bbox 1791 4541 2113 4611; x_wconf 88' lang='lat' dir='ltr'><strong>presbyteri,</strong></span> 
     </span>
    </p>
   </div>
   <div class='ocr_carea' id='block_1_80' title="bbox 2227 3285 2561 3340">
    <p class='ocr_par' dir='ltr' id='par_1_80' title="bbox 2227 3285 2561 3340">
     <span class='ocr_line' id='line_1_80' title="bbox 2227 3285 2561 3340; baseline -0.006 0"><span class='ocrx_word' id='word_1_529' title='bbox 2227 3285 2561 3340; x_wconf 89' lang='lat' dir='ltr'><strong>remandate.</strong></span> 
     </span>
    </p>
   </div>
   <div class='ocr_carea' id='block_1_81' title="bbox 2720 3379 3318 3439">
    <p class='ocr_par' dir='ltr' id='par_1_81' title="bbox 2720 3379 3318 3439">
     <span class='ocr_line' id='line_1_81' title="bbox 2720 3379 3318 3439; baseline -0.003 -1"><span class='ocrx_word' id='word_1_530' title='bbox 2720 3381 3055 3439; x_wconf 84' lang='lat' dir='ltr'><strong>EPISTOLA</strong></span> <span class='ocrx_word' id='word_1_531' title='bbox 3082 3379 3318 3437; x_wconf 79' lang='lat' dir='ltr'><strong>LXXVI.</strong></span> 
     </span>
    </p>
   </div>
   <div class='ocr_carea' id='block_1_82' title="bbox 2793 3488 3236 3531">
    <p class='ocr_par' dir='ltr' id='par_1_82' title="bbox 2793 3488 3236 3531">
     <span class='ocr_line' id='line_1_82' title="bbox 2793 3488 3236 3531; baseline 0 -2"><span class='ocrx_word' id='word_1_532' title='bbox 2793 3490 2862 3529; x_wconf 77' lang='lat' dir='ltr'><strong>AD</strong></span> <span class='ocrx_word' id='word_1_533' title='bbox 2903 3488 3236 3531; x_wconf 72' lang='lat' dir='ltr'><strong>HINCIARUI.</strong></span> 
     </span>
    </p>
   </div>
   <div class='ocr_carea' id='block_1_83' title="bbox 2293 3586 3807 3660">
    <p class='ocr_par' dir='ltr' id='par_1_83' title="bbox 2293 3586 3807 3660">
     <span class='ocr_line' id='line_1_83' title="bbox 2293 3586 3807 3660; baseline -0.002 -15"><span class='ocrx_word' id='word_1_534' title='bbox 2293 3588 2605 3646; x_wconf 81' lang='lat' dir='ltr'><strong>Clarissima</strong></span> <span class='ocrx_word' id='word_1_535' title='bbox 2645 3587 2861 3660; x_wconf 76' lang='lat' dir='ltr'><strong>praesuli</strong></span> <span class='ocrx_word' id='word_1_536' title='bbox 2916 3586 3210 3644; x_wconf 86' lang='lat' dir='ltr'><strong>Hincmaro</strong></span> <span class='ocrx_word' id='word_1_537' title='bbox 3253 3586 3437 3658; x_wconf 87' lang='lat' dir='ltr'><strong>Lupus</strong></span> <span class='ocrx_word' id='word_1_538' title='bbox 3488 3593 3807 3660; x_wconf 81' lang='lat' dir='ltr'><strong>perpetuam</strong></span> 
     </span>
    </p>
   </div>
   <div class='ocr_carea' id='block_1_84' title="bbox 2223 3680 3811 3840">
    <p class='ocr_par' dir='ltr' id='par_1_84' title="bbox 2223 3680 3811 3840">
     <span class='ocr_line' id='line_1_84' title="bbox 2223 3680 3811 3840; baseline 0.026 -34"><span class='ocrx_word' id='word_1_539' title='bbox 2223 3680 2764 3828; x_wconf 41' lang='lat' dir='ltr'><strong>sal.i‘ltfllclilllectaneum</strong></span> <span class='ocrx_word' id='word_1_540' title='bbox 2793 3770 2951 3827; x_wconf 74' lang='lat' dir='ltr'><strong>Bedte</strong></span> <span class='ocrx_word' id='word_1_541' title='bbox 2996 3770 3051 3827; x_wconf 91' lang='lat' dir='ltr'><strong>in</strong></span> <span class='ocrx_word' id='word_1_542' title='bbox 3089 3768 3407 3840; x_wconf 84' lang='lat' dir='ltr'><strong>Apostolum</strong></span> <span class='ocrx_word' id='word_1_543' title='bbox 3433 3783 3506 3826; x_wconf 78' lang='lat' dir='ltr'><strong>ex</strong></span> <span class='ocrx_word' id='word_1_544' title='bbox 3547 3768 3811 3840; x_wconf 69' lang='grc' dir='ltr'><strong>ορθτῖδιιε</strong></span> 
     </span>
    </p>
   </div>
   <div class='ocr_carea' id='block_1_85' title="bbox 2221 3899 3809 3975">
    <p class='ocr_par' dir='ltr' id='par_1_85' title="bbox 2221 3899 3809 3975">
     <span class='ocr_line' id='line_1_85' title="bbox 2221 3899 3809 3975; baseline -0.001 -17"><span class='ocrx_word' id='word_1_545' title='bbox 2221 3901 2474 3975; x_wconf 78' lang='lat' dir='ltr'><strong>byterum</strong></span> <span class='ocrx_word' id='word_1_546' title='bbox 2494 3918 2601 3959; x_wconf 91' lang='lat' dir='ltr'><strong>non</strong></span> <span class='ocrx_word' id='word_1_547' title='bbox 2627 3902 2830 3975; x_wconf 83' lang='lat' dir='ltr'><strong>sineret</strong></span> <span class='ocrx_word' id='word_1_548' title='bbox 2848 3900 3012 3975; x_wconf 75' lang='lat' dir='ltr'><strong>cilicii</strong></span> <span class='ocrx_word' id='word_1_549' title='bbox 3024 3902 3106 3975; x_wconf 78' lang='lat' dir='ltr'><strong>sui</strong></span> <span class='ocrx_word' id='word_1_550' title='bbox 3122 3910 3306 3975; x_wconf 82' lang='lat' dir='ltr'><strong>partes</strong></span> <span class='ocrx_word' id='word_1_551' title='bbox 3326 3901 3572 3972; x_wconf 83' lang='lat' dir='ltr'><strong>implere.</strong></span> <span class='ocrx_word' id='word_1_552' title='bbox 3590 3899 3809 3975; x_wconf 78' lang='lat' dir='ltr'><strong>Alloqni</strong></span> 
     </span>
    </p>
   </div>
   <div class='ocr_carea' id='block_1_86' title="bbox 2223 3972 3813 4043">
    <p class='ocr_par' dir='ltr' id='par_1_86' title="bbox 2223 3972 3813 4043">
     <span class='ocr_line' id='line_1_86' title="bbox 2223 3972 3813 4043; baseline -0.001 -16"><span class='ocrx_word' id='word_1_553' title='bbox 2223 3972 2451 4043; x_wconf 74' lang='lat' dir='ltr'><strong>répulsae</strong></span> <span class='ocrx_word' id='word_1_554' title='bbox 2497 3973 2760 4028; x_wconf 83' lang='lat' dir='ltr'><strong>obnoxius</strong></span> <span class='ocrx_word' id='word_1_555' title='bbox 2812 3982 2946 4027; x_wconf 90' lang='lat' dir='ltr'><strong>erat.</strong></span> <span class='ocrx_word' id='word_1_556' title='bbox 2994 3972 3158 4028; x_wconf 83' lang='lat' dir='ltr'><strong>Nefas</strong></span> <span class='ocrx_word' id='word_1_557' title='bbox 3211 3972 3352 4028; x_wconf 86' lang='lat' dir='ltr'><strong>enim</strong></span> <span class='ocrx_word' id='word_1_558' title='bbox 3387 3983 3500 4027; x_wconf 93' lang='lat' dir='ltr'><strong>tum</strong></span> <span class='ocrx_word' id='word_1_559' title='bbox 3543 3972 3813 4043; x_wconf 81' lang='lat' dir='ltr'><strong>putabant</strong></span> 
     </span>
    </p>
   </div>
   <div class='ocr_carea' id='block_1_87' title="bbox 2221 4042 3809 4115">
    <p class='ocr_par' dir='ltr' id='par_1_87' title="bbox 2221 4042 3809 4115">
     <span class='ocr_line' id='line_1_87' title="bbox 2221 4042 3809 4115; baseline -0.001 -19"><span class='ocrx_word' id='word_1_560' title='bbox 2221 4042 2593 4115; x_wconf 77' lang='lat' dir='ltr'><strong>presbyterum</strong></span> <span class='ocrx_word' id='word_1_561' title='bbox 2641 4045 2909 4115; x_wconf 88' lang='lat' dir='ltr'><strong>deponere</strong></span> <span class='ocrx_word' id='word_1_562' title='bbox 2949 4043 3274 4115; x_wconf 87' lang='lat' dir='ltr'><strong>pastoralem</strong></span> <span class='ocrx_word' id='word_1_563' title='bbox 3325 4058 3514 4115; x_wconf 76' lang='lat' dir='ltr'><strong>curam</strong></span> <span class='ocrx_word' id='word_1_564' title='bbox 3540 4042 3809 4115; x_wconf 29' lang='lat' dir='ltr'><strong>‘quandiu</strong></span> 
     </span>
    </p>
   </div>
   <div class='ocr_carea' id='block_1_88' title="bbox 2221 4112 3813 4184">
    <p class='ocr_par' dir='ltr' id='par_1_88' title="bbox 2221 4112 3813 4184">
     <span class='ocr_line' id='line_1_88' title="bbox 2221 4112 3813 4184; baseline -0.001 -17"><span class='ocrx_word' id='word_1_565' title='bbox 2221 4112 2579 4169; x_wconf 60' lang='lat' dir='ltr'><strong>saluti&#39;ovium</strong></span> <span class='ocrx_word' id='word_1_566' title='bbox 2611 4112 2816 4168; x_wconf 76' lang='lat' dir='ltr'><strong>consuli</strong></span> <span class='ocrx_word' id='word_1_567' title='bbox 2844 4112 3040 4184; x_wconf 82' lang='lat' dir='ltr'><strong>potest,</strong></span> <span class='ocrx_word' id='word_1_568' title='bbox 3079 4123 3138 4168; x_wconf 92' lang='lat' dir='ltr'><strong>ut</strong></span> <span class='ocrx_word' id='word_1_569' title='bbox 3169 4114 3222 4168; x_wconf 94' lang='lat' dir='ltr'><strong>in</strong></span> <span class='ocrx_word' id='word_1_570' title='bbox 3265 4112 3492 4184; x_wconf 89' lang='lat' dir='ltr'><strong>epistola</strong></span> <span class='ocrx_word' id='word_1_571' title='bbox 3524 4112 3604 4184; x_wconf 71' lang='lat'><strong>29</strong></span> <span class='ocrx_word' id='word_1_572' title='bbox 3650 4112 3813 4184; x_wconf 85' lang='lat' dir='ltr'><strong>do_cet</strong></span> 
     </span>
    </p>
   </div>
   <div class='ocr_carea' id='block_1_89' title="bbox 2219 4181 3812 4253">
    <p class='ocr_par' dir='ltr' id='par_1_89' title="bbox 2219 4181 3812 4253">
     <span class='ocr_line' id='line_1_89' title="bbox 2219 4181 3812 4253; baseline -0.003 -13"><span class='ocrx_word' id='word_1_573' title='bbox 2219 4184 2311 4240; x_wconf 87' lang='lat' dir='ltr'><strong>hic</strong></span> <span class='ocrx_word' id='word_1_574' title='bbox 2344 4194 2529 4240; x_wconf 89' lang='lat' dir='ltr'><strong>noster</strong></span> <span class='ocrx_word' id='word_1_575' title='bbox 2565 4184 2766 4253; x_wconf 89' lang='lat' dir='ltr'><strong>Lupus.</strong></span> <span class='ocrx_word' id='word_1_576' title='bbox 2799 4181 3036 4238; x_wconf 77' lang='lat' dir='ltr'><strong>Tandem</strong></span> <span class='ocrx_word' id='word_1_577' title='bbox 3062 4185 3186 4240; x_wconf 88' lang='lat' dir='ltr'><strong>hinc</strong></span> <span class='ocrx_word' id='word_1_578' title='bbox 3212 4181 3376 4238; x_wconf 80' lang='lat' dir='ltr'><strong>etiam</strong></span> <span class='ocrx_word' id='word_1_579' title='bbox 3402 4182 3665 4238; x_wconf 89' lang='lat' dir='ltr'><strong>discimus</strong></span> <span class='ocrx_word' id='word_1_580' title='bbox 3703 4181 3812 4253; x_wconf 82' lang='lat' dir='ltr'><strong>Ge-</strong></span> 
     </span>
    </p>
   </div>
   <div class='ocr_carea' id='block_1_90' title="bbox 2221 4252 3809 4324">
    <p class='ocr_par' dir='ltr' id='par_1_90' title="bbox 2221 4252 3809 4324">
     <span class='ocr_line' id='line_1_90' title="bbox 2221 4252 3809 4324; baseline -0.001 -16"><span class='ocrx_word' id='word_1_581' title='bbox 2221 4254 2502 4309; x_wconf 90' lang='lat' dir='ltr'><strong>robaldum</strong></span> <span class='ocrx_word' id='word_1_582' title='bbox 2557 4252 2775 4324; x_wconf 89' lang='lat' dir='ltr'><strong>petiisse</strong></span> <span class='ocrx_word' id='word_1_583' title='bbox 2822 4269 3483 4324; x_wconf 85' lang='lat' dir='ltr'><strong>successorem,prorsus</strong></span> <span class='ocrx_word' id='word_1_584' title='bbox 3522 4252 3809 4308; x_wconf 84' lang='lat' dir='ltr'><strong>canonice.</strong></span> 
     </span>
    </p>
   </div>
   <div class='ocr_carea' id='block_1_91' title="bbox 2220 4323 3812 4394">
    <p class='ocr_par' dir='ltr' id='par_1_91' title="bbox 2220 4323 3812 4394">
     <span class='ocr_line' id='line_1_91' title="bbox 2220 4323 3812 4394; baseline -0.001 -15"><span class='ocrx_word' id='word_1_585' title='bbox 2220 4324 2368 4379; x_wconf 85' lang='lat' dir='ltr'><strong>Alias</strong></span> <span class='ocrx_word' id='word_1_586' title='bbox 2393 4325 2537 4380; x_wconf 91' lang='lat' dir='ltr'><strong>enim</strong></span> <span class='ocrx_word' id='word_1_587' title='bbox 2558 4323 2681 4380; x_wconf 36' lang='lat' dir='ltr'><strong>’non</strong></span> <span class='ocrx_word' id='word_1_588' title='bbox 2705 4333 2916 4394; x_wconf 88' lang='lat' dir='ltr'><strong>poterat</strong></span> <span class='ocrx_word' id='word_1_589' title='bbox 2943 4323 3156 4380; x_wconf 79' lang='lat' dir='ltr'><strong>\Venilo</strong></span> <span class='ocrx_word' id='word_1_590' title='bbox 3193 4323 3242 4378; x_wconf 91' lang='lat' dir='ltr'><strong>ei</strong></span> <span class='ocrx_word' id='word_1_591' title='bbox 3263 4323 3400 4378; x_wconf 39' lang='lat' dir='ltr'><strong>’dare</strong></span> <span class='ocrx_word' id='word_1_592' title='bbox 3430 4337 3812 4394; x_wconf 73' lang='lat' dir='ltr'><strong>successorem</strong></span> 
     </span>
    </p>
   </div>
   <div class='ocr_carea' id='block_1_92' title="bbox 2220 4393 3812 4466">
    <p class='ocr_par' dir='ltr' id='par_1_92' title="bbox 2220 4393 3812 4466">
     <span class='ocr_line' id='line_1_92' title="bbox 2220 4393 3812 4466; baseline -0.003 -15"><span class='ocrx_word' id='word_1_593' title='bbox 2220 4396 2444 4451; x_wconf 90' lang='lat' dir='ltr'><strong>nolenti.</strong></span> <span class='ocrx_word' id='word_1_594' title='bbox 2479 4395 2614 4451; x_wconf 83' lang='lat' dir='ltr'><strong>Vide</strong></span> <span class='ocrx_word' id='word_1_595' title='bbox 2648 4393 2766 4465; x_wconf 61' lang='lat' dir='ltr'><strong>quae</strong></span> <span class='ocrx_word' id='word_1_596' title='bbox 2801 4396 2946 4466; x_wconf 66' lang='lat' dir='ltr'><strong>circa</strong></span> <span class='ocrx_word' id='word_1_597' title='bbox 2994 4396 3277 4466; x_wconf 79' lang='lat' dir='ltr'><strong>episcopos</strong></span> <span class='ocrx_word' id='word_1_598' title='bbox 3303 4395 3549 4450; x_wconf 82' lang='lat' dir='ltr'><strong>infirmos</strong></span> <span class='ocrx_word' id='word_1_599' title='bbox 3577 4393 3812 4466; x_wconf 84' lang='lat' dir='ltr'><strong>adnota-</strong></span> 
     </span>
    </p>
   </div>
   <div class='ocr_carea' id='block_1_93' title="bbox 2221 4464 3810 4536">
    <p class='ocr_par' dir='ltr' id='par_1_93' title="bbox 2221 4464 3810 4536">
     <span class='ocr_line' id='line_1_93' title="bbox 2221 4464 3810 4536; baseline -0.003 -15"><span class='ocrx_word' id='word_1_600' title='bbox 2221 4482 2342 4521; x_wconf 88' lang='lat' dir='ltr'><strong>mus</strong></span> <span class='ocrx_word' id='word_1_601' title='bbox 2386 4467 2452 4520; x_wconf 86' lang='lat' dir='ltr'><strong>ad</strong></span> <span class='ocrx_word' id='word_1_602' title='bbox 2499 4464 2781 4536; x_wconf 84' lang='lat' dir='ltr'><strong>epistolam</strong></span> <span class='ocrx_word' id='word_1_603' title='bbox 2831 4464 2952 4519; x_wconf 69' lang='lat'><strong>130.</strong></span> <span class='ocrx_word' id='word_1_604' title='bbox 2993 4464 3260 4536; x_wconf 10' lang='lat' dir='ltr'><strong>l‘iotandar</strong></span> <span class='ocrx_word' id='word_1_605' title='bbox 3293 4475 3475 4536; x_wconf 77' lang='lat' dir='ltr'><strong>autem</strong></span> <span class='ocrx_word' id='word_1_606' title='bbox 3518 4472 3650 4536; x_wconf 79' lang='lat' dir='ltr'><strong>sunt</strong></span> <span class='ocrx_word' id='word_1_607' title='bbox 3690 4465 3810 4536; x_wconf 67' lang='lat' dir='ltr'><strong>llaec</strong></span> 
     </span>
    </p>
   </div>
   <div class='ocr_carea' id='block_1_94' title="bbox 2219 4532 3810 4607">
    <p class='ocr_par' dir='ltr' id='par_1_94' title="bbox 2219 4532 3810 4607">
     <span class='ocr_line' id='line_1_94' title="bbox 2219 4532 3810 4607; baseline -0.003 -17"><span class='ocrx_word' id='word_1_608' title='bbox 2219 4538 2406 4607; x_wconf 82' lang='lat' dir='ltr'><strong>verba,</strong></span> <span class='ocrx_word' id='word_1_609' title='bbox 2435 4537 2504 4588; x_wconf 87' lang='lat' dir='ltr'><strong>ad</strong></span> <span class='ocrx_word' id='word_1_610' title='bbox 2532 4532 2960 4607; x_wconf 66' lang='lat' dir='ltr'><strong>supplicationem</strong></span> <span class='ocrx_word' id='word_1_611' title='bbox 2979 4532 3283 4589; x_wconf 80' lang='lat' dir='ltr'><strong>Gerohaldi.</strong></span> <span class='ocrx_word' id='word_1_612' title='bbox 3299 4533 3430 4588; x_wconf 85' lang='lat' dir='ltr'><strong>Nam</strong></span> <span class='ocrx_word' id='word_1_613' title='bbox 3451 4533 3614 4607; x_wconf 82' lang='lat' dir='ltr'><strong>hodie</strong></span> <span class='ocrx_word' id='word_1_614' title='bbox 3639 4534 3810 4607; x_wconf 80' lang='lat' dir='ltr'><strong>etiam</strong></span> 
     </span>
    </p>
   </div>
   <div class='ocr_carea' id='block_1_95' title="bbox 535 4594 3812 4679">
    <p class='ocr_par' dir='ltr' id='par_1_95' title="bbox 535 4594 3812 4679">
     <span class='ocr_line' id='line_1_95' title="bbox 535 4594 3812 4679; baseline -0.002 -17"><span class='ocrx_word' id='word_1_615' title='bbox 535 4609 626 4679; x_wconf 84' lang='lat' dir='ltr'><strong>qui</strong></span> <span class='ocrx_word' id='word_1_616' title='bbox 686 4594 835 4663; x_wconf 70' lang='lat' dir='ltr'><strong>tanto</strong></span> <span class='ocrx_word' id='word_1_617' title='bbox 865 4594 1144 4679; x_wconf 76' lang='lat' dir='ltr'><strong>oculorum</strong></span> <span class='ocrx_word' id='word_1_618' title='bbox 1178 4609 1367 4661; x_wconf 91' lang='lat' dir='ltr'><strong>morbo</strong></span> <span class='ocrx_word' id='word_1_619' title='bbox 1403 4608 1728 4679; x_wconf 85' lang='lat' dir='ltr'><strong>gravabatur</strong></span> <span class='ocrx_word' id='word_1_620' title='bbox 1771 4594 1830 4665; x_wconf 71' lang='lat' dir='ltr'><strong>ut</strong></span> <span class='ocrx_word' id='word_1_621' title='bbox 1873 4594 2118 4666; x_wconf 59' lang='lat' dir='ltr'><strong>sacci-do:</strong></span> <span class='ocrx_word' id='word_1_622' title='bbox 2140 4594 2195 4654; x_wconf 84' lang='grc' dir='ltr'>Ῑ)</span> <span class='ocrx_word' id='word_1_623' title='bbox 2220 4594 2646 4679; x_wconf 36' lang='grc' dir='ltr'><strong>δαρρζὶῥιζι-ἱοηώή</strong></span> <span class='ocrx_word' id='word_1_624' title='bbox 2664 4605 3050 4679; x_wconf 65' lang='lat' dir='ltr'><strong>velsupplicam</strong></span> <span class='ocrx_word' id='word_1_625' title='bbox 3072 4620 3328 4679; x_wconf 77' lang='lat' dir='ltr'><strong>vocamus</strong></span> <span class='ocrx_word' id='word_1_626' title='bbox 3353 4619 3474 4659; x_wconf 86' lang='lat' dir='ltr'><strong>eam</strong></span> <span class='ocrx_word' id='word_1_627' title='bbox 3493 4602 3812 4679; x_wconf 79' lang='lat' dir='ltr'><strong>diplomatis</strong></span> 
     </span>
    </p>
   </div>
   <div class='ocr_carea' id='block_1_96' title="bbox 537 4678 2118 4748">
    <p class='ocr_par' dir='ltr' id='par_1_96' title="bbox 537 4678 2118 4748">
     <span class='ocr_line' id='line_1_96' title="bbox 537 4678 2118 4748; baseline 0.003 -17"><span class='ocrx_word' id='word_1_628' title='bbox 537 4678 641 4731; x_wconf 80' lang='lat' dir='ltr'><strong>tale</strong></span> <span class='ocrx_word' id='word_1_629' title='bbox 671 4693 866 4732; x_wconf 87' lang='lat' dir='ltr'><strong>munus</strong></span> <span class='ocrx_word' id='word_1_630' title='bbox 898 4678 1119 4748; x_wconf 89' lang='lat' dir='ltr'><strong>implere</strong></span> <span class='ocrx_word' id='word_1_631' title='bbox 1145 4693 1251 4732; x_wconf 91' lang='lat' dir='ltr'><strong>non</strong></span> <span class='ocrx_word' id='word_1_632' title='bbox 1273 4678 1468 4747; x_wconf 88' lang='lat' dir='ltr'><strong>posset,</strong></span> <span class='ocrx_word' id='word_1_633' title='bbox 1503 4679 1727 4748; x_wconf 89' lang='lat' dir='ltr'><strong>ideoque</strong></span> <span class='ocrx_word' id='word_1_634' title='bbox 1751 4695 2118 4736; x_wconf 88' lang='lat' dir='ltr'><strong>successorem</strong></span> 
     </span>
    </p>
   </div>
   <div class='ocr_carea' id='block_1_97' title="bbox 533 4749 2114 4820">
    <p class='ocr_par' dir='ltr' id='par_1_97' title="bbox 533 4749 2114 4820">
     <span class='ocr_line' id='line_1_97' title="bbox 533 4749 2114 4820; baseline 0.004 -19"><span class='ocrx_word' id='word_1_635' title='bbox 533 4749 633 4820; x_wconf 81' lang='lat' dir='ltr'><strong>sibi</strong></span> <span class='ocrx_word' id='word_1_636' title='bbox 663 4749 778 4803; x_wconf 89' lang='lat' dir='ltr'><strong>dari</strong></span> <span class='ocrx_word' id='word_1_637' title='bbox 808 4749 1111 4817; x_wconf 68' lang='lat' dir='ltr'><strong>postulabant</strong></span> <span class='ocrx_word' id='word_1_638' title='bbox 1138 4764 1167 4802; x_wconf 91' lang='lat' dir='ltr'><strong>a</strong></span> <span class='ocrx_word' id='word_1_639' title='bbox 1196 4749 1412 4818; x_wconf 90' lang='lat' dir='ltr'><strong>proprio</strong></span> <span class='ocrx_word' id='word_1_640' title='bbox 1434 4749 1702 4820; x_wconf 85' lang='lat' dir='ltr'><strong>episcopo.</strong></span> <span class='ocrx_word' id='word_1_641' title='bbox 1746 4766 1939 4820; x_wconf 90' lang='lat' dir='ltr'><strong>nempe</strong></span> <span class='ocrx_word' id='word_1_642' title='bbox 1980 4751 2114 4808; x_wconf 77' lang='lat' dir='ltr'><strong>Lau.</strong></span> 
     </span>
    </p>
   </div>
   <div class='ocr_carea' id='block_1_98' title="bbox 535 4819 2116 4890">
    <p class='ocr_par' dir='ltr' id='par_1_98' title="bbox 535 4819 2116 4890">
     <span class='ocr_line' id='line_1_98' title="bbox 535 4819 2116 4890; baseline 0.004 -21"><span class='ocrx_word' id='word_1_643' title='bbox 535 4819 822 4890; x_wconf 87' lang='lat' dir='ltr'><strong>diaconum</strong></span> <span class='ocrx_word' id='word_1_644' title='bbox 859 4820 1215 4890; x_wconf 86' lang='lat' dir='ltr'><strong>propinquum</strong></span> <span class='ocrx_word' id='word_1_645' title='bbox 1245 4834 1420 4874; x_wconf 92' lang='lat' dir='ltr'><strong>suum.</strong></span> <span class='ocrx_word' id='word_1_646' title='bbox 1485 4820 1634 4875; x_wconf 90' lang='lat' dir='ltr'><strong>Unde</strong></span> <span class='ocrx_word' id='word_1_647' title='bbox 1675 4819 1973 4890; x_wconf 83' lang='lat' dir='ltr'><strong>colligimus</strong></span> <span class='ocrx_word' id='word_1_648' title='bbox 2004 4821 2116 4888; x_wconf 87' lang='lat' dir='ltr'><strong>jam</strong></span> 
     </span>
    </p>
   </div>
   <div class='ocr_carea' id='block_1_99' title="bbox 537 4888 2115 4947">
    <p class='ocr_par' dir='ltr' id='par_1_99' title="bbox 537 4888 2115 4947">
     <span class='ocr_line' id='line_1_99' title="bbox 537 4888 2115 4947; baseline 0.004 -6"><span class='ocrx_word' id='word_1_649' title='bbox 537 4897 647 4941; x_wconf 88' lang='lat' dir='ltr'><strong>tum</strong></span> <span class='ocrx_word' id='word_1_650' title='bbox 695 4889 1030 4944; x_wconf 87' lang='lat' dir='ltr'><strong>introductas</strong></span> <span class='ocrx_word' id='word_1_651' title='bbox 1083 4888 1247 4944; x_wconf 90' lang='lat' dir='ltr'><strong>fuisse</strong></span> <span class='ocrx_word' id='word_1_652' title='bbox 1307 4890 1677 4946; x_wconf 88' lang='lat' dir='ltr'><strong>successiones</strong></span> <span class='ocrx_word' id='word_1_653' title='bbox 1730 4888 2115 4947; x_wconf 46' lang='lat' dir='ltr'><strong>iii—beneficiis</strong></span> 
     </span>
    </p>
   </div>
   <div class='ocr_carea' id='block_1_100' title="bbox 533 4958 2113 5031">
    <p class='ocr_par' dir='ltr' id='par_1_100' title="bbox 533 4958 2113 5031">
     <span class='ocr_line' id='line_1_100' title="bbox 533 4958 2113 5031; baseline 0.003 -19"><span class='ocrx_word' id='word_1_654' title='bbox 533 4958 939 5031; x_wconf 82' lang='lat' dir='ltr'><strong>ecclesiasticis,</strong></span> <span class='ocrx_word' id='word_1_655' title='bbox 968 4960 1062 5015; x_wconf 91' lang='lat' dir='ltr'><strong>sed</strong></span> <span class='ocrx_word' id='word_1_656' title='bbox 1084 4969 1261 5015; x_wconf 84' lang='lat' dir='ltr'><strong>tamen</strong></span> <span class='ocrx_word' id='word_1_657' title='bbox 1289 4975 1383 5016; x_wconf 90' lang='lat' dir='ltr'><strong>eas</strong></span> <span class='ocrx_word' id='word_1_658' title='bbox 1407 4960 1753 5031; x_wconf 85' lang='lat' dir='ltr'><strong>pependisse</strong></span> <span class='ocrx_word' id='word_1_659' title='bbox 1781 4975 1847 5014; x_wconf 77' lang='lat' dir='ltr'><strong>ex</strong></span> <span class='ocrx_word' id='word_1_660' title='bbox 1886 4961 2113 5031; x_wconf 75' lang='lat' dir='ltr'><strong>arbitrio</strong></span> 
     </span>
    </p>
   </div>
   <div class='ocr_carea' id='block_1_101' title="bbox 533 5027 2111 5101">
    <p class='ocr_par' dir='ltr' id='par_1_101' title="bbox 533 5027 2111 5101">
     <span class='ocr_line' id='line_1_101' title="bbox 533 5027 2111 5101; baseline 0.004 -21"><span class='ocrx_word' id='word_1_661' title='bbox 533 5027 735 5101; x_wconf 81' lang='lat' dir='ltr'><strong>proprii</strong></span> <span class='ocrx_word' id='word_1_662' title='bbox 759 5030 1022 5101; x_wconf 79' lang='lat' dir='ltr'><strong>episcopi,</strong></span> <span class='ocrx_word' id='word_1_663' title='bbox 1074 5044 1270 5101; x_wconf 83' lang='lat' dir='ltr'><strong>neque_</strong></span> <span class='ocrx_word' id='word_1_664' title='bbox 1291 5027 1567 5101; x_wconf 76' lang='lat' dir='ltr'><strong>implorari</strong></span> <span class='ocrx_word' id='word_1_665' title='bbox 1595 5030 1827 5101; x_wconf 76' lang='lat' dir='ltr'><strong>solitam</strong></span> <span class='ocrx_word' id='word_1_666' title='bbox 1881 5029 2111 5088; x_wconf 81' lang='lat' dir='ltr'><strong>Romani</strong></span> 
     </span>
    </p>
   </div>
   <div class='ocr_carea' id='block_1_102' title="bbox 531 5097 2112 5169">
    <p class='ocr_par' dir='ltr' id='par_1_102' title="bbox 531 5097 2112 5169">
     <span class='ocr_line' id='line_1_102' title="bbox 531 5097 2112 5169; baseline 0.003 -17"><span class='ocrx_word' id='word_1_667' title='bbox 531 5097 1218 5168; x_wconf 76' lang='lat' dir='ltr'><strong>pontificisauctoritatem.</strong></span> <span class='ocrx_word' id='word_1_668' title='bbox 1240 5097 1563 5156; x_wconf 90' lang='lat' dir='ltr'><strong>Perduravit</strong></span> <span class='ocrx_word' id='word_1_669' title='bbox 1586 5097 1677 5168; x_wconf 92' lang='lat' dir='ltr'><strong>jus</strong></span> <span class='ocrx_word' id='word_1_670' title='bbox 1705 5099 1830 5154; x_wconf 90' lang='lat' dir='ltr'><strong>illud</strong></span> <span class='ocrx_word' id='word_1_671' title='bbox 1852 5115 2023 5169; x_wconf 92' lang='lat' dir='ltr'><strong>usque</strong></span> <span class='ocrx_word' id='word_1_672' title='bbox 2043 5103 2112 5156; x_wconf 92' lang='lat' dir='ltr'><strong>ad</strong></span> 
     </span>
    </p>
   </div>
   <div class='ocr_carea' id='block_1_103' title="bbox 532 5169 2111 5240">
    <p class='ocr_par' dir='ltr' id='par_1_103' title="bbox 532 5169 2111 5240">
     <span class='ocr_line' id='line_1_103' title="bbox 532 5169 2111 5240; baseline 0.004 -18"><span class='ocrx_word' id='word_1_673' title='bbox 532 5177 779 5240; x_wconf 82' lang='lat' dir='ltr'><strong>tempora</strong></span> <span class='ocrx_word' id='word_1_674' title='bbox 822 5169 1131 5236; x_wconf 89' lang='lat' dir='ltr'><strong>llildebcrti,</strong></span> <span class='ocrx_word' id='word_1_675' title='bbox 1171 5171 1405 5240; x_wconf 88' lang='lat' dir='ltr'><strong>episcopi</strong></span> <span class='ocrx_word' id='word_1_676' title='bbox 1437 5169 1877 5240; x_wconf 89' lang='lat' dir='ltr'><strong>Cenomanensis,</strong></span> <span class='ocrx_word' id='word_1_677' title='bbox 1920 5171 2014 5240; x_wconf 88' lang='lat' dir='ltr'><strong>qui</strong></span> <span class='ocrx_word' id='word_1_678' title='bbox 2056 5172 2111 5228; x_wconf 91' lang='lat' dir='ltr'><strong>in</strong></span> 
     </span>
    </p>
   </div>
   <div class='ocr_carea' id='block_1_104' title="bbox 532 5239 2110 5310">
    <p class='ocr_par' dir='ltr' id='par_1_104' title="bbox 532 5239 2110 5310">
     <span class='ocr_line' id='line_1_104' title="bbox 532 5239 2110 5310; baseline 0.003 -17"><span class='ocrx_word' id='word_1_679' title='bbox 532 5239 692 5310; x_wconf 81' lang='lat' dir='ltr'><strong>epist.</strong></span> <span class='ocrx_word' id='word_1_680' title='bbox 719 5239 788 5293; x_wconf 79' lang='lat'><strong>36</strong></span> <span class='ocrx_word' id='word_1_681' title='bbox 815 5241 1056 5295; x_wconf 88' lang='lat' dir='ltr'><strong>meminit</strong></span> <span class='ocrx_word' id='word_1_682' title='bbox 1097 5239 1648 5310; x_wconf 12' lang='lat' dir='ltr'><strong>cujusdamicanonici</strong></span> <span class='ocrx_word' id='word_1_683' title='bbox 1688 5239 2110 5310; x_wconf 78' lang='lat' dir='ltr'><strong>Anilegavensis,</strong></span> 
     </span>
    </p>
   </div>
   <div class='ocr_carea' id='block_1_105' title="bbox 530 5309 2112 5380">
    <p class='ocr_par' dir='ltr' id='par_1_105' title="bbox 530 5309 2112 5380">
     <span class='ocr_line' id='line_1_105' title="bbox 530 5309 2112 5380; baseline 0.003 -18"><span class='ocrx_word' id='word_1_684' title='bbox 530 5309 623 5380; x_wconf 91' lang='lat' dir='ltr'><strong>qui</strong></span> <span class='ocrx_word' id='word_1_685' title='bbox 654 5325 712 5364; x_wconf 91' lang='lat' dir='ltr'><strong>se</strong></span> <span class='ocrx_word' id='word_1_686' title='bbox 733 5312 1047 5365; x_wconf 72' lang='lat' dir='ltr'><strong>excanonica</strong></span> <span class='ocrx_word' id='word_1_687' title='bbox 1057 5313 1096 5364; x_wconf 84' lang='lat' dir='ltr'><strong>ri</strong></span> <span class='ocrx_word' id='word_1_688' title='bbox 1121 5309 1336 5380; x_wconf 84' lang='lat' dir='ltr'><strong>petebat</strong></span> <span class='ocrx_word' id='word_1_689' title='bbox 1356 5309 1424 5364; x_wconf 91' lang='lat' dir='ltr'><strong>ab</strong></span> <span class='ocrx_word' id='word_1_690' title='bbox 1447 5310 1700 5380; x_wconf 91' lang='lat' dir='ltr'><strong>episcopo</strong></span> <span class='ocrx_word' id='word_1_691' title='bbox 1721 5323 1837 5374; x_wconf 88' lang='lat' dir='ltr'><strong>suo,</strong></span> <span class='ocrx_word' id='word_1_692' title='bbox 1854 5309 2112 5378; x_wconf 55' lang='lat' dir='ltr'><strong>praeben?-</strong></span> 
     </span>
    </p>
   </div>
   <div class='ocr_carea' id='block_1_106' title="bbox 531 5380 2113 5450">
    <p class='ocr_par' dir='ltr' id='par_1_106' title="bbox 531 5380 2113 5450">
     <span class='ocr_line' id='line_1_106' title="bbox 531 5380 2113 5450; baseline 0.003 -16"><span class='ocrx_word' id='word_1_693' title='bbox 531 5381 764 5450; x_wconf 90' lang='lat' dir='ltr'><strong>damque</strong></span> <span class='ocrx_word' id='word_1_694' title='bbox 793 5398 945 5435; x_wconf 89' lang='lat' dir='ltr'><strong>suam</strong></span> <span class='ocrx_word' id='word_1_695' title='bbox 977 5384 1088 5436; x_wconf 85' lang='lat' dir='ltr'><strong>dari</strong></span> <span class='ocrx_word' id='word_1_696' title='bbox 1115 5395 1212 5435; x_wconf 90' lang='lat' dir='ltr'><strong>suo</strong></span> <span class='ocrx_word' id='word_1_697' title='bbox 1247 5381 1444 5450; x_wconf 88' lang='lat' dir='ltr'><strong>nepoti,</strong></span> <span class='ocrx_word' id='word_1_698' title='bbox 1498 5380 1681 5434; x_wconf 84' lang='lat' dir='ltr'><strong>fratris</strong></span> <span class='ocrx_word' id='word_1_699' title='bbox 1726 5381 1980 5435; x_wconf 73' lang='lat' dir='ltr'><strong>nimi.um</strong></span> <span class='ocrx_word' id='word_1_700' title='bbox 2020 5391 2113 5438; x_wconf 88' lang='lat' dir='ltr'><strong>aut</strong></span> 
     </span>
    </p>
   </div>
   <div class='ocr_carea' id='block_1_107' title="bbox 531 5450 2107 5521">
    <p class='ocr_par' dir='ltr' id='par_1_107' title="bbox 531 5450 2107 5521">
     <span class='ocr_line' id='line_1_107' title="bbox 531 5450 2107 5521; baseline 0.004 -18"><span class='ocrx_word' id='word_1_701' title='bbox 531 5453 734 5504; x_wconf 84' lang='lat' dir='ltr'><strong>sororis</strong></span> <span class='ocrx_word' id='word_1_702' title='bbox 768 5452 906 5521; x_wconf 82' lang='lat' dir='ltr'><strong>ﬁlio;</strong></span> <span class='ocrx_word' id='word_1_703' title='bbox 936 5453 1074 5521; x_wconf 78' lang='lat' dir='ltr'><strong>quoi</strong></span> <span class='ocrx_word' id='word_1_704' title='bbox 1110 5453 1283 5504; x_wconf 83' lang='lat' dir='ltr'><strong>facere</strong></span> <span class='ocrx_word' id='word_1_705' title='bbox 1329 5450 1901 5521; x_wconf 9' lang='lat' dir='ltr'><strong>rccusavitrcpiscopus</strong></span> <span class='ocrx_word' id='word_1_706' title='bbox 1931 5453 2107 5509; x_wconf 86' lang='lat' dir='ltr'><strong>Ande-</strong></span> 
     </span>
    </p>
   </div>
   <div class='ocr_carea' id='block_1_108' title="bbox 528 5520 2109 5593">
    <p class='ocr_par' dir='ltr' id='par_1_108' title="bbox 528 5520 2109 5593">
     <span class='ocr_line' id='line_1_108' title="bbox 528 5520 2109 5593; baseline 0.003 -18"><span class='ocrx_word' id='word_1_707' title='bbox 528 5523 810 5593; x_wconf 61' lang='lat' dir='ltr'><strong>gavensis.</strong></span> <span class='ocrx_word' id='word_1_708' title='bbox 835 5520 892 5576; x_wconf 90' lang='lat' dir='ltr'><strong>Si</strong></span> <span class='ocrx_word' id='word_1_709' title='bbox 922 5520 1030 5593; x_wconf 86' lang='lat' dir='ltr'><strong>tum</strong></span> <span class='ocrx_word' id='word_1_710' title='bbox 1063 5521 1324 5593; x_wconf 79' lang='lat' dir='ltr'><strong>explicata</strong></span> <span class='ocrx_word' id='word_1_711' title='bbox 1360 5523 1411 5575; x_wconf 90' lang='lat' dir='ltr'><strong>in</strong></span> <span class='ocrx_word' id='word_1_712' title='bbox 1447 5523 1548 5576; x_wconf 87' lang='lat' dir='ltr'><strong>hoc</strong></span> <span class='ocrx_word' id='word_1_713' title='bbox 1585 5520 1774 5576; x_wconf 80' lang='lat' dir='ltr'><strong>fuisset</strong></span> <span class='ocrx_word' id='word_1_714' title='bbox 1816 5525 2109 5580; x_wconf 85' lang='lat' dir='ltr'><strong>auctoritas</strong></span> 
     </span>
    </p>
   </div>
   <div class='ocr_carea' id='block_1_109' title="bbox 526 5591 2107 5662">
    <p class='ocr_par' dir='ltr' id='par_1_109' title="bbox 526 5591 2107 5662">
     <span class='ocr_line' id='line_1_109' title="bbox 526 5591 2107 5662; baseline 0.003 -18"><span class='ocrx_word' id='word_1_715' title='bbox 526 5591 763 5662; x_wconf 77' lang='lat' dir='ltr'><strong>episcopi</strong></span> <span class='ocrx_word' id='word_1_716' title='bbox 793 5591 1044 5656; x_wconf 78' lang='lat' dir='ltr'><strong>Romani,</strong></span> <span class='ocrx_word' id='word_1_717' title='bbox 1077 5591 1314 5646; x_wconf 87' lang='lat' dir='ltr'><strong>remedio</strong></span> <span class='ocrx_word' id='word_1_718' title='bbox 1341 5608 1461 5647; x_wconf 87' lang='lat' dir='ltr'><strong>esse</strong></span> <span class='ocrx_word' id='word_1_719' title='bbox 1498 5602 1706 5661; x_wconf 82' lang='lat' dir='ltr'><strong>poterat</strong></span> <span class='ocrx_word' id='word_1_720' title='bbox 1732 5593 1990 5648; x_wconf 82' lang='lat' dir='ltr'><strong>adversus</strong></span> <span class='ocrx_word' id='word_1_721' title='bbox 2021 5609 2107 5648; x_wconf 90' lang='lat' dir='ltr'><strong>re-</strong></span> 
     </span>
    </p>
   </div>
   <div class='ocr_carea' id='block_1_110' title="bbox 525 5662 2108 5732">
    <p class='ocr_par' dir='ltr' id='par_1_110' title="bbox 525 5662 2108 5732">
     <span class='ocr_line' id='line_1_110' title="bbox 525 5662 2108 5732; baseline 0.004 -18"><span class='ocrx_word' id='word_1_722' title='bbox 525 5663 756 5732; x_wconf 74' lang='lat' dir='ltr'><strong>pulsam.</strong></span> <span class='ocrx_word' id='word_1_723' title='bbox 787 5662 895 5716; x_wconf 88' lang='lat' dir='ltr'><strong>Sed</strong></span> <span class='ocrx_word' id='word_1_724' title='bbox 921 5663 986 5713; x_wconf 88' lang='lat' dir='ltr'><strong>de</strong></span> <span class='ocrx_word' id='word_1_725' title='bbox 1016 5662 1115 5716; x_wconf 87' lang='lat' dir='ltr'><strong>hoc</strong></span> <span class='ocrx_word' id='word_1_726' title='bbox 1145 5678 1212 5715; x_wconf 88' lang='lat' dir='ltr'><strong>ne</strong></span> <span class='ocrx_word' id='word_1_727' title='bbox 1256 5663 1475 5716; x_wconf 73' lang='lat' dir='ltr'><strong>verbum</strong></span> <span class='ocrx_word' id='word_1_728' title='bbox 1521 5664 1756 5730; x_wconf 85' lang='lat' dir='ltr'><strong>quidem.</strong></span> <span class='ocrx_word' id='word_1_729' title='bbox 1805 5663 1936 5718; x_wconf 89' lang='lat' dir='ltr'><strong>Tum</strong></span> <span class='ocrx_word' id='word_1_730' title='bbox 1979 5664 2108 5720; x_wconf 88' lang='lat' dir='ltr'><strong>illud</strong></span> 
     </span>
    </p>
   </div>
   <div class='ocr_carea' id='block_1_111' title="bbox 523 5731 2104 5802">
    <p class='ocr_par' dir='ltr' id='par_1_111' title="bbox 523 5731 2104 5802">
     <span class='ocr_line' id='line_1_111' title="bbox 523 5731 2104 5802; baseline 0.003 -18"><span class='ocrx_word' id='word_1_731' title='bbox 523 5731 685 5786; x_wconf 81' lang='lat' dir='ltr'><strong>etiam</strong></span> <span class='ocrx_word' id='word_1_732' title='bbox 710 5731 1036 5786; x_wconf 86' lang='lat' dir='ltr'><strong>addiscimus</strong></span> <span class='ocrx_word' id='word_1_733' title='bbox 1057 5747 1122 5786; x_wconf 85' lang='lat' dir='ltr'><strong>ex</strong></span> <span class='ocrx_word' id='word_1_734' title='bbox 1143 5733 1244 5788; x_wconf 86' lang='lat' dir='ltr'><strong>hac</strong></span> <span class='ocrx_word' id='word_1_735' title='bbox 1283 5733 1414 5801; x_wconf 86' lang='lat' dir='ltr'><strong>Lupi</strong></span> <span class='ocrx_word' id='word_1_736' title='bbox 1464 5732 1689 5802; x_wconf 86' lang='lat' dir='ltr'><strong>epistola</strong></span> <span class='ocrx_word' id='word_1_737' title='bbox 1744 5735 2104 5789; x_wconf 89' lang='lat' dir='ltr'><strong>necessariam</strong></span> 
     </span>
    </p>
   </div>
   <div class='ocr_carea' id='block_1_112' title="bbox 528 5802 2107 5871">
    <p class='ocr_par' dir='ltr' id='par_1_112' title="bbox 528 5802 2107 5871">
     <span class='ocr_line' id='line_1_112' title="bbox 528 5802 2107 5871; baseline 0.001 -13"><span class='ocrx_word' id='word_1_738' title='bbox 528 5818 753 5858; x_wconf 75' lang='lat' dir='ltr'><strong>prorsus</strong></span> <span class='ocrx_word' id='word_1_739' title='bbox 785 5802 949 5857; x_wconf 85' lang='lat' dir='ltr'><strong>fuisse</strong></span> <span class='ocrx_word' id='word_1_740' title='bbox 979 5815 1097 5857; x_wconf 85' lang='lat' dir='ltr'><strong>eam</strong></span> <span class='ocrx_word' id='word_1_741' title='bbox 1129 5805 1371 5866; x_wconf 83' lang='lat' dir='ltr'><strong>corporis</strong></span> <span class='ocrx_word' id='word_1_742' title='bbox 1402 5804 1765 5858; x_wconf 82' lang='lat' dir='ltr'><strong>infirmitatem</strong></span> <span class='ocrx_word' id='word_1_743' title='bbox 1811 5820 1929 5869; x_wconf 75' lang='lat' dir='ltr'><strong>qua:</strong></span> <span class='ocrx_word' id='word_1_744' title='bbox 1960 5820 2107 5871; x_wconf 88' lang='lat' dir='ltr'><strong>pres-</strong></span> 
     </span>
    </p>
   </div>
   <div class='ocr_carea' id='block_1_113' title="bbox 2223 4675 3816 4745">
    <p class='ocr_par' dir='ltr' id='par_1_113' title="bbox 2223 4675 3816 4745">
     <span class='ocr_line' id='line_1_113' title="bbox 2223 4675 3816 4745; baseline -0.002 -15"><span class='ocrx_word' id='word_1_745' title='bbox 2223 4676 2484 4744; x_wconf 85' lang='lat' dir='ltr'><strong>pontificii</strong></span> <span class='ocrx_word' id='word_1_746' title='bbox 2511 4686 2717 4745; x_wconf 90' lang='lat' dir='ltr'><strong>partem</strong></span> <span class='ocrx_word' id='word_1_747' title='bbox 2749 4676 2802 4730; x_wconf 91' lang='lat' dir='ltr'><strong>in</strong></span> <span class='ocrx_word' id='word_1_748' title='bbox 2832 4691 2938 4744; x_wconf 89' lang='lat' dir='ltr'><strong>qua</strong></span> <span class='ocrx_word' id='word_1_749' title='bbox 2959 4675 3280 4745; x_wconf 83' lang='lat' dir='ltr'><strong>beneficium</strong></span> <span class='ocrx_word' id='word_1_750' title='bbox 3307 4689 3508 4745; x_wconf 83' lang='lat' dir='ltr'><strong>vacans</strong></span> <span class='ocrx_word' id='word_1_751' title='bbox 3537 4675 3816 4745; x_wconf 63' lang='lat' dir='ltr'><strong>petitura</strong></span> 
     </span>
    </p>
   </div>
   <div class='ocr_carea' id='block_1_114' title="bbox 2223 4743 3812 4815">
    <p class='ocr_par' dir='ltr' id='par_1_114' title="bbox 2223 4743 3812 4815">
     <span class='ocr_line' id='line_1_114' title="bbox 2223 4743 3812 4815; baseline -0.001 -16"><span class='ocrx_word' id='word_1_752' title='bbox 2223 4761 2436 4799; x_wconf 91' lang='lat' dir='ltr'><strong>summo</strong></span> <span class='ocrx_word' id='word_1_753' title='bbox 2481 4743 2753 4815; x_wconf 79' lang='lat' dir='ltr'><strong>pontifice.</strong></span> <span class='ocrx_word' id='word_1_754' title='bbox 2782 4743 3076 4815; x_wconf 71' lang='lat' dir='ltr'><strong>Eaautem</strong></span> <span class='ocrx_word' id='word_1_755' title='bbox 3128 4744 3447 4815; x_wconf 88' lang='lat' dir='ltr'><strong>supplicatio</strong></span> <span class='ocrx_word' id='word_1_756' title='bbox 3479 4743 3582 4815; x_wconf 12' lang='lat' dir='ltr'><strong>illis</strong></span> <span class='ocrx_word' id='word_1_757' title='bbox 3609 4743 3812 4815; x_wconf 71' lang='lat' dir='ltr'><strong>verbis</strong></span> 
     </span>
    </p>
   </div>
   <div class='ocr_carea' id='block_1_115' title="bbox 2221 4813 3809 4885">
    <p class='ocr_par' dir='ltr' id='par_1_115' title="bbox 2221 4813 3809 4885">
     <span class='ocr_line' id='line_1_115' title="bbox 2221 4813 3809 4885; baseline -0.001 -17"><span class='ocrx_word' id='word_1_758' title='bbox 2221 4813 2496 4885; x_wconf 16' lang='lat' dir='ltr'><strong>concepta,</strong></span> <span class='ocrx_word' id='word_1_759' title='bbox 2509 4825 2592 4870; x_wconf 88' lang='lat' dir='ltr'><strong>est</strong></span> <span class='ocrx_word' id='word_1_760' title='bbox 2617 4833 2630 4868; x_wconf 92' lang='lat'><strong>:</strong></span> <span class='ocrx_word' id='word_1_761' title='bbox 2659 4814 2967 4869; x_wconf 78' lang='lat' dir='ltr'><strong>Beatissime</strong></span> <span class='ocrx_word' id='word_1_762' title='bbox 2995 4813 3342 4880; x_wconf 44' lang='lat' dir='ltr'><strong>PalerfCum</strong></span> <span class='ocrx_word' id='word_1_763' title='bbox 3386 4813 3540 4868; x_wconf 78' lang='lat' dir='ltr'><strong>hodie</strong></span> <span class='ocrx_word' id='word_1_764' title='bbox 3581 4813 3809 4885; x_wconf 67' lang='lat' dir='ltr'><strong>deuotus</strong></span> 
     </span>
    </p>
   </div>
   <div class='ocr_carea' id='block_1_116' title="bbox 2219 4882 3813 4941">
    <p class='ocr_par' dir='ltr' id='par_1_116' title="bbox 2219 4882 3813 4941">
     <span class='ocr_line' id='line_1_116' title="bbox 2219 4882 3813 4941; baseline -0.002 -2"><span class='ocrx_word' id='word_1_765' title='bbox 2219 4883 2277 4939; x_wconf 92' lang='lat' dir='ltr'><strong>S.</strong></span> <span class='ocrx_word' id='word_1_766' title='bbox 2315 4882 2580 4940; x_wconf 47' lang='lat' dir='ltr'><strong>Vforator</strong></span> <span class='ocrx_word' id='word_1_767' title='bbox 2601 4903 2665 4940; x_wconf 78' lang='lat' dir='ltr'><strong>ea:</strong></span> <span class='ocrx_word' id='word_1_768' title='bbox 2691 4886 2841 4940; x_wconf 82' lang='lat' dir='ltr'><strong>certis</strong></span> <span class='ocrx_word' id='word_1_769' title='bbox 2870 4888 3042 4941; x_wconf 78' lang='lat' dir='ltr'><strong>causis</strong></span> <span class='ocrx_word' id='word_1_770' title='bbox 3083 4888 3317 4941; x_wconf 84' lang='lat' dir='ltr'><strong>animum</strong></span> <span class='ocrx_word' id='word_1_771' title='bbox 3345 4901 3497 4939; x_wconf 82' lang='lat' dir='ltr'><strong>suum</strong></span> <span class='ocrx_word' id='word_1_772' title='bbox 3547 4884 3813 4937; x_wconf 74' lang='lat' dir='ltr'><strong>moventi-</strong></span> 
     </span>
    </p>
   </div>
   <div class='ocr_carea' id='block_1_117' title="bbox 2219 4951 3814 5026">
    <p class='ocr_par' dir='ltr' id='par_1_117' title="bbox 2219 4951 3814 5026">
     <span class='ocr_line' id='line_1_117' title="bbox 2219 4951 3814 5026; baseline 0 -18"><span class='ocrx_word' id='word_1_773' title='bbox 2219 4955 2313 5010; x_wconf 76' lang='lat' dir='ltr'><strong>bus</strong></span> <span class='ocrx_word' id='word_1_774' title='bbox 2330 4957 2619 5026; x_wconf 80' lang='lat' dir='ltr'><strong>prioratum</strong></span> <span class='ocrx_word' id='word_1_775' title='bbox 2647 4956 2953 5023; x_wconf 74' lang='lat' dir='ltr'><strong>secutorem,</strong></span> <span class='ocrx_word' id='word_1_776' title='bbox 2981 4965 3111 5023; x_wconf 90' lang='lat' dir='ltr'><strong>etc.,</strong></span> <span class='ocrx_word' id='word_1_777' title='bbox 3139 4958 3195 5012; x_wconf 80' lang='lat' dir='ltr'><strong>in</strong></span> <span class='ocrx_word' id='word_1_778' title='bbox 3217 4955 3457 5026; x_wconf 61' lang='lat' dir='ltr'><strong>manibus</strong></span> <span class='ocrx_word' id='word_1_779' title='bbox 3488 4953 3559 5026; x_wconf 90' lang='lat' dir='ltr'><strong>S._</strong></span> <span class='ocrx_word' id='word_1_780' title='bbox 3589 4951 3651 5026; x_wconf 50' lang='grc' dir='ltr'><strong>ᾗ</strong></span> <span class='ocrx_word' id='word_1_781' title='bbox 3674 4956 3814 5008; x_wconf 71' lang='lat' dir='ltr'><strong>resi-</strong></span> 
     </span>
    </p>
   </div>
   <div class='ocr_carea' id='block_1_118' title="bbox 2211 5020 3814 5093">
    <p class='ocr_par' dir='ltr' id='par_1_118' title="bbox 2211 5020 3814 5093">
     <span class='ocr_line' id='line_1_118' title="bbox 2211 5020 3814 5093; baseline 0.001 -15"><span class='ocrx_word' id='word_1_782' title='bbox 2211 5020 2468 5093; x_wconf 68' lang='lat' dir='ltr'><strong>gnarerit,</strong></span> <span class='ocrx_word' id='word_1_783' title='bbox 2499 5035 2603 5082; x_wconf 91' lang='lat' dir='ltr'><strong>etc.</strong></span> <span class='ocrx_word' id='word_1_784' title='bbox 2641 5020 2946 5083; x_wconf 24' lang='lat' dir='ltr'><strong>Surruca&#39;r‘</strong></span> <span class='ocrx_word' id='word_1_785' title='bbox 2984 5020 3252 5082; x_wconf 73' lang='lat' dir='ltr'><strong>humiliter</strong></span> <span class='ocrx_word' id='word_1_786' title='bbox 3278 5024 3562 5080; x_wconf 79' lang='lat' dir='ltr'><strong>Sanctitati</strong></span> <span class='ocrx_word' id='word_1_787' title='bbox 3599 5020 3814 5079; x_wconf 64' lang='lat' dir='ltr'><strong>Vestra</strong></span> 
     </span>
    </p>
   </div>
   <div class='ocr_carea' id='block_1_119' title="bbox 2215 5093 3814 5164">
    <p class='ocr_par' dir='ltr' id='par_1_119' title="bbox 2215 5093 3814 5164">
     <span class='ocr_line' id='line_1_119' title="bbox 2215 5093 3814 5164; baseline 0 -14"><span class='ocrx_word' id='word_1_788' title='bbox 2215 5097 2428 5151; x_wconf 82' lang='lat' dir='ltr'><strong>devolus</strong></span> <span class='ocrx_word' id='word_1_789' title='bbox 2454 5097 2596 5151; x_wconf 77' lang='lat' dir='ltr'><strong>illius</strong></span> <span class='ocrx_word' id='word_1_790' title='bbox 2620 5107 2817 5164; x_wconf 80' lang='lat' dir='ltr'><strong>orator,</strong></span> <span class='ocrx_word' id='word_1_791' title='bbox 2847 5106 2951 5153; x_wconf 85' lang='lat' dir='ltr'><strong>etc.</strong></span> <span class='ocrx_word' id='word_1_792' title='bbox 2983 5096 3100 5152; x_wconf 84' lang='lat' dir='ltr'><strong>Non</strong></span> <span class='ocrx_word' id='word_1_793' title='bbox 3141 5096 3377 5152; x_wconf 83' lang='lat' dir='ltr'><strong>arbitror</strong></span> <span class='ocrx_word' id='word_1_794' title='bbox 3403 5104 3584 5150; x_wconf 86' lang='lat' dir='ltr'><strong>tamen</strong></span> <span class='ocrx_word' id='word_1_795' title='bbox 3615 5093 3814 5164; x_wconf 61' lang='lat' dir='ltr'><strong>Gero-</strong></span> 
     </span>
    </p>
   </div>
   <div class='ocr_carea' id='block_1_120' title="bbox 2217 5162 3810 5238">
    <p class='ocr_par' dir='ltr' id='par_1_120' title="bbox 2217 5162 3810 5238">
     <span class='ocr_line' id='line_1_120' title="bbox 2217 5162 3810 5238; baseline 0.001 -20"><span class='ocrx_word' id='word_1_796' title='bbox 2217 5167 2362 5238; x_wconf 53' lang='grc' dir='ltr'><strong>ρειαί</strong></span> <span class='ocrx_word' id='word_1_797' title='bbox 2392 5162 2834 5238; x_wconf 84' lang='lat' dir='ltr'><strong>supplicationem</strong></span> <span class='ocrx_word' id='word_1_798' title='bbox 2877 5167 3077 5237; x_wconf 88' lang='lat' dir='ltr'><strong>scripto</strong></span> <span class='ocrx_word' id='word_1_799' title='bbox 3121 5168 3567 5238; x_wconf 81' lang='lat' dir='ltr'><strong>comprehensam</strong></span> <span class='ocrx_word' id='word_1_800' title='bbox 3606 5162 3810 5221; x_wconf 85' lang='lat' dir='ltr'><strong>fuisse.</strong></span> 
     </span>
    </p>
   </div>
   <div class='ocr_carea' id='block_1_121' title="bbox 2215 5236 3120 5307">
    <p class='ocr_par' dir='ltr' id='par_1_121' title="bbox 2215 5236 3120 5307">
     <span class='ocr_line' id='line_1_121' title="bbox 2215 5236 3120 5307; baseline 0.002 -16"><span class='ocrx_word' id='word_1_801' title='bbox 2215 5236 2351 5291; x_wconf 88' lang='lat' dir='ltr'><strong>Tum</strong></span> <span class='ocrx_word' id='word_1_802' title='bbox 2380 5236 2523 5294; x_wconf 84' lang='lat' dir='ltr'><strong>enim</strong></span> <span class='ocrx_word' id='word_1_803' title='bbox 2552 5238 2846 5307; x_wconf 90' lang='lat' dir='ltr'><strong>simplicius</strong></span> <span class='ocrx_word' id='word_1_804' title='bbox 2873 5236 3120 5307; x_wconf 85' lang='lat' dir='ltr'><strong>agebant.</strong></span> 
     </span>
    </p>
   </div>
   <div class='ocr_carea' id='block_1_122' title="bbox 2285 5304 3807 5388">
    <p class='ocr_par' dir='ltr' id='par_1_122' title="bbox 2285 5304 3807 5388">
     <span class='ocr_line' id='line_1_122' title="bbox 2285 5304 3807 5388; baseline -0.001 -27"><span class='ocrx_word' id='word_1_805' title='bbox 2285 5318 2310 5346; x_wconf 75' lang='grc' dir='ltr'><strong>ο</strong></span> <span class='ocrx_word' id='word_1_806' title='bbox 2341 5307 2475 5388; x_wconf 83' lang='lat' dir='ltr'><strong>_Ipse</strong></span> <span class='ocrx_word' id='word_1_807' title='bbox 2515 5304 2854 5388; x_wconf 48' lang='lat' dir='ltr'><strong>vobis—elegi.</strong></span> <span class='ocrx_word' id='word_1_808' title='bbox 3001 5308 3091 5388; x_wconf 70' lang='lat' dir='ltr'><strong>bis</strong></span> <span class='ocrx_word' id='word_1_809' title='bbox 3134 5307 3336 5388; x_wconf 38' lang='lat' dir='ltr'><strong>verbis“</strong></span> <span class='ocrx_word' id='word_1_810' title='bbox 3372 5306 3560 5388; x_wconf 70' lang='lat' dir='ltr'><strong>incipit.</strong></span> <span class='ocrx_word' id='word_1_811' title='bbox 3607 5304 3807 5388; x_wconf 69' lang='lat' dir='ltr'><strong>foliutn</strong></span> 
     </span>
    </p>
   </div>
   <div class='ocr_carea' id='block_1_123' title="bbox 2213 5376 3808 5501">
    <p class='ocr_par' dir='ltr' id='par_1_123' title="bbox 2213 5376 3808 5501">
     <span class='ocr_line' id='line_1_123' title="bbox 2213 5376 3808 5449; baseline -0.001 -18"><span class='ocrx_word' id='word_1_812' title='bbox 2213 5378 2353 5449; x_wconf 93' lang='lat' dir='ltr'><strong>quod</strong></span> <span class='ocrx_word' id='word_1_813' title='bbox 2383 5376 2711 5448; x_wconf 82' lang='lat' dir='ltr'><strong>sequebatur</strong></span> <span class='ocrx_word' id='word_1_814' title='bbox 2742 5376 2862 5449; x_wconf 82' lang='lat' dir='ltr'><strong>pest</strong></span> <span class='ocrx_word' id='word_1_815' title='bbox 2889 5377 3018 5433; x_wconf 90' lang='lat' dir='ltr'><strong>illud</strong></span> <span class='ocrx_word' id='word_1_816' title='bbox 3067 5376 3211 5448; x_wconf 88' lang='lat' dir='ltr'><strong>quod</strong></span> <span class='ocrx_word' id='word_1_817' title='bbox 3236 5376 3422 5434; x_wconf 79' lang='lat' dir='ltr'><strong>defieri</strong></span> <span class='ocrx_word' id='word_1_818' title='bbox 3450 5376 3694 5432; x_wconf 75' lang='lat' dir='ltr'><strong>diximus</strong></span> <span class='ocrx_word' id='word_1_819' title='bbox 3749 5377 3808 5431; x_wconf 89' lang='lat' dir='ltr'><strong>in</strong></span> 
     </span>
     <span class='ocr_line' id='line_1_124' title="bbox 2214 5448 2623 5501; baseline 0.002 -1"><span class='ocrx_word' id='word_1_820' title='bbox 2214 5448 2380 5501; x_wconf 84' lang='lat' dir='ltr'><strong>veteri</strong></span> <span class='ocrx_word' id='word_1_821' title='bbox 2420 5449 2623 5501; x_wconf 89' lang='lat' dir='ltr'><strong>codice.</strong></span> 
     </span>
    </p>
   </div>
   <div class='ocr_carea' id='block_1_124' title="bbox 2214 5448 2623 5503">
    <p class='ocr_par' dir='ltr' id='par_1_124' title="bbox 2214 5448 2623 5503">
     <span class='ocr_line' id='line_1_125' title="bbox 2214 5448 2623 5503; baseline 0.005 -3"><span class='ocrx_word' id='word_1_822' title='bbox 2214 5448 2380 5501; x_wconf 79' lang='lat' dir='ltr'><strong>veteri</strong></span> <span class='ocrx_word' id='word_1_823' title='bbox 2420 5449 2623 5503; x_wconf 90' lang='lat' dir='ltr'><strong>codice.</strong></span> 
     </span>
    </p>
   </div>
   <div class='ocr_carea' id='block_1_125' title="bbox 2287 5515 3805 5574">
    <p class='ocr_par' dir='ltr' id='par_1_125' title="bbox 2287 5515 3805 5574">
     <span class='ocr_line' id='line_1_126' title="bbox 2287 5515 3805 5574; baseline 0 -4"><span class='ocrx_word' id='word_1_824' title='bbox 2287 5518 2313 5556; x_wconf 76' lang='grc' dir='ltr'>ά</span> <span class='ocrx_word' id='word_1_825' title='bbox 2353 5515 2734 5571; x_wconf 80' lang='lat' dir='ltr'><strong>Collectaneum</strong></span> <span class='ocrx_word' id='word_1_826' title='bbox 2778 5518 2956 5574; x_wconf 61' lang='grc' dir='ltr'><strong>Βαίας.</strong></span> <span class='ocrx_word' id='word_1_827' title='bbox 2997 5519 3244 5574; x_wconf 89' lang='lat' dir='ltr'><strong>Demiror</strong></span> <span class='ocrx_word' id='word_1_828' title='bbox 3284 5519 3427 5572; x_wconf 93' lang='lat' dir='ltr'><strong>hunc</strong></span> <span class='ocrx_word' id='word_1_829' title='bbox 3463 5515 3644 5570; x_wconf 89' lang='lat' dir='ltr'><strong>locum</strong></span> <span class='ocrx_word' id='word_1_830' title='bbox 3689 5531 3805 5570; x_wconf 88' lang='lat' dir='ltr'><strong>non</strong></span> 
     </span>
    </p>
   </div>
   <div class='ocr_carea' id='block_1_126' title="bbox 2217 5587 3808 5646">
    <p class='ocr_par' dir='ltr' id='par_1_126' title="bbox 2217 5587 3808 5646">
     <span class='ocr_line' id='line_1_127' title="bbox 2217 5587 3808 5646; baseline 0.001 -5"><span class='ocrx_word' id='word_1_831' title='bbox 2217 5587 2382 5642; x_wconf 88' lang='lat' dir='ltr'><strong>fuisse</strong></span> <span class='ocrx_word' id='word_1_832' title='bbox 2407 5589 2839 5645; x_wconf 76' lang='lat' dir='ltr'><strong>animmlversum</strong></span> <span class='ocrx_word' id='word_1_833' title='bbox 2873 5591 2940 5646; x_wconf 89' lang='lat' dir='ltr'><strong>ab</strong></span> <span class='ocrx_word' id='word_1_834' title='bbox 2999 5589 3378 5645; x_wconf 89' lang='lat' dir='ltr'><strong>illustrissimis</strong></span> <span class='ocrx_word' id='word_1_835' title='bbox 3429 5587 3808 5642; x_wconf 85' lang='lat' dir='ltr'><strong>cardinalibns</strong></span> 
     </span>
    </p>
   </div>
   <div class='ocr_carea' id='block_1_127' title="bbox 2215 5656 3803 5730">
    <p class='ocr_par' dir='ltr' id='par_1_127' title="bbox 2215 5656 3803 5730">
     <span class='ocr_line' id='line_1_128' title="bbox 2215 5656 3803 5730; baseline 0 -20"><span class='ocrx_word' id='word_1_836' title='bbox 2215 5657 2446 5730; x_wconf 67' lang='lat' dir='ltr'><strong>liaronio</strong></span> <span class='ocrx_word' id='word_1_837' title='bbox 2474 5669 2528 5713; x_wconf 88' lang='lat' dir='ltr'><strong>et</strong></span> <span class='ocrx_word' id='word_1_838' title='bbox 2552 5659 2900 5721; x_wconf 77' lang='lat' dir='ltr'><strong>Bellarmino,</strong></span> <span class='ocrx_word' id='word_1_839' title='bbox 2929 5675 3101 5730; x_wconf 86' lang='lat' dir='ltr'><strong>neque</strong></span> <span class='ocrx_word' id='word_1_840' title='bbox 3131 5661 3299 5730; x_wconf 83' lang='lat' dir='ltr'><strong>etiam</strong></span> <span class='ocrx_word' id='word_1_841' title='bbox 3322 5674 3351 5711; x_wconf 89' lang='lat' dir='ltr'><strong>a</strong></span> <span class='ocrx_word' id='word_1_842' title='bbox 3385 5658 3449 5713; x_wconf 85' lang='lat' dir='ltr'><strong>R.</strong></span> <span class='ocrx_word' id='word_1_843' title='bbox 3469 5656 3803 5730; x_wconf 22' lang='lat' dir='ltr'><strong>PuLabbeo.</strong></span> 
     </span>
    </p>
   </div>
   <div class='ocr_carea' id='block_1_128' title="bbox 2217 5727 3808 5796">
    <p class='ocr_par' dir='ltr' id='par_1_128' title="bbox 2217 5727 3808 5796">
     <span class='ocr_line' id='line_1_129' title="bbox 2217 5727 3808 5796; baseline 0 -14"><span class='ocrx_word' id='word_1_844' title='bbox 2217 5729 2428 5783; x_wconf 92' lang='lat' dir='ltr'><strong>Dirimit</strong></span> <span class='ocrx_word' id='word_1_845' title='bbox 2443 5731 2585 5785; x_wconf 90' lang='lat' dir='ltr'><strong>enim</strong></span> <span class='ocrx_word' id='word_1_846' title='bbox 2607 5732 2752 5785; x_wconf 87' lang='lat' dir='ltr'><strong>litem</strong></span> <span class='ocrx_word' id='word_1_847' title='bbox 2778 5730 2844 5785; x_wconf 89' lang='lat' dir='ltr'><strong>de</strong></span> <span class='ocrx_word' id='word_1_848' title='bbox 2859 5727 3262 5785; x_wconf 84' lang='lat' dir='ltr'><strong>Commentario</strong></span> <span class='ocrx_word' id='word_1_849' title='bbox 3284 5728 3439 5785; x_wconf 72' lang='lat' dir='ltr'><strong>Beda:</strong></span> <span class='ocrx_word' id='word_1_850' title='bbox 3457 5730 3512 5783; x_wconf 91' lang='lat' dir='ltr'><strong>in</strong></span> <span class='ocrx_word' id='word_1_851' title='bbox 3531 5727 3808 5796; x_wconf 79' lang='lat' dir='ltr'><strong>Epistolas</strong></span> 
     </span>
    </p>
   </div>
   <div class='ocr_carea' id='block_1_129' title="bbox 2219 5798 3810 5870">
    <p class='ocr_par' dir='ltr' id='par_1_129' title="bbox 2219 5798 3810 5870">
     <span class='ocr_line' id='line_1_130' title="bbox 2219 5798 3810 5870; baseline 0.002 -19"><span class='ocrx_word' id='word_1_852' title='bbox 2219 5798 2386 5865; x_wconf 86' lang='lat' dir='ltr'><strong>Pauli,</strong></span> <span class='ocrx_word' id='word_1_853' title='bbox 2414 5815 2577 5870; x_wconf 91' lang='lat' dir='ltr'><strong>quem</strong></span> <span class='ocrx_word' id='word_1_854' title='bbox 2624 5801 2778 5857; x_wconf 75' lang='lat' dir='ltr'><strong>Beda:</strong></span> <span class='ocrx_word' id='word_1_855' title='bbox 2807 5800 3077 5870; x_wconf 87' lang='lat' dir='ltr'><strong>abjudicat</strong></span> <span class='ocrx_word' id='word_1_856' title='bbox 3103 5798 3388 5869; x_wconf 67' lang='lat' dir='ltr'><strong>Baronius,l</strong></span> <span class='ocrx_word' id='word_1_857' title='bbox 3429 5799 3626 5854; x_wconf 82' lang='lat' dir='ltr'><strong>asserit</strong></span> <span class='ocrx_word' id='word_1_858' title='bbox 3668 5813 3810 5854; x_wconf 76' lang='lat' dir='ltr'><strong>vero</strong></span> 
     </span>
    </p>
   </div>
  </div>
