4034 6298
334 283 431 412 ες,

1777 328 2153 410 Eptsrom.

2335 259 2366 268 ξ

3476 329 3578 385 542

333 438 499 501 utilis,
531 453 647 489 cum
670 449 715 489 et
740 445 921 490 uestra:
951 416 1204 490 doctrina
1232 439 1454 507 parebit.
1477 435 1546 492 Et
1569 439 1614 492 si
1634 437 1779 508 plene
1802 457 1904 493 non
1933 444 1980 502 Α
2008 442 2324 510 presbytero
2352 440 2706 508 Godelgario,
2744 447 3134 511 terruernnque
3162 458 3276 508 vos,
3311 445 3408 499 nisi
3440 457 3576 514 prai-

331 537 496 595 potest
544 529 726 581 docere
773 528 1009 580 instituta
1047 523 1242 593 diviria,
1297 530 1483 599 poterit
1527 540 1698 584 tamen
1739 529 1909 598 facere

333 620 472 674 unde
497 630 542 672 et
559 621 665 689 ipse
687 629 732 672 et
755 635 873 673 eum
893 630 1157 688 sequentes
1179 619 1480 688 efﬁciantur
1499 621 1682 676 salutis
1704 631 1911 675 trterna:

331 727 570 778 capaces.
625 709 748 764 Haec
775 711 841 764 ad
885 709 1033 764 illum
1064 710 1142 765 sic
1177 712 1388 781 scripsi.
1423 713 1530 767 Vos
1559 728 1740 782 quasso
1769 722 1825 767 ut
1856 714 1908 766 in

330 811 511 871 ccepta
540 817 754 872 semper
781 804 1015 856 amicitia
1049 806 1331 870 maneatis,
1370 807 1504 860 certi
1533 822 1614 861 me
1640 820 1908 874 nunquam

330 893 399 947 ab
425 891 600 948 ollicio
641 908 1000 947 recessurum.
1025 893 1169 947 Bene
1197 894 1389 949 valete.

747 1027 899 1095 12],
934 1024 1264 1081 EPISTOLA
1299 1025 1510 1081 LXXX.

747 1160 813 1196 AD
855 1158 1132 1198 USUARDUM
1170 1158 1413 1197 ΔΒΒΛΤΕΜ
1445 1154 1493 1194 ⁸.

409 1257 614 1311 Dilecto
650 1255 898 1312 Usuardo
934 1256 1113 1312 abbati
1147 1265 1201 1312 et
1230 1255 1614 1311 archidiacono
1643 1254 1824 1326 Lupus
1854 1255 1910 1310 in

333 1348 567 1403 Domino
592 1346 840 1402 salutem.

405 1418 522 1492 Non
555 1437 686 1491 estis
715 1435 864 1490 obliti
883 1436 1331 1506 quemadmodum
1360 1437 1532 1500 vobis,
1558 1435 1908 1505 praesentibus

329 1526 631 1596 majoribus
678 1526 919 1580 ecclesiae.
965 1536 1178 1592 vestrae,
1206 1527 1554 1581 constitutum
1598 1527 1783 1597 synodi
1817 1527 1907 1580 de-

329 1625 651 1686 cretumque
692 1615 1088 1682 metropolitani
1121 1617 1148 1656 δ
1176 1615 1352 1671 Amuli
1388 1617 1715 1671 ostenderim
1748 1628 1908 1685 snper

327 1876 503 1944 copis,
531 1889 718 1929 verum
773 1875 935 1929 etiam
987 1876 1353 1929 sacerdotibus
1401 1876 1728 1939 necessaria,
1789 1874 1904 1944 ipse

327 1950 464 2000 satis
492 1945 760 2014 intelligis,
795 1962 914 2000 ctua
948 1947 1128 2000 nullus
1155 1947 1269 2000 sine
1316 1961 1378 1998 ea
1422 1954 1514 1999 aut
1539 1947 1674 1999 alios
1711 1945 1911 2001 docere

326 2029 425 2070 aut
448 2033 566 2071 sese
600 2017 764 2085 possit
793 2015 1130 2071 defendere.)
1160 2016 1396 2085 Denique
1421 2016 1747 2079 Ferraudus,
1780 2016 1910 2070 Car-

331 2088 685 2156 thaginiensis
716 2087 989 2141 diaconus.
1027 2087 1250 2140 docendi
1293 2089 1664 2140 auctoritatem
1700 2088 1906 2156 cpisco-

330 2161 415 2228 pis
447 2159 700 2210 trilmtam
728 2169 911 2228 aperte
941 2156 1179 2210 declarat
1205 2157 1255 2209 in
1287 2157 1509 2228 epistola
1536 2158 1602 2209 ad
1627 2157 1903 2219 Severum,
1935 2211 1937 2213 _

332 2225 711 2283 scholasticum
729 2225 1374 2296 ConstantinopoliIanum
1396 2246 1406 2280 :
1437 2247 1454 2278 ι
1477 2225 1807 2295 Loquantur,
1830 2229 1910 2280 in-

327 2303 461 2367 quit,
497 2309 550 2351 et
593 2298 882 2366 praedicent
911 2299 1104 2366 quibus
1150 2299 1320 2350 honor
1366 2298 1647 2350 sacerdotii
1680 2297 1908 2352 docendi

333 2369 716 2423 auctoritatem
761 2369 968 2420 tribuit.
1004 2367 1108 2420 Nos
1139 2369 1347 2421 discere
1376 2369 1545 2436 parati
1576 2384 1778 2432 sumus,
1808 2367 1907 2421 do-

326 2455 454 2492 cere
491 2438 623 2492 alios
659 2454 753 2490 nos
799 2440 1191 2506 przcsumimus.
1223 2457 1240 2487 ι
1273 2438 1413 2491 Dura
1465 2453 1644 2507 porro,
1695 2448 1753 2492 ut
1808 2438 1908 2492 hoc

329 2525 548 2578 quoque
578 2509 750 2578 obiter
780 2524 1052 2572 nioneam,
1100 2509 1230 2560 dura
1261 2508 1503 2577 profecto
1529 2517 1610 2563 est
1639 2510 1907 2578 sententia

328 2577 600 2650 Agobardi
630 2620 644 2639 ,
676 2577 1044 2648 Lugdunensis
1082 2579 1463 2650 archiepiscopi
1493 2619 1506 2642 ,
1540 2579 1627 2648 qui
1681 2580 1736 2650 in
1770 2577 1907 2630 libro

328 2649 397 2703 de.
433 2650 589 2703 modo
647 2650 937 2718 Regiminis
978 2649 1324 2702 ecclesiastici
1374 2650 1447 2700 ait
1494 2664 1614 2701 eum
1653 2649 1741 2716 qui
1772 2663 1909 2716 pra:-

335 2721 627 2773 dicatiouis
656 2718 885 2773 officium
938 2730 990 2774 et
1040 2721 1212 2773 locum
1252 2720 1526 2789 regimiuis
1578 2721 1811 2787 suscepit
1855 2727 1908 2772 et

336 2791 582 2860 negligit,
632 2799 686 2844 et
739 2791 934 2858 quierit
992 2791 1410 2844 consolationem
1442 2799 1502 2850 et,
1537 2790 1905 2860 avocationem

331 2863 386 2915 in
418 2859 642 2922 divitiis,
674 2860 724 2912 iu
755 2861 1410 2924 ornamentismetallicis,
1437 2861 1486 2913 in
1511 2859 1905 2924 venationibus,

331 2930 780 3000 aucupationibus
807 2940 860 2984 et
890 2931 1296 2998 piscationibus,
1327 2939 1381 2983 et
1433 2933 1570 2999 quod
1624 2931 1774 2999 pejus
1805 2941 1904 2995 est,

332 3002 818 3055 con'iessatitmihus
864 3011 915 3053 et
962 3002 1332 3062 ebrietatibus,
1373 3011 1426 3054 et
1480 3002 1628 3054 sonis
1664 3001 1904 3064 niusicis,

333 3075 476 3125 hunc
513 3088 616 3125 non
665 3071 753 3125 Dei
808 3073 1126 3139 adjutorcm,
1181 3073 1272 3125 sed
1310 3072 1698 3125 destructorem
1731 3072 1910 3139 operis

334 3143 450 3204 Dei,
491 3159 559 3226 ac
581 3157 676 3211 per
705 3143 803 3222 hoc
836 3142 1134 3226 adjutorem
1157 3142 1468 3226 Antichristi
1502 3157 1619 3194 esse
1646 3159 1671 3222 ;.
1693 3157 1754 3195 ac
1785 3142 1909 3226 licet
1937 3165 1980 3226 ρ

337 3218 387 3266 in
421 3213 593 3267 oculis
633 3213 905 3265 hominum
937 3215 1186 3266 sacerdos
1208 3228 1324 3266 esse
1351 3213 1615 3275 videatur,
1662 3213 1713 3265 iu
1741 3212 1910 3265 oculis

338 3295 516 3338 tamen
551 3281 640 3336 Dei
669 3297 770 3335 non
802 3297 939 3336 esse.
974 3283 1076 3335 Sed
1111 3292 1166 3335 ut
1202 3285 1266 3336 ad
1314 3282 1678 3335 llilmeradum
1730 3298 1910 3336 rever-

336 3364 537 3413 tamur,
563 3353 714 3404 valde
753 3353 943 3405 mirum
968 3363 1068 3414 est,
1104 3363 1158 3405 ut
1196 3354 1326 3417 dixi,
1362 3369 1481 3406 eum
1511 3363 1616 3405 tam
1661 3352 1912 3407 ardenter

334 3424 704 3478 commendari
743 3439 769 3475 a
809 3423 980 3492 Lupo,
1012 3425 1096 3477 cui
1123 3433 1240 3476 nota
1270 3432 1390 3476 (tt'ttl.
1415 3423 1511 3475 viri
1547 3423 1772 3476 inscitia.
1809 3423 1912 3477 Sed

339 3497 426 3548 hic
460 3509 673 3563 quoque
696 3495 1123 3547 :mimadvertere
1147 3510 1447 3562 possumus,
1475 3503 1719 3546 naturam
1745 3509 1912 3562 usque

338 3580 637 3626 recurrere,
675 3564 821 3615 furca
855 3564 978 3618 licet
1002 3567 1255 3632 expellas.
1299 3564 1539 3616 Dandum
1593 3574 1674 3616 est
1707 3563 1910 3631 aliquid

339 3635 620 3688 affectibus
673 3635 940 3687 humanis.
1005 3635 1183 3702 Neque
1234 3636 1361 3688 mihi
1404 3634 1687 3687 admodum
1742 3635 1914 3700 placet

337 3706 480 3774 quod
512 3705 725 3773 quidam
757 3705 906 3757 aiunt
933 3706 1264 3757 verissimam
1301 3706 1462 3758 fuisse
1501 3704 1628 3772 Lupi
1657 3705 1914 3758 vaticina-

340 3779 564 3836 tionem,
593 3776 678 3842 qui
706 3777 1016 3843 przndixerit
1044 3775 1430 3831 llilmerzulum.
1465 3776 1588 3826 licet
1619 3776 1909 3836 indoctum,

340 3846 526 3900 utilem
554 3854 729 3898 tamen
765 3845 914 3899 valde
947 3847 1180 3900 futurum
1214 3846 1482 3899 Ecclesiae.
1516 3844 1567 3896 Id
1597 3854 1779 3896 autem
1811 3845 1913 3897 col-

340 3917 515 3986 ligunt
534 3932 597 3969 ex
629 3931 690 3967 eo
714 3918 852 3984 quod
897 3916 1139 3986 plurilms
1186 3917 1399 3985 synodis
1445 3931 1539 3984 per
1565 3932 1656 3968 eas
1685 3924 1915 3984 tempes-

341 3997 484 4041 tates
507 3986 817 4040 interfuisse
843 3991 1125 4054 reperitur.
1152 3986 1342 4039 Mirum
1379 4001 1507 4038 sane
1541 3986 1581 4038 si
1611 3986 1694 4038 vir
1717 3994 1912 4038 czetera

339 4057 545 4112 inutilis
576 4058 910 4126 praesentiam
945 4072 1093 4111 Suam
1114 4072 1214 4110 non
1243 4056 1573 4110 exhibuisset
1599 4057 1648 4109 in
1675 4057 1910 4125 synodis,

339 4148 368 4181 a
393 4126 799 4197 quibusabcsse
835 4143 954 4181 eum
982 4145 1010 4179 ιι
1038 4145 1082 4178 ιιι
1116 4127 1305 4180 licebat
1329 4129 1530 4194 absque
1555 4128 1701 4196 gravi
1727 4141 1910 4197 causa.

338 4196 624 4253 Proferam
670 4199 880 4251 tandem
912 4197 1118 4251 illustre
1146 4197 1358 4266 aliquod
1389 4197 1596 4251 facinus
1625 4198 1691 4250 ab
1721 4196 1914 4251 llilme-

341 4271 472 4323 rado
510 4269 710 4322 editum
745 4270 795 4320 in
828 4269 1066 4336 synodis,
1105 4269 1214 4321 sive
1241 4268 1402 4321 etiam
1452 4277 1604 4320 extra
1651 4268 1907 4337 synodos.

340 4340 478 4394 Tum
521 4354 649 4391 vero
686 4353 784 4391 nos
838 4339 1123 4391 fatebimur
1154 4338 1485 4391 verissimam
1529 4351 1646 4393 esse
1703 4338 1914 4392 illorum

337 4409 794 4464 ohsen'atiouem.
828 4409 1092 4462 Cancrum
1121 4408 1189 4461 ob
1216 4409 1357 4461 illam
1391 4409 1529 4462 haud
1558 4407 1716 4462 dubie
1764 4409 1912 4462 ordi-

339 4481 616 4535 nationem
671 4479 986 4533 Hincmarus
1029 4481 1235 4547 aperuit
1280 4478 1420 4531 latus
1459 4479 1914 4533 ohtrcctatorihus

338 4553 491 4605 suis:
525 4566 555 4604 a
579 4550 795 4620 quibus,
825 4559 878 4620 ut
926 4549 1037 4618 ipse
1068 4552 1223 4603 docet
1251 4549 1300 4601 in
1333 4564 1452 4620 cap.
1501 4548 1569 4602 56
1599 4550 1913 4620 posterioris

338 4621 522 4690 operis
543 4618 800 4674 adversus
827 4619 1288 4690 Gotteschalcum,
1320 4619 1527 4688 publice
1554 4621 1602 4672 ei
1645 4618 1913 4685 objectum

339 4689 426 4745 esst
477 4691 618 4760 quod
668 4689 990 4744 «indiscussi
1047 4700 1096 4743 et
1151 4690 1519 4751 iuexaminati,
1574 4690 1917 4758 scientiaeque

343 4759 648 4815 litterarum
702 4775 837 4828 pene
885 4760 1076 4830 ignari,
1119 4761 1400 4827 minusque
1431 4759 1738 4828 apostolicze
1781 4774 1914 4827 pl‘:B~

341 4833 577 4901 ceptioni
595 4832 1107 4901 appropinquantes,
1125 4846 1217 4899 per
1239 4831 1481 4882 civitates
1509 4830 1740 4898 episcopi
1772 4830 1915 4901 ordi-

343 4899 784 4968 nabanturfqua
841 4899 1121 4955 oecasione
1170 4901 1400 4954 maxime
1441 4901 1592 4967 vigor
1657 4899 1908 4954 ecclesia-

340 4973 510 5028 sticus
530 4973 774 5040 deperiit.
793 4991 809 5021 ι
843 4969 972 5024 Vide
995 4981 1152 5039 caput
1192 4970 1254 5022 Et
1273 4971 1367 5022 hoc
1394 4969 1622 5021 dirimus
1645 4970 1742 5040 flii,
1768 4970 1830 5040 ξίν,
1859 4970 1912 5022 7.

416 5056 442 5084 α
476 5038 773 5096 Usuardum
805 5041 991 5094 Abbat.
1025 5038 1188 5111 Cujus
1223 5040 1532 5093 monasterii
1572 5039 1737 5111 abbas
1757 5038 1923 5111 fuerit

343 5115 436 5169 hic
466 5112 742 5168 Usuardus
779 5112 906 5165 mihi
943 5108 1276 5180 compertum
1318 5125 1420 5163 non
1455 5118 1554 5162 est.
1578 5109 1716 5180 lllud
1748 5108 1919 5164 ferme

345 5185 616 5238 allirmare
639 5183 807 5236 ausim
839 5179 1088 5234 abbatem
1125 5198 1245 5235 eum
1280 5180 1442 5234 fuisse
1471 5181 1520 5232 in
1556 5179 1774 5233 ditecesi
1803 5180 1916 5233 Au-

341 5254 752 5325 guttmluuensi.

355 5322 360 5324 ’
420 5328 443 5363 π’
495 5323 685 5376 Aureli.
743 5322 986 5391 Episcopi
1039 5321 1452 5390 Lugdunensis;
1497 5321 1649 5386 cujus
1705 5330 1920 5375 exstant

343 5395 584 5465 epistola:
615 5396 752 5456 duae,
786 5409 889 5446 una
920 5394 988 5465 ad
1024 5392 1476 5465 Gottcsehalcum,
1517 5391 1712 5465 aliaad
1741 5391 1916 5465 Theo-

345 5461 562 5521 boldum
594 5466 899 5534 episcopum
934 5462 1340 5534 Lingom-nscm.
1382 5462 1699 5534 l’rioredita
1736 5461 1799 5534 ad
1849 5461 1912 5514 Β.

343 5536 405 5592 Ρ.
436 5532 742 5599 Sirmondo,
775 5533 1042 5604 posterior
1063 5552 1091 5586 a
1115 5534 1232 5586 viro
1253 5532 1456 5586 clariss.
1488 5532 1704 5586 Nicolao
1727 5532 1915 5586 (lamu-

346 5607 506 5662 zatio.

420 5688 442 5715 ε
476 5673 867 5744 Conﬁrmautis.
903 5675 1094 5728 Ratum
1131 5675 1268 5726 enim
1303 5691 1405 5726 non
1442 5685 1554 5726 erat
1581 5674 1719 5742 quod
1755 5688 1912 5743 syno-

261 5777 268 5790 -
349 5749 448 5810 dus
472 5748 784 5806 decreverat
809 5746 911 5803 nisi
940 5745 1196 5818 principis
1220 5747 1554 5802 confirmatio
1576 5747 1910 5801 accessisset.

2014 540 2224 597 ceptum
2252 529 2452 583 domini
2491 530 2658 584 nostri
2685 531 2824 600 regis
2850 541 2869 568 ο
2901 529 3270 584 confirmantis
3293 534 3430 600 quod
3459 550 3580 587 san-

2013 629 2095 674 cta
2124 619 2360 689 synodus
2400 618 2455 672 et
2497 619 2936 688 melropolitauus
2975 619 3225 689 jussisset
3267 621 3576 690 impleretis,

2013 710 2248 763 futurum
2285 717 2341 761 ut
2377 707 2642 776 jacturam
2685 710 2862 779 gravis
2910 711 3082 765 exsilii
3114 713 3447 781 pateremini.
3480 711 3580 767 Ve-

2014 820 2129 857 rum
2162 803 2283 870 quia
2311 799 2361 852 id
2384 802 2641 854 hactenus
2672 799 3043 864 distulistis,et
3063 811 3386 856 memoratus
3407 801 3431 841 (1
3460 818 3577 871 pre—

2013 897 2196 966 sbytcr
2231 904 2334 950 tam
2383 893 2690 950 diuturnam
2735 893 3098 948 calamitatem
3132 892 3278 961 cupit
3323 889 3577 961 effugere,

2011 987 2252 1058 synodali
2282 997 2335 1042 et
2363 986 2758 1057 metropolitani
2790 983 3054 1052 simulque
3085 983 3403 1036 auctoritate
3436 985 3578 1052 regia

2012 1093 2327 1134 commoneo
2384 1086 2442 1131 ut
2484 1077 2625 1146 quod
2690 1091 2784 1144 per
2836 1088 2920 1127 me
2951 1073 3101 1126 vobis
3153 1072 3576 1141 injunctumest,

2012 1169 2127 1223 sine
2156 1167 2410 1222 dilatione
2447 1166 2762 1236 perficiatis,
2801 1181 2868 1219 ne
2899 1165 3032 1218 forte
3074 1179 3170 1233 pro
3215 1163 3408 1232 triplici
3455 1179 3579 1218 con-

2014 1266 2213 1327 temptu
2251 1256 2595 1325 multiplicem
2648 1255 2938 1308 vindictam
2977 1254 3241 1306 sustinere
3292 1254 3577 1324 cogamini.

2017 1346 2258 1400 eBreves
2305 1347 2464 1400 etiam
2509 1361 2642 1414 quos
2685 1345 2749 1399 de
2799 1343 3050 1398 facultate
3081 1344 3390 1396 monasterii
3418 1344 3580 1398 vestri

1969 1463 1984 1471 -
2011 1439 2223 1494 mittere
2279 1437 2559 1503 debuistis,
2584 1444 2642 1490 ut
2691 1437 2828 1505 apud
2861 1434 2878 1473 τ
2915 1434 3234 1490 Sedelocum
3283 1435 3411 1490 mihi
3461 1437 3582 1490 red-

2010 1531 2207 1585 dantur
2261 1529 2466 1600 absque
2515 1528 2620 1584 ulla
2679 1527 3027 1584 excusatione
3083 1535 3386 1599 procurate.
3433 1527 3578 1583 Bene

2009 1621 2204 1678 valete.

2080 1876 2106 1916 ἀ
2139 1875 2434 1946 Presbyter.
2479 1876 2615 1948 Hinc
2639 1884 2787 1947 patet
2838 1891 3088 1948 magnam
3142 1875 3306 1931 fuisse
3344 1890 3582 1948 perﬂeas

2015 1957 2360 2017 tempestates
2421 1947 2920 2002 archidiaconorum
2992 1948 3388 2001 auctoritatem.
3446 1947 3584 2001 Nam

2011 2016 2409 2087 quo’pertinuit
2441 2026 2517 2073 tot
2541 2016 3046 2088 precibusifatigare
3083 2017 3224 2072 hunc
3257 2017 3582 2081 Usuardum,

2011 2089 2114 2142 nisi
2165 2088 2508 2142 manifestum
2563 2087 2751 2142 fuisset
2785 2087 3158 2158 Godelgarium
3209 2088 3582 2158 presbyterum

2009 2159 2176 2212 fuisse
2209 2158 2511 2226 subjectum
2543 2173 2766 2227 prorsus
2795 2159 3102 2212 auctoritati
3146 2158 3298 2228 ejus?
3324 2159 3470 2212 Adeo
3497 2174 3585 2210 au-

2011 2238 2117 2283 tem
2151 2230 2530 2283 archidiacono
2563 2229 2785 2299 subjecti
2810 2236 2964 2283 erant
2986 2229 3286 2298 presbyteri
3318 2237 3375 2280 ut
3397 2236 3451 2280 et
3475 2230 3585 2296 ipse

2009 2316 2221 2368 quoque
2257 2301 2689 2368 archipresbyter
2718 2299 2791 2353 illi
2814 2300 3086 2368 subjectus
3130 2307 3292 2364 esset,
3340 2307 3399 2351 ut
3433 2307 3581 2366 patet

2009 2387 2074 2425 ex
2104 2371 2305 2424 lsidnro
2329 2372 2380 2423 in
2405 2369 2624 2439 epistola
2654 2370 2720 2424 ad
2748 2369 3092 2424 Ludifredum
3144 2371 3266 2423 dist.
3301 2384 3427 2430 xxv,
3459 2383 3578 2436 cap.

2009 2441 2264 2511 perlectis,
2323 2438 2461 2494 unde
2509 2440 2736 2508 sumpsit
2770 2440 3132 2511 Innocentius;
3158 2439 3243 2511 ιιι,
3277 2440 3328 2511 in
3357 2455 3475 2507 cap.
3502 2438 3582 2511 ᾼά

2009 2509 2118 2564 lucc
2148 2530 2261 2571 nos,
2290 2521 2463 2565 extra.
2497 2511 2572 2564 De
2592 2511 2754 2579 ofﬁcio
2777 2509 3152 2575 archidiaconi.
3180 2510 3246 2563 Et
3273 2510 3324 2562 in
3355 2509 3583 2563 concilio

2011 2581 2289 2643 Toletauo,
2318 2598 2437 2635 can.
2463 2581 2515 2644 5,
2540 2581 2796 2649 scriptum
2821 2589 2902 2632 est
2926 2581 3121 2634 debere
3143 2579 3581 2649 archidiaconum

2010 2669 2210 2704 ontnem
2233 2651 2607 2720 querimoniam
2639 2648 2729 2702 seu
2751 2666 2964 2720 causam
2997 2650 3072 2702 vel
3094 2649 3354 2718 justitiam
3381 2648 3584 2720 presby-

2011 2722 2221 2773 tericam
2247 2719 2251 2720 ⁷
2277 2720 2352 2774 vel
2408 2723 2748 2774 diaconorum
2789 2719 2866 2773 vel
2918 2720 3355 2772 subdiaconorum
3395 2719 3586 2772 delibe-

2013 2802 2122 2843 rate
2147 2792 2412 2844 ordinare.
2451 2791 2581 2844 Vide
2616 2790 2891 2844 llincmari
2921 2789 3153 2858 capitula
3179 2789 3578 2844 archidiaconi-

2012 2861 2111 2914 lu:s
2142 2861 2470 2932 presbyteris
2501 2861 2646 2925 data,
2679 2877 2796 2931 cap.
2837 2859 2890 2927 5,
2935 2870 2986 2914 et
3023 2859 3242 2916 Petrum
3283 2859 3580 2914 Celleusem

2012 2933 2102 2987 lib.
2133 2948 2223 2994 vn,
2256 2933 2410 3000 epist.
2440 2932 2524 2985 10.

2088 3037 2109 3063 ο
2140 3025 2342 3150 Baetes.
2396 3025 2449 3079 Id
2480 3035 2562 3080 est
2596 3025 2921 3092 inventaria,
2953 3035 3011 3080 ut
3037 3025 3103 3080 ad
3148 3024 3426 3095 epistolam
3475 3025 3584 3095 pri-

2088 3113 2158 3150 ιιι]
2221 3112 2432 3150 lelliliS.

2018 3113 2158 3151 llllllll
2183 3112 2432 3150 UlelliliS.

2092 3189 2107 3227 τ
2152 3188 2472 3243 Sedetoczmi.
2527 3190 2718 3244 Villam
2765 3190 2999 3259 episcopi
3054 3189 3578 3260 Augustodunensis,

2012 3262 2163 3334 Cujus
2185 3261 2608 3334 etiammcminit
2633 3261 3068 3334 CarolnsgCalvus
3090 3261 3140 3315 in
3169 3260 3582 3334 praeccptodato

2014 3333 2150 3400 apud
2191 3331 2542 3396 Attiniacum,
2591 3348 2732 3384 anno
2776 3331 2913 3394 8H,
2973 3332 3024 3385 in
3075 3332 3301 3401 gratiam
3335 3330 3585 3385 Ecdcsiw

2013 3402 2510 3471 Augustmiunensis
2562 3420 2572 3453 :
2627 3403 2926 3471 parur/tiam
2989 3403 3154 3455 sancti
3212 3401 3467 3453 Andoc/tii
3523 3403 3578 3471 in

2014 3470 2278 3524 Sctfci'oco.
2315 3470 2560 3536 Ejusdem
2591 3473 2831 3525 meminit
2869 3482 2922 3524 et
2950 3471 3140 3526 Amulo
3184 3473 3234 3524 in
3263 3471 3486 3538 epistola
3515 3470 3584 3526 ad

2015 3542 2379 3594 Theolz-oldum
2413 3557 2424 3592 :
2463 3561 2478 3591 ι
2511 3541 2640 3595 Nam
2669 3553 2714 3595 et
2744 3543 2793 3594 in
2816 3541 3283 3610 Augustodunensi
3314 3541 3583 3594 territorio

2013 3613 2151 3680 quod
2200 3612 2488 3665 Scdelucus
2541 3622 2790 3673 vocatur,
2844 3613 2980 3678 apud
3025 3612 3304 3665 ecclesiam
3366 3611 3416 3663 in
3478 3625 3582 3678 qua

2015 3683 2182 3734 sancti
2227 3692 2488 3752 martyres
2531 3681 2864 3741 Audochius,
2901 3681 3120 3752 Tyrsus,
3165 3691 3231 3752 et
3256 3679 3404 3733 Felix
3453 3696 3584 3752 cou—

2014 3753 2108 3806 diti
2146 3760 2288 3815 sunt,
2323 3751 2515 3804 similia
2542 3752 2652 3804 fieri
2682 3752 2760 3803 vel
2794 3750 2967 3819 potius
2997 3751 3235 3804 sitnulari
3270 3759 3414 3804 certa
3447 3750 3584 3802 rela-

2016 3823 2158 3876 tione
2183 3821 2562 3891 comperimus.
2607 3842 2622 3872 ι
2656 3821 3043 3890 Antiquissima
3073 3831 3258 3891 autem
3288 3820 3387 3873 loci
3427 3819 3582 3875 istius

2014 3893 2272 3946 memoria
2296 3890 2472 3944 exstat
2511 3893 2649 3960 apud
2679 3891 3019 3944 Aunniauum
3067 3890 3457 3954 Marcellinum,
3501 3907 3582 3945 ve-

2016 3972 2216 4019 tustum
2249 3961 2497 4018 Historite.
2522 3964 2773 4028 Augusta:
2814 3962 3154 4031 Scriptorem,
3197 3962 3286 4031 qui
3335 3960 3576 4031 iuhlibro

2015 4050 2101 4088 Χιί
2135 4034 2297 4087 refert
2325 4031 2593 4086 Julianum
2626 4033 2889 4103 Caesarem
2927 4029 3268 4103 designatum
3303 4032 3353 4084 in
3385 4029 3588 4084 Gallias'

2017 4106 2238 4157 missum
2266 4119 2293 4156 a
2319 4103 2654 4165 Constantio,
2680 4118 2771 4155 vul
2797 4101 2913 4154 Kal.
2942 4101 3108 4156 Julias
3133 4103 3580 4173 Augustodunum

2017 4175 2346 4243 pervenisse,
2401 4175 2579 4242 ibique
2627 4173 2807 4226 habita
2870 4173 3258 4227 deliberatione
3314 4173 3584 4243 quodnam

2019 4248 2119 4299 iter
2163 4244 2450 4314 eligeretur
2487 4255 2543 4297 ut
2581 4253 2783 4305 tutum,
2832 4244 3099 4312 placuisse
3143 4244 3462 4314 quibusdam
3490 4247 3586 4311 per

2020 4315 2358 4369 Sidolcueunt
2392 4315 2454 4368 iri
2488 4315 2700 4366 debere.
2737 4314 2823 4367 Sic
2853 4315 2990 4368 enim
3018 4315 3157 4368 hunc
3186 4316 3356 4368 locmn
3381 4314 3584 4381 primus

2018 4386 2323 4439 emendavit
2363 4386 2443 4437 vir
2483 4384 2810 4439 clarissimus
2851 4385 3039 4439 Petrus
3085 4385 3346 4446 Pithoeus,
3399 4383 3489 4434 lib.
3523 4397 3578 4436 ιι.

2018 4456 2465 4509 Adversariortnn
2512 4455 2932 4517 subsecivorum,
2985 4470 3102 4523 cap.
3157 4455 3217 4518 'l,
3261 4469 3380 4523 cum
3424 4459 3583 4505 antea

1947 4524 2158 4596 Dapud
2205 4526 2547 4578 Ammiauum
2591 4525 2885 4594 legeretur,
2935 4521 3216 4596 persedes
3271 4521 3580 4596 Leucorum.
3642 4579 3650 4588 κ

2020 4591 2172 4650 Hunc
2205 4605 2381 4650 autem
2417 4596 2586 4648 locum
2619 4591 2720 4648 non
2750 4591 3009 4664 gravabor
3041 4592 3239 4647 referre
3265 4607 3328 4664 ex
3351 4591 3585 4664 editione

2019 4668 2116 4720 viri
2149 4666 2500 4719 eruditissimi
2550 4659 2775 4718 llcnrici
2810 4663 3027 4716 Valesii.
3071 4681 3088 4711 ι
3122 4679 3233 4715 vni.
3268 4661 3385 4714 Kal.
3417 4659 3585 4714 .lulias

2019 4737 2462 4806 Augustoduntn'n
2490 4736 2728 4804 pervenit
2759 4732 3062 4806 (Julianus),
3091 4733 3232 4806 velut
3253 4733 3358 4784 dux
3381 4731 3587 4806 diutur-

2023 4800 2140 4868 nus,
2175 4807 2377 4860 viribus
2409 4800 2650 4860 eminens
2690 4815 2743 4857 et
2763 4800 3026 4864 consiliis,
3049 4817 3142 4870 per
3169 4803 3375 4855 diversa
3403 4800 3587 4869 palan-

2024 4886 2102 4930 tes
2135 4878 2417 4942 barbaros,
2439 4876 2525 4929 ubi
2559 4875 2792 4928 dedisset
2820 4871 2928 4925 fors
2960 4873 3185 4940 cupiam,
3213 4885 3584 4941 aggressurus.

2025 4947 2213 5000 llabita
2245 4947 2424 5015 itaque
2463 4945 2845 5015 deliberatione
2868 4983 2881 5004 ,
2918 4943 3292 4995 assistentibus
3343 4943 3584 5015 locorum

2023 5017 2232 5086 peritis,
2283 5009 2550 5085 quodnam
2597 5015 2698 5086 iter
2745 5013 3033 5086 eligeretur
3089 5021 3143 5065 ut
3171 5021 3388 5086 _lutum,
3421 5009 3588 5086 multa

2025 5080 2165 5140 ultro
2206 5080 2449 5156 citroque
2481 5084 2819 5156 dicebantur,
2849 5082 2971 5156 aliis
3018 5097 3119 5156 per
3156 5081 3444 5156 Arbor...“
3470 5080 3589 5149 qui-

2022 5157 2247 5211 busdam
2270 5152 2379 5225 per'
2394 5154 2736 5209 Sedelaucum
2761 5161 2824 5225 et
2841 5152 3032 5225 Coram
3058 5153 3122 5205 iri
3149 5153 3343 5225 debere
3371 5152 3591 5225 firman-

2025 5228 2183 5281 tibus.
2222 5248 2238 5278 ›
2269 5220 2323 5279 lu
2353 5227 2493 5280 uotis
2528 5239 2686 5293 porro
2716 5223 2780 5275 ad
2815 5223 2955 5276 lumc
2999 5223 3170 5277 locum
3204 5223 3479 5276 admonuit
3508 5220 3593 5273 vir

2025 5299 2354 5352 clarissimus
2411 5292 2532 5349 eam
2575 5293 3000 5346 emendationem
3052 5293 3234 5346 deberi
3285 5292 3453 5347 codici
3488 5305 3587 5344 ms.

2025 5368 2361 5421 bibliotheca:
2391 5366 2578 5434 regize;
2615 5363 3091 5434 aliiAugustoduno
3117 5372 3293 5417 autem
3325 5361 3593 5417 Autissio-

2023 5439 2208 5492 dorum
2239 5438 2538 5505 petentibus
2566 5450 2658 5503 per
2685 5433 3040 5505 Sedelaucum
3065 5435 3165 5487 iter
3193 5449 3333 5497 esse,
3362 5441 3419 5485 ut
3451 5437 3593 5501 patet

2021 5525 2082 5561 ex
2118 5504 2393 5559 ltinerario
2427 5505 2681 5558 Antonini
2707 5513 2760 5558 et
2782 5521 2846 5558 ex
2877 5504 3075 5558 Tabula
3106 5505 3590 5574 Pentingerorum;

2022 5579 2302 5644 utrobique
2346 5578 2486 5631 enim
2519 5577 2717 5629 utentio
2760 5585 2842 5629 est
2881 5576 3145 5636 Scdeloci,
3197 5572 3590 5644 seu—Sidoloci.

2021 5649 2196 5701 Manet
2221 5642 2536 5700 vero'hodie
2565 5663 2779 5700 nomen.
2810 5645 2942 5699 Nam
2973 5659 3032 5698 ea
3058 5646 3181 5698 villa
3215 5645 3412 5697 dicitur
3437 5642 3601 5713 vulgo‘

2021 5720 2256 5783 Saulicu‘,
2282 5728 2511 5790 quatuor
2526 5719 2780 5773 horarum
2808 5716 2996 5772 itinere
3023 5717 3087 5772 ab
3112 5714 3520 5784 Augustoduno.
