3902 6300
425 284 531 343 545

900 394 1237 455 EPISTOLA
1275 392 1515 450 LXXXI.

792 564 795 567 ,
849 530 918 570 AD
956 528 1172 570 Αιιῠιυιι
1213 524 1239 553 ⁸
1277 523 1588 566 EPISCOPL'I.

794 626 878 682 Ex
904 636 1048 695 parte
1071 622 1377 680 Guenilom't
1407 631 1455 677 et
1480 620 1638 677 Gher.

502 761 957 819 Reverentissimo
976 767 1029 815 et
1051 757 1353 815 clarissimo
1379 756 1593 829 praesuli
1610 754 1805 811 Amulo
1817 754 1847 797 ιι
1861 753 2005 811 Gue-

427 856 541 914 nilo
567 857 847 928 episcopus
881 862 937 910 et
964 863 986 892 ε
1019 850 1332 909 Gherardus
1363 866 1545 908 comes
1572 846 1893 922 perpetuam
1912 863 2004 905 sa-

427 947 615 1004 lutem.

499 1036 665 1093 Multa
704 1044 760 1093 et
798 1051 991 1108 magna
1022 1035 1181 1107 122
1214 1034 1368 1105 jussu
1400 1034 1603 1091 domini
1647 1035 1819 1091 nostri
1861 1034 2005 1106 regis

426 1144 492 1186 ex
526 1126 641 1197 ejus
666 1135 823 1198 parte
846 1126 1269 1183 familiarissime
1308 1127 1460 1183 vobis
1487 1126 1739 1182 mandata
1770 1126 2004 1181 revelas—

424 1235 627 1286 scmus,
649 1220 694 1276 si
721 1218 866 1290 quod
896 1219 1012 1290 ipse
1037 1218 1264 1289 optavit,
1305 1218 1448 1288 quod
1487 1218 1651 1273 etiam
1700 1218 1812 1274 suis
1851 1217 2005 1275 vobis

425 1313 619 1370 litteris
643 1311 989 1381 signiﬁcavit,
1032 1325 1131 1367 nos
1151 1326 1365 1382 quoque
1386 1310 1678 1381 plurimum
1710 1310 2002 1376 voluinms,

425 1405 492 1461 ad
538 1404 1065 1476 Augustidunensem
1110 1403 1298 1460 urbem
1341 1419 1570 1459 vacuum
1618 1404 1810 1459 fuisset
1853 1404 2005 1459 vobis

392 1497 816 1577 .exspcct‘ationi
868 1506 1071 1553 nostrae
1108 1510 1413 1552 occurrere.
1474 1494 1581 1552 Sed
1632 1496 1773 1566 quod
1828 1496 2002 1551 nuntii

422 1587 587 1643 vestri
611 1587 944 1643 certissimae
965 1585 1415 1657 impossibilitatis
1447 1596 1642 1642 vestrae
1685 1602 1879 1643 causas
1906 1602 2005 1643 no-

422 1678 505 1734 bis
551 1679 923 1749 prodiderunt,
973 1693 1094 1750 qua:
1135 1678 1352 1750 copiose
1395 1678 1874 1750 multipliciterque
1922 1679 2002 1734 di-

1450 272 1512 332 B.
1554 274 1615 332 S.
1656 270 1815 331 LUPI
1856 265 2147 328 ABBATIS
2184 262 2691 324 FERRARIENSIS

2027 392 2075 451 Λ
2106 386 2265 443 nibus
2284 385 2588 441 diceremus
2618 396 2675 438 se
2697 377 2927 437 ﬁdeliter
2951 387 3137 437 tenere
3157 376 3308 451 quod
3335 376 3462 436 Rex
3487 391 3710 450 regum

3604 260 3712 318 εν,

2106 479 2357 548 idemque
2384 476 2653 532 Sacerdos
2688 473 3051 539 sacerdotum,
3091 473 3183 544 qui
3213 472 3363 529 solus
3385 472 3583 544 potuit.
3609 472 3709 528 Ec-

2105 570 2325 626 clesiam
2358 567 2597 640 regered
2635 583 2797 638 quam
2840 567 3092 633 redemit,
3130 574 3426 637 postquam
3454 566 3715 621 humani-

2106 673 2272 720 tatem
2299 679 2452 719 suam
2486 663 2539 718 in
2563 661 2761 718 cmlum
2789 660 2992 727 evexit,
3016 674 3232 731 semper
3252 675 3381 715 cum
3412 658 3539 714 suis
3570 657 3717 713 futu-

2106 771 2200 811 rus
2229 754 2532 819 divinitate,
2563 756 2888 825 petestatem
2912 766 3068 808 suam
3115 751 3182 806 ad
3209 751 3470 807 eamdem
3512 750 3719 823 guber-

2104 847 2340 905 nandam
2385 845 2713 910 Ecclesiam,
2738 845 2792 900 in
2837 843 3150 899 sacerdotes
3172 843 3359 899 divisit
3401 851 3466 898 et
3519 858 3718 915 reges;

2104 951 2166 997 ut
2185 939 2329 1013 quod
2359 939 2534 996 sancti
2564 939 2824 995 docerent
2860 935 3163 1009 pontiﬁces,
3188 945 3245 992 et
3272 935 3378 1007 ipsi
3408 934 3724 1006 implerent

2103 1045 2159 1091 ct
2194 1033 2405 1105 impleri
2435 1034 2684 1089 facerent
2729 1029 3067 1087 devotissimi
3116 1044 3290 1100 reges.
3324 1028 3720 1097 Quamobrem

2105 1140 2164 1183 se
2188 1141 2387 1198 cupere
2414 1123 2651 1181 debitam
2679 1123 2955 1180 sanctitati
2980 1129 3177 1180 vestrae
3202 1122 3535 1193 impendere
3558 1137 3719 1178 reve-

2105 1220 2359 1285 rentiam,
2392 1218 2532 1274 sicut
2568 1218 2619 1273 ei
2649 1233 2809 1288 quem
2839 1216 2977 1272 sciat
3024 1214 3335 1271 Divinitatis
3380 1214 3607 1269 cultum
3637 1214 3719 1268 in-

2106 1322 2256 1385 tegre
2284 1311 2421 1368 velle
2462 1325 2703 1377 servare,
2731 1319 2895 1382 atque
2911 1308 3152 1366 vicissim
3181 1306 3470 1379 postulare
3493 1316 3561 1362 ut
3586 1322 3718 1373 cum

2104 1418 2171 1460 eo
2199 1402 2304 1458 tale
2337 1402 2515 1459 fcedus
2539 1401 2843 1459 concordiae
2867 1400 3062 1457 ineatis
3083 1409 3145 1454 ut
3172 1399 3498 1469 ubicunque
3526 1396 3715 1452 eccle-

2105 1496 2337 1552 siasticae
2374 1493 2596 1549 utilitati
2638 1494 2692 1548 in
2731 1492 2980 1563 portione
3039 1491 3300 1546 divinitus
3343 1489 3454 1546 sibi
3513 1488 3721 1545 collata

2105 1597 2299 1644 vestrae
2336 1585 2677 1643 auctoritatis
2730 1584 3084 1656 dispositione
3134 1584 3187 1639 in
3234 1599 3294 1639 re
3348 1592 3515 1639 tanta
3566 1584 3720 1654 cupit

2105 1679 2409 1747 consulere,
2466 1678 2826 1734 unanimitate
2875 1678 3042 1733 vestri
3092 1690 3397 1733 consensus
3439 1677 3719 1732 continuo

419 1772 587 1827 cenda
617 1771 798 1828 verbis
820 1771 975 1827 nobis
996 1770 1291 1835 commisit,
1334 1786 1587 1826 sensuum
1633 1771 1865 1826 veritate
1892 1785 2003 1826 ser-
2028 1756 2080 1819 Β
2108 1770 2408 1841 adjuvetur.
2437 1771 2505 1827 Et
2529 1787 2599 1827 ne
2624 1785 2719 1826 vos
2737 1770 2911 1842 longis
2933 1770 3251 1842 ambagibus
3278 1769 3497 1826 diutius
3518 1771 3721 1842 fatigo-

424 1870 564 1929 vata,
593 1863 773 1918 conati
818 1877 1005 1919 sumus
1045 1870 1242 1917 vestra:
1285 1861 1565 1931 sapientiae
1602 1861 1999 1932 compendiosis

422 1954 616 2010 litteris
643 1955 874 2025 aperire.
905 1953 1165 2025 Praecepit
1194 1953 1376 2024 itaque
1396 1961 1456 2009 ut
1472 1953 1590 2025 ejus
1618 1954 1771 2009 vobis
1795 1968 2003 2010 sermo-

494 2100 521 2130 ι
544 2087 625 2142 Ad
652 2086 922 2142 Amulum.
946 2086 1047 2156 Qui
1074 2085 1196 2142 aliis
1214 2084 1405 2140 Amulo
1441 2094 1496 2142 et
1538 2084 1737 2139 Amolo.
1763 2086 1889 2141 Fuit
1908 2102 2004 2142 au-

423 2167 532 2216 tem
560 2159 995 2229 archiepiscopus
1021 2157 1414 2229 Lugdunensis,
1446 2157 1711 2229 adeoque
1732 2166 2001 2229 metropo-

423 2231 624 2301 litan‘us
670 2225 1045 2301 cpi—scoparum
1066 2225 1572 2301 Augustodunensis
1594 2235 1649 2282 et
1671 2225 2006 2301 Gabillonen-

422 2302 519 2358 sis.
550 2299 676 2357 llaec
702 2296 870 2371 porro
888 2300 1115 2371 epistola
1144 2296 1346 2368 scripta
1376 2296 1476 2353 fuit
1496 2312 1637 2371 anno
1657 2297 1853 2371 saltem
1875 2299 2002 2371 844,

422 2389 546 2429 cum
590 2388 657 2427 eo
680 2368 822 2427 anno
856 2368 1043 2427 datum
1087 2371 1160 2425 sit
1198 2379 1524 2439 praeceptum
1551 2368 1730 2425 Caroli
1762 2368 1911 2424 Calvi
1947 2371 2002 2425 in

422 2444 650 2516 gratiam
679 2442 922 2516 ecelesiae
949 2440 1472 2516 Augustodunensis,
1498 2439 1550 2516 in
1582 2455 1687 2508 quo
1721 2439 1857 2495 Altei
1886 2441 2001 2512 epi-

422 2511 595 2584 scopi,
620 2515 711 2584 qui
743 2514 917 2568 Berno
945 2511 1229 2576 successit,
1260 2511 1464 2565 mentio
1490 2511 1689 2565 diserta
1716 2520 1913 2566 exstat.

493 2585 521 2625 b
550 2583 795 2639 Guem'lo.
829 2583 1161 2639 Senonensis
1185 2581 1644 2639 archiepisconus.

599 2597 795 2639 ueruto.
829 2597 1161 2640 δειιοιιεηειδ
1185 2597 1644 2640 arcmemsconus.

493 2596 521 2625 ο
550 2596 795 2639 ωιεηιιο.
829 2596 1161 2640 δεηοιιεηειδ
1185 2596 1644 2651 arcniepiscopus.

462 2666 516 2701 ιε
549 2654 874 2711 Cherardus.
905 2653 956 2709 ls
985 2654 1241 2710 nimirum
1273 2653 1366 2723 qui
1396 2651 1772 2709 Vezeliacense
1818 2668 2007 2709 mona-

422 2726 646 2782 sterium
690 2724 932 2781 condidit
982 2725 1036 2781 in
1090 2725 1310 2781 dimcesi
1360 2723 1864 2795 Augustodunensi;
1911 2740 2007 2781 eas

419 2798 561 2853 enim
615 2797 862 2868 regiones
906 2796 1121 2868 comitis
1168 2796 1373 2868 honore
1419 2795 1917 2868 regebat,_ideoque
1953 2796 2007 2852 ei

422 2865 699 2938 delegatur
722 2884 752 2921 a
782 2866 1022 2938 principe
1044 2866 1416 2938 ministerium
1457 2865 1689 2938 curandi
1721 2874 1780 2920 ut
1810 2882 2007 2938 quam-

420 2935 651 3009 primum
680 2935 889 3009 Bernus
930 2935 1185 3009 Ecclesiae
1221 2935 2008 3009 Augustodunensiordinetur

420 3005 665 3066 antistes.
690 3008 771 3065 Ob
792 3007 1037 3063 eamdem
1060 3022 1282 3063 causam
1307 3006 1653 3072 liincmarus,
1678 3005 2006 3064 Rliemensis

421 3079 897 3150 archiepiscopus,
926 3078 1014 3150 ad
1059 3092 1198 3150 eum
1241 3077 1493 3150 scripsit;
1515 3092 1628 3150 pro
1663 3078 2006 3150 ordinatione

421 3147 853 3277 isaaefpieiebpi
877 3147 1254 3220 Lingonensis,
1282 3155 1341 3203 ut
1366 3147 1699 3205 Flodoardus
1726 3148 1884 3215 docet
1908 3147 2004 3206 lib.

444 3236 504 3277 ιι.
562 3236 592 3275 a
635 3259 651 3273 .
752 3259 768 3274 .

422 3235 504 3276 Ill.
532 3235 651 3276 can.
675 3235 768 3276 Ζῠ.

490 3229 995 3363 ξιρδςιξιῗηὺὲεάειηὶι.
1023 3293 1106 3349 Ad
1144 3292 1294 3363 hunc
1316 3291 1461 3363 Lupi
1480 3290 1657 3347 locum
1701 3291 2010 3363 respexisse

424 3361 637 3416 videtur
665 3377 760 3419 rex
802 3362 1111 3431 Lotharius,
1143 3361 1797 3419 LudoviciTrausmarini
1842 3361 2005 3429 ﬁlius,

422 3432 477 3505 in
515 3442 786 3505 praecepto
830 3450 930 3505 pro
976 3433 1316 3505 monasterio,
1342 3432 1659 3505 monialiuin
1698 3431 2006 3505 Pictavien-

423 3502 567 3578 siuni
594 3517 613 3558 :
646 3522 665 3556 ι
694 3502 918 3578 Quanto
941 3507 1115 3578 magis
1138 3504 1210 3578 ad
1236 3504 1471 3559 debitam
1497 3502 1798 3578 regalitatis
1827 3504 2010 3578 pro_vi-

424 3574 680 3648 dentiam,
713 3576 906 3646 inquit,
927 3573 1138 3648 aequ'um
1162 3575 1488 3648 dignumque
1519 3573 2006 3648 pertinet,__ut_Ec-

423 3643 601 3700 clesiae
646 3642 927 3719 cathelica‘.
970 3642 1132 3719 atque
1179 3642 1718 3719 apostoli—eameam
1759 3642 2009 3719 Christus

422 3731 523 3795 suo
549 3718 786 3805 pretieso
829 3714 1105 3805 sangiiine-
1130 3714 1385 3803 .redemit,
1434 3730 1663 3805 eamque
1701 3714 1885 3805 nobis,
1913 3716 2006 3787 qui

420 3792 517 3856 per
543 3786 884 3859 adoptionem
913 3786 1033 3844 Filii
1058 3787 1363 3852 existimus,
1403 3786 1696 3857 regendam
1724 3786 2007 3859 tuendam-

420 3871 527 3926 que
557 3857 849 3927 commisit,
884 3861 1029 3931 piam
1060 3859 1454 3931 sollicitamque
1486 3864 1539 3931 in
1577 3857 2005 3931 eunetis‘curam

456 3943 619 4003 erere
636 3925 1023 4003 suideamusg
1049 3931 1206 4003 Apud
1229 3925 1478 4003 Besljum
1508 3930 1561 3983 in
1587 3925 2008 4003 {rebationibus

470 4000 672 4070 istoriae
687 4000 956 4057 Comitum
982 3998 1418 4062 Pictavietisiiiiii,
1443 3998 1707 4070 pag.251.

498 4068 660 4142 {Sua
686 4070 947 4142 largitate.
977 4072 1033 4128 ld
1055 4080 1160 4139 est,
1183 4086 1251 4127 ex
1281 4085 1378 4125 sua
1402 4068 1743 4137 liberalitate,
1765 4079 1830 4142 ιιι
1856 4080 2008 4141 patet

421 4156 489 4213 ex
512 4139 605 4196 lib.
638 4156 700 4195 ιι.
727 4139 1044 4213 capitatam,
1072 4158 1191 4213 cap.
1211 4143 1269 4213 ξ,
1296 4149 1352 4196 et
1376 4157 1444 4196 ex
1467 4150 1743 4213 praecepto
1764 4139 2004 4197 Lotharii

420 4211 507 4284 der
545 4211 886 4269 restitutiOne
927 4211 1181 4269 Ebbonis.
1218 4211 1446 4284 Donum,
1470 4212 1613 4267 enim
1663 4211 2006 4284 episcopatus

424 4282 589 4366 ﬁebat
615 4297 647 4338 a
670 4294 834 4366 rege;
867 4286 1342 4366 necessariumque
1366 4283 1622 4366 deinceps
1646 4290 1766 4366 erat
1793 4282 2004 4366 utieum

422 4353 874 4425 metropolitanus
893 4356 1169 4412 ordinaret
1190 4353 1275 4409 cui
1313 4368 1408 4425 rex
1438 4354 1806 4424 episcopatum
1830 4354 1982 4425 dede

422 4433 524 4490 rat,
557 4423 612 4480 si
634 4424 769 4481 nihil
804 4426 1126 4483 canonicum
1170 4423 1459 4496 obstabat.
1488 4426 1669 4493 itaque
1714 4425 1789 4479 ait
1824 4424 2005 4496 Lupus

2034 3125 2081 3190 Ο
2112 3125 2234 3207 util

2105 1879 2227 1919 mus
2248 1879 2437 1920 recens
2469 1862 2869 1920 incommodum
2898 1862 3413 1935 Augustudunensis
3437 1862 3720 1919 Ecclesia

2106 1966 2161 2012 et
2190 1957 2398 2028 prolixa
2441 1955 2779 2028 perturbatio
2819 1953 2970 2010 ﬁexit
3011 1955 3128 2026 ejus
3157 1954 3421 2024 pietatem
3450 1963 3523 2009 ut
3562 1966 3591 1994 ε
3616 1969 3717 2011 sua

2112 2109 2130 2142 ι
2165 2090 2331 2147 Decet
2362 2090 2568 2161 regiam
2589 2087 2987 2161 celsitudinem,
3014 2085 3224 2161 inquit,
3246 2094 3305 2140 ut
3327 2100 3479 2161 quos
3511 2100 3719 2161 erigun-

2107 2161 2209 2216 scit
2236 2161 2291 2215 in
2318 2155 2652 2216 Dei'timore
2680 2159 3015 2224 conversari,
3050 2166 3106 2211 et
3156 2156 3317 2211 ﬁdem
3362 2155 3715 2212 catholicam

2107 2232 2318 2301 integre
2362 2231 2655 2295 custodire,
2695 2229 2779 2301 vel
2835 2227 3144 2301 evangelica
3179 2235 3484 2298 praecepta,
3532 2228 3717 2281 omni-

2106 2300 2303 2376 modis
2331 2302 2399 2376 ad
2439 2300 2748 2376 pontiﬁcale
2775 2300 3075 2376 _oﬁicitun__
3092 2301 3309 2376 studeai
3346 2313 3715 2368 promovere.

2106 2372 2342 2428 Proinde
2369 2369 2497 2428 dum
2519 2388 2615 2427 vos
2640 2369 3197 2440 archimetropolitani
3233 2370 3445 2423 scimus
3464 2378 3714 2440 _tenere,

2108 2453 2403 2514 praesentes
2431 2443 2611 2514 apices
2639 2458 2762 2514 cum
2795 2438 2987 2514 debito
3023 2440 3371 2514 salutationis
3416 2438 3613 2495 oﬁicio
3641 2439 3717 2514 al:

2108 2511 2283 2569 initati
2331 2511 2525 2569 vestrae
2555 2512 2859 2569 studuimus
2898 2511 3193 2576 destinare,
3240 2519 3495 2581 petentes
3537 2519 3607 2565 ut
3649 2511 3717 2567 ad

2107 2600 2230 2638 eum
2262 2585 2686 2640 benedicendum
2711 2596 3002 2653 properare
3029 2582 3271 2653 debeatis
3304 2590 3358 2636 et
3389 2581 3623 2637 litteras
3646 2582 3715 2637 ad

2108 2654 2597 2725 comprovinciales
2637 2652 2837 2709 fratres
2877 2662 3088 2725 vestros
3131 2652 3406 2725 dirigatis,
3442 2662 3505 2707 ut
3546 2662 3611 2725 et
3638 2653 3714 2709 illi

2108 2722 2300 2781 adesse
2340 2725 2602 2790 debeant;
2647 2734 2709 2779 ut
2741 2723 3001 2779 canonice
3036 2734 3094 2779 et
3129 2722 3285 2792 juxta
3338 2723 3710 2794 apostolicam

2109 2796 2500 2851 institutionem
2547 2796 2648 2851 sub
2688 2795 2854 2856 vestri
2896 2796 3182 2856 praesentia
3234 2796 3288 2848 in
3338 2806 3539 2849 sancta
3574 2794 3711 2850 Pas-

2109 2868 2252 2923 cbali
2274 2867 2619 2922 solemnitate
2637 2864 2931 2936 pontiﬁcali
2957 2865 3336 2921 benedictione
3356 2866 3570 2920 debeat
3587 2881 3709 2922 esse

2108 2946 2479 2994 consecratus.
2520 2956 2539 2991 ι
2572 2935 2828 3007 Exempla
2862 2935 2968 2990 alia
3008 2937 3056 2993 si
3100 2936 3531 3007 quisrrequirat,
3572 2937 3709 2992 diﬁ-

2109 3010 2212 3065 cile
2241 3024 2359 3089 noni
2376 3008 2481 3089 erit
2520 3005 2797 3089 exhibete:
2828 3007 3018 3089 Exstat
3059 3005 3199 3078 apud
3229 3005 3562 3061 Marculfum
3609 3009 3704 3065 lib.

2111 3222 2369 3287 servavit,
2417 3220 2585 3275 moris
2614 3219 2781 3290 fuisse
2820 3219 3043 3290 pereas
3072 3219 3448 3288 tempestates,
3472 3231 3535 3277 ut
3577 3237 3703 3278 cum

2110 3307 2206 3349 rex
2233 3292 2301 3347 de
2333 3291 2485 3347 obitu
2533 3289 2763 3359 alicujus
2791 3289 3031 3362 episcopi
3071 3291 3274 3362 certior
3311 3301 3463 3347 esset
3496 3290 3701 3358 factus.

2108 3363 2320 3420 litteras
2381 3362 2448 3416 ad
2502 3361 2837 3432 episcopum
2872 3361 3353 3432 metropolitanum
3403 3363 3701 3432 scriberet,

2109 3434 2307 3506 quibus
2334 3433 2692 3506 praecipiebat
2719 3440 2781 3487 ut
2808 3446 2968 3506 quem
3000 3433 3115 3503 ipse
3137 3432 3456 3506 episcopum
3483 3435 3537 3489 in
3580 3434 3701 3492 loco

2110 3503 2347 3561 defuncti
2386 3503 2713 3575 probaverat
2749 3512 2804 3559 et
2843 3503 3101 3575 elegerat,
3133 3503 3593 3575 metropolitanus
3614 3522 3700 3562 or-

2109 3575 2321 3631 dinaret
2354 3573 2417 3630 ac
2441 3575 2805 3630 benediceret.
2831 3573 3007 3644 Atque
3048 3574 3193 3630 hunc
3236 3573 3404 3631 fuisse
3434 3587 3702 3633 constan-

2111 3647 2379 3725 tissimirm
2408 3645 2463 3701 in
2492 3644 2675 3725 Callia
2715 3660 2872 3725 usum
2906 3645 3095 3725 multis
3132 3645 3399 3725 exemplis
3445 3648 3699 3725 probavit

2109 3718 2251 3789 idem
2279 3716 2575 3789 Bignonius
2603 3730 2618 3770 :
2646 3713 2801 3785 cujus
2820 3713 3151 3789 auctoritate
3171 3731 3237 3772 eo
3260 3713 3543 3774 lubentius
3574 3728 3700 3774 utor

2107 3788 2254 3860 quod
2280 3785 2640 3870 praeterquam
2686 3788 2839 3870 quod
2873 3788 3016 3858 apud
3043 3802 3444 3870 omnesaegue
3476 3799 3699 3846 constat

2108 3858 2230 3915 eum
2280 3858 2449 3914 fuisse
2490 3872 2745 3931 magnum
2790 3858 2988 3931 virum,
3017 3858 3176 3929 eique
3219 3858 3399 3931 studia
3427 3859 3697 3931 haecque

2108 3945 2254 4014 nunc
2286 3927 2608 4014 ‘traetamus
2629 3927 2856 4011 multum
2901 3927 3129 4014 demere}.
3161 3930 3540 4014 amicissimus
3559 3927 3700 4014 pra;-

2110 4009 2257 4055 terea
2283 4000 2442 4071 fuerit
2464 3999 2742 4071 illustriss.
2766 4000 2887 4055 viro
2912 3999 3071 4055 Petro
3098 4000 3164 4071 de
3189 3998 3393 4067 Marce,
3419 3998 3697 4071 archiepi-

2108 4086 2274 4140 scopo
2301 4070 2614 4136 Parisiensi,
2657 4070 2936 4131 Maecenati
2972 4070 3244 4141 quondam
3275 4086 3420 4127 meo.
3446 4073 3496 4127 Α
3521 4070 3697 4129 Gallia

2108 4157 2272 4211 porro
2297 4143 2349 4196 in
2378 4140 2637 4212 Angliam,
2656 4140 3151 4212 trajiciendumeSt,
3178 4142 3415 4198 vicinam
3441 4144 3694 4201 videlicet

2108 4213 2406 4285 regionem,
2444 4211 2499 4266 et
2542 4211 2747 4285 iisdem
2776 4228 2915 4283 pene
2961 4212 3205 4285 moribus
3251 4213 3549 4285 viventem.
3575 4215 3693 4272 Illic

2108 4282 2253 4338 enim
2276 4298 2433 4354 reges
2472 4282 2785 4353 antiquitus
2801 4283 3172 4355 concedebant
3197 4284 3554 4355 episcopatus
3569 4287 3692 4355 jure

2110 4356 2280 4428 regio,
2309 4364 2367 4428 ut
2388 4363 2602 4428 constet
2627 4369 2694 4428 ex
2720 4355 2788 4409 iis
2809 4370 2927 4425 qua:
2950 4354 3034 4408 vir
3053 4354 3404 4428 doctissimus
3426 4354 3691 4414 Seldenus

2112 4424 2390 4500 adnotavit
2427 4425 2496 4500 ad
2548 4424 3040 4500 iﬂad_tncrum,_pag.
3073 4426 3177 4500 μὶ
3203 4426 3422 4500 et__l45,
3466 4444 3533 4483 ac
3560 4445 3691 4500 pra:-

422 4496 779 4578 ordinaridum
798 4511 918 4578 esse
931 4497 1243 4569 episcopum
1258 4495 1515 4578 Ecclesiae
1521 4494 2002 4578 eugestodunensi
2036 4497 2083 4558 Ι)
2107 4496 2264 4566 cipue
2285 4512 2351 4551 ex
2373 4494 2600 4578 epistola
2613 4496 2874 4578 _Edwardi
2896 4494 2962 4578 ιιι
2987 4494 3128 4578 regis
3148 4497 3218 4578 ad
3236 4494 3688 4578 Clem_en_ten_i__\’l,

421 4567 761 4640 exjargitare
788 4566 1035 4640 regia,—et
1066 4566 1132 4623 ea}
1165 4566 1487 4640 prontetione
1507 4566 2004 4640 At_nulouis_metro-

420 4636 664 4720 ρῖοῌιιιιιὶἶ
711 4636 916 4720 Morem
958 4640 1118 4720 istum
1167 4636 1412 4720 apertius
1456 4637 1750 4719 explicavit
1780 4636 2005 4719 carolus

420 4707 708 4784 Calvusiin
732 4712 944 4784 synodo
976 4707 1226 4784 r'l‘ullensi
1272 4708 1557 4784 duodecim
1602 4707 2003 4784 provinciarum

422 4796 565 4836 anno
614 4781 719 4838 859
750 4778 778 4836 ι’
801 4800 822 4834 ι
858 4782 988 4838 Mihi
1019 4797 1051 4836 a
1083 4779 1302 4837 domino
1348 4787 1403 4834 et
1437 4778 1685 4849 genitore
1732 4793 1856 4834 meo
1901 4780 2004 4850 piae

421 4853 696 4909 memoria:
718 4852 989 4909 Ludovico
1010 4852 1271 4922 Augusto,
1303 4850 1500 4922 inquit,
1533 4864 1660 4920 pars
1683 4850 1833 4922 regni
1864 4850 2006 4922 inter

429 4923 629 4979 fratres
660 4939 809 4979 meos
831 4938 986 4994 reges
1006 4920 1188 4977 divina
1209 4921 1563 4993 dispositione
1584 4928 1668 4975 est
1695 4920 1913 4974 tradita.
1943 4920 2004 4994 _l_n

464 5010 529 5048 ua
582 5003 736 5065 parte
787 4990 937 5064 regni
991 4993 1219 5049 vacabat
1269 4990 1395 5047 tunc
1430 4999 1644 5065 pastore
1693 4990 2008 5065 metropolis

500 5062 735 5130 nonum;
768 5062 953 5134 quam,
978 5065 1147 5135 juxia
1175 5062 1618 5135 consuetudinem
1643 5062 2008 5135 praedecesso-

422 5152 541 5191 rum
569 5133 807 5190 meorum
839 5133 1045 5205 regum,
1078 5133 1346 5189 Weuiloni
1391 5145 1517 5188 tunc
1542 5133 2004 5205 clerico_meo,in

419 5206 621 5278 capella
658 5221 776 5261 mea
816 5202 948 5278 mihi
975 5206 1254 5272 servienti,
1282 5205 1373 5278 qui
1406 5218 1570 5278 Amore
1616 5202 1771 5258 liberi
1818 5202 2002 5259 clerici

419 5274 633 5333 se'niihi
660 5276 1159 5344 commendaverat,
1203 5287 1259 5331 et
1300 5274 1611 5330 ﬁdelitatem
1660 5284 2001 5329 sacramento

330 5356 341 5361 “
415 5349 760 5421 promiserat,
793 5363 1060 5421 consensu
1106 5362 1387 5404 sacrorum
1424 5345 1798 5421 episcoporum
1828 5345 1997 5421 ipsius

415 5416 731 5490 metropolis
772 5420 840 5475 ad
886 5420 1295 5490 gubernandum
1327 5416 1592 5490 commisi,
1620 5424 1674 5490 et
1718 5422 1856 5485 apud
1884 5418 1998 5490 epi-

415 5487 629 5560 scopos,
654 5487 914 5560 quantum
941 5507 1008 5547 ex
1039 5506 1126 5545 me
1159 5488 1282 5554 fuit,
1312 5498 1369 5543 ut
1409 5502 1532 5560 eum
1562 5487 1760 5543 ibidem
1813 5489 1991 5560 archi-

416 5558 727 5634 episcopum
776 5563 1095 5618 ordinarent
1142 5560 1374 5634 obtinui.
1410 5579 1428 5611 ι
1451 5558 1607 5634 ΔΙιιιθι·
1633 5558 1878 5634 exempla
1908 5573 2016 5634 re-.

451 5628 539 5689 um
572 5628 749 5689 Caroli
781 5636 1243 5705 praedecessorum
1274 5629 1689 5705 referripotest
1727 5628 1997 5705 [ridiculus

460 5705 701 5776 agobcrti
728 5700 871 5776 regis
892 5707 959 5760 ad
989 5703 1303 5776 Sulpitium,
1325 5700 1626 5776 Biturigum
1669 5700 1993 5776 antistitem,

412 5778 479 5833 de
498 5769 868 5831 'ordiuatio'ne
916 5769 1179 5832 Desiderii
1208 5812 1225 5840 ,
1271 5769 1518 5842 episcopi
1577 5769 1937 5826 Cadurcensis
1976 5789 1993 5825 :

2077 4850 2456 4921 ipostmodum
2498 4849 2581 4921 ad,
2612 4859 2858 4921 rogatum
2907 4860 2963 4905 et
3010 4851 3025 4906 i

2110 4581 2335 4637 papam;
2375 4567 2427 4621 iu
2465 4582 2572 4636 qua
2610 4566 2834 4637 loquens
2883 4569 2949 4623 de
2992 4566 3237 4624 ecclesiis
3282 4566 3690 4626 cathedralibus

2108 4638 2259 4707 regni
2286 4636 2512 4708 Angliae,
2544 4637 2622 4692 sic
2645 4636 2760 4709 ait:
2799 4656 2818 4688 ι
2853 4637 2998 4709 Quas
3019 4640 3235 4709 quidem
3265 4640 3540 4696 ecclesias
3564 4642 3689 4697 dicti

2108 4710 2499 4780 progenitores,
2519 4709 2690 4763 nostri
2723 4708 2776 4763 in
2807 4708 3441 4780 singulis’vacationibus
3475 4727 3689 4767 earum-

2111 4778 2232 4833 deni
2289 4778 2535 4849 personis
2582 4779 2791 4837 idoneis
2826 4778 2950 4849 jure
2998 4782 3148 4905 regio
3202 4783 3587 4849 conterebant,
3633 4793 3689 4838 et

2111 4850 2456 4909 postmodum
2498 4849 2566 4904 ad
2612 4859 2858 4909 roaatum
2907 4860 2963 4905 et
3010 4851 3062 4906 in
3103 4853 3307 4907 antiam
3351 4854 3519 4909 dictae
3548 4855 3687 4909 sedis

3031 4865 3307 4907 uuanuaut
3351 4865 3519 4910 (110ιὲιέ
3548 4865 3687 4910 sedis

2113 4920 2464 4993 (apostolicae)
2507 4920 2606 4976 sub
2647 4920 2811 4977 certis
2850 4922 3023 4977 modis
3049 4932 3107 4978 et
3126 4924 3541 4980 conditionibus
3564 4941 3685 4980 con—

2111 5001 2393 5048 cesserunt
2418 4992 2561 5062 quod
2586 4993 2878 5049 electiones
2909 4994 3099 5048 ﬁerent
3141 4994 3195 5048 in
3231 4996 3393 5050 dictis
3443 4996 3685 5051 ecclesiis

2107 5078 2205 5134 per
2232 5062 2466 5136 capitula
2506 5065 2836 5136 earumdem.
2872 5083 2890 5115 ι
2928 5065 3020 5119 Sic
3050 5080 3204 5136 reges
3233 5068 3408 5120 nostri
3459 5082 3680 5123 conces-

2108 5133 2299 5207 serunt
2337 5133 2583 5207 ecclesiis
2624 5133 2920 5207 electiones
2948 5133 3349 5207 episcoporum
3376 5176 3393 5203 ,
3438 5138 3681 5207 exemplo

2105 5204 2282 5278 Caroli
2333 5204 2517 5261 Crassi
2570 5206 2744 5278 imp_.,
2773 5206 2863 5275 qui
2906 5204 3374 5278 liberalis’inhoc
3409 5207 3518 5263 fuit
3557 5204 3678 5278 erga

2103 5275 2471 5332 Cenaveusem
2538 5284 2595 5331 et
2653 5275 3087 5331 Cabillonensem
3146 5276 3429 5334 ecclesias.
3482 5275 3679 5335 Eode'tn

2103 5361 2266 5421 porro
2288 5349 2411 5418 jure
2437 5347 2690 5421 utebatur
2718 5348 2969 5417 princeps
3012 5347 3310 5404 insularum
3335 5365 3480 5421 quas
3512 5350 3677 5421 Orca-

2103 5417 2200 5471 das
2227 5417 2444 5473 vocant.
2474 5417 2625 5485 Quod
2672 5418 2724 5472 in
2763 5434 2830 5474 eo
2879 5421 3200 5475 versabatur
3243 5429 3303 5475 ut
3342 5417 3390 5476 is
3412 5421 3487 5477 ab
3512 5420 3681 5478 archi-

2102 5488 2355 5558 episcopo
2400 5489 2727 5545 Eboracensi
2753 5489 3088 5547 ordinandus
3128 5500 3275 5547 esset
3318 5493 3551 5548 antistes
3594 5489 3677 5547 cui

2102 5560 2354 5640 princeps
2380 5560 2748 5640 episeepatum
2780 5562 3169 5640 concessissei',
3208 5564 3462 5634 buncque
3489 5560 3676 5640 agendi

2101 5631 2671 5703 iiittduni_cationicut_n
2704 5648 2824 5687 csse
2870 5636 3079 5689 censuit
3108 5631 3386 5699 Thomas,
3413 5631 3678 5703 archiepi-

2102 5715 2299 5782 scopus
2329 5700 2699 5782 Eboraicensis,
2728 5704 2794 5782 ad
2831 5702 3191 5782 Lanfrancum
3228 5700 3675 5782 Cantuariensetl

2100 5772 2365 5829 scribens.
2416 5790 2435 5825 ι
2488 5772 2646 5828 Venit
2674 5774 2741 5829 ad
2770 5790 2869 5831 nos
2917 5777 3136 5845 quidam
3193 5774 3449 5840 clericus.
3480 5775 3675 5849 inquit,
