4034 6298
485 307 590 366 5η

1516 298 1576 354 Β.
1621 297 1678 352 5.
1719 295 1879 353 LUPI
1911 293 2201 351 ABBATIS
2241 294 2750 353 FERRARIENSIS

3645 295 3760 352 5‘8

483 423 637 482 bitati
672 421 929 494 temporis
975 399 1251 476 industria
1271 415 1373 470 sibi
1420 414 1925 484 probatissimorum
1960 411 2058 466 de-
2087 418 2134 478 Α
2163 425 2277 477 ees,
2302 418 2360 464 ut
2381 409 2522 480 quod
2550 411 2715 466 tantis
2744 407 2876 464 viris
2895 407 3110 464 videtur
3131 403 3416 479 optimum,
3444 409 3599 465 vobis
3623 425 3760 480 quo-

439 517 446 520 ’
483 518 798 576 cedentibus
820 513 1085 585 episc0pis
1109 513 1444 574 mederetur;
1469 525 1537 564 ne
1559 507 1696 563 forte
1717 507 2058 578 simplicitate

484 609 799 682 pontiﬁcum
833 617 1010 678 posset
1037 604 1347 674 contingere
1371 601 1513 670 quod
1539 600 1592 654 in
1625 601 1724 654 hac
1751 599 2058 654 llcduorum

488 701 639 764 urbe,
689 695 842 765 cujus
871 711 968 750 nos
998 709 1135 748 utine
1161 707 1288 748 cura
1321 699 1568 755 exercet,
1599 689 1796 744 evenit.
1829 687 2064 742 Proinde

487 805 545 846 se
574 797 756 858 petere
795 795 851 841 ut
880 787 1137 840 honorem
1186 797 1215 858 a
1244 798 1264 818 -
1295 797 1430 852 papa
1480 779 1726 835 Romano
1770 776 2065 846 majoribus

485 857 602 949 ejus
643 890 697 936 et
741 880 954 950 regibus
1001 885 1054 931 et
1105 857 1520 945 it‘nperaloribus
1561 887 1902 936 concessum,
1954 881 2065 926 cta

492 969 857 1042 Lugdunensis
893 967 1148 1022 Ecclesize
1194 963 1658 1034 metropolitanis,
1711 963 1796 1017 cui
1845 971 2068 1016 auctore

492 1061 600 1116 Deo
632 1057 960 1130 prmsidctis,
1006 1072 1279 1126 nunquam
1307 1056 1566 1109 hactenus
1597 1052 1974 1108 inﬁrmitatmn
1994 1094 2009 1118 ,
2037 1069 2067 1109 a

489 1153 644 1207 vobis
684 1150 828 1204 nulla
870 1159 1050 1204 vestra
1083 1147 1279 1218 injuria
1325 1156 1706 1216 consequatur.
1742 1147 1893 1214 Quod
1943 1147 1984 1202 si
2012 1147 2068 1222 in

491 1241 591 1296 hac
619 1247 774 1312 parte
817 1247 1028 1308 spretus
1069 1252 1172 1292 non
1208 1236 1388 1301 fuerit,
1419 1237 1446 1275 ἱ»
1489 1235 1757 1290 facturum
1802 1251 1861 1290 se
1909 1244 1966 1290 ut
2015 1235 2068 1290 in

491 1345 658 1404 regno
683 1330 802 1400 ejus
827 1338 1068 1385 vestrum
1099 1329 1452 1383 ministerium
1477 1327 1714 1382 debitam
1741 1341 1955 1398 semper
1980 1343 2070 1384 ve-

491 1425 824 1482 nerationem
871 1423 1110 1479 obtineat
1154 1429 1207 1476 et
1247 1430 1488 1492 Optatum
1536 1420 1741 1476 exitum
1790 1422 2067 1476 sortiatur.

492 1517 657 1588 Cujus
683 1515 932 1591 petitioni
959 1523 1176 1570 nostras
1203 1529 1301 1570 nos
1329 1513 1597 1584 supplices
1637 1515 1914 1586 jungimus
1945 1529 2070 1586 pre-

499 1691 519 1729 ι
562 1669 798 1742 potuerit
817 1669 1058 1742 reddere,
1089 1676 1145 1722 et
1181 1668 1291 1742 hoc
1317 1679 1410 1742 aut
1431 1669 1711 1742 amborum
1733 1669 2074 1742 confessione

501 1761 520 1794 ι
563 1737 654 1796 aut
678 1747 824 1796 certa
847 1739 1084 1809 qualibet
1113 1739 1496 1810 approbatione
1516 1737 1679 1810 fuerit
1700 1740 2069 1804 manifestum,

500 1832 522 1866 ι
568 1821 628 1866 ιιι
659 1819 1013 1880 separentur;
1046 1819 1100 1864 et
1129 1809 1340 1874 rimlier,
1371 1809 1417 1863 si
1445 1809 1721 1880 continere
1743 1811 2067 1880 nequiverit,

502 1902 522 1936 ι
568 1877 734 1936 alti-ri
767 1881 882 1936 viro
927 1881 1168 1948 legaliter
1211 1880 1398 1936 nubat.
1447 1898 1465 1931 ι
1505 1877 1622 1945 Quo
1663 1877 1885 1948 respicit
1927 1879 2069 1934 haud

500 1951 660 2024 dubie
687 1960 846 2024 caput
870 1951 962 2024 55,
985 1949 1113 2024 libri
1141 1965 1201 2024 vr
1224 1949 1630 2024 Capitularium.
1650 1949 1847 2024 Itaque
1873 1965 1994 2024 qua:
2016 1952 2070 2005 in

499 2021 638 2080 libro
658 2039 712 2088 v,
739 2019 1048 2078 éorumdem
1076 2019 1461 2090 Capitularium
1486 2020 1691 2090 cap._4,
1723 2019 1778 2084 5,
1809 2019 1860 2084 6,
1887 2023 2074 2076 decer-

501 2105 701 2153 nuntur
728 2111 741 2150 :
773 2093 852 2148 De
881 2109 939 2146 eo
973 2093 1064 2162 qui
1091 2108 1122 2144 a
1142 2088 1445 2162 presbytero
1469 2106 1573 2144 non
1607 2088 1869 2162 baptizata
1899 2091 2071 2160 bapti-

504 2176 654 2219 zatur
702 2172 797 2219 est.
845 2162 920 2218 De
958 2159 1016 2216 eo
1061 2161 1152 2231 qui
1187 2159 1468 2231 ﬁliastrum
1505 2169 1597 2214 aut
1632 2160 1911 2231 ﬁliastram
1951 2159 2073 2216 ante

501 2236 796 2305 episcopum
825 2230 1172 2305 tenuerit.'De_
1194 2230 1274 2284 Itis
1295 2232 1383 2302 qui
1405 2238 1613 2305 propter
1637 2230 1834 2305 faidom
1865 2233 1920 2305 in
1937 2231 2072 2305 alios

500 2301 702 2378 patrias
749 2303 989 2378 fugiunt,
1039 2301 1330 2378 pertinent’_
1353 2301 1416 2354 ad
1449 2301 1588 2378 hanc
1613 2302 1873 2378 synodum
1900 2301 2074 2373 Lipti-

505 2360 860 2439 itenseni,'ubi
886 2360 1179 2428 etliia'sunt
1201 2370 1463 2442 suadente
1479 2360 1711 2442 Georgio
1737 2360 1990 2442 episcOpo
2015 2381 2073 2428 et

503 2443 710 2506 Joanne
741 2443 1035 2504 sacellario,
1063 2442 1252 2512 legatis
1275 2441 1468 2496 summi
1487 2440 1755 2512 pontiﬁcis
1777 2440 2070 2499 Zacharite.

503 2513 758 2586 Georgius
789 2515 931 2568 etiim
953 2511 1234 2586 legendum
1269 2512 1324 2567 in
1357 2511 1728 2586 hiseapitibus
1759 2529 1862 2569 non
1892 2521 2072 2568 autem

505 2583 807 2656 Gregorius,
841 2594 899 2638 ut
925 2583 1120 2640 habent
1145 2583 1660 2656 veteresedjtiones,
1691 2593 1837 2656 patet
1863 2599 2073 2656 exper-

507 2653 716 2714 vetusto
743 2655 926 2710 codice
958 2671 1058 2712 ms.
1085 2654 1395 2709 monasterii
1433 2653 1808 2722 Bivipullensis
1840 2655 1893 2708 in
1921 2653 2076 2710 Cata-

504 2725 688 2794 lonia;
731 2727 965 2796 itemque
1011 2742 1077 2782 ex
1121 2725 1291 2796 veteri
1325 2725 1509 2780 codice
1541 2741 1660 2780 meo
1687 2725 2070 2796 manuscripto.

509 2797 732 2854 Demum
757 2797 855 2852 tria
880 2795 970 2852 illa
997 2796 1232 2866 capitula
1252 2795 1534 2866 descripta
1557 2795 1767 2866 suntin
1794 2795 1948 2866 libris
1975 2796 2076 2850 Ca-

507 2867 815 2940 pitularium
857 2869 1038 2940 statim
1064 2863 1204 2940 post
1232 2864 1505 2940 decretum
1533 2864 1720 2940 synodi
1748 2863 2075 2940 Liptiuensis

509 2933 655 3012 quod
701 2933 1291 3012 vulgocircumfertur.
1339 2933 1676 3012 Praeter'illa
1723 2933 1886 3004 porro
1914 2936 2078 2990 alium

509 3003 768 3078 c'anonem
795 3003 1190 3078 'Liptinenscm
1231 3005 1572 3060 conservavit
1616 3003 1970 3072 Hiumnarus,
2018 3014 2078 3060 ut

509 3093 669 3148 supra
693 3077 940 3136 vidimus.
1227 3109 1240 3119 ο
2048 3084 2057 3093 ’

585 3160 612 3188 ει
641 3145 788 3215 Papa
841 3146 1095 3202 Romano.
1151 3147 1228 3200 Ea
1281 3145 1382 3200 fuit
1425 3153 1664 3199 veterum
1712 3145 1973 3200 modestia
2019 3161 2057 3200 at

515 3216 828 3286 simplicitas
874 3225 932 3270 ut
971 3232 1092 3270 cum
1131 3215 1357 3286 singulis
1397 3215 1662 3286 episcopis
1699 3229 1850 3284 papae
1887 3231 2079 3272 nomen

517 3287 846 3350 tribuerent,
886 3287 1098 3357 quoties
1134 3287 1200 3357 de
1230 3287 1472 3339 Romano
1496 3287 1748 3354 pontiﬁce
1791 3287 2084 3354 loqueban-

516 3368 624 3421 tur,
653 3373 758 3412 non
787 3355 977 3426 papam
1012 3355 1358 3426 simpliciter,
1408 3365 1464 3412 ut
1486 3371 1636 3410 nunc
1654 3356 1896 3426 assolet,
1941 3357 2084 3412 dice—

517 3437 664 3498 rent,
715 3424 817 3498 sed
833 3424 1024 3498 papam
1055 3424 1212 3482 Urbis
1231 3467 1265 3498 ,ζ
1291 3433 1384 3498 aut
1410 3441 1604 3498 papam
1647 3425 1945 3481 Romanum
1965 3434 2085 3498 ,Uut

464 3539 475 3550 κ
514 3497 618 3569 hoc
647 3496 763 3569 loco
799 3495 980 3569 Lupus
1007 3506 1205 3552 noster.
1246 3495 1510 3569 Paulatim
1542 3505 1720 3569 tamen
1745 3512 1808 3569 ea
1842 3495 2082 3569 appella-

519 3567 592 3622 tio
633 3567 712 3622 sic
738 3567 961 3625 recessit
1008 3584 1037 3622 a
1081 3568 1294 3623 caeteris
1317 3567 1587 3637 episcopis
1617 3577 1673 3620 ut
1707 3567 1806 3622 soli
1841 3567 2086 3622 Romano

518 3639 772 3704 deinceps
821 3637 1016 3694 tributa
1058 3639 1150 3692 sit.
1184 3636 1582 3692 Unde’factum
1629 3646 1688 3692 ut
1733 3637 2084 3704 Odorannus,

518 3654 706 3694 uemce
746 3654 772 3693 s
821 3654 1016 3694 tributa
1058 3654 1150 3692 su.
1187 3654 1334 3692 unde
1381 3654 1582 3692 tactum
1629 3654 1688 3692 ut
1733 3654 2084 3704 uuorannus,

517 3654 813 3764 monaeﬁus
843 3709 1013 3764 sancti
1043 3707 1186 3762 Petri
1221 3707 1334 3762 νῆιτὶ
1366 3706 1716 3772 Senonensis,
1749 3708 1840 3777 qui
1872 3709 1973 3763 sub
1999 3723 2084 3764 re-

515 3795 580 3850 ge
605 3778 842 3835 Roberto
871 3777 1067 3843 ﬂoruit,
1097 3793 1218 3833 cum
1250 3779 1507 3850 honorem
1533 3777 1779 3850 habuerit
1801 3777 2085 3849 Ansegiso,

519 3848 790 3905 Senonum
819 3850 1244 3920 archiepiscopo,
1291 3858 1366 3920 ut,
1398 3848 1520 3917 quia
1548 3849 1778 3904 vicarius
1806 3859 1925 3904 erat
1955 3848 2084 3920 apo-

517 3920 724 3976 stolieze
767 3921 942 3986 sedis,
1003 3935 1126 3975 eum
1160 3919 1482 3990 appellaret
1527 3919 1820 3990 secundum
1867 3935 2082 3990 papam.

523 4009 542 4043 ι
576 3990 846 4046 Przeterea
894 3988 1504 4061 domnuswAusegisus,
1555 3989 1756 4058 inquit,
1804 3988 2087 4061 postquam

520 4061 808 4130 primatum
859 4061 1022 4116 totius
1051 4059 1235 4116 Gallia:
1261 4059 1513 4130 obtinuit,
1561 4069 1614 4112 et
1639 4059 1870 4130 superna
1901 4062 2086 4115 mode-

523 4129 730 4184 ratione
755 4131 1022 4186 secundus
1047 4146 1180 4200 papa
1203 4129 1458 4200 appellari
1489 4129 1836 4196 meruit,’etc.
1871 4151 1889 4182 ›
1923 4131 2090 4186 Secu-

523 4211 634 4255 tum
665 4201 786 4271 dein
815 4210 901 4271 est
927 4201 1197 4256 decretum
1226 4201 1470 4271 Gregorii
1501 4201 1610 4266 VII,
1640 4201 1732 4270 qui
1759 4203 1814 4256 in
1847 4201 2088 4258 Romana

520 4269 725 4342 synodo
761 4270 1028 4342 edixitgut
1064 4285 1212 4342 papae
1247 4269 1439 4326 nomen
1472 4273 1634 4326 unius
1659 4269 1817 4328 esset
1862 4273 1914 4328 in
1956 4271 2088 4327 orbe

571 4341 852 4400 hristiauo.
911 4340 1284 4411 Hinc’lirmata
1311 4350 1395 4395 est
1441 4352 1656 4410 recepta
1676 4342 1788 4411 jam
1826 4352 1935 4396 tum
1965 4357 2091 4398 con-

523 4412 787 4480 suetudo;
819 4427 988 4482 eaque
1017 4409 1118 4465 fuit
1142 4409 1912 4482 Qccidentaliunrpopulorum
1938 4425 2090 4468 reve-

523 4486 698 4554 rentia
735 4483 789 4538 in
815 4480 1119 4554 episcopum
1151 4480 1716 4554 Romanumut‘pajxe
1743 4482 2088 4554 nomenhuic

524 4553 620 4625 soli
649 4551 901 4625 deinceps
935 4551 1249 4625 tribuerent,
1281 4561 1338 4606 ut
1365 4552 1495 4625 dixi.
1543 4551 1613 4625 Et
1633 4553 2089 4625 consuetudinem

526 4623 672 4706 illam
704 4621 1443 4706 juva'rupt.etiamhltomani.
1469 4621 1917 4706 ppptiﬁcesaﬂpe
1945 4623 2091 4706 euim

525 4691 749 4751 honoris
786 4695 929 4750 haud
969 4695 1042 4748 ita
1074 4691 1240 4747 multo
1284 4701 1404 4762 post
1431 4691 1672 4746 habitum
1713 4700 1800 4746 est
1839 4693 2092 4748 Anselmo

525 4763 896 4822 Cautuariensi
919 4763 1350 4836 archiepiscopo,
1371 4770 1429 4836 ut
1456 4777 1577 4816 cum
1600 4762 1882 4836 praecipua:
1899 4766 2095 4836 digna-

528 4835 691 4890 tionis
720 4835 895 4891 locum
921 4831 1126 4890 teneret
1145 4831 1284 4902 apud
1311 4831 1583 4887 Urbanum
1613 4831 1656 4886 ll
1682 4831 1872 4902 papam
1898 4831 2112 4894 Boium.

517 4921 690 4986 num,
737 4922 873 4986 papg
911 4903 1126 4986 alterius
1173 4901 1310 4985 orbis
1342 4903 1410 4986 ab
1443 4918 1523 4986 eo.
1558 4901 1784 4986 vocatqu
1809 4904 1910 4986 sit,
1961 4913 2096 4986 teSte

531 4971 1242 5045 Cervasio'Dorohernensi.
1293 4994 1312 5026 ι
1343 4971 1714 5045 Hic,__inquit,
1755 4975 1810 5029 in
1859 4974 2093 5030 Cantua-

532 5043 697 5103 riensi
725 5044 940 5115 civitate
965 5054 1336 5111 consecratus,
1376 5046 1445 5100 ab
1469 5043 1686 5102 Urbano
1712 5061 1849 5115 papa
1875 5045 2090 5115 pallium

529 5113 887 5185 suscepitget
915 5123 1113 5168 tantam
1145 5115 1258 5185 ejus
1283 5115 1512 5184 gratiam
1545 5113 1732 5180 habuit
1761 5113 1821 5170 ut
1849 5113 1970 5171 eum
2007 5113 2089 5185 ιιι-

533 5197 692 5253 tertus
719 5183 854 5236 orbis
883 5201 1070 5253 papam
1115 5183 1360 5250 vocaret,
1401 5205 1420 5236 ›
1452 5185 1704 5240 nimirum
1755 5186 1896 5240 haud
1931 5184 2090 5240 dubie

529 5251 673 5322 quod
707 5251 996 5307 divisurum
1045 5257 1314 5326 totodorbe
1361 5253 1758 5326 Britaunogrum
1783 5255 2088 5326 patriarcha

530 5331 703 5398 esset,
739 5331 795 5398 ut
821 5337 942 5398 eum
973 5333 1130 5398 vocat
1158 5323 1472 5398 Eadmerus.
1507 5324 1571 5377 Et
1597 5322 1897 5398 Goffridus,
1924 5325 2090 5398 abbas

533 5393 942 5449 Vlndocinensis
962 5435 976 5459 ,
1025 5395 1210 5450 eadem
1244 5395 1412 5448 ferme
1433 5401 1594 5449 aetate
1623 5396 1866 5452 scribens
1892 5397 1956 5450 ad
1989 5393 2093 5450 Ge-

531 5464 748 5548 rarjlum
773 5465 1080 5548 episcopum
1119 5463 1576 5548 Engoliosmensem
1607 5465 1731 5548 (qui
1754 5506 1769 5532 ,
1795 5467 1941 5548 quod
1967 5479 2093 5548 apo-

531 5533 732 5615 stolica:
749 5533 893 5590 sedis
914 5533 1684 5615 legatuses‘Set‘iquuitania,
1716 5533 1882 5592 muita
1903 5533 2090 5615 contra

532 5603 613 5678 fas
639 5615 930 5678 contraque
951 5601 1061 5678 ius,
1087 5613 1144 5659 ut
1171 5601 1420 5678 Goﬁ‘ridq
1433 5601 1726 5678 videbatur,
1750 5607 2088 5678 usurpabat),

533 5675 606 5730 ait
647 5675 786 5730 inter
831 5673 1150 5747 alialibmt,
1177 5674 1344 5747 epist.
1392 5673 1460 5747 2f
1489 5691 1502 5727 ε
1533 5673 1698 5747 Quasi
1742 5673 1966 5731 alterum
1999 5673 2094 5747 ρὰ-

527 5761 652 5816 pom
695 5761 782 5800 vos
828 5745 1041 5816 fecistis.
1074 5739 1115 5799 E
1138 5739 1397 5811 diverso,
1449 5745 1499 5798 in
1529 5739 1783 5803 Orientali
1819 5739 2088 5815 Ecclesia,

1151 3147 1228 3200 Ea
1281 3145 1382 3216 fuit
1425 3153 1664 3216 veterum
1712 3145 1973 3200 modestia
2019 3143 2157 3216 aeC

2167 521 2271 576 que
2297 504 2628 574 complaeeat
2652 519 2666 568 ;
2712 511 2772 556 ut
2800 503 2854 558 in
2885 503 3235 572 obsequendo
3261 504 3416 559 vobis
3441 519 3550 559 non
3572 505 3762 560 solum

2166 611 2264 652 nos
2289 611 2476 652 verum
2509 597 2670 651 etiam
2703 595 2822 650 illos
2853 593 3088 660 faciatis,
3121 595 3264 665 quod
3296 604 3566 668 optamus,
3595 597 3764 666 cupi-

2167 688 2422 742 dissimos
2451 685 2742 742 debitores.
2775 685 2939 756 quue
2967 686 3314 756 impetratum
3343 701 3374 741 a
3403 695 3582 744 vestra
3613 688 3769 744 ﬁdis-

2168 780 2304 859 sima
2337 777 2496 852 124
2520 775 2676 833 nobis
2707 777 3080 832 familiaritate
3111 777 3357 832 volumus
3381 786 3440 832 ut
3485 779 3636 848 quod
3670 794 3766 856 vo-

2167 873 2250 928 bis
2281 873 2422 928 Deus
2471 870 2814 942 inspiravcrit
2863 869 3019 925 nobis
3047 886 3212 940 quam
3244 870 3530 926 celerrime
3559 871 3767 927 litteris

2169 965 2504 1027 ostendatis;
2552 971 2610 1017 ut
2653 978 2752 1033 per
2803 979 2901 1017 nos
2949 962 3112 1018 citius
3140 961 3390 1019 dominus
3419 971 3608 1018 noster
3635 981 3765 1029 rex,

2170 1055 2311 1124 quod
2358 1052 2644 1122 plurimmn
2695 1052 2878 1122 cupit,
2942 1052 3260 1108 benevolam
3317 1052 3372 1108 in
3426 1067 3484 1108 se
3515 1064 3768 1111 vestram

2171 1160 2500 1217 cognoscens
2531 1143 2880 1208 voluntatem,
2931 1143 3124 1214 dignas
3153 1143 3263 1198 Deo
3292 1143 3495 1199 referat
3528 1145 3766 1216 gratias,

2173 1247 2226 1294 et
2271 1247 2559 1306 antequam
2606 1237 2933 1291 necessitate
2980 1236 3132 1306 regni
3177 1235 3387 1308 longius
3433 1237 3763 1303 abducatur,

2175 1331 2488 1384 damnosam
2535 1329 2784 1401 praesulis
2832 1329 3144 1383 dilationem
3193 1329 3434 1396 recidat,
3495 1332 3768 1402 vobisque
3835 1334 3842 1339 ’

2175 1422 2492 1478 fidissimum
2531 1434 2552 1461 ο
2607 1421 2906 1491 adjutorem
2946 1422 3144 1492 dirigat
3185 1423 3566 1478 ordinandum.
3599 1423 3630 1464 (ι
3657 1425 3769 1481 Go-

2175 1512 2450 1568 delsadum
2495 1512 2678 1574 etiam,
2708 1526 2868 1582 quem
2915 1525 2982 1566 ex
3025 1511 3226 1580 palatio
3254 1525 3354 1566 suo
3389 1523 3413 1552 ο
3445 1527 3600 1567 more
3621 1528 3768 1584 prte—

2173 1669 2336 1740 paulo
2359 1667 2751 1740 authregorii
2793 1667 2878 1722 VII
2921 1666 3324 1740 pontiﬁcatum,
3367 1667 3502 1740 adeo
3535 1667 3769 1740 descen-

2179 1737 2330 1795 derat
2356 1737 2640 1808 appellatio
2671 1753 2954 1808 paparum,
2982 1747 3044 1792 ut
3067 1737 3298 1792 lectores
3322 1737 3486 1793 etiam
3517 1739 3763 1808 appella-

2175 1819 2364 1864 rentur
2393 1807 2579 1877 papaa:
2618 1817 2676 1862 ut
2703 1807 2849 1877 patet
2875 1823 2938 1863 ex
2973 1807 3360 1862 constitutione
3383 1807 3567 1862 lsaaci
3592 1807 3763 1864 Com-

2178 1881 2304 1936 neni
2336 1881 2462 1949 imp.
2484 1878 2543 1932 Ο.
2567 1878 2651 1942 Ρ.,
2684 1879 2826 1949 edita
2855 1879 2997 1933 circa
3024 1893 3224 1932 annum
3252 1878 3408 1949 1058,
3439 1895 3563 1949 quae
3585 1887 3771 1934 exstat

2179 1953 2316 2021 apud
2345 1947 2684 2021 Theodorum
2727 1948 3118 2021 Balsamonem.
3167 1949 3318 2004 Unde
3345 1947 3546 2021 factum
3577 1958 3666 2004 est
3706 1957 3766 2003 ut

2179 2019 2301 2077 dein
2350 2021 2489 2090 apud
2525 2019 2744 2075 Graecos
2789 2020 3047 2074 beneﬁcia
3095 2019 3366 2090 iuniorum
3401 2019 3764 2086 clericorum,

2177 2088 2400 2163 papam}
2428 2090 2758 2163 dicerentur,
2791 2106 2898 2144 nou
2939 2105 3094 2163 secus
3137 2105 3199 2163 ac
3227 2088 3543 2163 Iuniarum:
3567 2091 3624 2145 in
3671 2091 3769 2145 Ee-

2179 2160 2338 2217 clesia
2362 2161 2550 2215 Latina
2575 2176 2590 2227 ;
2622 2173 2680 2213 ut
2705 2161 3011 2216 observavit
3035 2162 3116 2215 vir
3139 2160 3533 2215 illustrissimus
3559 2170 3617 2216 et
3639 2177 3764 2216 eru-

2180 2233 2477 2302 ditissimus
2511 2231 2831 2287 Franciseus
2857 2230 3176 2300 Bosquetus,
3207 2231 3493 2302 episcopus
3515 2229 3765 2302 Monspe-

2182 2301 2386 2364 liensis,
2421 2302 2472 2354 in
2505 2303 2648 2356 notis
2697 2301 2764 2355 ad
2806 2299 3058 2370 epistolas
3103 2299 3404 2356 Innocentii
3433 2299 3517 2366 III,
3547 2302 3643 2356 lib.
3679 2299 3765 2366 in,

2181 2373 2340 2443 epist.
2391 2373 2491 2443 60._
2527 2371 2717 2443 Adhuc
2746 2381 2921 2425 tamen
2961 2371 3060 2426 sub
3102 2371 3364 2440 Gregorio
3413 2372 3474 2436 ν,
3527 2372 3766 2442 dignitas

2181 2441 2417 2565 episcopi
2446 2441 2856 2496 Mediolanensis
2901 2443 3189 2495 vocabatur
3215 2451 3468 2511 papatus,
3522 2441 3766 2511 ut’patet

2182 2529 2249 2565 ex
2273 2515 2362 2565 dio
2383 2522 2560 2565 omate
2584 2512 2797 2565 Ottonis
2825 2511 2919 2565 III.
2978 2513 3129 2565 imn..
3177 2511 3322 2564 edito
3347 2512 3401 2565 in
3430 2511 3766 2565 Collectione

2182 2511 2249 2584 ei
2273 2511 2560 2584 diplomate
2584 2512 2801 2584 Ottonis
2825 2511 2919 2576 III,
2978 2513 3129 2581 imp.,
3177 2511 3405 2584 edito‘in
3430 2511 3766 2584 CoAltqctione

2181 2579 2442 2653 Bipartita
2468 2583 2536 2638 ab
2568 2583 2866 2647 lIolstenio,
2895 2579 3128 2652 parte—ti,
3168 2595 3286 2652 pag.
3305 2579 3443 2653 219.
3477 2582 3612 2638 Vide
3639 2598 3769 2653 por-

2183 2649 2566 2724 ro'RiTgaItium
2598 2654 2651 2708 in
2694 2649 3178 2724 observationibus
3200 2649 3266 2704 ad
3293 2649 3662 2722 Cyprianum,
3711 2661 3768 2708 et

2185 2723 2472 2780 Seldenum
2503 2725 2556 2777 in
2585 2725 2726 2779 notis
2756 2725 2821 2778 ad
2855 2723 3192 2777 Eadmerum.

2259 2795 2282 2832 ¹³
2322 2793 2613 2850 Facturum
2657 2811 2732 2850 se.
2780 2793 2994 2848 Wenilo
3037 2801 3092 2848 et
3129 2791 3401 2848 Gerardus
3440 2793 3770 2863 pollicentur

2184 2865 2431 2920 Amuloni
2466 2863 2900 2936 favoremiCaroli
2933 2865 3092 2936 regis,
3123 2865 3167 2918 si
3201 2865 3245 2936 is
3264 2865 3599 2936 obsequatur
3625 2863 3767 2920 desi-

2186 2937 2350 2990 deriis
2378 2937 2656 3004 principis.
2703 2934 2969 2989 lntellexit
2996 2934 3174 2988 autem
3215 2934 3407 2988 Annulo
3435 2937 3626 3004 quanti
3657 2949 3770 2990 mo-

2186 3008 2355 3061 menti
2377 3014 2522 3060 esset
2551 3006 2666 3060 lnee
2691 3005 2881 3075 gratia.
2913 3004 3100 3075 Itaque
3128 3005 3333 3075 studuit
3359 3021 3483 3059 eam
3511 3005 3619 3060 sibi
3641 3022 3768 3061 con-

2189 3077 2406 3141 ciliare;
2445 3083 2504 3147 id
2531 3074 2789 3147 discimus
2817 3091 2883 3129 ex
2914 3074 3198 3147 Chronico
3222 3074 3464 3147 Hugonis
3494 3075 3768 3131 Flavinia-

2188 3140 2398 3211 ceusis,
2447 3140 2505 3200 i'ti
2540 3161 2648 3216 quo
2696 3145 2774 3216 sic
2810 3145 3078 3216 scriptum
3109 3153 3226 3200 est:
3263 3166 3280 3196 ι
3308 3140 3508 3216 λωβΙο
3551 3161 3768 3216 quoque

2186 3217 2600 3288 Lugdunensem
2635 3215 3002 3288 episcopatum
3031 3216 3302 3288 suscepit:
3344 3215 3766 3288 cujusgaucto’ri-

2187 3285 2350 3342 tas‘et
2367 3302 2529 3358 amor
2565 3285 2743 3358 Caroli
2768 3285 2894 3358 erga
2939 3300 3062 3340 eum
3115 3285 3546 3358 multumrvaluit
3577 3297 3768 3342 sancto

2185 3373 2336 3428 papae
2366 3356 2554 3428 Leoni,
2581 3366 2641 3428 ut
2671 3357 2785 3426 ipse
2808 3356 2911 3428 hoc
2941 3365 3169 3410 testatur
3202 3358 3255 3411 in
3283 3357 3511 3424 epistola
3545 3359 3615 3410 ad
3641 3375 3762 3413 eum

2185 3426 2370 3499 inissa.
2411 3446 2428 3478 ›
2459 3426 2534 3499 Ut
2552 3427 2636 3482 vel
2666 3428 2790 3484 hinc
2819 3427 3050 3481 validum
3081 3436 3455 3499 argumentum
3481 3429 3622 3499 sumi
3647 3443 3765 3499 pos-

2185 3499 2257 3553 sit
2284 3498 2350 3552 ad
2379 3496 2746 3552 conﬁrmanda
2777 3513 2838 3552 ea
2869 3513 2988 3566 quze
3017 3496 3178 3566 supra
3209 3498 3348 3552 dicta
3375 3507 3503 3552 sunt
3525 3498 3593 3552 de
3618 3496 3760 3552 ordi-

2188 3571 2405 3623 natione
2429 3568 2609 3633 Berui,
2635 3568 2867 3639 episcopi
2897 3567 3414 3639 Augustodunensis.

2261 3636 2683 3710 siAdjutoremf
2729 3636 3144 3710 Coeperatorem
3221 3653 3285 3692 ac
3345 3636 3764 3710 suﬂ'raganeum.

2189 3709 2534 3780 Suﬁ'raganeig
2555 3716 2733 3780 autem
2753 3710 2887 3780 ideo
2903 3708 3182 3780 dicuntur,
3211 3719 3270 3762 ut
3301 3710 3402 3780 hoc
3449 3708 3629 3780 obiter
3654 3725 3764 3764 mo-

2187 3777 2539 3848 neam,‘quod
2559 3777 2647 3846 jus
2677 3777 2914 3850 suffragii
2937 3795 3057 3850 cum
3087 3779 3498 3848 metropolitano
3523 3779 3757 3835 habeant

2189 3851 2243 3904 in
2272 3849 2489 3920 synodis
2515 3848 2972 3920 provincialibus,
3005 3849 3162 3919 eique
3207 3850 3503 3905 concordes
3532 3865 3656 3905 esse
3681 3852 3763 3906 de-

2189 3919 2366 3990 beant.
2417 3919 2640 3974 Carolus
2668 3919 3014 3990 gsimplexdin
3061 3928 3331 3990 praecepto
3385 3935 3480 3990 pro
3525 3920 3762 3976 Ecclesia

2189 3989 2524 4045 Narbonensi
2557 4007 2570 4043 :
2609 4008 2628 4040 ι
2666 3987 3001 4045 Venerabilis
3035 3987 3634 4046 sanctasNarbonenss
3671 3991 3768 4046 Ec-

2189 4060 2368 4116 clesia:
2417 4059 2856 4131 archiepiscopus
2895 4059 3157 4115 Arnutius
3187 4057 3428 4116 nostram
3460 4062 3597 4115 adiit
3625 4076 3770 4116 sere-

2189 4131 2432 4203 nitatem,
2463 4131 2806 4203 innotescens
2821 4131 3051 4203 auribus
3075 4131 3602 4203 elementitenostrae
3626 4131 3768 4203 quod

2190 4201 2244 4273 in
2270 4216 2363 4256 sua
2390 4201 2671 4273 parochia,
2698 4217 2793 4256 seu
2819 4201 2873 4255 in
2903 4203 3112 4273 cunctis
3135 4202 3423 4273 episeopiis
3453 4204 3544 4273 qui
3572 4203 3628 4256 in
3646 4201 3767 4258 ’διιτ-

2190 4270 2360 4342 fragio
2386 4270 2551 4341 ipsius
2577 4273 2736 4342 positi
2769 4279 2916 4337 sunt,
2946 4272 3262 4342 gravissima
3292 4270 3538 4342 quaedam
3574 4286 3763 4329 contra

2182 4340 2306 4410 jura
2331 4340 2598 4400 canonum
2631 4351 2790 4412 atque
2817 4340 3266 4414 institutagleguin
3299 4340 3588 4414 increverit
3635 4359 3761 4414 con-

2191 4414 2452 4486 suetudo,
2509 4421 2614 4468 etc.
2672 4433 2692 4465 ι
2725 4413 3034 4486 Arnulphus
3067 4413 3428 4486 Lexoviensis
3459 4413 3513 4467 in
3541 4413 3767 4486 epistola

2193 4483 2260 4554 ad
2274 4482 2346 4554 β.
2379 4482 2660 4546 Thomam,
2687 4483 3150 4554 archiepiscopum
3178 4482 3660 4549 Cantuariensein,
3708 4485 3758 4540 in

2193 4552 2364 4608 Callia
2409 4562 2524 4607 tum
2567 4552 2948 4626 exsulantem:
2999 4552 3208 4626 (Quod
3246 4553 3767 4626 saneucontemplati

2234 4637 2423 4696 uorum
2446 4638 2546 4696 ope
2573 4623 2670 4696 niti
2691 4665 2706 4696 ,
2748 4639 2986 4696 quorum
3016 4625 3214 4696 muniri
3243 4623 3501 4696 consilio,
3529 4623 3758 4696 quorum

2219 4693 2369 4748 ulciri
2397 4693 2650 4764 suffragio
2677 4693 2958 4759 debuistis,
2983 4709 3014 4748 a
3041 4695 3188 4749 vobis
3213 4694 3359 4750 velut
3384 4693 3602 4763 agmine
3630 4695 3768 4752 Iacto

2196 4763 2580 4828 discesserunt,
2627 4765 2842 4834 quando
2872 4764 3108 4818 maxime
3133 4765 3368 4834 nominis
3397 4765 3479 4820 sui
3508 4767 3766 4822 rationem

2197 4833 2456 4905 deberent
2486 4833 2778 4904 agnoscere
2807 4842 2876 4905 et
2897 4850 2956 4890 se
2987 4835 3138 4905 vobis
3163 4833 3532 4905 suffraganeos
3557 4851 3666 4890 non
3696 4849 3769 4890 re-

2199 4903 2482 4976 fraganeos
2502 4903 2774 4976 exhibere.
2816 4923 2834 4956 ι
2867 4904 3052 4974 Itaque
3077 4903 3388 4976 Arnulplujs
3411 4920 3477 4960 ex
3505 4920 3570 4960 eo
3599 4907 3768 4962 dictos

2199 4974 2424 5044 putabat
2469 4975 2834 5044 suﬁ‘raganeos
2894 4977 3035 5044 quod
3086 4974 3561 5043 metropolitanum
3618 4991 3768 5031 suum

2199 5043 2454 5116 Suﬁ'ragio
2496 5062 2594 5100 suo
2640 5043 2832 5116 fulcire
2875 5043 3140 5110 debeant,
3184 5044 3398 5116 quoties
3438 5047 3657 5101 occasio
3691 5048 3765 5100 in-

2199 5115 2552 5186 gruit,’eique
2575 5115 2852 5186 adjutoges
2877 5131 3014 5186 esse,
3045 5123 3103 5170 ut
3123 5115 3258 5186 Lupi
3279 5117 3446 5171 verbo
3471 5124 3612 5170 utar.
3643 5116 3769 5173 Vide

2198 5183 2529 5255 Fulbertuin,
2559 5183 2716 5255 epist.
2747 5183 2819 5238 50
2847 5195 2899 5240 et
2925 5185 3012 5241 51.

2268 5255 2294 5295 d
2323 5253 2694 5326 Godelsadiun.
2720 5255 2907 5326 Itaque
2947 5255 3282 5311 Godelsadus
3307 5255 3568 5311 Ecclesia:
3600 5255 3768 5312 Cabil-

2199 5323 2406 5380 lonensi
2431 5325 2717 5396 praefectus
2730 5323 2854 5381 est’a
2879 5325 3074 5381 Carolo
3093 5326 3258 5380 Calvo
3276 5341 3418 5381 anno
3441 5331 3633 5381 saltem
3645 5326 3762 5392 844,

2199 5399 2343 5468 quod
2370 5412 2604 5468 eoauuo
2631 5397 2885 5466 scriptam
2931 5411 3050 5468 esse
3095 5406 3345 5468 oporteat
3391 5399 3534 5468 hanc
3567 5399 3764 5468 episto-

2199 5463 2329 5538 lam,
2359 5475 2416 5520 ιιι
2434 5466 2546 5536 jam
2592 5463 2918 5538 momiinms.
2950 5467 3048 5523 llic
3076 5463 3260 5538 postea
3292 5465 3540 5524 interfuit
3567 5463 3766 5538 synodo

2204 5533 2558 5611 Vermeriensi
2585 5537 2874 5611 ιιιιιιοβὸὂ.

2273 5617 2294 5679 ἐ
2328 5605 2476 5679 More
2499 5605 2890 5677 prwcessdrum.
2922 5605 3055 5664 Tum
3085 5609 3230 5663 enim
3250 5649 3264 5675 ,
3297 5619 3355 5679 ut
3385 5608 3581 5664 inloco
3609 5623 3763 5679 supra

2200 5675 2368 5750 relato
2400 5675 2576 5750 Marco
2616 5679 2922 5743 adnotavit,
2974 5694 3126 5750 reges
3169 5678 3338 5734 nostri
3378 5675 3764 5734 contendebant

2199 5746 2466 5817 palatinos
2497 5748 2719 5803 clcrims
2762 5766 2792 5804 ει
2841 5750 2954 5806 solo
3001 5746 3244 5820 principe
3274 5750 3544 5820 designari
3583 5765 3759 5820 posse,
