4034 6298
519 316 620 371 551

1516 311 1579 367 Β.
1622 310 1678 366 S.
1725 309 1880 368 LUPI
1917 307 2208 365 ABBATIS
2245 308 2756 370 FERRARIENSIS

3681 325 3785 380 552

518 407 884 498 episcopus,ﬂ
921 425 1202 482 Saxhodns
1250 423 1500 480 Saiornm
1556 424 1862 506 episcopus,
1897 425 1924 467 ι)
1970 423 2103 479 Fre-
2133 427 2184 488 Α
2210 433 2263 478 ct
2304 425 2622 482 amictiones
2674 425 2934 482 nobilium
2983 436 3038 482 et
3085 427 3420 499 ignobilium,
3463 433 3690 491 divitum
3729 447 3786 492 et

519 519 691 576 cnlfus
737 519 1114 582 Lexoviornm,
1158 517 1424 574 Valfridus
1452 518 1913 584 Baiocacensium,
1940 530 1960 557 ε
1995 518 2099 573 No-

518 611 732 668 menoio
770 611 934 682 priori
979 611 1153 682 gentis
1182 608 1509 664 Britannicae
1536 608 1766 665 salutem
1792 624 1911 680 quae
1936 610 2096 665 estin

517 704 733 760 Christo
759 703 883 759 Jesn
915 702 1144 758 Domino
1174 709 1379 756 nostro.

588 795 690 850 Diu
728 803 812 851 est
841 793 984 865 quod
1026 793 1172 848 Deus
1195 791 1428 866 occulto,
1456 792 1605 864 justo
1635 800 1817 848 tamen
1865 792 2094 864 judicio,

517 888 763 959 permisit
791 902 911 942 esse
937 893 990 942 te
1014 894 1280 942 rectorem
1311 886 1487 957 gentis
1517 893 1656 952 tuae;
1687 885 1739 940 in
1779 900 1887 957 quo
1913 895 2092 941 tamen

463 972 484 1045 ξ
517 978 776 1050 regimine
803 976 1017 1048 qualem
1049 985 1100 1032 te
1141 975 1454 1030 exhibueris
1480 975 1633 1031 testis
1657 983 1740 1031 est
1763 976 2095 1032 conscientia

515 1080 604 1127 tua
631 1079 686 1126 et
708 1083 905 1124 amara:
947 1067 1302 1139 querimoniae
1337 1068 1672 1126 diversarum
1706 1068 2090 1139 Ecclesiarum,

582 1203 931 1259 aSaxbedus.
984 1201 1076 1256 Sic
1115 1217 1336 1272 prorsus
1380 1201 1639 1272 scriptum
1688 1210 1772 1272 est
1822 1202 1876 1272 in
1923 1204 2091 1258 veteri

495 1275 714 1338 codice.
769 1274 827 1328 ln
866 1273 1146 1343 privilegio
1176 1287 1331 1343 _tvero
1381 1271 1693 1326 monasterii
1747 1271 2091 1330 Corbeiensis

510 1354 736 1401 vocatur
783 1341 1118 1400 Saiobodns.
1169 1341 1449 1397 Saxbodus
1480 1350 1657 1396 tamen
1691 1343 2004 1397 nominatur
2034 1346 2085 1399 in

506 1416 736 1480 concilio
788 1414 1018 1470 Senonis
1065 1414 1247 1468 habito
1294 1428 1435 1468 anno
1488 1413 1610 1472 852.
1645 1413 1697 1466 in
1737 1428 1844 1482 quo
1893 1414 2089 1469 contir-

506 1496 713 1542 matum
742 1496 827 1542 est
875 1483 1210 1556 privilegium
1260 1483 1576 1556 mentasterii
1615 1484 1795 1556 sancti
1830 1483 2082 1556 Remigii,

505 1559 649 1626 quod
684 1554 889 1612 editum
915 1565 999 1610 est
1038 1554 1091 1626 in
1122 1563 1265 1626 tonio
1295 1554 1343 1626 llr
1377 1554 1671 1626 Spicilegii,
1700 1569 1820 1624 pag.
1853 1555 1976 1626 5'86.
1999 1554 2008 1555 “
2028 1556 2086 1610 In

505 1624 700 1696 quibus
735 1635 910 1681 tamen
969 1624 1452 1696 subscriptionibns
1509 1625 2084 1696 mendosehscriptum

504 1693 588 1753 est
616 1696 936 1768 Ragiuerius
977 1693 1338 1768 Ambiauensis
1364 1694 1651 1765 episcopus.
1683 1693 1892 1768 tAdhne
1933 1693 2084 1768 enim

505 1765 723 1838 vivebat
761 1765 1120 1838 Hilmeradns,
1149 1765 1242 1834 qui
1282 1765 1695 1838 annetsequenti
1717 1765 1970 1838 _iuterfuit
1995 1782 2084 1838 sy-

502 1839 643 1894 nodo
682 1836 1064 1899 Vermeriensi,
1097 1836 1331 1907 itemque
1357 1835 1445 1889 alii
1473 1834 1674 1907 synodo
1717 1834 2078 1907 Yermerien'si

503 1911 646 1964 circa
697 1923 897 1963 annum
945 1907 1070 1961 865.
1120 1905 1481 1960 Rctraetanda
1503 1905 1676 1975 porro
1723 1906 1811 1960 hic
1840 1917 1921 1963 est
1949 1923 2079 1963 con-

504 1979 765 2034 troversia
791 1979 857 2032 de
897 1987 1138 2046 tempore
1178 1993 1284 2048 quo
1334 1977 1566 2048 synodus
1615 1976 1701 2032 illa
1749 1976 1930 2032 habita
1970 1987 2074 2043 est,

502 2066 625 2105 cum
661 2057 872 2105 constet
890 2045 1019 2101 eam
1051 2062 1155 2100 non
1187 2045 1628 2103 fuissc'habitam
1677 2062 1819 2101 anno
1844 2048 1970 2113 85‘2,
2000 2051 2078 2104 uti

503 2121 830 2176 monuimus.
891 2118 1126 2188 Saueex
1177 2117 1660 2186 subscriptionibus
1697 2119 2072 2188 episcoporum

501 2200 725 2262 apparet
779 2205 921 2245 anno
971 2187 1160 2262 saltem
1203 2188 1306 2262 846
1354 2188 1678 2262 celebratam
1735 2187 1920 2262 fuisse.
1969 2189 2074 2245 Sed

499 2258 629 2332 quid
681 2276 817 2332 opus
871 2260 1324 2332 conjecturishint
1352 2275 1429 2332 re
1472 2258 1805 2332 in:_inifesta_?_
1854 2259 2076 2332 ConStat

499 2328 643 2388 enim
673 2328 742 2388 ei
770 2328 1028 2401 Capitulis
1073 2328 1246 2384 Caroli
1285 2329 1457 2394 Calvi,
1509 2330 1594 2401 tit.
1635 2343 1708 2390 vi,
1737 2329 2074 2401 chilonem

497 2399 959 2473 archiepiscopum
1004 2400 1371 2473 Scnonenscm
1400 2400 1632 2473 capitula
1668 2399 1937 2473 _nounnlla
1963 2402 2075 2455 edi-

495 2469 716 2544 dissetin
739 2469 943 2544 synodo
970 2470 1261 2544 provincia:
1304 2487 1436 2544 snte,
1470 2469 1566 2526 'cui
1593 2469 1921 2544 snﬂ‘raganei
1959 2473 2076 2541 ejus

495 2541 808 2599 interfuere.
859 2541 1046 2613 Itaque
1099 2541 1478 2613 corrigendum
1517 2551 1602 2596 est
1646 2543 1787 2613 quod
1815 2542 2070 2606 diximus,

493 2615 748 2670 mendose
778 2615 832 2668 in
860 2611 1342 2682 subscriptionibns
1373 2613 1525 2666 istius
1571 2611 1780 2666 concilii
1811 2613 2071 2682 scriptum

498 2700 617 2740 esse
644 2700 840 2741 nomen
876 2683 1439 2755 Reginarii,episcopi
1469 2682 1867 2755 Ambianensis.
1922 2683 2073 2738 Sedit

489 2755 634 2811 enim
651 2770 834 2825 usque
854 2755 922 2810 ad
947 2753 1150 2825 annum
1177 2754 1282 2825 848
1312 2762 1407 2808 aut
1435 2753 1558 2825 849.

560 2826 590 2868 δ
616 2823 916 2895 Ρνεειιιῖιιε.
957 2824 1010 2880 Is
1056 2824 1316 2895 nimirum
1355 2824 1446 2894 qui
1494 2823 1800 2879 Chronicon
1853 2825 2074 2894 scripsit

489 2897 558 2952 ab
611 2898 744 2954 orbe
787 2894 1006 2952 Condito
1042 2910 1212 2965 usque
1256 2894 1324 2948 ad
1353 2909 1555 2950 annum
1597 2895 1816 2950 circiter
1844 2909 2071 2951 sexcen-

489 2967 762 3024 tesimum.

561 3049 584 3076 ο
615 3037 929 3092 Nomenoio.
961 3035 1241 3091 Britonnm
1273 3035 1396 3091 duci
1441 3035 1555 3106 jam
1584 3035 1769 3106 indea
1815 3037 2069 3106 tempori-

485 3107 588 3163 bus
615 3107 872 3164 Ludovici
907 3106 1010 3161 Pii.
1065 3107 1182 3174 Quo
1208 3113 1443 3171 mortuo,
1473 3105 1649 3161 Caroli
1695 3105 1844 3162 Calvi
1893 3105 2067 3175 parti-

483 3177 587 3234 bus
641 3179 869 3233 adhaesit
929 3176 1185 3232 adversus

485 3244 629 3303 anno
656 3248 794 3318 841,,
813 3249 880 3303 ad
903 3261 1140 3318 eumque
1167 3261 1394 3318 munera
1427 3247 1668 3312 mittens,
1706 3246 1865 3301 fidem
1897 3248 2063 3302 etiam

483 3318 534 3373 ei
581 3334 733 3373 suam
775 3316 1128 3387 jurejurando
1169 3317 1462 3388 obligavit;
1515 3318 1610 3372 sed
1655 3317 1872 3373 biennio
1921 3327 2064 3388 post,

482 3390 669 3444 eadem
715 3389 973 3446 facilitate
1013 3402 1116 3457 qua
1167 3395 1514 3443 concesserat
1542 3388 1596 3442 in
1641 3397 1822 3458 partes
1864 3388 2066 3455 Caroli,

485 3460 652 3514 abeo
680 3459 894 3521 defecit,
927 3460 1222 3530 cupiditate
1228 3459 1398 3530 Iegni
1439 3458 1722 3523 adductus,
1751 3467 1810 3511 ut
1848 3460 2063 3513 monui-

483 3545 606 3585 mus
647 3531 712 3583 ad
758 3529 1037 3600 epistolam
1081 3530 1168 3585 51.
1224 3528 1361 3600 Tum
1404 3543 1610 3600 vero”
1640 3537 1894 3600 consueta
1945 3544 2066 3600 per-

480 3600 626 3683 fidia,
648 3619 667 3683 ξ
693 3598 1148 3683 ntscriptumest
1166 3601 1217 3655 in
1242 3598 1620 3683 Annalibus_S.
1652 3599 1878 3664 Bertini,
1909 3618 1927 3649 ι
1947 3598 2066 3683 ’ᾼη-

479 3671 696 3782 ᾶεὲιινίε
717 3681 773 3726 et
799 3669 975 3726 vicina
1003 3670 1082 3726 eis
1102 3672 1522 3740 circumquaque
1547 3669 1664 3724 loca
1697 3679 2057 3740 pervaserat»

611 3743 900 3782 Anneinls’rn
950 3743 1285 3782 nunt-aninmo,
1336 3740 1577 3782 Rnicrnni
1609 3743 1751 3782 anim
1779 3752 1901 3782 sunt
1943 3757 2057 3782 mm.

602 3743 902 3813 Apostolica
948 3743 1289 3813 successione.
1331 3740 1579 3813 Episcopi
1609 3743 1752 3796 enim
1778 3752 1903 3796 sunt
1943 3757 2062 3796 suc-

475 3811 721 3869 cesseres
783 3811 1170 3884 apostolorum,
1228 3819 1288 3884 ut
1335 3811 1704 3884 et’nnis’retro
1768 3813 2064 3884 antiquitas

477 3885 660 3939 tradit.
693 3882 832 3951 Quin
878 3892 932 3938 et
965 3883 1204 3938 Hilarius
1247 3883 1300 3936 in
1347 3882 1664 3953 fragmentis
1708 3882 1821 3936 vult
1865 3897 2060 3953 unum-

515 3969 744 4023 nemque
765 3955 1073 4025 episcopum
1096 3969 1221 4025 esse
1241 3952 1610 4025 successorem
1635 3953 1779 4025 Petri
1803 3962 1858 4025 et
1885 3952 2058 4025 Pauli,

515 3970 744 4023 nemque
765 3970 1073 4024 episcopum
1096 3970 1215 4009 esse
1241 3970 1606 4008 successorem
1637 3970 1779 4008 rem
1803 3970 1858 4008 et
1885 3970 2058 4019 rauu,

475 3970 603 4079 Ilum
645 4026 758 4079 haec
784 4040 882 4095 per
909 4024 1148 4095 derisum
1177 4023 1255 4077 ait
1279 4023 1645 4095 de_episcopis
1673 4020 1781 4095 qui
1815 4023 2058 4095 Athana-

474 4096 612 4149 sium
644 4093 1070 4164 damnaverant:
1104 4094 1309 4148 Overos
1335 4093 1530 4164 Christi
1557 4093 1882 4164 discipulos!
1904 4093 1948 4147 0
1979 4093 2062 4146 di-

473 4181 600 4235 gnos
628 4180 949 4220 successores
975 4162 1122 4218 Petri
1165 4174 1319 4235 atque
1359 4163 1558 4218 Pauli!
1601 4162 1798 4219 Verum
1847 4164 1899 4218 id
1933 4163 2058 4287 (lui-

475 4235 618 4287 dem.
652 4233 757 4287 Sed
792 4244 969 4287 tamen
999 4234 1215 4287 speciali
1248 4235 1476 4287 auodam
1517 4234 1634 4287 iure
1673 4233 1911 4287 pontifex
1972 4234 2058 4287 lo-

475 4233 618 4291 dem.
652 4233 757 4289 Sed
792 4244 969 4291 tamen
999 4234 1215 4306 speciali
1234 4233 1476 4306 quodam
1512 4234 1634 4306 jure
1673 4233 1911 4304 pontifex
1951 4233 2032 4288 Ro

473 4321 669 4362 manus
689 4316 771 4361 est
797 4321 1078 4362 successor
1095 4305 1407 4360 eornmdem
1431 4305 1795 4376 apostolorum
1814 4321 1830 4376 ;
1862 4306 1932 4359 ob
1943 4306 2059 4376 hoc

471 4377 597 4446 quia
625 4378 676 4431 iu
705 4391 892 4433 eorum
919 4375 1173 4432 cathedra
1201 4375 1370 4437 sedet,
1397 4385 1455 4430 ut
1480 4376 1555 4430 ait
1589 4375 1893 4446 Alexander
1915 4375 1979 4429 lll
2000 4377 2054 4430 in

471 4445 696 4517 epistola
726 4448 813 4514 19,
840 4448 981 4503 edita
1014 4448 1067 4501 in
1090 4447 1398 4517 Appendice
1425 4446 1570 4502 Petri
1593 4445 1871 4501 Cellensis.
1903 4446 2053 4501 Unde

473 4461 696 4517 epistom
726 4461 813 4514 19,
840 4461 981 4503 edita
1014 4464 1067 4501 in
1090 4461 1182 4572 Ap}

473 4517 526 4589 in
558 4519 784 4589 epistola
833 4517 1090 4574 Ludovici

472 4587 615 4658 (quae
644 4591 838 4645 exstat
869 4590 1012 4644 inter
1059 4589 1194 4644 Acta
1245 4588 1458 4642 concilii
1504 4587 1831 4658 Patrisiensis
1883 4587 2050 4642 habiti

469 4657 614 4731 anno
635 4659 783 4731 824),
811 4669 867 4715 et
894 4661 944 4714 in
975 4659 1209 4731 epistola
1247 4658 1516 4731 pontificis
1561 4657 1787 4711 Romani
1819 4658 1943 4731 data
1984 4659 2052 4714 ad

468 4726 783 4786 Michaelein
814 4740 976 4800 atque
1008 4726 1388 4800 Theophilum,
1436 4729 1808 4800 imperatores
1835 4726 2053 4800 Graeco-

469 4815 612 4871 rum,
645 4797 960 4871 itemque'in
1006 4797 1468 4871 Actis’clectionis
1505 4797 1683 4855 Caroli
1720 4798 1888 4871 Calvi
1918 4799 2050 4870 imp.

469 4869 628 4941 factae
669 4869 812 4926 anno
853 4871 957 4926 876
984 4885 1120 4941 papa
1149 4879 1375 4941 vocatur
1409 4870 1644 4924 vicarius
1686 4869 2052 4940 apostolorum

469 4940 620 4995 Petri
653 4951 707 4996 et
750 4941 922 4996 Pauli.
973 4940 1068 4996 llis
1106 4940 1248 4996 enim
1303 4941 1511 4996 duobus
1563 4941 1822 4997 Dominus
1868 4951 2054 4997 noster

469 5011 620 5065 dedit
659 5012 914 5067 Ecclesia:
937 5013 1316 5082 principatum,
1354 5021 1413 5066 ut
1441 5013 1518 5068 ait
1557 5012 1828 5067 Colit-idus
1857 5012 2054 5082 \‘indo-

469 5082 578 5154 ein.
610 5082 703 5137 lib.
737 5081 969 5154 1,7epist.
1000 5083 1050 5136 7.
1083 5081 1158 5136 De
1189 5083 1272 5137 his
1307 5098 1437 5152 ergo
1466 5083 1723 5154 apostolis
1751 5081 2052 5154 intelligent

470 5151 570 5207 dus
612 5162 692 5208 est
739 5151 1018 5220 Alcuinus,
1068 5155 1193 5208 dum
1226 5155 1279 5208 in
1334 5151 1563 5220 epistola
1590 5153 1660 5206 62
1705 5153 1939 5207 Leonem
1986 5151 2050 5206 IlI

469 5232 630 5296 _vocat
655 5224 911 5296 vicarium
939 5225 1323 5296 apostolorum.
1359 5222 1450 5278 Sic
1470 5224 1802 5296 Clementem
1823 5223 1866 5276 ll
1892 5222 2050 5276 Lam-

469 5292 657 5417 pertus
716 5292 1240 5369 Schafnaliurgensis
1303 5302 1460 5348 vocat
1523 5294 1784 5349 vicarium
1836 5302 2050 5363 aposto-

490 5379 665 5417 orum.

490 5379 665 5420 orum.

545 5447 569 5475 ο
607 5437 930 5493 Auctoritate
949 5439 1144 5507 divina.
1172 5434 1379 5507 Quippe
1407 5436 1643 5507 episcopi
1669 5436 2047 5507 auctoritatem

469 5523 621 5562 suam
669 5509 868 5564 habent
917 5523 948 5562 a
993 5505 1240 5570 Christo,
1292 5506 1381 5574 qui
1433 5505 1570 5562 unus
1616 5515 1669 5561 ct
1707 5505 1854 5560 solus
1889 5507 2052 5561 habet

468 5589 790 5652 potestatem
838 5577 1181 5652 przeponcmli
1231 5579 1508 5652 episcopos
1551 5579 1602 5632 in
1639 5577 1912 5652 Ecclesia;
1941 5592 2050 5652 suae

468 5646 883 5717 gubernatione,
921 5659 978 5702 nt
1007 5648 1081 5700 ait
1110 5646 1485 5716 Cyprianus’iu
1519 5649 1745 5702 concilio
1771 5646 2051 5718 Carthagi-

472 5719 666 5774 nicusi.
697 5720 874 5787 Quare
904 5717 1114 5789 merito
1145 5719 1411 5789 notandus
1456 5729 1536 5773 est
1581 5720 1906 5789 Stephanus,
1939 5717 2050 5789 cpi-

471 5802 666 5861 scopus
687 5790 966 5847 Larissa-ae
992 5788 1059 5863 in,
1077 5788 1380 5857 Thessalia,
1409 5790 1501 5861 qui
1524 5789 1592 5846 ad
1616 5788 1953 5848 Detnfacinm
1981 5788 2046 5860 ll,

1247 3163 1564 3231 Lotharium
1627 3186 1681 3232 et
1735 3163 2138 3232 LudovicumC

2200 530 2519 585 pauperum,
2552 516 2834 571 viduarum
2862 526 2916 572 et
2949 519 3339 588 orphanornm,
3390 537 3525 590 quos
3559 524 3781 579 damna—

2198 607 2291 663 bili
2335 609 2629 678 cupiditate
2656 620 2710 664 et
2747 609 2989 664 horribili
3025 611 3345 668 crudelitate
3392 615 3623 668 vexasti.
3678 615 3782 670 Sed

2198 702 2323 773 quia
2374 702 2749 758 Christianum
2786 719 2981 759 nomen
3031 721 3138 761 non
3177 709 3392 778 penitus
3433 709 3701 780 abjecisti,
3729 718 3783 766 et

2203 807 2304 847 nos
2360 807 2427 846 ex
2468 791 2495 831 ἀ
2520 793 2817 864 apostolica
2870 795 3214 852 successione
3267 797 3538 854 debitores
3595 815 3784 858 sumus

2194 883 2469 950 omnibus,
2501 891 2562 940 nt
2587 883 2726 940 bene
2759 885 2917 956 127
2945 895 3162 957 agentes
3209 887 3279 942 ad
3318 891 3781 959 perseverantiam

2193 973 2564 1040 exhortemur,
2613 973 2989 1044 delinquentes
3047 985 3231 1032 autem
3279 979 3347 1035 ad
3402 980 3783 1052 paenitentiam

2197 1079 2221 1109 ο
2249 1068 2572 1125 auctoritate
2623 1069 2801 1126 divina
2852 1085 3227 1142 provocemus,
3298 1073 3783 1134 vehementissime

2191 1201 2499 1279 episcopum
2511 1202 2844 1279 _Romanum,
2861 1203 3120 1266 scribens,
3141 1205 3296 1279 cujus
3311 1219 3477 1276 opera
3503 1207 3779 1279 indigebat

2191 1273 2267 1350 ad.
2281 1273 2614 1350 retinendam
2637 1273 2821 1328 sedem
2834 1289 3009 1350 suam,
3025 1273 3400 1350 auctoritatem
3419 1273 3669 1334 omnium
3689 1297 3784 1350 per

2187 1341 2374 1418 orbem
2387 1343 2762 1418 episcoporum
2779 1345 3013 1414 repetita
3030 1346 3283 1418 pontifice
3298 1345 3546 1404 Romano
3562 1365 3607 1404 ει
3620 1341 3778 1418 Qnia,

2188 1413 2391 1482 inquit,
2425 1413 2653 1470 Domino
2675 1413 2884 1470 dicente
2914 1413 3093 1479 tertio,
3122 1417 3280 1471 Amas
3306 1419 3430 1472 me?
3463 1413 3776 1477 Pascewoees'

2187 1499 2350 1548 meas,
2384 1484 2605 1556 tradidit
2633 1484 2784 1556 prius
2821 1501 2973 1541 voeis
3018 1486 3330 1542 mandatum
3360 1490 3681 1556 ostendens,
3723 1503 3778 1549 et

2187 1569 2284 1606 pse
2327 1554 2656 1626 vos_dcinde
2703 1556 2953 1611 omnibus
2995 1572 3091 1626 per
3140 1559 3450 1614 universum
3511 1554 3772 1618 mundum

2185 1623 2679 1699 sanctisEcclesiis
2698 1623 3042 1699 condonavit.
3074 1646 3092 1679 ι
3125 1627 3312 1699 Itaque
3339 1633 3648 1686 revocanda
3694 1643 3776 1690 est

2186 1694 2453 1771 sententia
2482 1694 2638 1771 hujus
2669 1695 2771 1750 loci
2797 1698 2865 1752 ad
2887 1713 3132 1771 normam
3159 1713 3190 1754 a
3217 1694 3404 1756 sancto
3431 1716 3573 1771 papa
3592 1701 3775 1759 Leone

2188 1765 2462 1830 traditam,
2493 1766 2649 1836 cujus
2676 1781 2740 1821 ea
2769 1777 2896 1823 sunt
2933 1769 3095 1825 verba
3139 1785 3203 1825 ex
3250 1765 3694 1829 sermone-tertio
3722 1775 3775 1830 in

2185 1836 2570 1914 anniversario.
2593 1838 2679 1914 die
2722 1839 3245 1914 assitmptiontssuaz
3269 1860 3335 1914 :tl
3369 1841 3602 1914 Propter
3627 1847 3773 1914 quod

2183 1905 2377 1982 dicitur
2414 1907 2744 1982 beatissimo
2796 1905 2990 1982 Petro,
3045 1909 3158 1982 Tibi
3212 1911 3348 1966 dabo
3404 1905 3768 1977 cldvesfetc.

2181 1976 2453 2056 Transivit
2489 1977 2702 2056 quidem
2737 1979 2915 2056 _ctiam
2968 1981 3025 2056 id
3067 1981 3198 2056 alios
3231 1982 3504 2056 apostolos
3544 1976 3628 2039 vis
3673 2002 3768 2056 po-

2183 2047 2392 2123 testatis
2416 2047 2592 2123 istius,
2610 2058 2665 2123 et
2686 2049 2752 2103 ad
2774 2063 2962 2104 omnes
2987 2050 3240 2123 Ecclesia:
3263 2047 3540 2123 principes
3561 2047 3770 2112 decreti

2177 2116 2338 2187 hujus
2381 2119 2694 2173 constitutio
2725 2121 3066 2175 commeavit.
3120 2121 3225 2177 Sed
3263 2116 3380 2178 ἠοιι
3435 2116 3643 2180 frustra
3679 2129 3770 2183 uni

2177 2189 2588 2265 commendatur
2623 2189 2775 2265 quod
2800 2191 3051 2265 omnibus
3096 2194 3398 2265 intimatur.
3442 2215 3460 2246 ι
3497 2193 3772 2254 Censebat

2177 2258 2552 2332 sanctissimus
2597 2258 2835 2329 pontifex
2875 2261 2973 2332 soli
3017 2263 3233 2332 quidem
3278 2264 3442 2319 Petro
3476 2265 3530 2319 id
3560 2268 3768 2323 dictum

2175 2343 2330 2390 esse,
2383 2330 2476 2408 sed
2523 2339 2702 2408 tamen
2749 2331 3000 2408 omnibus
3030 2330 3288 2408 apostolis
3325 2345 3381 2408 et
3414 2337 3690 2408 episcopis
3714 2339 3769 2394 in

2173 2413 2404 2478 persona
2427 2399 2959 2478 eiusﬁllonerilicum
2989 2399 3166 2478 tamet!
3195 2399 3466 2478 inprimis
3487 2399 3766 2478 fuit'qnod

2174 2470 2422 2547 Christus
2442 2471 2585 2526 Petri
2606 2469 2998 2547 confessionem
3027 2469 3236 2547 publice
3256 2469 3508 2538 laudavit,
3541 2488 3600 2532 et
3622 2469 3769 2547 quod

2174 2542 2550 2616 a_uctor_it_atem
2583 2542 3080 2616 suamconcedens
3116 2543 3400 2610 Ecclesiae,
3435 2547 3492 2602 in
3527 2542 3764 2616 persona

2173 2610 2331 2698 Petri
2354 2612 2415 2698 id
2440 2611 2874 2698 ‘factnm‘vo‘luit,
2901 2629 3061 2698 qtiem
3091 2618 3160 2698 ob
3184 2617 3288 2671 hoc
3324 2610 3666 2698 Augustinus
3693 2621 3770 2674 ait

2171 2682 2403 2758 gessisse
2437 2683 2601 2758 totius
2637 2683 2893 2739 Ecclesia:
2920 2682 3162 2758 'lignrata
3192 2682 3547 2757 generalitate
3577 2704 3767 2758 perso-

2172 2767 2318 2831 nam.
2357 2752 2532 2831 Super
2572 2754 2709 2808 hanc
2753 2769 2884 2826 ergo
2903 2752 3324 2831 _cenfessignem
3357 2758 3444 2828 (id
3473 2752 3768 2831 est'super

2171 2822 2450 2877 Christum
2474 2823 2679 2892 ipsum,
2709 2822 2869 2892 quem
2903 2825 2994 2879 Dei
3029 2826 3136 2881 vivi
3165 2822 3374 2882 Filium‘
3389 2844 3510 2884 esse
3538 2822 3762 2886 confes-

2171 2908 2263 2948 sus
2312 2893 2487 2948 fuerat
2527 2893 2754 2965 Petrus)
2803 2895 3023 2951 fundata
3067 2908 3152 2952 est
3195 2898 3466 2965 Ecclesia,
3497 2900 3765 2958 adversus

2170 2979 2332 3033 quam
2360 2973 2529 3034 porta:
2559 2964 2717 3034 inferi
2737 2964 2850 3019 non
2879 2967 3265 3034 praevalebunt.
3297 2967 3433 3023 Nam
3452 2964 3591 3025 licet
3619 2971 3764 3027 hanc

2170 2981 2332 3033 quam
2360 2981 2529 3034 porta:
2559 2981 2717 3020 interi
2746 2981 2850 3019 non
2919 2981 3265 3023 rmvatenunt.
3298 2981 3433 3023 nam
3461 2981 3591 3025 ncet
3620 2981 3752 3027 hanc

2167 3043 2498 3108 postremam
2528 3033 2814 3108 verborum
2849 2981 3052 3092 (ﬁnisti
3094 3047 3303 3108 partem
3332 3040 3581 3094 nonnulli
3613 3042 3752 3096 refe-

2168 3112 2292 3180 [ant
2321 3105 2388 3180 ad
2416 3105 2636 3160 Petrum
2659 3105 3249 3180 ejusqtte_successOres
3271 3109 3552 3166 Romanos
3577 3113 3760 3180 ponti-

2169 3173 2321 3240 fices,
2351 3173 2586 3231 Joannes
2615 3173 2948 3232 tamen'XXl
2978 3193 3042 3232 ea
3073 3178 3260 3234 ultima
3291 3181 3458 3235 verba
3491 3173 3762 3240 interpre-

2172 3254 2340 3300 tatum
2365 3254 2449 3322 est
2475 3245 2541 3322 de
2566 3246 2807 3322 Ecclesia
2835 3247 2887 3301 in
2917 3248 3144 3320 epistola
3169 3251 3368 3322 scripta
3396 3251 3464 3306 ad
3495 3245 3756 3308 Jacobum

2168 3330 2349 3387 regem
2399 3315 3012 3391 Majoricarum,_quam
3053 3335 3196 3374 nunc
3241 3315 3474 3391 primum
3519 3323 3756 3388 edimus,

2166 3400 2434 3458 quamque
2461 3401 2561 3458 ego
2590 3396 2784 3458 tuque,
2829 3388 3016 3453 lector,
3063 3388 3327 3446 debemus
3364 3391 3631 3458 singulari
3657 3393 3758 3448 hu-

2165 3457 2413 3511 manitati
2459 3457 2742 3514 clarissimi
2793 3459 2896 3513 viri
2939 3459 3159 3516 Antonii
3208 3460 3397 3518 Vionis
3439 3457 3752 3520 Herovallii.

2241 3527 2551 3600 «_Joannes
2575 3529 2859 3600 episcOpus
2904 3545 3092 3586 servus
3137 3547 3418 3588 servorum
3449 3533 3585 3597 Dei,
3622 3535 3760 3590 cha-'

2166 3597 2380 3673 rissimo
2419 3599 2472 3654 in
2521 3597 2894 3673 Chiistet'lilio
2921 3601 3052 3673 gregi
3078 3601 3479 3673 _Majoricarum
3522 3604 3751 3670 illustri,

2165 3669 2391 3741 salutem
2437 3678 2491 3726 et
2536 3669 2884 3740 apostolicam
2920 3669 3369 3730 benedictionem.
3399 3672 3502 3741 Qui
3531 3685 3752 3730 aeterna:

2163 3739 2583 3814 legistimperio’
2628 3757 2838 3796 summa
2869 3743 3071 3814 kregit,
3125 3745 3288 3799 etiam
3339 3739 3587 3800 extrema
3646 3762 3752 3801 non

2163 3809 2366 3882 deserit
2391 3830 2402 3864 :
2432 3809 2528 3866 sed
2555 3826 2677 3866 cum
2715 3809 2995 3881 aequaliter
3022 3815 3092 3868 Sit
3120 3814 3197 3869 illi
3225 3830 3355 3872 cura
3387 3815 3452 3872 de
3477 3817 3747 3882 omnibus,

2163 3881 2359 3957 caelum
2393 3892 2701 3951 terramque
2730 3897 2956 3954 regens,
2986 3885 3174 3940 subter
3207 3901 3398 3957 ouities
3423 3886 3595 3942 cmlos
3640 3881 3750 3957 ipse

2163 3952 2504 4024 considerat,
2557 3961 2621 4024 et
2656 3952 2819 4022 super
2872 3962 3028 4008 terra:
3075 3955 3335 4012 terminos
3380 3955 3562 4012 lumen
3613 3952 3745 4024 ejus.

2165 4019 2328 4076 Suam
2372 4033 2548 4077 autem
2595 4019 2914 4090 Jerusalem,
2946 4034 3352 4082 sacrosanctam
3400 4019 3657 4082 videlicet
3695 4037 3747 4083 et

2162 4093 2484 4148 catholicam
2532 4093 2826 4149 Ecclesiam
2849 4135 2863 4159 ,
2910 4111 3029 4160 qtae
3068 4112 3174 4152 non
3208 4111 3462 4152 saxorum
3492 4098 3744 4160 molibus,

2163 4163 2257 4217 sed
2296 4163 2448 4219 miris
2489 4165 2780 4220 virtutibus
2807 4163 3108 4220 aediﬁcatur
3136 4175 3194 4221 nt
3219 4167 3431 4232 civitas,
3471 4168 3523 4222 in
3558 4183 3744 4223 earum

2162 4233 2491 4307 sublimitate
2534 4236 2902 4307 conscendens
2949 4237 3292 4307 singulariter
3328 4245 3384 4292 et
3425 4239 3746 4294 mirabiliter

2162 4319 2262 4357 nec
2277 4305 2454 4379 minus
2469 4305 2897 4379 misericorditer
2917 4307 2983 4361 de
3003 4305 3100 4379 sue
3114 4307 3422 4364 habitaculo
3443 4319 3746 4379 praeparato

2162 4375 2424 4444 reSpexit.
2469 4374 2618 4431 Hanc
2653 4377 2817 4432 etiam
2843 4375 3026 4431 Perna
3053 4376 3322 4434 Cumsrus
3353 4374 3661 4435 admirabili
3689 4388 3744 4436 et

2161 4443 2414 4520 ineffabili
2466 4447 2819 4520 dispositione
2877 4447 3200 4520 stabilien’s,
3251 4462 3414 4520 super
3461 4464 3522 4505 se
3570 4450 3743 4520 ipsum

1188 4517 1223 4571 ii
1276 4517 1342 4571 ad
1388 4517 1698 4586 pontilicem
1746 4517 2050 4572 Romanum
2077 4522 2132 4583 D
2156 4516 2442 4570 :edilicavit
2472 4519 2736 4580 eamdem,
2769 4531 2934 4640 segne
2961 4517 3142 4572 vivum
3165 4519 3446 4575 constituit
3467 4516 3745 4592 angularia

1188 4611 1194 4640 t
1245 4588 1458 4640 concilii
1504 4587 1831 4640 Parisiensis
1883 4587 2050 4640 habiti
2163 4585 2391 4640 lanidem
2421 4586 2766 4640 firmamenti.
2800 4602 2828 4640 a
2888 4587 3238 4640 evidentioris
3268 4589 3480 4640 roboris
3512 4590 3744 4640 ﬁrmita-

2163 4585 2391 4657 lapidem
2421 4586 2766 4650 firmamenti,
2800 4585 2866 4640 ad
2888 4587 3238 4646 evidentioris
3267 4589 3480 4645 roboris
3511 4585 3744 4647 lii-mita-

2164 4666 2273 4712 tem
2302 4657 2354 4710 in
2384 4658 2586 4712 sanctis
2611 4657 2891 4722 Patribus,
2928 4657 3206 4715 catholicae
3235 4660 3494 4716 doctrina:
3521 4663 3745 4718 vertici-

2163 4727 2282 4792 bus,
2314 4727 2418 4781 alia
2445 4729 2491 4782 ei
2519 4727 2866 4782 fundamenta
2889 4729 3269 4795 substernens;
3303 4730 3436 4784 utin
3468 4734 3744 4789 montibus

2165 4797 2387 4870 fundata
2426 4799 2802 4861 sanctissimis,
2836 4800 2937 4870 etsi
2960 4801 3297 4870 experiretur
3316 4801 3592 4857 interdum
3619 4819 3741 4858 cono

2161 4868 2479 4922 cutientium
2509 4869 2771 4939 impetus,
2803 4868 2998 4924 nullius
3029 4868 3221 4926 tamen
3248 4880 3532 4927 vereretur
3572 4874 3742 4928 ruina!

2163 4939 2541 5012 dispendium;
2593 4940 2685 4993 scd
2729 4939 2992 5012 adversus
3018 4955 3159 5012 _cam
3206 4955 3307 4996 nec
3355 4949 3528 5012 portae
3580 4942 3742 5000 inferi

2156 5009 2542 5080 praevalerent;
2591 5023 2646 5065 et
2690 5011 2946 5080 virtutum
2985 5010 3195 5068 elevata
3239 5009 3596 5077 culminibus,
3647 5029 3732 5070 ne~

2156 5079 2426 5151 quaquam
2478 5081 2578 5134 sub
2624 5080 2799 5134 modio
2846 5079 3037 5148 lateat;
3080 5083 3176 5137 sed
3220 5082 3432 5138 illarqu
3471 5085 3741 5140 evidentia

2156 5152 2365 5222 cunctis
2391 5160 2572 5222 pateat
2597 5153 2648 5204 in
2676 5151 2864 5222 salutis
2892 5152 3216 5222 exemplum.
3241 5153 3298 5208 In
3320 5170 3385 5210 ea
3411 5154 3575 5209 etiam
3600 5155 3740 5210 idem

2153 5221 2274 5291 pius
2329 5220 2407 5276 et_
2449 5223 2760 5276 misericors
2817 5220 3074 5278 Dominus
3130 5225 3378 5280 eamdem
3442 5223 3739 5281 Ecblesiam

2155 5293 2405 5362 specialis
2459 5293 2694 5360 respexit
2726 5291 3094 5363 benignitatis
3147 5294 3367 5360 intuitu,
3414 5306 3469 5350 ct
3515 5297 3735 5351 direxit.

2155 5361 2474 5434 Quanquam
2527 5364 2669 5434 enim
2722 5361 2836 5431 ipse
2868 5361 3067 5434 ubique
3113 5379 3388 5434 przesens,
3447 5374 3507 5420 ut
3549 5368 3736 5422 eadem

2158 5434 2275 5503 ejus
2318 5434 2373 5488 in
2396 5433 2661 5509 _omnibus
2698 5448 2823 5509 cura
2856 5433 3131 5509 regiminis
3156 5452 3309 5509 aeque
3339 5445 3533 5490 cuncta
3567 5446 3736 5509 regat,

2159 5515 2352 5579 cuncta
2380 5503 2647 5579 diSpenat,
2681 5512 2733 5557 et
2773 5503 2845 5557 ita
2879 5503 3310 5579 imperulatut'in
3359 5509 3570 5578 magnis
3595 5503 3736 5579 quod

2160 5592 2263 5629 non
2318 5573 2638 5646 impediatur
2691 5589 2719 5626 a
2765 5576 2971 5646 parvis;
3019 5576 3366 5633 nihilominus
3413 5573 3632 5646 tainen;
3675 5593 3733 5633 es

2160 5645 2446 5715 singularis
2472 5645 2672 5697 amoris
2703 5645 2982 5714 privilegio
3003 5687 3017 5709 ,
3045 5647 3219 5701 eidem
3252 5647 3504 5710 Ecclesia:
3545 5645 3738 5712 suum.

2159 5717 2247 5770 cui
2274 5715 2450 5770 claves
2486 5715 2816 5770 exercendas
2853 5717 3102 5780 tradidit,
3136 5719 3220 5771 cui
3267 5733 3395 5773 oves
3439 5720 3741 5780 pascendas

2159 5786 2410 5858 credidit,
2453 5785 2545 5858 qui
2577 5785 2804 5845 staus‘in
2835 5787 3074 5858 specula,
3101 5788 3150 5844 ei
3176 5788 3392 5846 assidue
3423 5785 3733 5848 directionis
