4034 6298
279 352 389 417 ιω

1620 376 1623 379 λ
1678 368 1679 373 η
1706 330 2089 393 Εριδτοιιίε.

342 468 408 524 Si
450 466 747 538 prudenter
790 463 1092 535 cogitemus
1130 461 1277 532 quod
1318 457 1600 531 originalis
1645 458 1855 531 peccati

1965 454 2048 523 (l1
2075 454 2212 510 Tim.
2246 453 2351 525 ut).
2389 452 2831 528 Pcrseeutionem
2857 461 3053 509 autem
3098 452 3240 507 hanc
3273 453 3545 527 religiosis

272 558 472 615 merito
493 556 795 628 justissima
831 554 923 610 Dei
969 550 1201 609 vindicta
1229 550 1442 607 caules
1476 550 1609 608 facti
1647 566 1858 619 sumus,

267 636 401 704 dum
433 648 656 701 adversa
702 644 861 703 nobis
885 641 1230 712 contingunt,
1262 654 1370 695 non
1413 639 1719 696 mirabitur.
1754 640 1861 698 lle-

264 736 416 807 pulsi
458 734 605 789 enim
650 748 680 789 a
712 732 914 787 lretitia:
947 730 1147 801 patria,
1190 729 1244 783 in
1276 728 1472 784 vallem
1496 730 1861 801 lacrymarum

268 844 468 885 sumus
493 827 709 898 dejecti.
758 824 854 880 Dei
903 822 1081 894 potius
1119 819 1407 877 ineﬂabilis
1442 811 1727 877 clementia
1772 836 1862 875 sn-

263 919 552 993 spicienda
581 916 777 988 pieque
803 914 1070 970 laudanda
1098 920 1204 981 est,
1229 926 1350 982 qua
1379 926 1481 968 nos
1517 926 1620 968 nec
1647 911 1701 966 in
1744 911 1862 982 ipsa

264 1010 355 1066 ira
392 1009 614 1073 deserit,
654 1016 711 1065 et
764 1006 939 1062 tristia
967 1004 1182 1063 blandis
1210 1003 1535 1075 plerumque
1573 1009 1859 1072 temperat,

267 1116 342 1156 ne
375 1113 611 1169 mterore
657 1096 810 1162 victi,
863 1096 921 1150 in
953 1092 1351 1167 desperationis
1377 1091 1698 1148 barathrum
1743 1106 1864 1147 cor-

270 1205 523 1246 ruamus.
556 1186 709 1245 Unde
749 1186 1015 1258 culpanda
1043 1182 1402 1257 quorumdam
1432 1182 1713 1238 temeritas
1754 1189 1859 1247 est,

265 1283 365 1351 qui
421 1281 610 1350 gratia:
651 1278 849 1335 divina:
892 1277 1163 1336 coutinuis
1222 1272 1513 1332 assuefacti
1561 1270 1858 1338 beneflciis,

268 1373 401 1428 dum
431 1369 700 1442 aliquibus
746 1375 1037 1441 tanguntur
1078 1365 1456 1429 incommodis,
1480 1370 1701 1434 peccata
1731 1375 1863 1432 que—

260 1462 410 1517 relis
433 1469 654 1530 augent,
701 1474 930 1529 quorum
957 1457 1139 1514 debita
1177 1468 1281 1512 nec
1307 1456 1569 1511 admoniti
1595 1468 1859 1523 recogno-

264 1569 430 1610 scere
477 1552 800 1608 debnerunt.
850 1547 1120 1608 Credibile
1167 1556 1348 1602 tamen
1403 1553 1491 1602 est
1537 1544 1592 1599 in
1633 1556 1863 1600 numero

262 1644 517 1700 ﬁdelium
545 1642 755 1712 aliquos
795 1646 917 1696 esse
954 1637 1264 1703 sanctitate,
1290 1650 1454 1706 quam
1480 1633 1739 1690 divinitus
1771 1646 1862 1688 ao-

264 1744 563 1806 ‘ceperunt,
590 1733 856 1806 egregios,
898 1744 1131 1801 quorum
1157 1743 1267 1784 non
1296 1737 1405 1782 tam
1444 1725 1640 1781 delicta
1668 1738 1862 1782 curen-

1965 546 2314 619 intelligimus
2358 545 2548 603 inferri
2582 543 2662 599 vel
2690 543 3088 607 abdsnmundis
3110 543 3413 614 spiritibus,
3459 545 3545 600 vel

1964 654 1994 694 a
2037 636 2220 710 pravis
2252 636 2580 693 hominibus.
2611 634 2832 700 Verum,
2867 635 2985 691 sive
3019 634 3162 690 Deus
3198 644 3391 703 tentet,
3429 637 3546 693 sive

1954 728 2168 784 tentari
2206 726 2510 798 permittat,
2539 740 2608 780 ne
2636 724 2974 780 muliebriter
2998 726 3177 797 pavidi
3220 725 3543 782 succumba-

1964 833 2108 883 mns,
2150 816 2281 872 alibi
2319 830 2420 871 nos
2463 815 2549 870 bis
2573 814 2751 870 verbis
2780 813 3097 870 conﬁrmat:
3130 814 3286 886 143
3344 813 3544 870 Fidelis

1962 909 2126 975 Deus,
2149 910 2240 980 qui
2268 924 2372 963 non
2392 908 2621 979 patietur
2647 923 2734 962 eos
2764 906 2956 961 tentari
2988 922 3146 977 supra
3168 906 3224 959 id
3243 906 3382 977 quod
3401 916 3546 975 pote-

1961 1000 2094 1064 stis;
2137 997 2227 1053 sed
2278 996 2435 1067 faciet
2483 1012 2602 1051 cum
2658 997 2943 1051 tentatione
2971 996 3192 1061 exitum,
3238 1006 3291 1048 ut
3334 997 3545 1065 possitis

1969 1091 2229 1145 sustinere
2271 1087 2325 1156 (1
2358 1086 2484 1142 Cor.
2516 1087 2595 1158 ι).
2639 1084 2783 1141 Νἰιιίι
2810 1087 2988 1155 itaque
3023 1085 3361 1155 importabilc
3393 1086 3547 1139 nobis

1962 1182 2214 1242 evenisse
2260 1194 2570 1246 cansemur,
2605 1179 2861 1248 quoniam
2911 1179 3003 1248 qui
3048 1188 3324 1233 certamen
3354 1192 3548 1247 propo-

1964 1275 2068 1339 nit,
2103 1274 2147 1329 si
2175 1272 2477 1344 postuletur
2504 1269 2761 1334 fideliter,
2804 1268 3055 1324 vincendi
3099 1269 3309 1338 copiam
3343 1266 3550 1323 submi-

1961 1365 2179 1421 nistrat.
2219 1361 2616 1442 llenedicamus
2660 1374 2790 1430 ergo
2821 1372 2947 1414 eum
2994 1358 3048 1413 in
3091 1357 3239 1412 omni
3284 1366 3544 1427 tempore,

1961 1456 2051 1527 qui
2082 1464 2139 1510 et
2176 1452 2456 1525 prosperis
2504 1466 2607 1507 nos
2643 1451 2862 1512 invitat,
2911 1458 2964 1506 et
3014 1449 3259 1505 adversis
3284 1448 3545 1517 castigat;

1962 1557 2018 1603 et
2044 1547 2115 1602 sit
2152 1559 2372 1616 semper
2399 1542 2518 1599 laus
2541 1541 2660 1613 ejus
2713 1540 2766 1597 in
2796 1555 2892 1597 ore
2934 1548 3140 1605 nostro,
3172 1549 3233 1594 ut
3260 1538 3403 1610 quod
3432 1537 3548 1608 ipso

1962 1634 2228 1706 largiente
2256 1632 2315 1688 in
2338 1620 2536 1689 siccula
2573 1628 2894 1687 surculorum
2938 1628 3133 1685 facturi
3165 1644 3350 1684 sumus
3379 1628 3547 1694 beati,

1958 1725 2072 1796 jam
2109 1739 2257 1780 nunc
2285 1722 2611 1778 meditemur
2637 1720 2838 1775 devoti.
2864 1717 2989 1776 Haec
3027 1719 3095 1774 ad
3122 1717 3548 1774 consolationem

268 1837 364 1883 ων
388 1825 634 1880 θάνθΐδίε
681 1839 845 1893 quam
892 1820 1086 1876 ιηετίιδ
1129 1825 1449 1889 augeantur-
1494 1813 1679 1886 Neque
1716 1812 1860 1869 enim
1891 1807 1937 1869 Β
1963 1820 2218 1884 strictim,
2246 1817 2457 1874 vitandi
2485 1815 2690 1872 fastidii
2715 1815 2911 1885 gratia,
2936 1813 3328 1884 com-prehensa
3348 1809 3551 1866 sancti-

270 1916 376 1974 soli
405 1917 566 1973 beato
591 1915 694 1981 Job
742 1915 884 1971 Deus
931 1927 1129 1969 munus
1176 1913 1280 1967 hoc
1307 1907 1555 1973 contulit,
1585 1921 1749 1977 quem
1791 1904 1859 1960 ad

267 2008 599 2066 imitandqu
626 2008 801 2064 servis
841 2006 956 2061 suis
990 2005 1047 2060 in
1075 2016 1202 2059 arce
1241 2001 1517 2074 patientiae
1552 1997 1857 2056 collocavit.

264 2102 378 2169 Qui
405 2102 531 2156 vicit
567 2100 623 2157 in
670 2098 781 2161 illo,
814 2096 1009 2170 vincit
1056 2096 1113 2153 in
1159 2092 1365 2158 multis,
1397 2107 1519 2149 cum
1564 2091 1764 2162 quibus
1798 2103 1881 2161 se‘

267 2193 515 2249 futurum
560 2203 731 2260 usque
773 2188 829 2244 in
854 2186 1021 2247 finem
1049 2183 1232 2241 saeculi
1274 2183 1580 2254 pollicetur.
1614 2178 1672 2235 Si
1699 2177 1857 2247 cujus

268 2282 587 2338 felicitatem
635 2278 782 2335 nulla
847 2291 1087 2347 unquam
1142 2272 1481 2346 perturbatio
1527 2269 1857 2338 interpellet,

267 2387 438 2444 quam
466 2371 652 2426 tardus
674 2378 778 2435 est,
807 2368 911 2423 nisi
933 2374 1135 2423 metum
1158 2365 1286 2420 biuc
1313 2362 1584 2433 concipiat
1608 2376 1689 2423 .ne
1730 2375 1859 2417 cum

267 2469 572 2536 purpurato
591 2460 757 2516 divite
795 2459 1065 2529 quondam
1110 2455 1294 2513 audiat
1319 2473 1333 2508 :
1355 2453 1610 2525 Recepisti
1640 2454 1775 2507 bona
1804 2451 1860 2506 in

268 2554 381 2609 sita
417 2563 508 2607 tua
533 2549 684 2624 (Luc.
718 2548 852 2623 xvn).
876 2549 945 2604 Et
983 2546 1252 2621 quomodo
1288 2562 1393 2602 non
1425 2561 1549 2602 eum
1594 2544 1681 2599 illa
1712 2543 1860 2599 veri-

265 2643 399 2701 dica
433 2649 636 2697 terreat
677 2639 944 2696 sententia
974 2656 989 2692 :
1019 2637 1229 2692 Ducunt
1270 2636 1326 2692 in
1372 2636 1518 2690 bonis
1557 2634 1668 2690 dies
1707 2650 1857 2698 suos,

260 2745 321 2791 et
348 2736 403 2790 in
429 2743 621 2796 puncto
642 2733 712 2787 ad
735 2731 943 2802 inferna
965 2730 1281 2786 descendunt
1311 2727 1433 2800 (Job
1456 2727 1592 2797 xxi).
1615 2726 1708 2781 llle
1730 2741 1861 2782 vero

263 2826 369 2897 qui
396 2824 542 2895 vigili
571 2823 829 2878 memoria
857 2828 1084 2891 repetat,
1106 2817 1263 2892 142
1286 2814 1717 2897 Ριαῃειιαιιιὶεω
1745 2831 1858 2871 om-

268 2889 395 2973 nem
428 2889 598 2985 ﬁlium
627 2930 778 2985 quem
808 2889 985 2983 recipit
1035 2889 1200 2983 (Urb:
1226 2910 1349 2981 xu),
1380 2908 1426 2964 si
1454 2889 1642 2963 morbo
1667 2918 1858 2978 grave-

271 3017 384 3071 tur,
432 3019 664 3074 excessuv
710 3002 1167 3059 necessitudinem
1220 3010 1477 3063 tentetur,
1539 2996 1859 3057 substantia:

267 3096 653 3154 imminutione
681 3093 763 3150 vel
811 3093 1103 3151 amissione
1137 3091 1403 3163 pulsetur,
1444 3087 1715 3158 quomodo
1749 3100 1858 3142 non

268 3188 344 3244 ad
388 3185 638 3243 affectant
680 3186 885 3256 gratias
931 3181 1123 3254 agendi
1166 3181 1256 3252 pio
1307 3178 1518 3249 parenti
1568 3177 1855 3240 excitetur,

222 3343 226 3345 Α
270 3278 436 3349 cujus
477 3291 609 3333 cura
644 3290 705 3332 se
743 3276 963 3346 dignum
1009 3271 1365 3343 correptionis
1392 3268 1697 3340 privilegio,
1741 3268 1858 3338 ipso

266 3369 622 3435 instituente,
655 3367 964 3444 pnesumit?
992 3365 1209 3420 Futura:
1243 3363 1365 3418 vita:
1386 3360 1614 3417 dulcedo
1638 3358 1859 3431 segnius

264 3470 646 3534 appeterctur,
669 3459 773 3514 nisi
811 3458 1009 3529 saepius
1030 3454 1317 3528 praesentis
1352 3452 1659 3513 amaritudo
1691 3448 1859 3507 senti-

270 3563 444 3610 retur.
491 3551 638 3607 Multi
680 3551 804 3617 hac,
827 3548 1002 3621 qualis
1043 3556 1148 3611 est,
1188 3545 1544 3602 delectantur.
1589 3541 1857 3598 Nimirum

268 3648 461 3721 plures
509 3644 922 3707 delectarentur,
980 3642 1025 3695 si
1083 3638 1301 3694 assidua
1352 3634 1683 3707 prosperitas
1736 3639 1859 3687 vota

268 3738 518 3794 omnium
572 3741 917 3805 sequeretur.
962 3729 1194 3792 Proinde
1232 3727 1354 3799 quis
1402 3741 1509 3782 non
1558 3724 1739 3780 videat
1778 3724 1859 3779 in-

268 3816 749 3901 comprehensibili
777 3824 872 3880 Dei
898 3824 1100 3895 pietate
1120 3835 1220 3892 per
1244 3817 1527 3875 molestam
1555 3816 1713 3886 bnjus
1736 3813 1860 3872 vita

270 3920 693 3996 mutabilitatem
734 3914 936 3986 impelli
964 3929 1064 3971 nos
1092 3911 1326 3993 quodam
1366 3917 1514 3971 motu
1557 3907 1626 3961 ad
1664 3918 1857 3976 capess-

266 3993 497 4069 sentiam
540 4006 762 4081 alterius
794 4006 918 4071 vita:
965 3998 1481 4061 inmutabilitatem,
1522 3993 1723 4063 impelli
1760 4006 1861 4048 nos

267 4101 476 4177 pietate
537 4114 634 4172 per
688 4097 969 4153 molestam
1026 4093 1186 4165 lmjus
1237 4089 1362 4145 vita:
1409 4085 1862 4144 mutabilitatem?

272 4193 538 4252 Dominus
577 4189 760 4256 Jesus,
815 4189 908 4259 qui
955 4202 1080 4243 cum
1122 4184 1283 4240 Patre
1329 4191 1388 4239 et
1425 4179 1627 4251 Spiritu
1670 4187 1860 4235 sancto

268 4286 554 4352 beatitudo
587 4294 771 4340 nostra
806 4282 928 4345 erit,
955 4295 1048 4336 eos
1073 4280 1165 4349 qui
1194 4276 1311 4347 ejus
1344 4273 1655 4346 magisterio
1680 4271 1861 4327 adlue-

271 4380 470 4437 r’ebant
494 4375 563 4433 ad
604 4374 880 4432 toleranda
911 4374 1140 4428 adversa
1171 4386 1269 4427 suo
1300 4367 1548 4438 exemplo
1576 4366 1657 4421 sic
1692 4362 1863 4425 infero

272 4481 392 4530 mat
417 4489 431 4526 :
458 4471 605 4526 Sicut
647 4468 789 4523 misit
813 4483 894 4521 me
926 4462 1112 4528 Pater,
1155 4473 1204 4519 et
1240 4478 1336 4532 ego
1378 4460 1523 4530 mitto
1557 4474 1643 4527 eos
1669 4455 1854 4527 (Joan.

272 4548 411 4634 ax);
459 4577 526 4617 ne
575 4576 635 4618 se
683 4558 829 4630 diligi
887 4556 1242 4627 desperarent
1289 4553 1357 4607 ab
1394 4566 1480 4621 eo,
1529 4563 1652 4615 cum
1694 4546 1859 4613 variis

272 4662 633 4727 quaterentur
657 4648 1036 4714 incommodis,
1062 4645 1280 4727 quando
1307 4639 1716 4713 dilectissimum
1755 4635 1863 4701 Pa.

274 4724 351 4803 tri
381 4745 573 4802 Filium
602 4758 698 4813 per
725 4740 915 4798 eadem
945 4724 1204 4808 transisse
1246 4732 1565 4805 recolereut.
1598 4728 1710 4784 Nec
1731 4727 1860 4799 quid

273 4837 359 4894 eis
383 4834 695 4890 immineret
733 4828 1035 4891 occultans,
1066 4825 1135 4879 In
1172 4822 1393 4895 mundo,
1420 4820 1616 4896 inquit,
1646 4834 1859 4889 pressu-

273 4943 397 4984 fant
420 4925 706 4990 habebitis;
730 4921 822 4978 sed
847 4918 1116 4991 conﬁdite,
1145 4931 1240 4987 ego
1262 4913 1358 4968 eici
1399 4911 1655 4968 mundum
1674 4909 1859 4980 (Joan.

275 5016 426 5089 xvi);
475 5015 684 5073 scilicet
731 5021 792 5068 ut
822 5006 1114 5096 superandi
1136 5007 1281 5061 vires
1316 5003 1372 5073 in
1411 5002 1501 5057 illo
1549 5015 1611 5055 se
1655 4999 1864 5055 habere

275 5115 671 5181 cognoscerent
709 5105 801 5178 qui
847 5091 1191 5177 omnipotens
1235 5105 1400 5169 esset.
1447 5093 1684 5167 Sanctus
1720 5091 1862 5162 Apo-

273 5201 476 5265 stolus,
526 5199 582 5254 in
627 5211 736 5268 quo
791 5194 1069 5257 evidenter
1103 5191 1197 5246 Dei
1241 5187 1478 5258 Spiritus
1522 5182 1859 5253 loquebatur,

274 5308 377 5348 sua
423 5301 665 5363 tempora
722 5290 929 5352 videns,
982 5292 1166 5340 nostra
1216 5280 1518 5356 prmvidens
1559 5295 1573 5335 :
1611 5276 1715 5347 Qui
1777 5292 1866 5357 νοτ

275 5388 419 5442 lunt.
450 5386 545 5451 ait,
578 5385 743 5439 viuere
786 5382 842 5455 in
881 5378 1125 5453 Christo,
1160 5364 1565 5447 persecutionem
1598 5372 1865 5455 patientur

354 5551 385 5581 ι
411 5538 715 5595 Heribaldo.
742 5529 1199 5591 Autissiodurensi
1227 5528 1500 5600 episcopo,
1527 5523 1683 5596 cujus
1704 5522 1864 5579 toties

282 5626 449 5682 supra
477 5607 854 5682 factapgmentio
876 5614 979 5682 est.

358 5667 387 5723 ί)
406 5680 639 5735 Jurandi
669 5675 973 5732 ronsnetud.
1002 5672 1256 5735 lntelligit
1280 5669 1421 5725 haud
1455 5667 1613 5722 dubie
1655 5681 1863 5723 sermo-

358 5688 387 5723 δ
406 5688 638 5735 Jurundi
669 5688 973 5732 ronsnetua.
1002 5688 1172 5730 tntetn
1215 5688 1256 5726 ιι
1281 5688 1421 5725 nano
1455 5688 1613 5722 (ιιιιιιιι
1655 5688 1863 5723 senun-

289 5768 412 5831 nem
438 5750 530 5824 ‘28,
566 5750 632 5804 du
668 5748 847 5802 verbis
888 5742 1148 5816 Apostoli.
1177 5688 1499 5819 ﬁnanqunn
1536 5737 1871 5812 Augustinus

1964 1912 2061 1969 tati
2104 1906 2302 1967 vestrae
2353 1898 2592 1978 dirigere
2625 1906 2804 1961 studui
2832 1921 2847 1957 :
2879 1918 3019 1974 quae,
3068 1901 3241 1966 vobis,
3275 1909 3335 1954 ut
3361 1897 3545 1963 credo,

1961 2012 2126 2061 erunt
2172 2000 2437 2073 proiicua,
2473 1998 2599 2067 quia
2645 2004 2703 2050 et
2750 2011 2818 2050 ex
2862 1993 3147 2049 charitatis
3193 1991 3341 2052 fonte
3385 1988 3550 2059 petita

1962 2101 2112 2158 sunt,
2162 2103 2221 2146 et
2258 2105 2326 2145 ex
2377 2087 2566 2142 eodem
2615 2085 2762 2140 fonte
2815 2093 3128 2141 manarunt.
3170 2080 3274 2140 Mei
3318 2079 3551 2151 benigno

1965 2195 2238 2239 memores
2264 2176 2424 2248 cupio
2449 2190 2547 2231 vos
2574 2174 2757 2229 valere
2780 2172 3022 2227 feliciter.

2489 2286 2826 2343 EPISTOLA
2863 2285 3020 2345 XCV.

2528 2396 2598 2437 ΑΙ)
2646 2394 2983 2435 BERIBOIJJIJII

2494 2472 2582 2529 E1.
2605 2482 2756 2546 parte
2790 2472 3005 2542 regium.

2034 2592 2090 2648 lu
2122 2590 2342 2647 nomine
2369 2586 2582 2643 Domini
2611 2584 2778 2641 solius
2817 2590 2874 2638 et
2913 2579 3321 2650 omnipotentis.
3349 2575 3543 2637 Irmin-

1962 2683 2174 2748 drudis,
2216 2681 2386 2753 ipsius
2423 2677 2597 2750 gratia
2645 2675 2951 2737 ordinante,
2994 2671 3181 2743 regina
3205 2682 3230 2710 ι
3258 2668 3548 2724 Hei-iboldo

1962 2771 2261 2829 venerabili
2301 2770 2554 2842 episcopo
2594 2766 2845 2823 salutem.
2882 2762 3149 2831 Quoniam
3180 2761 3436 2820 diuturna
3466 2761 3551 2819 in-

1963 2863 2461 2931 ﬁrmitasgratum
2522 2858 2679 2914 nobis
2726 2864 2920 2910 vestra:
2971 2852 3278 2908 sanctitatis
3320 2851 3551 2920 denegat

1963 2953 2313 3024 colloquium,
2352 2948 2564 3006 absenti
2590 2946 2883 3004 scribimus
2915 2943 3058 3015 quod
3089 2940 3340 3012 praesenti
3370 2938 3548 3000 liben-

1965 3046 2072 3101 tius
2094 3045 2421 3099 diceremus.
2454 3039 2765 3096 Germanus
2800 3044 2981 3092 vester
3008 3034 3300 3091 destitutus
3323 3030 3571 3117 honori-5

1886 3163 1932 3227 ρ
1964 3137 2090 3227 bus,
2119 3142 2339 3206 propter
2368 3130 2614 3187 homines
2645 3128 2741 3200 qui
2778 3126 2830 3183 ei
2872 3123 3119 3180 famulati
3151 3132 3278 3180 sunt
3313 3122 3554 3178 maxime

1963 3226 2182 3290 anxius,
2227 3231 2426 3279 nostra;
2483 3220 2705 3293 pietatis
2752 3232 2911 3289 opem
2953 3214 3196 3286 expetiit,
3251 3212 3550 3278 conﬁdens,

1960 3324 2086 3390 post
2131 3315 2321 3381 Deum,
2350 3322 2536 3368 nostra
2580 3324 2746 3380 opera
2773 3324 2833 3364 se
2874 3304 3201 3362 calamitatis
3247 3302 3551 3359 molestiam

1963 3420 2288 3472 evasurum;
2318 3420 2502 3479 quem,
2547 3402 2706 3459 solita
2752 3397 3165 3456 mansuetudine
3193 3395 3549 3456 miserantes,

1964 3498 2428 3571 opportunitatem
2477 3495 2588 3550 Deo
2642 3493 2920 3563 praebente
2971 3487 3220 3558 cupimus
3269 3483 3549 3551 adjuvare.

1968 3593 2167 3647 Verum
2192 3600 2262 3645 utr
2282 3590 2336 3643 in
2361 3587 2562 3657 palatio
2590 3583 2753 3657 1M
2783 3581 3076 3636 voluntatis
3107 3586 3305 3633 nostrte
3332 3582 3555 3646 praesto-

1962 3684 2065 3745 lari
2115 3682 2284 3754 possit
2321 3681 2593 3742 etfectutn,
2640 3676 2930 3731 suademus
2982 3688 3049 3725 ne
3090 3668 3389 3740 gravemini
3433 3665 3553 3734 ejus

1964 3773 2314 3848 indigentiam
2334 3769 2544 3827 collatis
2565 3781 2784 3822 accessa
2793 3765 2888 3819 riis
2908 3772 3233 3832 temperare.
3254 3759 3389 3815 Cum
3403 3759 3550 3813 enim

1962 3864 2137 3922 soleat
2159 3870 2342 3919 vestra
2383 3860 2608 3932 largitas
2640 3856 2950 3911 ministrare
2989 3851 3257 3923 postulata
3284 3847 3549 3913 externis,

1962 3957 2126 4014 etiam
2152 3968 2411 4029 germano
2437 3948 2695 4020 indigenti
2727 3962 2832 4002 non
2878 3945 2994 4000 sine
3019 3957 3117 4013 spe
3154 3941 3349 3998 divinae
3384 3938 3548 3994 retri-

1962 4046 2204 4114 butionis
2251 4044 2397 4103 idem
2447 4041 2594 4099 valet
2638 4046 2939 4110 przestare:
2974 4033 3118 4105 quod
3167 4031 3326 4087 facile
3380 4029 3553 4086 sacris

1966 4146 2397 4196 monstraremus
2423 4131 2677 4201 eloquiis,
2701 4128 2806 4185 nisi
2837 4126 2979 4182 ultro
3001 4139 3065 4181 ea
3087 4123 3244 4179 vobis
3263 4134 3552 4178 occurrere

1966 4228 2333 4290 crederemus,
2367 4231 2425 4280 et
2468 4231 2669 4277 nostra:
2711 4228 3016 4287 vestraque
3044 4228 3290 4287 personat
3327 4212 3540 4268 habere

1965 4335 2088 4377 mus
2151 4315 2665 4374 considerationem.
2726 4309 3025 4381 lmpcndite
3086 4308 3252 4376 igitur
3313 4304 3552 4359 debitum

1965 4404 2212 4478 religioni
2245 4413 2302 4460 et
2332 4400 2718 4459 necessitudini
2745 4397 3020 4461 allectum,
3051 4406 3107 4450 et
3134 4394 3186 4448 in
3212 4390 3553 4447 orationibu.

1890 4520 1938 4581 ο
1965 4500 2138 4556 nostri
2164 4496 2382 4554 assidue
2407 4508 2679 4550 memores
2703 4491 2841 4547 bene
2866 4488 3059 4545 valete.

2482 4613 2818 4673 EPISTULA
2860 4611 3039 4667 XCVI.

2465 4727 2531 4777 tu
2550 4694 2817 4765 ῒξλιιοιυιι
2850 4716 3049 4758 ascen.

2037 4826 2283 4893 Glorioso
2313 4822 2541 4879 Domino
2572 4813 3070 4890 prmcellentissimo
3099 4810 3208 4880 regi
3238 4807 3433 4863 Carolo
3470 4806 3552 4861 iu-

1970 4930 2117 4990 tegre
2142 4917 2317 4973 ﬁdelis
2342 4914 2526 4986 Lupus
2553 4912 2800 4968 salutem.

2036 4988 2171 5067 Cum
2219 5022 2251 5065 a
2298 5014 2480 5072 vestra
2521 5000 2801 5070 majestate
2843 4994 3172 5068 digrederer,
3219 4988 3552 5061 praecepisti:

1968 5112 2048 5168 ut,
2089 5098 2437 5171 impendente
2466 5089 2912 5162 Quadragesima,
2946 5084 3202 5158 quiddam
3234 5081 3387 5137 vobis
3414 5081 3547 5138 diri-

1968 5208 2152 5266 gerem
2200 5189 2344 5246 unde
2378 5184 2650 5257 caperetis
2687 5181 2919 5236 fructum
2954 5177 3190 5247 aliquem
3236 5172 3549 5231 :edillcatio—

1972 5260 2077 5341 nis.
2136 5281 2456 5338 Sermonem
2487 5274 2688 5345 itaque
2742 5270 2885 5326 beati
2931 5266 3238 5340 Augustini,
3293 5264 3348 5319 in
3390 5260 3548 5333 quoi

1965 5373 2183 5447 jut'andi
2231 5364 2679 5427 consuetudinem
2726 5359 3028 5426 dissuadet,
3057 5368 3328 5428 quamque
3371 5353 3440 5409 sit
3470 5349 3549 5413 fe,-

1970 5522 2156 5589 multis
2179 5521 2234 5577 in
2264 5517 2397 5575 locis
2422 5517 2665 5589 disputat
2681 5513 2959 5589 adversus
2983 5527 3078 5589 eos
3103 5510 3192 5581 qui
3225 5508 3293 5564 ad
3319 5504 3547 5587 quamli-

1970 5577 2063 5649 bet
2083 5590 2425 5647 occasionem
2441 5577 2649 5657 iurant,
2679 5577 3437 5657 itemqueadversnseosqui
3459 5590 3567 5644 pe-e

1965 5664 2164 5734 jmmt.
2203 5649 2549 5734 Videjonam
2596 5649 2898 5722 Aureliani,
2925 5654 3020 5709 lib.
3049 5669 3085 5723 ll
3119 5656 3183 5706 de
3209 5649 3550 5717 Institutione

1973 5731 2144 5808 l‘aieali
2173 5748 2290 5800 (an.
2319 5731 2409 5785 iii.
2833 5770 2837 5775 .
3472 5770 3475 5773 ,
3526 5765 3532 5797 _.

3432 336 3543 395 δτι)
3628 328 3643 335 ’
