4034 6298
509 358 608 416 57!

1543 348 1603 403 Β.
1649 345 1708 402 S.
1751 344 1907 401 LUPI
1950 339 2239 401 ABBATIS
2279 338 2781 394 FERI‘nARIENSlS

3672 344 3775 403 ΞΗ

512 470 626 524 rate
654 465 948 540 pcrjarium
978 462 1232 528 ostendit,
1260 469 1450 519 vestrae
1476 459 1774 529 prudentiae
1796 457 2086 520 destinavi,
2118 459 2161 516 Α
2191 454 2326 509 citas
2365 453 2566 517 mundi,
2589 453 2674 509 cui
2699 461 2956 525 perpetua
2983 454 3315 524 promittitur
3335 454 3612 512 beatitudo
3632 460 3772 513 coeli.

512 558 857 632 profutmum
899 556 1053 610 vobis
1091 553 1381 623 plurimum
1430 550 1677 613 credens,
1718 548 1764 603 si
1808 546 1959 602 vobis
1996 546 2091 600 ad—

516 650 860 709 monentibus
885 646 1099 716 quidam
1121 643 1333 697 assidue
1349 642 1535 710 jurare
1560 640 1840 702 desistant.
1872 636 2089 708 etquod

502 751 666 798 .recte
686 738 989 811 juraverint
1020 751 1125 790 non
1143 742 1509 793 contemnant.
1542 731 1659 788 Non
1683 730 1934 786 adulandi
1960 729 2092 784 vitio

524 832 581 887 in
627 831 854 901 gratiam
894 836 1130 881 vestram
1164 826 1305 890 dico,
1341 825 1434 880 sed
1482 822 1746 879 desiderio
1776 820 1966 876 salutis
2005 835 2093 875 eo-

502 940 640 979 .rum
672 922 762 992 qui
789 920 1064 976 nobiscum
1093 920 1307 974 Patrem
1353 920 1406 973 in
1456 917 1608 973 cadis
1654 916 1927 971 invocant.
1965 913 2093 979 Qui-

520 1030 732 1083 cunque
761 1012 922 1066 fidem
971 1012 1122 1068 vobis
1147 1008 1501 1080 jurejurando
1527 1008 1898 1071 firmaverunt,
1940 1008 1984 1061 si
2027 1007 2095 1062 ab

520 1120 585 1163 ea
636 1107 827 1163 saltem
888 1105 1117 1160 latenter
1180 1103 1455 1167 deficiunt,
1505 1103 1621 1172 jam
1660 1100 1762 1156 sibi
1807 1114 1833 1140 ει
1866 1108 2094 1155 mortem

516 1198 709 1252 anima:
750 1197 1064 1259 intulerunt,
1114 1211 1213 1252 nec
1265 1204 1489 1265 possunt
1537 1209 1659 1249 esse
1710 1192 1804 1247 filii
1845 1192 1963 1256 Dei,
2003 1191 2095 1261 qui

517 1288 706 1345 nolunt
773 1304 894 1345 esse
944 1288 1178 1360 pacifici.
1247 1288 1657 1342 Admoneantur
1725 1299 1856 1354 ergo
1918 1292 2095 1337 vestra

502 1379 679 1452 .155
708 1380 976 1436 industria
1019 1380 1102 1435 sui
1154 1378 1401 1449 periculi,
1448 1388 1504 1434 et
1538 1377 1893 1461 saluberrima
1938 1376 2094 1431 insti-

518 1473 726 1526 tutione
781 1472 918 1527 tanti
972 1472 1208 1527 doctoris
1262 1472 1330 1526 ad
1384 1470 1743 1525 correctionis
1799 1468 2095 1524 remedium

518 1566 835 1621 invitentttr.
862 1563 982 1619 Misi
1014 1570 1273 1633 prmterea
1304 1562 1607 1617 celsitudini
1637 1567 1829 1615 vestra:
1857 1574 2098 1629 gemmas

517 1674 655 1730 quas
683 1659 883 1713 dudum
911 1656 1092 1727 opifex
1118 1664 1302 1710 noster
1321 1654 1715 1723 exsculpendas
1744 1661 1800 1706 et
1823 1651 2099 1722 poliendas

517 1759 802 1821 acceperat
830 1768 844 1804 :
869 1764 1094 1819 quarum
1116 1746 1346 1803 formam
1373 1757 1538 1817 atque
1560 1747 1792 1800 nitorem
1823 1744 1869 1799 si
1901 1758 2097 1813 appro-

518 1842 801 1905 baveritis,
830 1848 1130 1895 memorato
1165 1836 1362 1894 artiﬁci
1394 1837 1726 1909 gratulabor.
1749 1835 1888 1906 Opto
1916 1844 1972 1890 et
2000 1850 2098 1891 oro

510 1941 582 1986 .ut
608 1933 746 1986 bene
795 1946 1010 1999 semper
1037 1931 1228 2000 agatis.
1271 1937 1327 1983 et
1370 1928 1603 1999 propitio
1650 1927 1762 1983 Deo
1789 1926 1935 1982 felici
1974 1940 2099 1982 suc-

519 2036 676 2077 cessa
704 2022 1010 2077 diutissime
1040 2021 1336 2092 gaudeatis.

1019 2148 1349 2204 EPISTULA
1390 2147 1592 2203 XCVII.

1108 2279 1176 2316 Δί)
1204 2278 1516 2317 ιιιιυωΝωί.

593 2374 1095 2430 Prmcellcntissimo
1130 2374 1308 2428 abbati
1339 2374 1367 2412 δ
1396 2372 1644 2427 Hilduiuo
1687 2372 1867 2428 Lupus
1897 2381 2102 2440 tempo-

525 2465 691 2520 ralem
718 2474 772 2520 et
796 2475 1103 2534 perpetuam
1131 2464 1382 2519 salutem.
1992 2470 1999 2483 '

598 2554 902 2609 Recordans
931 2553 1097 2607 nostri
1125 2552 1403 2607 convictus
1441 2550 1496 2607 in
1531 2561 1709 2607 vestra
1747 2551 2104 2606 adolescentia

522 2653 576 2699 et
607 2645 758 2699 initio
781 2659 913 2698 mea:
933 2642 1229 2714 jnvcntutis
1268 2642 1708 2697 consuetudinem
1731 2683 1745 2706 ,
1786 2651 1840 2696 et
1864 2642 2108 2708 COgilans

523 2735 666 2804 quod
694 2744 871 2788 vestra
898 2732 1147 2787 nobilitas
1177 2747 1492 2803 morumque
1517 2730 1756 2803 probitas
1774 2732 2105 2786 blandimen-

523 2825 591 2880 tis
613 2823 840 2880 fortnme
860 2824 1162 2879 nullatenus
1177 2824 1349 2878 valeat
1374 2824 1667 2889 immutari,
1690 2825 2106 2894 quemamodum

524 2923 653 2970 tunc
691 2915 1033 2969 familiariter
1054 2913 1425 2983 loquebamur,
1457 2915 1530 2969 ita
1555 2931 1697 2970 nunc
1722 2915 1875 2970 vobis
1899 2915 2106 2984 simpli—

524 3006 660 3059 citer
685 3006 882 3059 scribo.
910 3005 1192 3072 Omnibus,
1223 3013 1277 3058 ut
1301 3006 1543 3076 pluribus
1563 3008 1777 3062 videtur
1800 3008 1961 3062 vestri
1984 3023 2107 3077 pro-

2196 544 2453 603 Exerccte
2493 543 2652 616 ιω
2692 544 2996 616 ubicunque
3021 546 3245 615 potestis
3263 546 3553 617 justitiam,
3581 558 3636 600 et
3656 550 3776 618 qui-

2192 637 2501 705 buscunque
2530 635 2775 692 sullicitis
2802 636 3096 706 impendite
3125 637 3554 694 misericordiam
3601 658 3612 693 :
3654 641 3775 709 quia

2190 726 2283 797 qui
2313 725 2465 781 vobis
2493 726 2627 781 bene
2648 726 2842 797 agendi
2873 725 3203 783 falcultatem
3228 728 3455 799 largitus
3478 737 3583 788 est.
3614 744 3777 798 quan-

2193 818 2282 872 diu
2311 817 2363 872 id
2386 818 2749 886 permissurus
2774 818 2848 875 sit
2871 818 3150 889 ignoratis.
3186 817 3360 889 ipsius
3387 833 3491 873 vox
3521 826 3609 873 est
3645 836 3659 871 :
3693 816 3777 871 Vi-

2191 906 2351 977 gilate
2371 947 2385 972 ,
2415 909 2538 978 quia
2568 908 2773 964 nescitis
2799 909 2938 963 diem
2967 926 3130 979 neque
3148 910 3335 965 horam
3374 908 3594 981 (Matth.
3629 912 3775 978 xxv).

2194 997 2303 1053 Nos
2323 999 2521 1062 etiam,
2546 998 2638 1068 qui
2664 1014 2760 1053 vos
2786 999 2945 1055 unice
2969 999 3262 1070 diligimus,
3295 1008 3351 1053 et
3378 1015 3475 1070 per
3508 1014 3605 1053 vos
3639 1000 3780 1053 sola—-

2197 1089 2329 1143 tium
2384 1088 2598 1158 aliquod
2659 1089 2941 1145 habituros
2992 1090 3352 1155 confidimus,
3391 1086 3780 1159 aliquantulam

2197 1190 2222 1224 α
2240 1181 2646 1237 diuturnitatem
2658 1182 2936 1253 dignitatis
2956 1198 3054 1241 vos
3065 1198 3410 1253 possessutos
3428 1184 3721 1243 credimus.
3736 1182 3780 1237 si

2195 1290 2292 1329 vos
2325 1275 2565 1346 largitori
2594 1277 2859 1335 bonorum
2897 1280 3139 1335 omnium
3178 1278 3373 1336 devote
3399 1278 3781 1335 submiseritis.

2196 1365 2377 1422 Donec
2404 1381 2498 1422 vos
2528 1367 2713 1423 videre
2741 1384 2990 1435 merear,,
3036 1372 3239 1440 absque
3280 1369 3498 1425 fastidio
3526 1371 3645 1425 haec
3679 1369 3782 1425 free

2195 1466 2425 1527 quenter
2446 1456 2609 1529 legite
2635 1466 2728 1514 aut
2758 1459 3009 1527 recolite;
3042 1470 3101 1516 ut
3121 1461 3262 1517 sicut
3287 1463 3355 1517 de
3384 1470 3564 1516 vestra
3597 1459 3781 1517 excel-

2198 1548 2358 1603 lentia
2386 1547 2700 1620 gloriamur,
2725 1549 2800 1605 ita
2821 1550 2887 1606 de.
2912 1550 3182 1621 probitate
3206 1552 3408 1607 certius
3429 1551 3780 1607 ersultemus.

2197 1637 2327 1694 Peto
2351 1640 2518 1695 etiam
2543 1648 2603 1695 ut
2629 1641 2989 1711 propinquum
3019 1651 3197 1697 meum
3222 1643 3472 1698 abbatem
3509 1642 3660 1697 cellae
3693 1657 3782 1699 ve-

2180 1728 2327 1784 ἐιη
2354 1746 2475 1800 qua:
2503 1731 2699 1786 dicitur
2725 1731 2876 1798 Cor.,
2911 1733 3004 1803 qui
3023 1742 3078 1788 et
3107 1734 3218 1788 Deo
3239 1774 3254 1799 ,
3288 1743 3347 1788 ut
3378 1733 3652 1788 credimus
3674 1773 3691 1797 ,
3734 1741 3787 1793 et

2130 1814 2171 1873 Β
2201 1819 2356 1875 bonis
2371 1821 2642 1885 omnibus,
2662 1821 2909 1891 utpalam
2936 1832 3040 1887 est,
3067 1838 3164 1893 pro
3186 1839 3282 1879 sua
3303 1824 3572 1892 probitate
3592 1823 3783 1893 placet,

2204 1911 2501 1967 honorifice
2533 1913 2842 1982 suscipiatis
2863 1954 2878 1979 ,
2916 1913 3145 1985 benigne
3181 1915 3424 1969 tractetis
3445 1955 3461 1979 ,
3505 1922 3564 1968 et
3585 1954 3599 1978 ,
3645 1915 3787 1984 quod

2200 2004 2446 2059 sullicere
2476 2004 2639 2060 credo
2673 2004 2846 2070 (sicut
2871 2014 3106 2062 vestram
3137 2006 3292 2061 decet
3313 2004 3647 2060 nobilitatem
3673 2044 3691 2069 ,
3735 2014 3790 2060 et

2201 2095 2484 2149 honestam
2509 2096 2889 2162 eruditionem,
2915 2112 2979 2151 ac
3003 2097 3156 2152 bonae
3180 2095 3334 2151 fama:
3360 2094 3785 2167 augmentum),

2203 2186 2281 2245 sic
2310 2186 2603 2256 dignemini
2633 2187 2914 2241 consulere
2950 2186 3024 2242 illi
3061 2200 3276 2257 semper
3304 2186 3358 2240 in
3382 2186 3638 2241 omnibus
3673 2195 3789 2241 tan-

2206 2287 2317 2333 tum
2359 2293 2575 2347 semper
2609 2289 2870 2348 quantum
2911 2280 3133 2348 cupiunt
3170 2278 3260 2348 qui
3299 2278 3439 2334 bene
3487 2278 3688 2334 sciunt.
3733 2275 3787 2333 la

2200 2368 2403 2423 smculo
2436 2376 2491 2422 et
2521 2369 2574 2422 in
2601 2368 2828 2423 Domino
2858 2368 3058 2424 valeas.

2695 2469 3031 2525 EPISTOLA
3064 2468 3289 2525 XCVIII.

2416 2577 2503 2643 [AD
2525 2575 2862 2616 GUENILONEI
2889 2574 3113 2624 EJUSQUE
3135 2574 3561 2615 SUFFIIAGAXEOS.

2282 2651 2718 2722 Rcligiosnssimis
2762 2650 3013 2705 Patribus
3065 2658 3122 2704 et
3174 2648 3436 2705 fratribus
3474 2648 3790 2711 Gueniloni,

2208 2742 2586 2812 metrOpIitano
2622 2740 2903 2797 Senonica:
2941 2741 3086 2796 sedis
3119 2740 3392 2806 antistiti,
3437 2749 3492 2794 et
3542 2740 3793 2795 universo

2208 2834 2356 2895 clero
2376 2834 2513 2901 ejus,
2536 2841 2591 2886 et
2611 2840 2930 2886 caeterarum
2948 2831 3309 2887 Eeclesiarum
3337 2832 3659 2902 prtes'dibus
3676 2848 3797 2901 qua

2206 2916 2476 2973 dimcesid
2512 2926 2824 2972 memoratae
2850 2918 2993 2972 sedis
3019 2927 3346 2980 censentur,
3383 2918 3704 2988 cunctisque
3740 2919 3791 2974 in

2211 3009 2292 3064 eis
2321 3010 2431 3063 Deo
2457 3006 2861 3071 famulantibus,
2893 3007 3070 3063 clerus
3098 3018 3121 3049 ε
3149 3007 3337 3061 matris
3363 3006 3609 3062 ecclesia:
3643 3006 3792 3062 Pari-

522 3096 727 3169 positi,
775 3096 827 3149 in
870 3095 1161 3167 largiendis
1202 3098 1393 3166 opibus
1439 3098 1776 3169 omnipotens
1824 3116 1919 3155 vos
1968 3099 2110 3156 Dens
2146 3162 2179 3171 Α
2214 3102 2417 3156 siormn
2458 3100 2613 3171 147
2649 3109 2703 3156 et
2743 3099 2936 3154 fratres
2963 3100 3195 3155 emnobii
3237 3098 3409 3154 sancti
3457 3098 3697 3171 Dionysii
3744 3109 3796 3155 et

526 3162 782 3258 praetulit;
806 3196 858 3241 et
880 3162 995 3241 sine
1016 3188 1178 3241 dubio
1201 3162 1285 3243 cui
1320 3198 1522 3245 tantum
1545 3162 1789 3257 contulit,
1820 3192 2108 3263 plurimum
2138 3162 2182 3223 Ο
2214 3190 2386 3246 sancti
2426 3162 2679 3244 (ἦνῆιυί
2716 3198 2770 3244 et
2799 3191 2968 3257 beata:
3005 3187 3293 3245 Genovefae
3331 3204 3394 3244 ac
3429 3162 3789 3251 Fossatensis,

529 3278 598 3333 ab
630 3294 694 3333 eo
725 3289 989 3348 reposcet.
1014 3279 1133 3350 Ipse
1161 3282 1303 3336 enim
1332 3283 1497 3338 dicit:
1531 3283 1632 3350 Qui
1658 3284 1965 3356 glori/ienuit
1999 3303 2108 3350 me,

527 3369 830 3439 glori/icabo
844 3388 984 3436 eum;
1010 3373 1099 3442 qui
1120 3386 1293 3428 autem
1321 3384 1651 3430 contemnunt
1674 3392 1773 3440 me,
1797 3377 2111 3446 eruntigno-

530 3459 654 3514 biles
682 3459 742 3531 (l
766 3459 890 3531 Reg.
921 3478 958 3515 ιι
981 3465 1020 3533 ).
1048 3460 1232 3533 Itaque
1257 3479 1358 3518 non
1387 3465 1457 3520 sit
1480 3466 1630 3521 vobis
1655 3466 1805 3521 oneri
1834 3468 1973 3537 quod
1999 3466 2112 3521 illa-

529 3556 685 3604 turus
733 3567 871 3605 sum.
904 3550 1174 3607 llonorate
1214 3552 1359 3607 illmn
1404 3554 1595 3610 timore
1638 3555 1806 3625 ipsius
1846 3564 1900 3609 et
1929 3572 2110 3612 amore

530 3639 623 3709 qui
650 3656 744 3695 vos
775 3649 883 3695 tam
909 3642 1207 3698 sublimiter
1233 3644 1533 3711 honoravit;
1558 3653 1613 3699 et
1643 3646 1767 3698 dum
1795 3647 1949 3700 vobis
1972 3645 2109 3701 bona

531 3740 819 3801 suppetunt
850 3731 902 3786 in
929 3733 1031 3787 boc
1061 3732 1274 3797 szeculo,
1306 3743 1491 3788 curate
1512 3733 1583 3787 illi
1607 3734 1696 3804 qui
1727 3734 1841 3789 haec
1864 3734 2009 3789 dedit
2031 3735 2111 3789 in-

529 3821 841 3879 desinenter
878 3824 1112 3894 placere;
1142 3840 1243 3880 nec
1263 3840 1360 3881 vos
1390 3826 1622 3897 decipiat
1650 3827 1958 3882 transitoria
1991 3828 2107 3882 feli—

605 3968 631 3996 ι
657 3954 878 4027 Mortem
903 3958 1117 4027 auinam.
1148 3955 1409 4027 Loquitur
1435 3956 1503 4011 de
1537 3956 1622 4011 bis
1646 3956 1735 4027 qui
1772 3956 1928 4012 fidem
1957 3973 2109 4013 suam

484 4058 505 4071 .
527 4024 882 4095 jurejurando
911 4024 1279 4097 obligaverant
1309 4027 1420 4097 regi
1453 4024 1874 4097 Carolo‘Calvo,
1922 4037 2107 4097 postea

533 4094 666 4147 vero
686 4108 805 4147 eam
837 4094 1198 4165 Inntaverant.
1229 4094 1457 4165 Propier
1479 4096 1579 4150 hoc
1605 4097 1805 4150 crimen
1835 4094 2110 4165 ait'anus

533 4177 631 4217 eos
688 4172 916 4231 mortem
965 4164 1157 4218 animae
1232 4164 1559 4231 incurrisse,
1612 4166 1715 4220 boc
1763 4175 1847 4220 est
1900 4164 2115 4221 aeterna“

514 4240 711 4303 ,tnorte
734 4230 1045 4303 damnatos,
1071 4233 1171 4288 nisi
1213 4236 1572 4303 resipiscam:
1611 4234 1739 4289 tanti
1785 4245 1870 4291 est
1910 4236 2109 4293 violare

534 4301 697 4372 fidem
722 4301 949 4372 principi
964 4302 1249 4372 obligatam
1269 4305 1281 4358 !
1306 4301 1525 4359 Auctori
1548 4315 1732 4359 nostro
1746 4320 1965 4372 prorsus
1981 4321 2108 4360 con—

538 4371 849 4444 §0AltlibAll9
870 4371 1227 4444 Vercellensis
1250 4375 1549 4444 episcopus,
1605 4373 1696 4443 qui
1736 4371 1878 4429 circa
1906 4390 2104 4442 annum

535 4441 642 4515 9M!
688 4439 886 4496 ﬂoruit.
937 4442 1031 4515 Sic
1080 4441 1223 4515 enim
1270 4439 1447 4515 liabet:
1478 4443 1530 4496 in
1568 4439 1813 4515 epistola
1860 4439 1951 4498 10⁷
1986 4460 2105 4515 quae

2212 3281 2655 3351 diversoruniqne
2677 3280 3123 3349 monasteriorum
3154 3280 3479 3351 unanimitas
3503 3322 3517 3345 ,
3559 3296 3793 3351 prtesen-

2217 3380 2325 3427 tctn
2356 3379 2413 3424 et
2438 3368 2674 3424 futuram
2702 3370 2950 3426 salutem.

2284 3457 2655 3515 Venerabilem
2686 3468 2956 3529 pastorem
2987 3467 3229 3515 nostrum
3264 3458 3283 3497 ί
3312 3458 3682 3515 Ercanradum
3704 3476 3796 3514 nu-

2212 3564 2310 3620 per
2340 3548 2638 3605 decessisse
2668 3564 2787 3619 cum
2824 3548 2980 3619 longe
3011 3548 3223 3619 lateque
3251 3549 3532 3619 vulgatum
3559 3549 3661 3613 sit,
3688 3558 3794 3603 tutu

2212 3639 2552 3696 sanctitatem
2592 3650 2829 3694 vestram
2858 3640 3025 3696 latere
3053 3654 3159 3695 non
3188 3640 3399 3709 potuit;
3435 3654 3644 3708 uosque
3664 3637 3795 3694 attici

2214 3729 2468 3784 maestitia
2492 3729 2558 3783 de
2578 3728 2862 3784 vocatione
2880 3728 3057 3784 Patris
3071 3728 3332 3793 defuncti,
3355 3744 3421 3784 ac
3440 3729 3796 3784 sollicitudine

2213 3820 2516 3892 permoveri
2544 3820 2611 3875 de
2644 3819 2907 3876 electione
2933 3819 3274 3886 successuri,
3305 3820 3594 3890 prudentia
3622 3828 3795 3876 vestra

2215 3964 2459 4025 tempore
2477 3955 2613 4009 bene
2639 3961 2819 4007 utatur
2837 3952 3149 4025 justumque
3170 3967 3229 4025 se
3253 3953 3304 4025 in
3322 3950 3543 4025 indiciis
3573 3953 3795 4025 redden-

2213 4026 2297 4079 dis
2319 4023 2592 4085 exbibeat,
2622 4038 2685 4078 ac
2716 4033 2894 4078 tamen
2923 4024 3004 4078 eis
3028 4023 3086 4077 se
3114 4023 3520 4079 misericordem
3559 4023 3796 4092 pnebeat

2212 4095 2301 4164 qui
2326 4094 2557 4164 gratiam
2581 4094 2721 4151 hanc
2751 4094 3067 4164 meruerint.
3099 4092 3232 4147 Nam
3259 4093 3307 4147 is
3327 4107 3675 4164 promunere
3698 4108 3796 4164 suo

2212 4161 2579 4219 ecclesiastica
2609 4173 2663 4219 et
2693 4178 2845 4219 sacra
2882 4162 3062 4233 omnia
3106 4164 3318 4233 negotia
3359 4161 3442 4215 vel
3477 4163 3799 4233 expediebat

2212 4233 2345 4302 ipse,
2370 4233 2451 4287 vel
2475 4250 2596 4289 cum
2620 4247 2743 4302 rege
2765 4232 3051 4295 tractabat,
3078 4245 3135 4288 ut
3157 4232 3429 4286 Sirmondi
3455 4232 3641 4286 verbis
3658 4243 3796 4287 utar.

2262 4304 2349 4386 ide
2371 4301 2767 4386 porro_t_|_u:e’de
2792 4317 3017 4358 munere
3039 4302 3454 4373 archicapellani
3475 4301 3715 4358 diximus
3734 4302 3801 4357 ad

2213 4374 2501 4445 epistolam
2534 4374 2625 4430 '57.

2213 4512 2221 4514 _
2279 4443 2304 4483 ἀ
2334 4444 2573 4498 Diwcesi.
2607 4444 2663 4498 ld
2691 4450 2771 4499 est
2794 4443 3068 4514 provincia
3093 4482 3108 4504 ,
3148 4451 3206 4497 ut
3235 4442 3468 4514 diximus
3504 4442 3803 4514 adepisto-

536 4512 738 4582 scripta
791 4519 873 4565 est
934 4512 1000 4565 ad
1061 4512 1341 4582 episcopos
1394 4504 1719 4568 Vercellénsi
1767 4504 2018 4569 dioecesi'
2038 4515 2103 4568 fi-
2132 4504 2183 4566 Ι)
2210 4512 2318 4567 lam
2343 4514 2435 4579 81.,
2464 4523 2518 4568 et
2538 4514 2670 4567 satis
2695 4504 2883 4569 notinn
2911 4522 3010 4568 est.
3045 4513 3120 4567 Ex
3146 4513 3443 4567 innumeris
3472 4504 3802 4568 testimoniis

536 4581 799 4637 Litimos:
831 4602 851 4635 ι
879 4581 1480 4652 Εἱιιειίιειιεῐηξψιοψιθ
1515 4594 1819 4637 nostrorum
1860 4584 2104 4640 domino-

537 4667 654 4705 rum
681 4660 735 4706 et
751 4667 946 4722 regum
975 4652 1205 4722 pleniter
1234 4651 1299 4706 in
1323 4651 1574 4722 omnibus
1593 4653 1774 4722 judico
1806 4655 2105 4709 observan-

539 4723 682 4794 tiam.
720 4716 875 4794 Nullo
912 4716 1070 4794 modo
1089 4722 1231 4777 enim
1271 4716 1826 4794 antegocitlosdivinze
1849 4724 2103 4794 majesta-

539 4791 619 4863 tis,
633 4792 750 4859 puri
781 4791 1007 4863 inveniri
1033 4808 1337 4863 possumus,
1376 4792 1421 4845 si
1462 4792 1540 4845 eis
1568 4792 1811 4847 inﬁdeles
1840 4791 2107 4850 ullatenus

539 4861 852 4932 existamns.
887 4882 904 4913 ι
956 4861 1105 4917 Hauc
1150 4878 1311 4930 porro
1359 4862 1569 4916 Attonis
1612 4863 1914 4932 epistolam,
1951 4873 2009 4918 ut
2053 4874 2108 4920 et

539 4928 824 5004 plerasque
849 4933 982 4988 alias
1009 4928 1248 5004 ejusdem
1281 4928 1820 5004 scriptoris.mecum
1843 4935 2107 5004 progami-

538 4998 667 5052 citia
721 4998 903 5056 nostra
966 4998 1511 5058 comtnuuicavit'vir
1555 4998 1888 5058 clarissimus
1935 5002 2110 5060 Lucas

538 5064 853 5143 Daelterius,
896 5072 1188 5143 monachus
1235 5071 1635 5135 Benedictinns,
1688 5074 1780 5143 qui
1827 5072 1976 5127 brevi
2016 5090 2110 5129 eas

540 5136 781 5224 editurus
804 5150 905 5224 est.
940 5140 1013 5224 De
1040 5136 1805 5224 paenaantem-episcoporum
1828 5143 1918 5224 qui
1949 5143 2108 5224 fidem

541 5208 1083 5284 prineijiiobligataiti
1115 5212 1335 5284 violant,
1371 5208 1705 5268 diximus'ad
1742 5208 2107 5284 Agdbardum.

540 5274 563 5348 ζ
582 5274 963 5354 ιξὶιέςςιηαὲινοῖζῄ
980 5290 1104 5354 tom.
1117 5280 1289 5354 AClV.)

599 5345 627 5386 δ
644 5344 918 5424 lfilduinp.
941 5349 1128 5424 Abbati
1146 5344 1565 5424 sanc'tiDionysii
1585 5351 1639 5408 in
1652 5367 1781 5424 agro
1797 5349 2111 5420 Parisiensi,

540 5422 597 5471 et
624 5417 762 5491 sacri
796 5418 975 5491 palatii
1010 5421 1458 5491 archicapcllano.

614 5486 1096 5568 c‘piuturuitatem.
1145 5486 1282 5568 _l_iiu_c
1319 5493 1571 5568 colligere
1604 5508 1889 5568 possumus
1920 5509 2115 5568 munus

542 5556 1062 5634 archicapellanisie
1093 5560 1251 5615 tribui
1285 5556 1507 5634 solitum
1538 5579 1566 5617 a
1601 5556 1841 5634 principe
1864 5571 1920 5618 ut
1949 5564 1996 5634 ei
2025 5563 2111 5620 cui

542 5624 725 5681 datum
752 5624 1051 5709 eratadimi
1074 5640 1255 5701 posset
1280 5648 1378 5709 ρῳ
1397 5624 1621 5687 arbitrio
1644 5624 1920 5709 principis.
1953 5633 2027 5689 Ea
2049 5635 2114 5689 de

542 5709 704 5751 causa
760 5696 1092 5775 Hilduinum'
1128 5696 1312 5775 monet
1339 5702 1520 5775 Lupus
1544 5696 1783 5775 _nt'quia
1821 5696 1967 5760 'scire
2006 5721 2110 5775 non

540 5775 719 5843 potest
760 5782 921 5839 quam
956 5770 1205 5827 diuturna
1238 5770 1511 5827 futura'sit
1543 5773 1654 5827 bzec
1680 5770 2107 5837 administratio,

2208 4599 2328 4654 qua:
2358 4583 2586 4654 proferri
2622 4585 2686 4654 in
2732 4585 2843 4654 bocg
2874 4591 3099 4653 possunt
3127 4597 3292 4636 unum
3323 4590 3532 4654 tantum
3572 4582 3796 4654 afferam

2207 4651 2274 4726 ex
2300 4651 2568 4726 prieceplo
2607 4651 2961 4726 Caroliicalvi
2985 4669 3088 4726 pro
3112 4651 3802 4726 monasterio_Cnxa_neusi

2209 4724 2261 4793 in
2284 4721 2505 4779 dioecesi
2525 4722 2833 4786 llelenensi,
2855 4721 3386 4793 quodautbenticum
3405 4721 3515 4777 illic
3540 4723 3799 4793 vidimus.

2210 4790 2525 4848 Helenensis
2547 4793 2736 4847 civitas
2760 4835 2773 4857 ,
2812 4790 3096 4846 tit—nemini
3124 4792 3363 4857 ignotum
3388 4807 3509 4846 esse
3535 4792 3798 4856 arbitror,

2210 4862 2313 4916 fuit
2339 4864 2408 4917 ab
2434 4863 2579 4916 omni
2614 4878 2729 4917 tevo
2756 4861 3091 4932 sulfraganea
3131 4859 3380 4916 Ecclesiae
3408 4859 3797 4932 Narbonensis.

2213 4932 2304 4988 Sic
2328 4948 2456 5003 ergo
2478 4932 2553 4987 ait
2581 4932 2808 4988 Carolus
2833 4930 3029 5003 Calvus
3053 4950 3067 4986 :
3101 4950 3118 4983 t
3141 4933 3317 4987 Locus
3343 4930 3804 5003 supradictusest

2210 5007 2347 5059 situs
2369 4999 2419 5058 in
2445 5003 2678 5058 confinio
2704 5002 3005 5057 Ceridania:
3033 5003 3287 5057 marcbia:
3314 5010 3531 5063 nostra},
3564 5003 3667 5053 sub
3687 4999 3802 5051 dio-

2211 5074 2320 5130 cesi
2345 5073 2591 5130 Fredaldi
2624 5071 2988 5129 Narboaensis
3015 5070 3425 5142 archiepiscopi,
3459 5080 3513 5126 et
3536 5068 3796 5139 parocbia

2210 5141 2499 5198 Audesindi
2532 5143 2779 5199 Elnensis
2805 5142 3061 5210 episcopi.
3098 5162 3116 5194 ι

2285 5229 2306 5252 ο
2339 5212 2525 5268 Matris
2555 5213 2803 5268 ecclesia'.
2831 5208 2885 5267 id
2909 5208 3026 5277 est,
3050 5210 3373 5266 eatbedralis
3392 5209 3638 5264 ecclesize
3657 5208 3800 5263 Pari-

2214 5284 2448 5347 siensis,
2489 5300 2608 5354 qua:
2646 5292 2729 5354 est
2766 5292 2938 5337 mater
2972 5282 3211 5354 omnium
3253 5280 3606 5354 ecclesiarum
3648 5278 3799 5354 Pari-

2218 5347 2622 5409 sieusium.'Sic
2661 5353 2712 5407 in
2759 5353 3031 5408 veteribus
3058 5352 3192 5405 actis
3221 5350 3447 5405 ecclesia
3485 5347 3796 5403 Helenensis

2218 5425 2412 5479 dicitur
2442 5422 2614 5477 Mater
2642 5423 2872 5477 omnium
2910 5420 3259 5477 Ecclesiarum
3294 5417 3793 5482 Rossilionensium,

2218 5494 2603 5568 Con/luendum
2626 5533 2641 5556 ,
2687 5509 2779 5568 seu
2822 5490 3355 5568 Valle-dspiremittm
3375 5529 3390 5551 ,
3430 5490 3500 5568 ob
3671 5488 3792 5568 quia

2216 5556 2507 5619 comitatus
2539 5561 2979 5626 Ruscinonensis,
3010 5556 3416 5616 Cdnlluentinus
3443 5566 3498 5613 et
3527 5556 3791 5625 VallaSpi-

2219 5635 2412 5705 rieusis
2431 5642 2555 5688 sunt
2585 5633 2634 5705 in
2663 5632 2885 5705 diteccsi
2907 5630 3237 5705 l_lelenensi._
3607 5698 3618 5705 _
3699 5696 3714 5705 .
3734 5694 3766 5705 η

2291 5704 2306 5743 ί
2347 5703 2729 5827 Εὲἓρηναάιωη.
2767 5701 3124 5757 Parisiensem
3154 5699 3493 5772 episcOpum,
3529 5698 3620 5769 qui
3666 5695 3796 5753 obiit

2291 5789 2354 5827 no
2459 5789 2507 5827 α.
3142 5814 3148 5821 .

2215 5789 2354 5831 anno
2388 5774 2507 5828 853.
