4034 6298
280 362 395 424 573
1319 388 1324 393 θ
1721 356 2108 416 ΕΡΙΞΤΟΙΑΕ.
3448 375 3554 432 5'”

285 476 552 550 intelligit.
585 475 718 533 Cum
746 474 890 532 enim
917 474 1289 547 principaliter
1327 491 1386 532 se
1418 474 1667 555 futurum
1688 458 1869 529 Domi-
1897 477 1945 535 Α
1973 476 2354 545 scriptionibus
2375 481 2575 537 nostris
2597 483 2843 537 certatim
2874 476 3266 548 roboravimus;
3296 495 3554 544 utnostra
3629 482 3635 489 ’

242 605 251 645 ε
282 584 386 625 nus
408 565 565 624 Jesns
586 567 904 638 polliceatur
929 582 1050 622 cum
1080 568 1163 622 his
1191 566 1281 637 qui
1312 579 1337 608 ι
1366 566 1639 637 principes
1660 565 1874 635 religio-
1976 569 2332 624 unaiiimitate
2375 581 2645 642 comperta
2673 614 2688 639 ,
2738 584 2917 629 votum
2962 590 3168 631 summa
3211 579 3556 647 properantia

246 654 250 658 Α
282 662 369 716 nis
387 662 649 723 existunt,
671 672 777 713 non
800 658 1035 730 patimur
1064 658 1152 713 diu
1175 673 1363 714 carere
1379 657 1642 723 antistite,
1670 657 1698 696 δ
1722 654 1874 725 cujus
1975 662 2310 734 complestis.

278 748 537 810 doctrina
565 752 632 808 ad
660 752 889 806 salutem
914 758 1153 805 nostram
1181 751 1550 815 instituamur,
1576 759 1598 788 ο
1625 746 1872 818 exemplo

281 844 658 908 informemur,
683 840 1149 896 benedictionibus
1174 841 1227 894 in
1255 840 1473 895 nomine
1504 839 1715 894 Domini
1757 854 1863 893 mu-

280 935 520 991 niantur.
552 933 703 1003 Ejus,
732 939 917 1002 utpote
935 931 1201 986 bonorum
1224 933 1463 987 omnium
1484 931 1741 997 auctoris,
1773 946 1870 987 ne-

259 1038 555 1096 'quaquam
581 1039 681 1080 nos
719 1040 847 1083 cura
894 1024 1182 1079 destitutos
1228 1024 1535 1083 ﬁrmissime
1582 1023 1871 1088 credimus,

281 1114 414 1177 dum
440 1115 552 1183 ipse
582 1128 745 1168 curas
769 1119 982 1167 nostras
998 1128 1091 1189 sua
1108 1112 1393 1168 clementia
1420 1111 1652 1177 sustulit,
1676 1120 1731 1166 et
1751 1120 1873 1165 vota

279 1204 531 1261 ultronea
552 1204 883 1274 benignitate
905 1192 1184 1274 praevenit.
1214 1203 1456 1274 Namque
1490 1204 1607 1273 ipse
1637 1203 1689 1257 in
1722 1201 1875 1272 cujus

278 1313 449 1355 manu
486 1312 581 1352 cor
609 1297 753 1365 regis
786 1303 901 1359 est,
948 1294 1166 1366 gloriosi
1203 1293 1407 1350 domini
1445 1292 1615 1350 nostri
1654 1291 1872 1363 Caroli,

276 1387 736 1460 quemadmodum
777 1385 933 1456 plene
962 1384 1283 1439 conﬁdimus
1310 1424 1325 1450 ,
1369 1384 1536 1441 menti
1581 1382 1773 1440 infudit
1817 1391 1876 1436 ut

262 1480 401 1550 ‘ejus
423 1493 521 1533 nos
549 1476 795 1547 regimini
821 1474 848 1514 ἀ
875 1476 1272 1542 committeret,
1309 1491 1470 1544 quem
1501 1475 1553 1529 in
1585 1473 1780 1529 divinis
1816 1481 1874 1531 et

276 1566 538 1624 humanis
570 1567 731 1620 rebus
769 1565 851 1619 sui
892 1565 1213 1620 ﬁdissimum
1261 1564 1443 1619 multis
1486 1564 1872 1634 experimentis

273 1660 583 1731 probasset.
628 1657 796 1727 Igitur
839 1656 930 1711 Dei
976 1670 1221 1726 pronam.
1251 1656 1304 1710 in
1352 1671 1450 1710 nos
1487 1655 1873 1725 amplectentes

276 1748 711 1806 misericordiam
739 1788 754 1813 ,
806 1757 862 1803 et
911 1748 1053 1819 regis
1102 1749 1269 1802 nostri
1315 1748 1462 1817 piam
1514 1748 1873 1815 suspicientes

274 1839 698 1912 providentiam,
722 1836 1009 1903 eiEneam,
1034 1837 1185 1905 cujus
1198 1838 1466 1907 prmeonia
1489 1836 1864 1907 praemisimus,
1896 1822 1944 1883 Β

276 1933 625 1989 concorditer
639 1945 827 1985 omnes
847 1930 1118 2000 eligimus,
1142 1928 1368 1984 Eneam
1388 1939 1616 2002 patrem,
1640 1930 1867 1985 Eneam

262 2024 591 2094 pontiﬁcem
645 2022 843 2076 habere
889 2027 1157 2091 optamus.
1212 2019 1469 2087 Quamvis
1513 2020 1656 2075 enim
1720 2016 1868 2075 tanta

266 2116 567 2187 prudentia
599 2130 664 2170 ac
690 2113 961 2186 probitate
985 2111 1515 2184 prtecellentissimus
1550 2125 1642 2166 rex
1687 2121 1870 2167 noster

259 2208 512 2280 polleat,
553 2214 611 2260 ut
652 2205 823 2261 solum
861 2204 978 2274 ejus
1012 2204 1273 2274 judicium
1312 2204 1379 2261 de
1420 2204 1536 2259 viro
1570 2213 1870 2260 memorato

270 2307 464 2368 posset
510 2293 794 2359 suﬁicere,
849 2303 1027 2361 tamen
1080 2293 1408 2356 conditionis
1460 2295 1709 2350 humana:
1760 2310 1868 2350 non

273 2388 482 2454 nescii,
527 2387 940 2457 futurorumque
986 2386 1220 2451 curiosi,
1269 2387 1566 2441 aulicorum
1617 2402 1716 2443 nos
1767 2388 1868 2458 ipi

271 2479 614 2549 propositum
642 2492 706 2532 ac
726 2492 907 2533 mores
926 2476 1081 2547 longe
1103 2476 1256 2547 prius
1276 2475 1630 2546 inspeximus;
1653 2487 1701 2533 et
1728 2477 1871 2533 inter

281 2565 447 2639 148
487 2578 681 2635 graves
722 2563 1139 2634 probabilesque
1186 2578 1445 2635 personas
1484 2575 1539 2620 et
1580 2567 1871 2623 sanctitate

275 2652 554 2713 ferventes
595 2657 739 2711 hunc
782 2669 944 2725 quem
993 2655 1289 2716 antistitem
1337 2656 1537 2719 habere
1582 2658 1865 2727 cupimus,

277 2759 545 2822 quotquot
574 2765 697 2806 eum
729 2763 890 2804 nosse
918 2748 1222 2817 potuimus,
1254 2758 1315 2802 ut
1355 2763 1497 2803 nunc
1536 2748 1714 2817 palam
1751 2756 1864 2813 est,

276 2844 486 2912 absque
509 2854 694 2894 errore
725 2840 1219 2894 annumeravimus.
1260 2838 1523 2904 Proinde,
1560 2840 1731 2895 sancti
1767 2839 1870 2894 Pa-

278 2942 414 2997 tres,
441 2930 746 2986 annitimini
769 2945 838 2985 ne
854 2929 1110 2984 dilatione
1137 2929 1303 2983 divini
1330 2937 1384 2983 et
1412 2928 1432 2967 τ
1461 2930 1592 3001 regii
1621 2929 1867 2986 beneﬁcii

279 3034 652 3093 torqueanmr;
677 3021 770 3075 sed
798 3019 952 3075 nobis
982 3018 1259 3089 suspensis
1282 3060 1296 3083 ,
1337 3020 1494 3079 nobis
1517 3020 1870 3083 desideranti-

277 3116 417 3180 bus,
458 3112 615 3169 nobis
656 3110 1054 3184 ﬂagitantibus,
1093 3118 1324 3181 ponatur
1362 3110 1612 3166 celeriter
1645 3112 1865 3167 lucerna

278 3223 446 3277 super
484 3205 899 3269 candelabrum;
935 3212 994 3258 ut
1020 3202 1199 3257 lumen
1231 3203 1477 3258 veritatis
1504 3203 1734 3275 pepulus
1773 3204 1866 3260 Dei

278 3300 487 3362 videat,
519 3305 573 3352 et
592 3294 783 3351 aemula
808 3292 1113 3357 devotione,
1139 3292 1386 3364 praesulis
1408 3295 1632 3365 vestigia
1658 3304 1865 3361 tenens,

278 3390 623 3459 sempiternre
674 3384 993 3441 beatitudini
1050 3393 1400 3457 praeparetur.
1467 3385 1865 3442 Professionem

281 3495 414 3534 vero
455 3478 624 3533 nostri
667 3490 964 3533 consensus
994 3476 1046 3530 in
1076 3474 1305 3531 :Eneam
1338 3476 1447 3532 Deo
1471 3488 1740 3534 annuente
1770 3494 1870 3550 per

283 3579 529 3626 vestrum
561 3569 918 3623 ministerium
960 3567 1115 3621 nobis
1143 3566 1380 3620 futurum
1418 3568 1711 3624 antistitem
1742 3570 1869 3625 sub-

358 3700 386 3728 ε
412 3683 684 3755 Principes
706 3683 989 3753 religionis.
1016 3683 1191 3755 [dest
1208 3683 1509 3755 episcopos.
1529 3683 1663 3738 Nam
1688 3685 1869 3746 Eccle-

283 3759 366 3814 sia
399 3764 483 3810 est
523 3755 575 3809 in
597 3753 870 3824 episcopis
892 3794 908 3818 ,
946 3762 1006 3807 ut
1032 3753 1122 3825 ait
1157 3753 1455 3825 Cyprianus
1484 3754 1722 3825 inhepist.
1758 3757 1826 3811 69
1850 3797 1865 3821 ,

282 3828 377 3899 qui
402 3822 691 3899 additeunt
709 3827 799 3899 gui
821 3840 937 3877 cum
961 3822 1420 3899 episcopolrjonsil,
1442 3825 1496 3878 in
1515 3822 1745 3899 Ecdesia
1765 3841 1868 3887 nou

232 3924 253 3935 -
283 3892 416 3954 Esse.
454 3895 605 3952 Unde
625 3901 679 3949 et
703 3892 1014 3965 frequenter
1038 3892 1610 3965 apudﬂieronyﬁmum,
1635 3893 1865 3958 Leonem

238 3999 251 4009 -
280 3967 568 4040 Magnum,
597 3973 652 4020 et
677 3962 1093 4040 alibi‘vocantur
1118 3962 1373 4040 principes
1400 3962 1680 4040 Ecciesire,
1725 3966 1868 4040 quod

282 4032 429 4095 ideﬁt
472 4045 557 4092 est
595 4050 663 4105 ac,
696 4035 952 4105 principes
999 4032 1293 4105 religionis.
1328 4033 1633 4105 Pontiﬁces
1658 4032 1870 4090 vocavit

282 4109 567 4179 magistros
592 4102 1075 4177 religionisArator
1094 4103 1453 4159 subdiaconus
1479 4102 1531 4157 in
1553 4104 1779 4174 epistola
1801 4106 1867 4160 ad

281 4177 654 4234 Parthenium.

356 4247 387 4289 ι’
421 4248 585 4318 Cujus
606 4245 868 4299 doctrina.
889 4243 1136 4318 Episcopi
1162 4244 1305 4318 enim
1330 4252 1416 4318 est
1437 4244 1632 4318 docere
1657 4243 1867 4316 plebem

282 4319 387 4375 sibi
412 4314 817 4386 sttbjectam,_ut
844 4314 910 4369 ad
934 4314 1215 4384 epistolam
1245 4315 1311 4369 79
1347 4316 1600 4372 diximus.

360 4399 383 4427 ο
413 4383 693 4458 Exemplo.»
731 4383 847 4458 Non
884 4383 1057 4458 solum
1095 4386 1620 4458 doctrinamsanam
1656 4386 1868 4457 populis

281 4459 388 4517 sibi
422 4456 728 4514 commissis
764 4456 924 4511 debet
961 4456 1245 4525 episcopus
1272 4497 1286 4521 ,
1332 4456 1426 4511 sed
1466 4459 1630 4511 etiam
1660 4456 1866 4512 bonum

2479 755 2818 812 EPISTOLA
2854 752 3035 815 XCIX.

2263 862 2593 905 ηεεωιιιιτωι
2622 865 2985 906 εριεεοροιιωί
3010 868 3078 906 AD
3107 869 3269 908 IPSOS.

2044 936 2305 1001 Gnenilo,
2352 948 2552 993 sanctae
2598 940 2878 997 Senonica:
2922 945 3067 999 sedis
3110 944 3556 1015 metropolitanus

1973 1029 2275 1099 episcopus;
2303 1030 2330 1069 ε
2354 1029 2690 1093 Ιιεινίἓοιώιε,
2713 1032 3038 1089 Antisiodori
3062 1035 3364 1106 cpiscopus;
3390 1037 3555 1106 Agius

1973 1119 2408 1182 Aurelianorum,
2440 1120 2765 1176 Prudentius
2791 1120 3246 1187 'l‘ricassinorum,
3274 1124 3556 1180 lleriman-

1973 1224 2077 1263 nus
2095 1206 2528 1275 Nivernensium,
2546 1205 2866 1266 Frotbaldus
2879 1209 3195 1278 Carnutum,
3217 1212 3553 1282 llildegarius

1975 1296 2293 1364 Meldorum,
2322 1298 2467 1354 clero
2498 1300 2686 1355 matris
2712 1301 2956 1357 ecclesia:
2981 1301 3309 1357 Parisiorum
3334 1312 3389 1359 et
3426 1319 3543 1365 cuug

1975 1390 2076 1444 ctis
2100 1389 2151 1443 in
2177 1390 2403 1445 diversis
2424 1391 2684 1447 emnobiis
2705 1391 2803 1447 sub
2828 1407 2890 1446 ea
2919 1392 3029 1448 Deo
3049 1394 3400 1450 militantibus
3415 1393 3559 1449 salu-

1975 1486 2105 1534 tem.
3292 1529 3296 1533 .

2047 1571 2123 1626 De
2144 1586 2369 1626 excessu
2392 1573 2812 1628 reverentissimi
2837 1574 3139 1646 coepiscopi
3168 1576 3336 1630 nostri
3360 1575 3559 1631 Ercan-

1976 1661 2092 1715 radi
2123 1677 2227 1715 non
2254 1660 2601 1717 mediocriter
2621 1664 2787 1727 anxii,
2816 1663 3090 1733 vestrique
3112 1665 3362 1720 memoris
3387 1665 3558 1734 parti-

1966 1751 2143 1821 cipes,
2175 1751 2387 1807 tandem
2414 1752 2728 1823 justissima:
2750 1752 3119 1823 dispositionis
3140 1754 3232 1809 Dei
3262 1771 3553 1820 memores,

1972 1840 2399 1895 consolationem
2446 1842 2775 1912 recipimus,
2824 1842 2949 1896 dum
3001 1858 3095 1897 vos
3138 1844 3239 1897 sub
3267 1844 3294 1882 ιι
3338 1854 3555 1913 pastore

1920 1967 1930 1979 ι
1972 1932 2115 1989 bono
2141 1944 2364 2004 agentes
2388 1975 2403 1999 ,
2444 1935 2534 2003 qui
2561 1950 2770 1989 summe
2797 1933 3008 1989 bonnus
3037 1933 3196 2006 149
3217 1942 3318 1996 est,
3354 1935 3371 1974 ί
3405 1934 3554 1988 vica-

1974 2026 2112 2080 rium
2135 2026 2251 2096 ejus
2271 2025 2480 2081 scilicet
2502 2025 2791 2090 visibilem,
2819 2025 3212 2095 ministeriique
3235 2024 3404 2079 nostri
3427 2040 3557 2079 con-

1973 2124 2172 2170 sortem
2199 2155 2213 2177 ,
2246 2115 2448 2183 absque
2473 2113 2728 2169 dilatione
2751 2122 3005 2184 expetere
3033 2113 3229 2168 vestris
3257 2113 3450 2168 litteris
3479 2121 3557 2168 te-

1974 2208 2227 2262 nentibus
2278 2204 2450 2260 lineas
2494 2206 2720 2261 rationis
2767 2205 3137 2276 cognovimus.
3187 2203 3554 2274 Plut-paratum

1972 2296 2117 2350 enim
2140 2312 2171 2350 a
2195 2297 2304 2350 Deo
2325 2295 2373 2350 ei
2400 2295 2596 2354 bonum
2618 2286 2823 2349 exitum
2846 2294 3136 2359 credimus,
3161 2293 3314 2363 cujus
3334 2308 3557 2348 munere

1974 2384 2135 2440 talem
2167 2385 2411 2441 videmus
2456 2394 2644 2459 patere
2680 2385 3001 2455 ingressum.
3049 2385 3364 2453 Quanquam
3401 2382 3557 2437 nobis

1973 2475 2186 2538 futurus
2219 2490 2361 2533 nunc
2390 2476 2569 2530 socius
2594 2474 2719 2529 olim
2752 2475 2852 2529 fuit
2873 2475 3233 2547 praecognitus
3271 2484 3324 2529 et
3361 2473 3555 2529 merito

1972 2584 2084 2623 suae
2105 2566 2390 2638 probitatis
2406 2564 2673 2620 amabilis.
2701 2564 2830 2631 Quis
2848 2564 2991 2618 enim
3011 2564 3092 2619 vel
3113 2563 3304 2617 leviter
3333 2561 3346 2612 i
3381 2562 3557 2634 tetigit

1972 2659 2228 2730 palatium
2257 2662 2342 2713 cui
2373 2657 2526 2712 labor
2562 2654 2753 2714 JEnea:
2784 2672 2888 2712 non
2931 2657 3163 2711 innotuit
3197 2665 3251 2711 et
3287 2656 3469 2712 fervor
3501 2659 3554 2711 in

1974 2748 2172 2804 divinis
2199 2750 2360 2804 rebus
2390 2765 2497 2802 non
2526 2748 2817 2818 apparuit?
2847 2748 3209 2817 Quamobrem
3234 2748 3553 2803 electionem

1972 2847 2211 2895 vestram
2235 2840 2286 2896 iu
2310 2855 2374 2893 eo
2400 2839 2600 2896 factam
2623 2840 2732 2893 Deo
2754 2840 2987 2909 propitio
3008 2838 3237 2894 libenter
3256 2829 3552 2909 sequimur,

1973 2942 2031 2987 ut
2057 2948 2180 2988 eum
2208 2930 2544 3002 profuturum
2573 2930 2770 3002 populo
2791 2932 2909 3002 ejus
2937 2932 3003 2986 ad
3030 2932 3346 3002 dignitatem
3374 2931 3556 3002 ponti-

1973 3021 2165 3079 ficatus
2198 3022 2621 3091 promerendum
2665 3021 3008 3076 concorditer
3046 3023 3420 3075 decernamus.
3473 3020 3558 3075 Sit

1975 3113 2134 3186 igitur
2157 3114 2307 3168 vobis
2327 3123 2531 3186 pastor,
2554 3114 2645 3184 qui
2670 3129 2769 3185 pro
2796 3114 2907 3168 suis
2928 3113 2980 3168 in
2997 3112 3164 3167 Deum
3191 3112 3399 3167 meritis
3421 3111 3558 3166 bene

1972 3207 2316 3277 complacuit;
2347 3216 2401 3260 et
2424 3214 2713 3275 sequentes
2741 3204 2858 3275 ejus
2886 3220 3131 3260 veracem
3159 3204 3479 3267 doctrinam,
3504 3212 3558 3258 et

1969 3308 2154 3355 sancta
2178 3313 2339 3368 opera
2363 3297 2659 3360 imitantes,
2687 3297 2754 3350 ad
2777 3295 3016 3351 cmlestis
3038 3297 3185 3366 regni
3212 3310 3409 3365 pascua
3433 3309 3559 3366 pro-

1971 3398 2158 3460 peratc
2189 3387 2392 3443 felices.
2423 3384 2761 3442 Ordinationi
2791 3394 2968 3441 autem
2991 3384 3108 3454 ejus
3139 3385 3558 3454 subscripsimus

1969 3479 2313 3534 concorditer
2337 3477 2606 3541 universi,
2648 3487 2708 3530 ut
2732 3475 2905 3531 securi
2935 3475 3237 3531 ministerio
3275 3476 3557 3547 petestatis

1970 3568 2087 3645 ejus
2114 3568 2388 3624 fruamini.

1972 3740 1983 3749 ,
2041 3682 2067 3730 ά
2098 3680 2471 3735 Committeret.
2497 3679 2631 3736 Hinc
2651 3677 2919 3749 colligitur
2941 3678 3127 3733 solitos
3150 3687 3263 3731 tum
3285 3677 3555 3749 principes

1969 3748 2242 3825 praeﬁci-re
2269 3752 2585 3825 vacantibus
2620 3748 2875 3825 Ecclesiis
2898 3748 3414 3825 episcoposprOpria
3454 3763 3557 3800 au-

1971 3817 2347 3885 ctoritate,‘ut
2377 3820 2443 3873 ad
2473 3819 2757 3885 epistolam
2786 3819 2846 3873 8|
2881 3817 3117 3871 difvimus
3138 3857 3153 3880 ,
3185 3817 3555 3885 inexspectata

1970 3894 2133 3949 etiam
2165 3890 2293 3945 cieri
2320 3904 2384 3944 ac
2419 3888 2589 3959 plebis
2618 3888 2903 3958 petitione;
2944 3896 3129 3957 postea
3174 3896 3349 3959 tamen
3388 3888 3557 3958 impe.

1970 3973 2143 4019 ratam
2177 3955 2529 4023 electionem,
2560 3955 2664 4028 qua
2695 3955 3016 4028 consensum
3058 3973 3219 4028 suum
3258 3955 3436 4013 clerus
3467 3955 3556 4014 'te-

1971 4044 2225 4097 staretur;
2259 4031 2400 4100 quod
2430 4027 2595 4085 etiam
2626 4029 2679 4083 in
2718 4027 3107 4100 constituendis
3140 4027 3426 4085 abbatibus
3460 4032 3557 4086 ob-

1974 4103 2199 4173 tinuisse
2226 4096 2601 4173 adnotavimus
2621 4100 2688 4154 ad
2718 4097 2999 4173 epistolam
3019 4096 3117 4173 fit).

2047 4186 2072 4214 ο
2103 4172 2351 4230 /Eueam.
2383 4169 2565 4225 Virum
2608 4168 2786 4238 magni
2831 4168 3064 4223 nominis
3101 4183 3198 4240 per
3227 4182 3320 4224 eas
3347 4176 3554 4240 tempe-

1971 4252 2172 4305 states,
2216 4242 2376 4297 editis
2405 4242 2568 4296 etiam
2614 4239 3076 4301 lucubrationibus
3109 4239 3335 4295 clarum.
3365 4239 3556 4295 ExStat

1973 4317 2027 4371 in
2056 4314 2278 4368 Thuana
2310 4311 2632 4366 bibliotheca
2664 4319 2817 4365 vetus
2839 4310 3005 4365 codex
3039 4325 3141 4364 ms.
3174 4310 3226 4363 in
3253 4325 3361 4378 quo
3383 4314 3555 4364 conti-

1971 4394 2131 4459 vtetur
2148 4397 2284 4453 opus
2312 4382 2468 4459 istius
2487 4381 2675 4459 zEnegc
2694 4379 2937 4459 episcopi
2949 4379 3272 4459 Parisiensis
3294 4380 3555 4459 adversus

1972 4447 2213 4517 Graecos,
2241 4454 2382 4523 quod
2415 4447 2771 4523 inpulilicum
2798 4447 2962 4523 exivit
2989 4464 3154 4520 opera
3183 4448 3367 4503 domui
3395 4447 3555 4503 Luca:

280 4528 498 4585 vivendi
526 4525 827 4594 exemplum
847 4566 862 4589 ,
895 4535 952 4579 ut
974 4522 1135 4595 supra
1148 4522 1365 4581 'dictum
1394 4535 1478 4581 est
1521 4528 1574 4581 in
1621 4528 1765 4581 notis
1799 4528 1866 4583 ad
1896 4535 1945 4595 Ι)
1973 4525 2242 4595 Dacherii,
2264 4522 2531 4595 monachi
2549 4522 2906 4595 Benedictiui.

281 4596 716 4671 epistolam‘7_9.
773 4595 944 4657 Nam,
998 4596 1866 4671 ut_ait-ArnulplnisLepiscopus

278 4665 635 4730 beoviensis
658 4666 709 4719 in
728 4679 976 4721 sermone
999 4665 1180 4722 habito
1202 4666 1255 4720 in
1277 4667 1504 4729 concilio
1523 4665 1822 4723 Turoneusi
1849 4687 1863 4728 ς

286 4762 306 4794 ι
328 4740 602 4795 Sanctitas
623 4736 1395 4808 conversationisinquiritur;
1426 4739 1550 4808 quia
1579 4738 1682 4805 nisi
1705 4738 1869 4794 fuerit

277 4808 655 4886 praedicatoris
679 4806 1121 4886 commendabilis
1144 4807 1277 4886 vita,
1310 4823 1415 4861 non
1446 4806 1559 4886 erit
1582 4807 1697 4879 ejus
1722 4824 1863 4882 prce-

281 4875 485 4937 dicatio
516 4879 774 4952 gratiosa.
798 4875 966 4944 Cujus
992 4877 1136 4943 enim
1157 4877 1265 4931 vita
1289 4875 1673 4952 contemnitur,
1698 4875 1867 4934 rcstat

279 4960 344 5021 ut
376 4960 432 5021 et
460 4947 774 5021 praedicatio
801 4955 1262 5021 con_t_emnatur;_i
1311 4948 1752 5021 quod_s_umptum
1796 4964 1866 5021 ex

279 5019 347 5075 B.
377 5016 638 5091 Gregorio
679 5020 834 5091 docet
870 5016 1190 5091 Hincmarus
1218 5017 1269 5070 in
1296 5032 1420 5091 cap.
1447 5016 1516 5073 56
1550 5016 1868 5091 posterioris

278 5091 467 5161 operis
491 5085 752 5161 adversus
780 5085 1250 5161 Gotteschalcum‘,
1294 5087 1534 5161 itemque
1576 5088 1702 5150 Atto
1734 5087 1866 5161 Ver-

279 5156 535 5216 cellensis
559 5159 844 5229 episcopus
872 5159 924 5212 in
951 5157 1174 5229 epistola
1203 5156 1411 5229 8,_qu:e
1430 5158 1553 5229 data
1577 5166 1663 5227 est
1690 5159 1757 5212 ad
1780 5173 1867 5214 sa-

280 5231 537 5286 cerdotes
565 5225 620 5284 et
642 5225 922 5297 ministros
948 5225 1000 5281 in
1027 5227 1249 5285 dimcesi
1276 5225 1601 5297 Vercellensi
1621 5225 1864 5283 cummo-

280 5311 489 5356 rantcs.
524 5294 823 5367 Utrumque
849 5313 978 5368 ergo
1007 5299 1369 5363 necessarium
1397 5306 1494 5362 est.
1524 5294 1741 5353 Utinam
1770 5313 1866 5352 an-.

282 5379 395 5425 lem
419 5384 690 5438 nunquam
712 5370 1009 5438 contingat,
1025 5368 1166 5438 quod
1189 5377 1366 5423 tamen
1389 5368 1584 5437 saepius
1603 5368 1864 5423 accidisse

281 5440 561 5511 legimus,
601 5448 657 5511 ut
696 5438 748 5511 in
788 5438 1733 5511 Ecclesiaconstituantur‘_episeopi
1766 5440 1863 5511 qui

284 5508 427 5582 adeo
454 5509 659 5582 indigni
690 5509 797 5582 sint
824 5524 892 5582 ea
914 5508 1172 5582 dignitate
1194 5517 1254 5561 ut
1282 5523 1387 5562 nou
1418 5508 1590 5582 solum
1619 5508 1829 5582 populis
1848 5549 1863 5575 ,

284 5580 384 5653 sed
415 5594 482 5653 ne
510 5578 615 5653 sibi
636 5578 851 5649 quidem
880 5578 1012 5647 ipsis
1039 5578 1294 5653 prodesse
1316 5578 1523 5648 possint
1547 5598 1564 5653 _:
1601 5578 1705 5634 viri
1728 5580 1865 5635 adeo

286 5649 548 5706 incuriosi
597 5663 779 5720 rerum
834 5648 1055 5704 suarum
1092 5650 1162 5702 ut
1202 5648 1368 5720 etiam
1414 5650 1657 5704 nesciant
1701 5664 1861 5720 quam

285 5730 554 5775 rationem
615 5718 871 5774 reddituri
927 5722 1035 5775 sint
1087 5735 1297 5775 summo
1349 5718 1556 5774 Pastori
1605 5718 1819 5777 Christo
1848 5762 1862 5783 ,

288 5790 488 5863 quidve
512 5788 742 5851 debeant
763 5805 819 5845 o\
835 5789 951 5846 ibus
983 5790 1352 5861 gubernationi
1400 5806 1508 5857 sum
1539 5791 1870 5864 commissis,

2048 4596 2067 4635 τ
2106 4594 2252 4664 Regii
2300 4593 2554 4663 beneﬁcii.
2615 4592 2711 4648 llic
2766 4591 3006 4664 divinum
3052 4586 3373 4643 beneﬁcium
3415 4603 3552 4664 _cum

1973 4656 2123 4736 regio
2164 4656 2498 4736 Eonjuugu'nt
2536 4665 2595 4736 in
2630 4658 3168 4736 electionezﬁnee,
3200 4670 3342 4736 -quze
3408 4656 3551 4711 facta

1972 4728 2152 4791 qurat
2184 4751 2214 4788 a
2252 4728 2512 4805 principe.
2552 4731 2709 4788 Unde
2751 4730 3021 4805 colligitur
3055 4728 3393 4805 existimasse
3438 4738 3550 4805 turn

1972 4773 2214 4865 33550;
2240 4773 3035 4874 .regemvvicediv'ina
3067 4797 3397 4866 constituere
3433 4798 3550 4867 epi-

1971 4892 2183 4946 scopos.
2222 4875 2351 4931 Vide
2377 4867 2542 4946 Notas
2567 4867 2641 4946 ad
2660 4868 2940 4942 epistolam
2964 4867 3053 4946 29.

2047 4938 2079 4989 ε’
2107 4946 2443 5001 Heribaldus.
2474 4938 2814 5000 Manifestum
2837 4950 2920 4994 est
2940 4938 3143 4992 nullum
3174 4952 3270 5006 per
3289 4951 3382 4992 eas
3408 4944 3549 4992 tem-

1967 5027 2205 5087 pestates
2228 5017 2540 5087 episcopum
2563 5011 3082 5087 Antissimlorensem
3105 5006 3549 5087 fuissenlleriber:

1968 5077 2102 5143 inm.
2128 5077 2314 5154 Itaque
2334 5077 2450 5152 eju's
2472 5097 2665 5154 nomen
2689 5079 3168 5154 hincsustulimus,
3192 5088 3255 5154 ut
3270 5077 3542 5132 Heriboldi

1964 5149 2433 5218 substitueremus.
2458 5152 2625 5221 Hujus
2645 5153 2788 5207 enim
2815 5149 3069 5221 frequens
3095 5152 3295 5203 mentio
3322 5156 3404 5221 est
3430 5157 3543 5204 tum

1967 5229 2021 5283 in
2051 5229 2135 5282 his
2162 5225 2426 5297 epistolis,
2454 5218 2566 5277 tum
2589 5223 2752 5297 etiam
2781 5220 2928 5297 alibi.
2947 5220 3024 5297 _ln_
3036 5234 3148 5297 quo
3173 5218 3342 5297 secuti
3360 5231 3549 5273 sumus

1966 5290 2398 5361 etneltdatiOIIettt
2430 5294 2610 5361 magni
2640 5292 2759 5361 veri
2777 5290 2960 5347 Jacobi
2992 5290 3287 5361 Sirmondi.

2039 5370 2065 5408 ιι
2095 5365 2316 5429 Ραειοτε
2342 5368 2493 5420 bono.
2522 5359 2580 5419 id
2608 5372 2710 5426 est,
2732 5359 2969 5426 Christo,
2994 5359 3085 5429 qui
3117 5369 3336 5417 vocatur
3362 5367 3551 5430 pastor

1965 5439 2139 5493 bonus
2165 5439 2217 5491 in
2244 5436 2416 5490 sacris
2436 5434 2866 5489 Christianorum
2896 5431 3069 5485 libris.
3340 5450 3345 5455 η
3538 5448 3545 5463 θ

2044 5511 2059 5549 ί
2101 5506 2364 5561 Vitorium
2389 5506 2525 5577 ejus.
2557 5504 2611 5558 ld
2634 5513 2734 5565 est,
2766 5501 2988 5577 Christi.
3016 5499 3547 5577 {Eneamcrgo-Pa-

1966 5578 2251 5632 risiensem
2301 5568 2612 5647 episcopum
2653 5575 2888 5646 appellat
2930 5572 3194 5627 visibilem
3226 5568 3429 5625 Christi
3471 5570 3544 5625 vi<

1966 5648 2193 5702 cariem.

1958 5752 1963 5755 Α
2040 5731 2056 5791 γι
2100 5716 2281 5791 Tetigtt
2314 5718 2567 5791 palatium
2637 5718 2691 5773 Id
2742 5725 2820 5773 cst
2850 5756 2864 5783 ,
2910 5721 3155 5771 versatus
3202 5719 3283 5768 est
3325 5708 3379 5763 in
3424 5706 3550 5770 aula

1969 5790 2223 5871 principis
