4034 6298
479 316 584 373 575

1061 429 1388 488 EPiSTOLA
1435 431 1495 486 C.

1100 533 1124 560 ⁸
1162 535 1473 576 Αωιοδιτιο.

561 612 796 666 Diversis
819 611 973 665 malis
999 610 1195 673 amicti,
1227 627 1445 666 causam
1472 609 1783 665 earumdem
1814 608 2076 662 malorum

485 701 746 757 debemus
791 715 1154 771 cognoscere,
1199 710 1253 754 et
1301 700 1593 770 cognitam,
1646 693 1941 752 auxiliante
1985 696 2078 751 Dei

489 791 880 852 misericordia,
920 791 1144 844 evitare.
1190 789 1422 845 Causam
1472 787 1848 858 prosperitatis
1893 797 1948 841 et
1987 787 2078 840 ad-

489 881 764 934 versitatis
828 881 1059 949 Spiritus
1101 890 1322 936 sanctus
1367 889 1554 950 aperte
1601 879 1935 933 demonstrat
1999 877 2084 932 bis

490 971 672 1024 verbis
710 987 722 1024 :
759 969 978 1023 Iustitia
1005 971 1166 1024 elevat
1195 981 1412 1040 gentem,
1458 971 1674 1024 miseros
1709 969 1836 1038 facit
1867 967 2084 1039 populos

489 1070 759 1130 peccatum
827 1059 1009 1130 (Prov.
1061 1067 1194 1131 le).
1240 1059 1528 1116 Peccatum
1569 1075 1675 1129 quo
1705 1058 1889 1113 miseri
1917 1056 2084 1112 cilici-

494 1165 616 1202 mur
661 1149 763 1203 boc
833 1166 954 1205 esse
1004 1151 1262 1207 credibile
1301 1159 1386 1206 est
1427 1151 1568 1220 quod
1616 1165 1738 1207 cum
1773 1149 1942 1204 simus
1983 1148 2089 1204 fide

489 1241 802 1301 Christiani,
825 1243 853 1281 ι’
876 1243 1204 1296 destruimus
1222 1241 1379 1295 factis
1401 1249 1642 1294 nostram
1669 1237 2084 1308 professionem.

493 1332 560 1386 Et
621 1333 745 1400 quia
795 1333 1108 1386 beatitudini
1168 1333 1510 1402 sempiterna!
1565 1330 1724 1401 150
1775 1329 2090 1383 felicitatem

494 1423 857 1492 praeponimus
905 1423 1275 1492 temporalem,
1317 1433 1372 1476 et
1413 1422 1596 1484 illam,
1647 1421 1749 1474 nisi
1799 1419 2091 1488 resipisca-

495 1527 638 1576 nms,
671 1513 966 1581 perdimus,
997 1522 1051 1566 et
1099 1514 1255 1576 banc,
1288 1528 1407 1580 qua:
1447 1511 1920 1580 quantulacunque
1969 1524 2093 1578 pos-

494 1613 576 1659 set
602 1619 744 1667 esse,
774 1605 818 1657 si
850 1605 983 1658 recti
1012 1620 1130 1658 esse
1152 1604 1432 1667 vellemus,
1473 1620 1576 1656 non
1616 1599 2088 1672 appreltendimus.

497 1692 632 1760 Quia
679 1711 812 1764 ergo
854 1696 1086 1750 vindicta
1126 1695 1216 1750 Dei
1249 1706 1302 1749 et
1333 1695 1385 1749 in
1435 1696 1536 1748 bac
1577 1693 1684 1747 vita
1719 1690 2094 1764 temporaliter

1519 310 1580 368 Β.
1615 310 1672 368 8.
1715 310 1873 368 LUPI
1911 303 2206 368 A'BBATIS
2240 313 2744 372 FERRARIENSIS

2100 434 2142 491 Λ
2175 432 2429 485 conteritur
2459 431 2673 503 (Matth.
2704 431 2780 504 ν).
2821 430 2898 484 ita
2929 429 3276 485 comminatio
3308 427 3424 497 ejus
3445 443 3554 483 non
3584 430 3755 484 vidca-

3639 315 3750 382 {76

2181 532 2267 576 tttr
2297 523 2450 577 nobis
2475 523 2918 593 contemptibilis,
2953 519 3041 575 Ver
3062 519 3141 576 illi
3168 537 3261 591 per
3278 537 3430 590 quem
3453 521 3753 575 scandalum

2183 612 2312 666 venit
2364 611 2578 682 (Matth.
2638 614 2816 679 xvttt);
2866 625 2931 664 ne
2987 610 3142 673 forte,
3205 610 3346 677 quod
3393 610 3509 678 ipse
3533 617 3754 672 avertat,

2179 702 2292 756 sola
2339 702 2540 755 vexatio
2569 702 2650 754 det
2678 700 2962 767 aliquando
3000 699 3317 754 intellectum
3364 698 3576 752 auditui
3625 696 3754 768 (ιω.

2185 791 2406 862 xxvtn);
2440 802 2498 845 ut
2526 790 2725 846 infelici
2751 791 3120 859 experimento
3144 790 3288 858 quod
3333 803 3476 842 nunc
3515 803 3624 842 non
3652 803 3762 844 cre-

2182 879 2380 944 dimus,
2412 889 2507 934 aut
2530 896 2630 936 nos
2674 881 2884 936 nescire
2913 879 3186 950 fingimus,
3217 881 3268 932 in
3300 878 3587 933 tormentis
3611 880 3762 946 positi

2183 971 2498 1025 sentiamus.
2529 970 2744 1024 Prcedas
2767 979 2820 1024 et
2850 970 3066 1040 rapinas
3093 968 3490 1024 conversationi
3515 967 3770 1022 Christiao

2187 1076 2270 1114 na:
2299 1061 2459 1114 nimis
2484 1061 2783 1116 contrarias
2817 1069 2872 1114 et
2915 1075 2944 1112 a
2991 1073 3158 1129 regno
3193 1057 3284 1112 Dei
3317 1058 3658 1112 miserrimos
3682 1072 3771 1112 ex-

2188 1153 2465 1208 cludentes
2508 1153 2724 1222 penitus
2763 1153 3113 1221 deponamus.
3163 1149 3360 1206 Contra
3387 1151 3487 1205 hos
3521 1149 3668 1204 enim
3699 1151 3773 1204 sic

2189 1261 2370 1301 sermo
2415 1246 2740 1316 apostolicus
2787 1245 2966 1300 fremit
3007 1263 3019 1297 :
3067 1245 3247 1314 Neque
3295 1236 3518 1316 rapaces
3564 1262 3770 1315 regnant

2192 1335 2525 1406 possidebunt
2553 1334 2604 1405 (l
2630 1333 2750 1388 Cor.
2779 1334 2875 1401 vt).
2902 1334 3007 1396 lio
3037 1335 3357 1390 Dei'timore
3382 1345 3548 1405 atque
3594 1352 3773 1391 arnore

2191 1423 2340 1480 lucra
2388 1424 2606 1494 prOpria
2659 1425 3097 1486 intermittanms,
3131 1426 3272 1478 bono
3305 1426 3581 1480 communi
3607 1436 3666 1483 et
3688 1443 3776 1496 pne
3846 1426 3862 1444 ⁸

2190 1513 2332 1568 blico
2344 1515 2592 1571 certatim
2607 1522 2660 1567 et
2678 1514 3005 1570 unanimiter
3017 1514 3382 1581 consulamus;
3411 1524 3470 1573 ut
3487 1515 3616 1569 dum
3633 1526 3774 1571 tran-

2193 1607 2512 1678 quillitatem
2535 1608 2781 1666 ﬁdelibus
2815 1619 3072 1679 praestare
3122 1611 3360 1675 nitimur,
3385 1623 3439 1668 et
3462 1611 3609 1667 vires
3632 1612 3780 1668 resis-

2197 1699 2340 1756 tendi
2369 1698 2676 1758 inlidelibus
2691 1704 3087 1771 recupcremus,
3105 1713 3156 1757 et
3172 1703 3316 1756 abeo
3330 1704 3421 1772 qui
3436 1714 3520 1757 est
3541 1703 3781 1774 omnipo-

495 1787 705 1858 incipit,
752 1796 805 1842 et
851 1803 884 1840 ιι
917 1803 1020 1856 quo
1045 1787 1113 1842 ad
1143 1787 1390 1850 alteram,
1417 1801 1537 1856 quic
1578 1785 1736 1838 linem
1764 1799 1870 1837 non
1901 1782 2083 1844 habet.
2120 1781 2162 1840 Β
2192 1791 2607 1862 tensutriusquc
2628 1793 2792 1862 pacis,
2819 1793 2871 1848 id
2891 1802 2996 1859 est,
3019 1794 3258 1865 etqua'is
3285 1809 3424 1848 nunc
3444 1809 3568 1848 esse
3590 1804 3779 1864 potest,

499 1877 604 1932 nisi
635 1877 918 1932 conversio
961 1877 1265 1942 subveniat,
1297 1874 1588 1946 pertendit,
1615 1883 1669 1927 et
1699 1873 1787 1928 hic
1831 1886 1972 1942 sape
1997 1870 2090 1924 bo-

501 1983 601 2022 nos
628 1970 766 2022 bona
799 1969 1110 2039 temporalia
1137 1969 1486 2031 comitantur,
1514 1966 1641 2020 alibi
1669 1975 1849 2022 autem
1873 1964 2090 2018 eosdem

500 2059 674 2114 bonos
714 2069 915 2112 :etcrua
963 2061 1100 2113 bona
1133 2066 1414 2120 coronant,
1439 2057 1550 2112 sive
1581 2054 1807 2126 prazlati,
1833 2053 1946 2108 sive
1968 2053 2093 2108 sub-

504 2148 623 2212 diti,
663 2164 853 2204 onmcs
901 2149 1230 2216 deponantus
1265 2147 1704 2209 excusationem;
1748 2153 1803 2198 ct
1843 2160 1964 2197 cum
1990 2143 2093 2197 sibi

503 2239 873 2308 unusquisque
915 2249 1154 2294 nostrum
1176 2241 1247 2294 sit
1271 2240 1520 2294 conscius
1548 2239 1601 2291 in
1638 2237 1835 2306 quibus
1863 2235 2096 2290 maxime

509 2329 679 2384 Deum
731 2330 975 2392 offendit,
1024 2331 1384 2385 communiter
1412 2346 1548 2383 cum'
1579 2338 1632 2382 ct
1658 2327 2096 2383 obedientcrau-

507 2419 722 2474 diamus
767 2431 1112 2474 monentem:
1160 2419 1358 2482 Redite,
1410 2417 1855 2486 frtri-oricatores,
1889 2414 1958 2467 ad
1987 2431 2095 2468 cor.

508 2507 610 2579 (Is.
643 2508 809 2578 XLVI).
840 2508 1118 2577 Itemque:
1159 2507 1456 2570 ervatnini,
1477 2505 1658 2558 nmmli
1684 2512 1866 2568 estote,
1897 2501 2101 2570 auferte

508 2599 705 2655 malum
733 2601 1102 2670 cogitationum
1127 2611 1411 2654 restrarum
1439 2599 1502 2650 ab
1527 2595 1690 2653 oculis
1715 2597 1860 2654 meis.
1883 2595 2103 2665 quiesci-

511 2702 560 2746 te
589 2708 742 2761 agere
777 2709 1034 2762 perverse,
1075 2693 1258 2745 discite
1299 2690 1600 2760 benefacere
1643 2689 1744 2758 (Is.
1795 2690 1866 2758 t);
1918 2696 1972 2742 ιιι
2005 2704 2102 2758 per

510 2782 846 2850 pmnitentta:
875 2783 1147 2835 salubrem
1174 2797 1390 2836 cursum
1420 2781 1798 2851 perveniamus
1831 2780 1898 2834 ad
1927 2778 2106 2833 indul-

510 2873 708 2941 gentiae
738 2872 1065 2926 tutissimum
1094 2883 1330 2940 portum.
1378 2871 1457 2926 Ita
1505 2871 1647 2924 enim
1678 2870 1974 2924 valebimus
1997 2886 2102 2924 non

514 2963 687 3018 solum
739 2962 972 3033 ellugere
999 2946 1153 3016 'tnala
1201 2961 1510 3032 praesentia,
1554 2976 1740 3015 verum
1768 2961 1932 3013 etiam
1963 2960 2102 3019 bona

520 3071 742 3125 sperare
768 3065 1018 3109 ventura.
1053 3056 1400 3109 Dediscamns
1431 3053 1540 3107 sola
1566 3053 1799 3106 carnalia
1831 3062 2102 3122 appetere.

2193 1889 2248 1935 et
2268 1881 2410 1936 illius
2431 1891 2974 1952 consunnnatte,qua:
2990 1884 3118 1938 solis
3137 1883 3322 1938 electis
3339 1883 3578 1948 dabitur,
3597 1884 3780 1952 gaudia

2194 1985 2613 2041 consequamur.
2644 1971 2778 2026 Illud
2820 1981 2998 2028 autent
3031 1974 3298 2028 neminem
3322 1982 3568 2027 nostrum
3599 1971 3785 2042 fugiat,

2195 2062 2495 2132 quibusque
2509 2061 3019 2132 doctissimisusquc
3029 2064 3095 2116 ad
3112 2073 3289 2116 nostra
3299 2079 3348 2116 ιιι
3361 2064 3780 2132 ωιςιιειιιρτοιιδρ

2198 2161 2310 2207 tttm
2323 2161 2375 2206 et
2391 2151 2682 2214 creditum,
2698 2153 2826 2223 quia
2839 2151 2866 2192 δ
2883 2168 2981 2223 per
2992 2153 3334 2208 concordiam
3351 2168 3533 2222 parva:
3547 2167 3637 2206 res
3648 2167 3785 2207 cres-

2196 2252 2341 2308 cent,
2360 2260 2458 2314 per
2471 2244 2796 2300 discordiam
2814 2244 3207 2302 veromaximze
3224 2243 3554 2308 dilabuntur;
3575 2259 3643 2298 ne
3659 2243 3785 2306 forte

2198 2335 2324 2388 dum
2341 2335 2588 2406 cupimus
2610 2344 2792 2394 nostra
2829 2333 3068 2390 securius
3093 2343 3274 2388 tenere
3288 2333 3370 2388 vel
3387 2335 3452 2388 ad
3479 2333 3682 2402 majora
3703 2349 3790 2390 ca-

2201 2425 2391 2495 pienda
2409 2423 2617 2479 felicius
2633 2421 3172 2492 eouscendere,justo
3195 2424 3284 2478 Dei
3297 2421 3504 2493 judicio
3521 2426 3676 2480 mina
3699 2439 3786 2480 nos

2203 2516 2375 2584 regni,
2401 2530 2562 2585 quam
2596 2515 2792 2569 nostris
2813 2515 3240 2570 dissensionibus
3280 2530 3671 2584 pneparamus,
3710 2515 3782 2568 in-

2201 2603 2379 2662 volvat
2401 2612 2456 2658 et
2481 2603 2532 2658 in
2556 2603 2848 2674 peruicient
2870 2604 3065 2667 animm
3087 2613 3142 2659 et
3167 2605 3420 2674 corporis
3437 2605 3744 2676 pertrahat.

2667 2733 2823 2805 152
2864 2734 3199 2790 EPISTULA
3243 2734 3325 2790 CI.

2795 2842 2860 2879 AD
2898 2843 3198 2893 EPISCOPOS,

2277 2937 2354 2992 De
2374 2938 2763 3008 peregrinorum
2795 2939 3100 3008 receptione,
3131 2955 3195 2993 ea:
3221 2948 3366 3008 parte
3395 2938 3729 2996 Gnertilonis.

2277 3048 2753 3104 Reverentissimis
2781 3049 3100 3118 prmsulibus
3139 3048 3305 3104 Italia:
3345 3058 3400 3105 et
3421 3049 3612 3106 Gallia:
3646 3059 3797 3106 caete-

517 3119 594 3200 Dc
621 3147 1014 3215 consequendis
1048 3145 1414 3215 spiritualilms
1445 3144 1733 3214 aliquando
1762 3119 2061 3211 cogitemus
2087 3159 2101 3205 ;
2132 3119 2177 3182 (εἶ
2213 3141 2391 3210 risque
2427 3141 2518 3194 Dei
2563 3139 2808 3194 fidelibus
2845 3140 3073 3195 Guenilo
3113 3139 3390 3197 Senonum
3435 3143 3800 3213 metropolita-

516 3247 570 3292 et
600 3247 660 3291 ιιι
685 3245 882 3293 nostrae
908 3238 1228 3309 cupi.litates
1270 3245 1637 3306 temperentur
1665 3245 1720 3290 ct
1749 3235 1963 3289 modum
2004 3233 2104 3288 ali-

517 3346 678 3400 quem
703 3338 944 3393 teneant,
967 3330 1151 3384 veniat
1175 3329 1403 3384 nobisin
1431 3328 1743 3382 memoriam
1761 3325 1904 3381 celer
1919 3341 2106 3380 comat

519 3423 780 3477 transitus
827 3438 962 3492 quos
1007 3422 1058 3476 in
1105 3421 1456 3491 dignitatibus
1490 3420 1741 3483 vidimus,
1790 3433 1890 3472 nec
1921 3416 2110 3470 oblivi-

522 3528 740 3567 scamur
781 3515 922 3581 quod
967 3527 1060 3567 eos
1095 3511 1335 3578 quotidie
1383 3509 1683 3578 chttinattt'.
1731 3507 1811 3562 Ad
1882 3515 2109 3560 moriens

524 3605 667 3658 enim
726 3604 843 3658 sine
890 3602 1292 3658 intermissione
1342 3614 1714 3670 properamus.
1785 3597 2114 3665 licpetamus

526 3707 707 3748 mores
735 3694 930 3762 quibus
957 3703 979 3730 ε
1014 3692 1117 3746 boc
1166 3705 1387 3761 regnum
1441 3689 1608 3743 crevit
1638 3697 1692 3743 et
1720 3688 1910 3760 viguit.
1949 3685 2116 3740 Nulla:

523 3785 633 3840 sint
655 3784 937 3848 factiones,
967 3783 1123 3838 nullze
1145 3782 1574 3851 conspirationes
1600 3782 1742 3836 inter
1769 3796 1884 3841 nos,
1913 3777 2001 3848 qui
2029 3793 2120 3846 pa-

527 3884 668 3930 trem
718 3875 1032 3929 invocamus
1080 3874 1271 3938 Dcum,
1322 3875 1516 3942 quibus
1561 3873 1748 3926 dicunt
1805 3869 2116 3930 Pontifices,

524 3965 637 4022 Pax
681 3981 855 4029 vocis,
903 3975 956 4019 et
995 3982 1093 4035 pro
1119 3965 1316 4036 quibus
1355 3980 1540 4018 omnes
1589 3963 1930 4018 concorditer
1961 3966 2122 4013 orant

527 4054 859 4118 sacerdotes,
888 4054 965 4108 Da
995 4055 1251 4124 propitius
1269 4071 1449 4125 parem
1490 4055 1543 4107 in
1583 4054 1762 4106 diebus
1802 4052 2015 4110 nostris,
2047 4055 2118 4110 et,

533 4142 656 4198 Pax
679 4143 887 4197 Domini
914 4147 978 4198 sit
1009 4161 1209 4213 semper
1237 4145 1521 4206 robiscum,
1565 4153 1620 4198 et
1665 4143 1858 4212 quibus
1883 4137 2122 4209 polliceri

531 4237 820 4309 dignatur:
867 4236 1019 4306 151
1052 4235 1203 4290 Beati
1231 4237 1458 4306 paciﬁci,
1489 4235 1734 4307 quoniam
1782 4232 1881 4299 lilii
1909 4231 2009 4285 Dei
2039 4245 2127 4284 ro-

605 4383 632 4412 ·
674 4369 823 4426 Itane
853 4370 1276 4424 admonitionem
1304 4369 1568 4423 Baronius
1596 4367 1671 4430 ait
1702 4365 1930 4434 jussisse
1959 4363 2128 4419 Caro-

536 4440 648 4511 lum
679 4456 856 4511 regem
891 4440 1030 4494 mitti
1066 4439 1135 4492 ab
1174 4439 1440 4511 episcopis
1485 4438 1549 4492 ad
1581 4437 1832 4511 populum
1847 4434 2125 4511 Διιιιὶιιδιξιιε-

526 4510 725 4580 jusque
742 4505 1076 4572 ilimceseos,
1109 4518 1167 4562 ut
1194 4505 1529 4580 abstirierettt
1568 4505 1860 4580 Christiani
1886 4521 1920 4580 a_
1942 4520 2129 4580 pecca-

535 4573 928 4650 tisfprmcipue
953 4596 1080 4634 vero
1105 4594 1135 4632 a
1167 4579 1490 4650 factionibus
1517 4588 1679 4647 atque
1706 4573 2125 4650 depraedationi-

531 4644 838 4718 busznod
861 4652 1178 4720 imperatum
1227 4649 1385 4720 aitin
1427 4644 1630 4720 synodo
1657 4663 1776 4718 qua:
1804 4647 1943 4716 apud
1969 4644 2126 4700 Cari-

534 4722 740 4779 siacum
769 4719 949 4775 habita
977 4730 1059 4775 est
1084 4735 1226 4774 anno
1254 4719 1379 4774 856.

611 4792 639 4832 δ
676 4791 1007 4846 Destrnimus
1056 4791 1233 4858 fartis.
1275 4789 1366 4844 Sic
1411 4788 1694 4845 Salvianus
1731 4789 1784 4841 in
1820 4787 1965 4858 libro,
1987 4801 2038 4840 tv
2055 4786 2131 4858 dc

537 4859 938 4916 Gubernatione
981 4856 1112 4916 Dei:
1167 4879 1185 4911 (
1221 4858 1387 4927 Cujus
1428 4875 1558 4929 ergo
1608 4858 1852 4913 criminis
1891 4857 1973 4929 rei
2024 4856 2133 4910 sint

538 4929 852 4990 Christiani.
885 4946 952 4985 ex
980 4931 1081 4985 hoc
1111 4947 1216 4984 uno
1252 4929 1472 4999 intelligi
1499 4927 1702 4998 potest,
1727 4929 1857 4999 quia
1887 4927 1978 4980 Dei
2025 4941 2123 4999 no-

539 5013 662 5070 men
699 4999 979 5070 infamant.
1013 5001 1228 5055 Etcum
1258 4997 1518 5070 scriptum
1550 4999 1618 5054 sit
1643 4998 1828 5070 nobis,
1860 5007 1920 5051 ut
1944 4997 2126 5070 omnia

540 5067 805 5124 faciamus
848 5069 900 5122 in
936 5069 1158 5137 gloriam
1217 5069 1332 5131 Dei,
1371 5067 1480 5124 nos
1527 5085 1558 5123 e
1601 5069 1816 5123 diverso
1853 5067 2128 5137 cunctaiu

540 5137 636 5209 Dei
668 5135 1196 5209 facimusgiitjuriam.
1234 5158 1251 5189 ι
1289 5139 1354 5192 Ει
1401 5138 1561 5209 paulo
1590 5147 1750 5209 post:
1787 5155 1806 5188 ι
1839 5135 2128 5209 Evangelia

540 5208 746 5279 legunt,
796 5216 852 5263 et
905 5207 1158 5279 impudici
1208 5218 1330 5263 sunt
1362 5207 1716 5278 {Apostolos
1770 5207 2014 5279 audiunt,
2077 5211 2132 5257 et

540 5275 919 5335 ini-briantur:
951 5275 1224 5333 Christum
1255 5275 1574 5346 sequuntur,
1596 5286 1654 5332 et
1681 5277 1933 5347 rapiunt:
1966 5275 2130 5347 vitam

539 5348 845 5418 improbam
895 5357 1080 5416 agunt,
1133 5358 1188 5404 et
1231 5343 1453 5419 probam
1500 5350 1671 5420 legem
1718 5343 1919 5402 habere
1967 5343 2132 5398 sedi-

541 5428 689 5475 cunt.
740 5437 757 5470 ι

614 5499 639 5530 ο
662 5487 775 5542 Hoc
812 5505 1046 5556 regnum.
1074 5488 1406 5546 Francorum
1424 5487 1693 5550 videlicet,
1713 5501 1816 5542 non
1839 5482 2135 5556 ctuttsmodi

542 5567 664 5614 erat
676 5558 774 5613 sub
799 5552 1188 5634 lla—roloCalvo,
1203 5562 1297 5616 sed
1313 5561 1414 5614 sub
1435 5558 1626 5614 Carolo
1641 5556 1852 5634 Magno.
1876 5552 2138 5634 Hicneuim

543 5644 773 5700 regnum
809 5628 1127 5700 Francicam
1166 5625 1882 5700 immensumamplificavit,
1919 5625 2143 5700 atlject'ls

544 5697 714 5762 Italia,
735 5699 991 5772 Hispania
1006 5699 1389 5764 Taraconensi,
1417 5697 1557 5753 etiis
1577 5697 1960 5770 gentibusqua:
1983 5697 2051 5752 ab
2079 5710 2141 5747 eo

2214 3248 2314 3286 nus
2341 3233 2625 3301 episcopus
2648 3232 2700 3284 in
2728 3232 2953 3286 Domino
2978 3231 3227 3289 salutem.

2283 3321 2504 3386 Quoties
2527 3320 2670 3390 justa
2696 3329 2948 3375 exstante
2979 3336 3143 3376 causa
3190 3323 3540 3378 sanctitatem
3569 3334 3803 3382 vestram

2215 3409 2560 3480 alloquimur,
2591 3409 2850 3475 cbaritas,
2879 3426 2998 3484 qttze
3019 3409 3215 3474 diffusa
3243 3423 3325 3468 est
3346 3412 3399 3468 in
3427 3413 3691 3468 cordibus
3715 3429 3809 3468 no.

2216 3503 2342 3557 stris
2374 3519 2468 3576 per
2499 3502 2757 3572 Spiritum
2802 3511 3068 3566 sanctum,
3115 3503 3209 3572 qui
3237 3503 3396 3560 datus
3421 3511 3508 3562 est
3548 3504 3730 3563 nobis,
3763 3503 3812 3566 id

2214 3591 2407 3661 agendi
2442 3591 2627 3645 tribuit
2654 3590 2928 3656 fllaciam,
2976 3592 3274 3660 przescrtim
3305 3607 3426 3646 cum
3455 3593 3697 3660 gratuito
3727 3607 3814 3647 ne-

2218 3683 2366 3752 gotio
2388 3681 2606 3751 pietatis
2634 3683 2912 3751 proveniat
2954 3682 3370 3748 incrementum,
3401 3682 3655 3748 Monachi
3701 3701 3816 3754 pro-

2219 3771 2410 3826 vincia:
2433 3786 2496 3825 ac
2529 3771 2827 3827 diceccseos
2859 3782 3055 3828 nostra:
3078 3789 3144 3828 ex
3173 3773 3503 3830 monasterio
3545 3774 3694 3842 quod
3729 3789 3817 3844 ειῃο

2223 3861 2456 3933 pellatur
2479 3861 2756 3916 Betltlerm
2782 3863 2895 3917 sive
2923 3863 3226 3925 Ferrarius,
3261 3863 3479 3917 nomine
3515 3863 3828 3932 Aldulphus

2224 3959 2277 4004 et
2309 3951 2589 4014 Acaricus,
2616 3950 2937 4023 presbyterii
2963 3952 3128 4022 gradu
3151 3952 3351 4016 ornati,
3377 3952 3584 4014 divino,
3614 3962 3673 4005 ut
3697 3956 3829 4006 crc-'

2225 4040 2420 4104 dimus,
2471 4039 2728 4094 instinctu
2789 4039 3015 4093 Romam
3067 4039 3333 4110 proficisci
3384 4040 3579 4095 oramli
3643 4041 3822 4096 studio

2225 4129 2582 4194 destinarant,
2604 4138 2660 4183 et
2681 4138 2865 4184 nostra
2889 4128 3022 4184 abba
3033 4130 3205 4199 lisque
3228 4130 3309 4184 sui
3349 4129 3504 4184 nobis
3524 4128 3816 4190 admodum

2227 4221 2409 4277 dilecti
2430 4220 2564 4292 Lupi
2587 4229 2804 4291 accepta
2830 4220 3043 4282 licentia
3067 4220 3399 4292 propositum
3422 4228 3818 4290 exsequuntur;

2227 4350 2569 4423 posterisque
2620 4349 2739 4418 ejus
2795 4350 3160 4423 regnabantur
3186 4350 3261 4423 _in
3307 4349 3622 4423 Germania.
3679 4349 3821 4423 Nam

2235 4418 2401 4483 totum
2434 4418 2537 4484 hoc
2569 4418 3127 4490 vocabatur'Regnum
3181 4418 3528 4477 Francorum.
3579 4421 3692 4474 Sed
3721 4437 3824 4476 non

2156 4469 2206 4530 Ι)
2236 4469 2424 4548 iraa}.
2434 4469 3138 4550 13;...imaginaria}
3166 4469 3615 4560 ἀιέεῐ.ῖ.ξέ›έί;ίίιιιῑ
3628 4469 3823 4544 iam;

2235 4563 2422 4632 Itaque
2451 4564 2550 4618 sub
2582 4561 2779 4618 Carolo
2805 4561 2972 4616 Calvo
3000 4577 3066 4616 ex
3099 4577 3206 4614 uno
3238 4575 3403 4632 regno
3431 4560 3630 4632 triplex
3660 4561 3828 4632 Fran-

2236 4630 2423 4689 corum
2453 4647 2678 4699 regnum
2711 4632 2914 4686 factum
2957 4641 3063 4695 est,
3093 4632 3264 4685 diviso
3289 4630 3353 4684 eo
3379 4631 3520 4684 inter
3551 4630 3698 4684 ﬁlios
3725 4630 3825 4684 Lu-

2235 4704 2411 4758 dovici
2483 4702 2586 4767 Pii,
2665 4717 2897 4772 quorum
2968 4702 3336 4769 unusquisque
3392 4700 3679 4772 dicebatur
3737 4714 3823 4752 rex

2238 4774 2590 4838 Francorum,
2643 4769 2787 4841 quod
2840 4773 3076 4842 graviter
3130 4772 3277 4826 dolet
3323 4774 3376 4824 in
3428 4785 3526 4842 suo
3553 4769 3826 4824 Chronico

2239 4844 2391 4914 [Iugo
2436 4844 2617 4898 Abbas
2663 4839 3109 4914 Flaviniaeensis,
3137 4842 3228 4911 qui
3259 4855 3327 4896 ex
3353 4855 3418 4893 co
3445 4839 3651 4894 factum
3679 4847 3828 4908 putat

2239 4926 2294 4970 ut
2341 4914 2583 4969 barbarae
2630 4915 2876 4973 nationes
2917 4913 3249 4968 Francorum
3306 4925 3530 4978 regnum
3565 4926 3823 4978 pervase-

2235 4987 2362 5042 rint.

2305 5055 2331 5094 d
2364 5054 2465 5112 Per
2479 5055 2834 5111 concordiam.
2855 5052 3139 5120 Sumptum
3163 5066 3229 5105 cx
3246 5049 3503 5104 Sallustio
3527 5049 3580 5103 in
3607 5050 3831 5104 historia

2233 5125 2356 5182 belli
2419 5123 2747 5194 .Iugnrtbini.
2819 5113 3444 5194 «ConcordiaLinquit,
3506 5135 3689 5194 parvi}:
3747 5137 3830 5175 res

2235 5191 2514 5259 crescunt,
2554 5195 2824 5248 discordia
2863 5207 3131 5247 maxuma:
3159 5191 3488 5244 dilabuntur.
3545 5209 3564 5243 ι
3634 5193 3832 5245 Auctor

2238 5267 2358 5320 libri
2416 5265 2484 5317 de
2549 5263 2691 5317 Viris
2724 5263 3044 5323 illustribus,
3073 5276 3193 5329 cap.
3227 5261 3311 5314 I8.
3347 5280 3366 5310 ι
3404 5259 3496 5315 Sic
3526 5271 3750 5315 senatus
3780 5268 3826 5314 et

2245 5333 2471 5406 populus
2511 5335 2666 5406 quasi
2695 5349 2860 5406 unum
2891 5347 3084 5406 corpus
3115 5331 3818 5406 discordiapertenui.‘con-

2245 5399 2428 5461 cordia
2483 5399 2679 5457 valent.
2719 5423 2737 5452 ι
2793 5403 2857 5457 Et
2898 5402 3024 5456 illud
3062 5415 3125 5454 ex
3173 5401 3342 5456 sacris
3390 5401 3629 5454 litteris:
3671 5399 3812 5453 0am

2250 5487 2461 5544 regnum
2503 5475 2556 5528 in
2593 5491 2642 5527 se
2686 5473 2912 5544 dirisum
2949 5471 3290 5544 desolabitnr.
3318 5469 3417 5536 Qui
3443 5468 3804 5544 locnshpropri

2249 5539 2481 5613 pertinet
2511 5543 2576 5598 ad
2610 5545 2768 5598 istaut
2810 5542 2940 5613 Lupi
2970 5542 3413 5613 adnt-rsnitionem,
3450 5558 3553 5610 qua
3582 5539 3804 5595 Carolut

2249 5612 2469 5673 Cal-um
2503 5613 2745 5670 hortatur
2771 5612 2835 5670 :ttl
2867 5612 3229 5672 Concordiam,
