4034 6298
527 351 652 429 s79?

1576 370 1636 423 Β.
1675 366 1733 423 s.
1776 366 1932 423 LUPl
1971 348 2267 422 sanans
2304 362 2811 420 FERRARIENSIS

3705 365 3814 427 5210

525 470 890 549 committere,
919 495 978 538 ut
1006 461 1058 539 iu
1091 482 1284 537 vestris
1312 480 1513 535 sanctis
1537 479 1873 533 orationibus
1901 492 2103 532 merea-
2134 477 2182 535 Β
2211 474 2499 529 suademus
2543 473 2956 546 VigilaﬂliSSima
2986 475 3239 531 οπιιιῖοιιθ
3264 485 3439 533 “tum
3469 478 3577 533 ἱιοτ
3600 479 3810 550 εὕδω·

524 593 650 634 mur
674 577 837 633 aDeo
870 584 925 631 et
967 576 1020 630 in
1059 573 1311 645 przcseuti
1355 573 1461 626 vita
1497 570 1923 625 consolationem
1970 577 2021 622 et
2060 568 2110 621 in

534 666 707 723 futura
737 664 1167 720 communionem
1191 661 1380 717 salutis
1420 661 1649 715 feliciter
1673 658 1951 728 consequi.
1982 657 2112 711 Frao

530 765 644 812 tres
666 764 924 825 prteterca
955 763 1007 807 et
1030 752 1500 822 comprcshytcros
1528 761 1745 804 nostros
1784 749 2111 818 Aldulplmm

527 855 584 901 et
628 845 938 907 Araricum,
983 842 1074 912 qui
1115 852 1465 911 spontaneum
1498 841 1984 910 peregrinationem
2015 853 2114 907 pro

527 934 750 989 nomine
782 932 991 987 Domini
1037 940 1409 999 susceperunt,
1445 941 1499 984 et
1538 945 1843 998 quanquam
1883 928 2116 982 laborio-

528 1024 762 1086 sissime,
806 1022 873 1075 ad
919 1022 1234 1077 memoriam
1264 1022 1696 1077 beatissimorum
1749 1020 2114 1090 apostolorum

529 1126 953 1184 cmlerorttmque
1001 1125 1312 1170 sanctorum
1360 1114 1576 1168 tandem
1620 1109 2119 1184 aiiquandoperves

528 1212 745 1269 nerunt,
783 1204 1094 1273 specialiter
1132 1213 1325 1258 vestra:
1350 1204 1749 1258 mansuetudini
1775 1204 2118 1258 commemin-

530 1311 668 1355 mus.
697 1304 754 1348 ut
778 1309 870 1348 eos
900 1295 1102 1363 pietate
1128 1294 1456 1364 competenti
1500 1293 1685 1350 fovere
1717 1293 2033 1363 dignemini,
2064 1298 2120 1348 et.

528 1383 1013 1440 consuetudinibus
1050 1383 1455 1450 ecclesiasticis,
1501 1383 1657 1454 155
1699 1399 1819 1451 qum
1864 1383 2028 1437 variae
2065 1383 2119 1438 in

530 1476 761 1532 diversis
804 1475 937 1530 locis
986 1483 1257 1539 tenentur,
1294 1475 1580 1545 diligenter
1620 1476 1912 1541 instruere,
1942 1485 1992 1529 ιιι
2024 1491 2122 1546 per

529 1546 624 1623 eos
658 1567 725 1620 ad
759 1582 856 1621 nos
893 1566 1039 1631 etad
1066 1576 1291 1622 caeteros
1320 1583 1562 1637 quosque
1603 1567 1726 1620 talia
1765 1568 1850 1638 pic
1877 1582 2121 1637 quaeren-

534 1640 616 1712 tes
650 1656 918 1711 institutio
959 1655 1199 1712 Romana
1240 1657 1538 1727 perveniat.
1590 1656 1869 1727 Siquidem
1920 1658 1971 1710 in
2005 1657 2122 1726 qui-

532 1751 845 1819 bus-cunque
907 1751 973 1805 ad
1040 1750 1348 1822 religionem
1412 1750 1491 1805 vel
1563 1751 1900 1805 honestatem
1964 1750 2123 1819 perti‘

533 1845 785 1917 neutibus
829 1845 1233 1914 ambiguitatem
1289 1853 1439 1899 creat
1490 1845 1743 1898 varietas.
1798 1843 1869 1898 Ut
1914 1844 2119 1913 optima
2152 1832 2197 1892 Β

534 1950 762 2005 qumque
790 1936 1053 1998 eniteant,
1083 1934 1208 1991 illuc
1243 1936 1470 1990 sollicita
1500 1936 1915 2007 inuestigatione
1942 1936 2118 1991 credi‘

535 2018 659 2083 ntus
680 2029 1064 2083 recurrentium
1087 2029 1226 2083 unde
1255 2030 1452 2099 ubique
1485 2042 1510 2070 ο
1550 2030 1672 2086 ﬁdei
1709 2032 1943 2085 manavit
1971 2045 2126 2085 exor-

535 2117 705 2173 dium.
764 2117 1028 2173 Cteterum
1085 2119 1208 2188 quia
1257 2130 1495 2189 parentes
1537 2121 2125 2175 tltesmtrizure'debent

535 2206 664 2275 ﬁliis
695 2206 779 2275 (II
808 2207 932 2262 Cor.
961 2209 1079 2281 xu),
1106 2218 1162 2263 ut
1189 2211 1376 2265 doctor
1394 2212 1630 2282 gentium
1654 2213 1978 2281 manifestat,
2004 2231 2128 2270 nos-

537 2313 645 2367 que
672 2300 822 2355 vobis
860 2302 1339 2371 obsequentissimi
1382 2304 1474 2358 ﬁlii
1503 2320 1624 2360 esse
1670 2305 1939 2376 cupimus,
1985 2321 2130 2361 com-

538 2390 833 2445 mentarios
861 2392 998 2446 beati
1032 2392 1343 2465 Hieronymi
1388 2395 1441 2449 in
1485 2395 1794 2453 Jeremiam.
1845 2407 1968 2467 post
2012 2413 2128 2452 sex-

542 2490 655 2536 tum
687 2481 904 2546 librum,
936 2498 1104 2553 usque
1148 2484 1199 2537 in
1235 2486 1393 2540 linem
1432 2486 1674 2555 prmdicti
1706 2487 2001 2557 prophetas,
2034 2503 2132 2559 per

537 2571 755 2625 eosdem
810 2570 1003 2626 fratres
1060 2573 1215 2627 nobis
1266 2574 1406 2628 mitti
1457 2574 1800 2646 deposcimus
1849 2578 1902 2631 in
1948 2577 2132 2633 codice

541 2661 849 2715 reverenda:
876 2662 1149 2727 veritatis,
1183 2674 1377 2719 vestra:
1400 2666 1696 2731 sanctitati,
1728 2667 1773 2722 si
1804 2668 1855 2722 id
1887 2667 2133 2723 obtinue-

542 2752 733 2817 rimus,
764 2762 1046 2823 postquam
1103 2754 1351 2810 celeriter
1400 2759 1706 2827 exscriptus
1762 2758 1960 2826 fuerit,
2014 2761 2131 2817 sine

539 2842 703 2898 dubio
727 2846 1097 2901 remittendos.
1130 2846 1264 2901 Nam
1310 2849 1362 2903 in
1399 2850 1603 2905 nostris
1648 2851 1955 2921 regionibus
2000 2870 2133 2910 nus-

541 2944 705 3005 quam
738 2933 878 2991 ullus
910 2946 1032 3006 post
1074 2946 1283 2992 sextum
1340 2942 1795 2994 commentarium
1838 2944 2013 3011 potuit
2058 2944 2134 2998 itt-

541 3025 747 3091 veniri;
800 3036 856 3082 et
901 3038 1151 3098 optamus
1207 3030 1262 3085 in
1300 3031 1452 3087 vobis
1498 3048 1822 3103 recuperare
1874 3036 2133 3105 quidquid

541 3117 794 3186 parvitati
845 3130 1046 3176 nostras
1093 3122 1283 3177 deesse
1342 3122 1629 3178 sentimus.
1681 3123 1925 3181 Petimus
1967 3128 2130 3181 etiam

2216 563 2365 624 dum,
2413 573 2694 633 propterea
2742 565 2883 634 quod
2929 565 2981 620 in
3022 582 3189 637 regno
3221 568 3399 624 Caroli
3439 571 3603 641 [legis
3636 575 3807 630 nostri

2215 653 2370 707 novis
2390 654 2596 708 exortis
2619 655 2799 715 rebus.
2824 655 3041 724 impune
3068 656 3352 713 latrocinia
3374 662 3810 729 committuntur.

2213 751 2271 796 et
2313 742 2446 796 nihil
2470 742 2716 797 securius
2743 754 2905 814 atque
2940 749 3276 804 constantius
3302 766 3465 820 quam
3496 754 3810 822 rapinarum

2213 832 2469 887 violentia
2519 832 2913 905 frequentatur.
2959 826 3106 894 Talis
3162 840 3327 909 igitur
3376 850 3461 896 est
3501 857 3814 898 commean-

2219 921 2350 977 tium
2381 926 2666 991 quaerenda
2717 926 2949 981 societas
3001 942 3233 996 quorum
3261 945 3486 986 numero
3510 941 3678 1000 atque
3706 934 3818 987 vir-

2219 1020 2331 1066 tute
2360 1012 2725 1082 improborum
2757 1015 2921 1070 factio
2941 1018 3197 1082 evitetur,
3224 1027 3337 1081 aut.
3370 1020 3414 1074 si
3444 1037 3671 1077 necesse
3699 1022 3816 1077 fue-

2221 1104 2311 1167 rit,
2338 1105 2646 1174 repellatur.
2676 1106 3052 1163 Catilinarium
3073 1119 3129 1165 et
3144 1109 3526 1181 Jugurthinum
3545 1112 3812 1181 Sallustii,

2220 1194 2495 1267 librosque
2526 1198 2899 1266 Verrinarum,
2930 1212 2984 1256 et
3013 1203 3055 1257 si
3086 1204 3298 1275 aliquos
3339 1205 3472 1260 alios
3511 1207 3592 1260 vel
3619 1225 3813 1263 corru-

2219 1298 2340 1357 ptos
2370 1305 2468 1344 nos
2496 1291 2694 1347 habere
2722 1293 2804 1347 vel
2848 1296 3060 1364 penitus
3091 1312 3195 1350 non
3238 1298 3437 1353 habere
3466 1303 3814 1371 cognoscitis.

2222 1381 2378 1434 nobis
2404 1380 2598 1436 afferre
2619 1384 2912 1455 dignemini
2933 1404 2947 1451 ;
2968 1395 3027 1441 ut
3044 1398 3225 1443 veSIro
3247 1390 3532 1445 beneﬁciio
3558 1401 3613 1447 et
3636 1394 3826 1465 vitiosi,

2224 1472 2584 1542 corrigantur,
2616 1483 2671 1529 et
2700 1492 2804 1529 non
2832 1476 3019 1541 habiti,
3058 1494 3443 1552 nunquamque
3470 1482 3573 1537 nisi
3600 1498 3697 1553 per
3725 1499 3817 1539 vos

2222 1558 2488 1627 habendi,
2537 1565 2639 1619 hoc
2685 1567 2893 1637 gratius
2930 1580 3038 1637 quo
3066 1571 3392 1639 insperatius
3434 1560 3813 1643 acquiruntur.

2224 1647 2394 1723 Cupio
2421 1670 2514 1710 vos
2543 1656 2722 1713 valere
2747 1654 2997 1715 feliciter.
3242 1650 3252 1661 ’

2779 1786 3115 1847 EPISTOLA
3149 1792 3258 1850 CV.

2586 1896 2653 1934 AD
2677 1896 3051 1939 IMRCWABDUI
3076 1901 3147 1941 ΕΤ
3177 1898 3199 1926 °
3223 1900 3467 1944 ειςιιιειι.

2297 1991 2646 2050 Charissimis
2672 1996 2784 2051 suis
2809 1996 3142 2055 Marcwardo
3171 2010 3222 2056 et
3248 2001 3403 2073 Eigili
3432 2003 3614 2075 Lupus
3648 1998 3821 2077 pluris

2230 2102 2372 2141 mam
2395 2088 2643 2143 salutem.
2808 2105 2817 2119 '
3435 2153 3440 2157 _

2299 2179 2505 2235 Octavo
2536 2181 2658 2237 ldus
2702 2182 2926 2253 Augusti
2956 2184 3162 2241 litteras
3208 2196 3417 2245 vestras
3456 2192 3669 2261 accepi,
3702 2204 3827 2247 cum

2231 2281 2406 2323 essem
2434 2271 2487 2326 in
2515 2270 2542 2310 ιι
2567 2270 2721 2325 Fara:
2743 2274 3091 2340 monasterio,
3114 2276 3461 2344 proﬁciscens
3483 2278 3548 2334 ad
3572 2279 3827 2351 generale

2233 2359 2488 2429 placitum
2540 2363 2682 2430 quod
2729 2377 2822 2418 rex
2867 2375 3050 2419 noster
3088 2365 3350 2421 indixerat
3396 2366 3638 2424 futurum
3663 2384 3721 2425 vt
3748 2371 3822 2426 Id.

2232 2453 2474 2521 prmdicti
2707 2455 2927 2509 mensis.
2953 2450 3089 2523 Quia
3136 2457 3316 2527 itaque
3347 2468 3583 2529 quatuor
3611 2476 3823 2517 mecum

2235 2552 2606 2599 tautummono
2642 2546 2840 2600 fratres
2867 2547 3151 2613 habebam,
3183 2558 3239 2602 ct
3275 2558 3601 2607 ceterorum
3637 2553 3828 2609 volun-

2234 2640 2399 2689 tatem
2442 2634 2599 2707 plene
2623 2636 2764 2692 scire
2791 2652 2893 2690 non
2925 2647 3189 2706 poteram,
3223 2649 3279 2695 et
3309 2642 3445 2695 mira
3482 2642 3716 2698 nimium
3745 2656 3829 2701 res

2240 2726 2558 2797 contigerat,
2612 2727 2776 2798 (quod
2821 2728 3030 2783 scilicet
3075 2728 3139 2785 G.
3187 2730 3239 2786 in
3279 2735 3614 2790 monasterio
3640 2745 3827 2792 nostro

2236 2819 2517 2886 educatus,
2548 2831 2834 2890 postquam
2884 2821 3120 2877 divinam
3163 2824 3584 2882 admonitionem
3613 2829 3828 2886 assidue

2237 2908 2502 2987 audierat,
2531 2910 2731 2964 nullam
2761 2911 3191 2980 persecutionem
3218 2930 3432 2984 passus,
3457 2925 3676 2972 matura
3702 2929 3827 2974 zela-

2240 3010 2294 3056 te
2320 3017 2426 3056 non
2449 3017 2692 3056 eremum
2721 3004 3044 3072 expetierat,
3081 3005 3195 3069 sed,
3247 3007 3466 3077 proprio
3512 3008 3709 3064 relicto
3737 3011 3828 3065 has

2235 3093 2374 3158 bitu,
2412 3093 2727 3164 dignitatem
2769 3094 3105 3160 saecularem,
3151 3098 3295 3166 quod
3337 3097 3429 3152 diu
3457 3100 3759 3157 meditatus
3778 3110 3830 3157 et

543 3183 776 3262 ἶΓιιΙΙίιιιιι
800 3207 868 3263 de
889 3207 1136 3274 Oratore,
1159 3218 1211 3264 et
1239 3210 1519 3266 duodecim
1543 3211 1709 3268 libros
1732 3214 2130 3269 institutionum
2159 3189 2204 3252 C
2237 3183 2517 3274 ‘30"“55‘13
2543 3184 2790 3255 p‘urimis
2816 3185 3008 3252 merm’
3035 3188 3341 3244 moraturus
3371 3190 3603 3258 abieral’
3629 3193 3823 3248 simili"

542 3300 904 3356 oratoriarum
921 3302 1606 3374 Quintiliani,quiunouec
1635 3305 1834 3376 ingenti
1865 3304 2135 3363 volumine

543 3390 925 3448 continentur:
956 3409 1185 3463 quorum
1216 3395 1498 3465 utriusque
1523 3405 1807 3452 auctorum
1832 3408 2015 3467 partes
2042 3399 2134 3453 ha-

543 3479 755 3545 bemus,
801 3497 988 3537 verum
1040 3484 1427 3553 plenitudinem
1473 3500 1569 3556 per
1622 3502 1722 3541 vos-
1765 3487 2137 3544 desideramus

544 3566 811 3626 obtinere.
837 3571 958 3627 Pari
998 3572 1297 3630 intentione
1330 3576 1520 3630 Donati
1553 3586 1920 3632 commentum
1952 3578 2005 3633 in
2036 3578 2137 3633 Te-

545 3662 780 3716 rentium
821 3661 1143 3733 flagitamus.
1183 3664 1313 3731 Qure
1356 3674 1637 3721 auclorqu
1674 3683 1835 3739 npcra
1876 3670 1918 3723 si
1958 3678 2138 3735 vestra

547 3754 844 3808 liberalitas
891 3755 1047 3809 nobis
1098 3755 1288 3826 largita
1332 3756 1512 3821 fuerit,
1562 3757 1670 3813 Deo
1715 3768 1985 3815 annuente
2013 3773 2135 3815 etim

546 3852 847 3900 memorato
875 3847 1048 3900 sancti
1081 3845 1394 3918 Hieronymi
1426 3849 1612 3903 codice
1660 3848 1889 3906 ﬁdeliter
1917 3851 2139 3906 omnino

545 3935 875 3991 restituenda
924 3940 1255 3997 curabimus.
1305 3940 1661 4000 Sanctitatem
1702 3955 1939 4001 vestram
1965 3947 2033 4002 ad
2066 3955 2140 4001 to-

547 4028 656 4082 tius
687 4028 939 4084 Ecclesia:
984 4032 1272 4087 utilitatem
1305 4035 1485 4090 divina
1532 4035 1819 4092 clementia
1870 4036 2141 4095 diuturnis

550 4116 884 4184 temporibus
904 4118 933 4158 ι’
963 4135 1286 4178 conservare
1314 4123 1588 4195 dignetur.

884 4329 888 4332 ⁴
982 4252 1143 4325 156
1164 4254 1495 4313 EPISTOLA
1540 4256 1676 4313 CIV.

1189 4352 1255 4398 AD
1299 4362 1509 4402 nEGIsn.

620 4451 957 4509 Charissimo
985 4470 1084 4512 suo
1112 4456 1244 4527 Reg.
1273 4458 1454 4529 Lupus
1483 4462 1535 4514 iu
1563 4461 1791 4516 Domino
1818 4463 2066 4519 salutem.

2237 3275 2339 3330 bus
2355 3272 2505 3346 paria
2527 3277 2669 3331 factu
2678 3278 2753 3332 ris
2772 3277 2898 3333 felix
2924 3279 3026 3332 iter
3043 3287 3439 3350 paraturusaet
3460 3297 3607 3338 nunc
3620 3284 3687 3338 ad
3700 3298 3825 3355 sugs

2237 3369 2535 3440 gestionem
2558 3380 2794 3426 vestram
2817 3373 3095 3442 proposito
3118 3381 3321 3427 mutato
3341 3375 3408 3429 ad
3435 3373 3607 3430 Deum
3630 3375 3826 3432 reverti

2236 3457 2373 3515 velle
2399 3458 2737 3517 scribebatur
2775 3475 2805 3515 a
2842 3460 3040 3533 vobis.)
3085 3463 3356 3519 sanctitati
3407 3473 3606 3520 vestras
3642 3476 3825 3522 notum

2236 3546 2377 3604 facio
2404 3564 2547 3606 vera:
2568 3551 2710 3607 illius
2737 3552 3099 3621 conversioni,
3135 3553 3182 3608 si
3221 3554 3530 3624 contigerit,
3561 3572 3651 3613 me
3676 3556 3828 3612 valde

2238 3640 2650 3711 gratulaturum,
2683 3649 2738 3696 et
2775 3656 3108 3712 quaecunque
3146 3643 3202 3697 in
3241 3658 3329 3698 me
3352 3646 3631 3701 commisit
3658 3648 3829 3716 poeni-

2244 3732 2373 3797 tenti
2406 3746 2473 3785 ex
2502 3731 2684 3787 animo
2706 3732 3074 3788 dimissurum.
3125 3734 3256 3800 Vos,
3295 3731 3421 3789 dum
3450 3749 3480 3788 a
3520 3735 3724 3806 placito
3751 3753 3828 3792 re-

2240 3823 2481 3894 gredior,
2511 3824 2653 3893 quod
2693 3832 2914 3894 propter
2942 3824 3106 3878 Deum
3138 3826 3401 3895 coepistis,
3430 3826 3704 3884 instanter
3727 3829 3828 3884 cla.

2242 3913 2429 3966 borate
2452 3912 2733 3982 perﬁcere,
2761 3912 3012 3969 videlicet
3039 3922 3099 3967 ut
3125 3913 3335 3985 integre
3363 3916 3431 3969 ad
3455 3916 3629 3972 Deum
3652 3933 3827 3973 rever-

2240 4009 2408 4066 tatur,
2451 4009 2507 4056 et
2532 4017 2684 4056 suam
2717 4002 2929 4072 culpam
2967 4003 3023 4057 in
3048 4000 3211 4058 alium
3247 4004 3506 4077 deinceps
3548 4007 3824 4063 transfun-

2242 4091 2369 4146 dere
2413 4107 2519 4146 non
2566 4092 2790 4148 nitatur.
2839 4091 3233 4166 Temperantia:
3275 4083 3510 4163 studeat,
3552 4100 3828 4169 conspira-

2243 4183 2420 4239 tiones
2440 4200 2547 4241 non
2582 4194 2809 4256 repetat,
2842 4201 3180 4273 nmrmurum
3207 4197 3397 4243 auctor
3426 4203 3529 4244 nec
3556 4191 3825 4260 particeps

2240 4275 2459 4342 existat,
2485 4276 2775 4332 seditiones
2795 4290 2894 4332 nec
2916 4275 3096 4342 faciat,
3127 4295 3223 4334 nec
3249 4277 3446 4342 foveat,
3470 4281 3566 4334 sed
3595 4282 3828 4351 quietem

2242 4375 2296 4421 ct
2323 4368 2436 4437 ipse
2462 4368 2678 4435 habeat,
2708 4377 2763 4423 et
2790 4368 2927 4425 alios
2956 4369 3156 4426 habere
3188 4372 3484 4441 permittat,
3521 4381 3577 4428 et
3606 4388 3829 4444 genera-

2243 4459 2366 4515 liter
2383 4461 2541 4531 juxta
2579 4461 2674 4517 Dei
2714 4470 3038 4532 prteccptum
3077 4463 3299 4518 declinet
3343 4482 3376 4519 a
3414 4463 3556 4518 mulo
3590 4477 3640 4519 et
3671 4467 3825 4536 faciat

622 4544 1003 4601 Desideramus
1045 4547 1259 4618 quidem
1315 4549 1603 4605 adventum
1653 4561 1910 4619 vestrmn,
1956 4562 2015 4608 ut
2061 4557 2136 4611 di-
2166 4566 2214 4626 ι)
2242 4552 2432 4607 bonum
2462 4553 2508 4621 (Ι
2542 4552 2660 4609 Pet.
2713 4556 2820 4627 ιιι),
2869 4565 2925 4611 et
2959 4556 3013 4609 in
3042 4556 3233 4612 diebtts
3260 4558 3461 4614 nostris
3486 4557 3540 4611 in
3587 4558 3710 4615 loco
3741 4577 3829 4612 nu-

546 4650 713 4708 gnmn
731 4644 833 4702 est,
856 4652 1017 4706 quem
1029 4636 1141 4707 jam
1160 4648 1323 4695 certae
1346 4640 1539 4696 littera:
1569 4643 2005 4714 spoponderunt;
2036 4646 2129 4703 sed

624 4798 652 4825 α
692 4783 1182 4865 ια’ἱάςξ-εποηιὶιιιητ
1215 4788 1481 4865 βθερθξίι
1509 4789 1691 4865 Lupus
1736 4793 1803 4848 ad
1847 4795 2128 4865 epistolam

551 4854 844 4935 Innocentii
870 4857 891 4911 ι
919 4872 1070 4935 papze
1111 4860 1178 4935 ad
1215 4854 1525 4915 Decentium
1556 4854 1868 4935 episcopum
1882 4854 2133 4935 'Eugubi-

552 4925 782 5001 num,_iu
807 4940 910 4993 qua
936 4925 1015 5001 sic
1042 4928 1417 5001 scriptumiest
1451 4949 1463 4985 :
1503 4950 1520 4982 ι
1557 4925 1861 4988 Pnesertim
1902 4925 2024 4990 cum
2057 4938 2132 4992 sit

553 4992 920 5073 manifestum,
955 4997 1006 5052 iu
1049 4992 1264 5073 omnem
1310 5000 1535 5073 Italiam,
1566 5001 1791 5067 Gallias,
1821 5003 2127 5073 Hispanias,

550 5062 813 5143 Africam,
865 5075 1027 5143 atque
1073 5068 1332 5143 Siciliam,
1372 5062 1681 5143 insulasque
1730 5062 2127 5143 iuterjacentes,

554 5131 759 5212 nullum
789 5131 1081 5212 instituisse
1111 5131 1387 5212 ecclesias,
1415 5131 1796 5212 uisieos.quos
1812 5131 2133 5201 venerabilis

552 5202 828 5276 apostolus
865 5203 1057 5259 Petrus
1095 5218 1185 5262 aut
1208 5208 1329 5276 ejus
1361 5202 1705 5267 Successores
1735 5214 2131 5269 constituerunt

552 5272 879 5353 sacerdotes.
928 5277 1033 5353 Ant
1086 5272 1283 5353 legant,
1333 5282 1378 5335 si
1418 5282 1605 5353 _iuiis
1657 5284 1949 5353 provinciis
1995 5286 2132 5342 alius

552 5341 933 5423 Apostolorum
974 5341 1243 5423 invenitur
1271 5341 1380 5404 Vaut
1418 5351 1614 5423 legitur
1656 5341 1923 5407 docuisse.
1955 5354 2054 5423 Qui
2086 5358 2131 5411 si

555 5416 662 5491 non
702 5410 900 5491 legunt,
945 5417 1079 5491 quia
1110 5432 1374 5491 nusquam
1418 5410 1729 5488 inveniunt;
1781 5410 2000 5491 oportet
2040 5410 2133 5482 eos

556 5481 662 5561 hoc
684 5481 835 5562 Setini
861 5481 1004 5552 quod
1039 5481 1276 5564 Ecclesia
1303 5489 1546 5564 Romana
1580 5481 1833 5560 custodit,
1859 5510 2015 5564 aqua
2038 5510 2132 5552 eos

554 5550 890 5632 principium
909 5555 1184 5637 accepisse
1230 5574 1335 5613 non
1365 5561 1582 5637 dubiant
1612 5573 1696 5618 est
1716 5580 1744 5637 ;_
1765 5550 1855 5637 ne.
1885 5550 2012 5620 dum
2040 5550 2133 5637 pe?

555 5620 784 5707 rcgrinis
834 5620 1223 5707 assertionibus
1263 5631 1499 5707 student,
1533 5643 1691 5704 caput
1720 5620 2132 5692 'iustitutionitm

552 5692 839 5747 1videantur
864 5696 1131 5751 omittere.
1168 5716 1188 5750 ι

627 5760 654 5800 ιι
693 5758 1011 5822 Conservam
1039 5760 1301 5837 dignetur.
1349 5769 1442 5828 Sic
1472 5769 1752 5842 Rabauus,
1771 5764 2011 5845 nondum
2040 5788 2131 5830 1r-

2235 4654 2349 4699 stro
2384 4644 2519 4699 nihil
2547 4646 2781 4716 patietur
2814 4646 2956 4703 unde
2982 4647 3128 4718 juste
3162 4657 3441 4718 queratur.
3494 4647 3618 4705 Mox
3651 4659 3823 4705 autem

2233 4796 2627 4871 chiepiscopus,
2644 4796 2889 4871 scribens
2901 4797 2965 4853 ad
2987 4795 3310 4871 llaistulfum
3333 4797 3821 4871 archiepiscopum,

2235 4868 2351 4924 haec
2370 4868 2446 4921 ait
2468 4866 2521 4921 in
2547 4870 2651 4923 line
2670 4868 2909 4937 epistolae
2933 4886 2946 4921 :
2975 4866 3260 4923 iOrantem
3284 4883 3381 4936 pro
3404 4866 3561 4922 nobis
3582 4866 3820 4923 sanctam

2234 4939 2615 5008 patcruitatem
2646 4948 2878 4993 vestram
2906 4940 3077 5006 gratia
3106 4939 3325 5008 superni
3353 4939 3687 5005 protectoris
3709 4954 3823 4994 con-

2234 5007 2452 5064 oet'v:ire
2476 5019 2639 5078 atque
2686 5008 2752 5062 ad
2799 5008 3167 5078 defensionum
3206 5007 3462 5062 Ecclesia:
3483 5022 3597 5062 suae
3626 5010 3822 5063 sancta:

2231 5093 2448 5147 semper
2470 5077 2824 5134 corroborare
2853 5077 3122 5147 dignetur.
3155 5097 3173 5130 ι

2305 5159 2328 5187 ο
2369 5146 2435 5202 Et
2469 5148 2710 5204 Eiailcm.
2749 5146 3002 5202 Additum
3029 5157 3111 5203 est
3157 5148 3298 5203 istud
3324 5164 3387 5202 ex
3414 5149 3585 5204 veteri
3616 5148 3816 5202 codice.

2234 5218 2297 5273 Et
2321 5233 2459 5289 sane
2492 5218 2614 5289 addi
2642 5219 2906 5289 debuisse
2954 5228 3102 5289 patet
3144 5235 3207 5273 ex
3255 5226 3509 5289 contextu
3561 5218 3819 5288 epistulas,

2233 5305 2367 5359 qua;
2396 5288 2464 5342 ad
2516 5288 2741 5355 Eigilem
2787 5287 3002 5359 quoque
3049 5290 3248 5359 scripta
3299 5297 3402 5343 est.
3446 5287 3605 5359 lluae
3644 5298 3815 5341 autem

2234 5357 2483 5429 l‘jigilem,
2514 5359 2765 5414 abbatem
2788 5357 3173 5413 Prumiensetu
3193 5358 3359 5429 fuisse
3388 5368 3510 5428 post
3531 5358 3815 5414 Marcwar-

2237 5428 2361 5510 dtn_n
2381 5428 2632 5510 diximus
2648 5430 2894 5510 superius
2926 5430 2989 5482 ad
3021 5430 3303 5510 epistolam
3530 5432 3603 5510 ζ
3700 5496 3712 5510 _

2305 5496 2333 5537 ἀ
2371 5495 2551 5552 Furw.
2592 5495 2768 5577 _Editio
2806 5495 3529 5577 Massoui'habebat,(fana.
3560 5495 3812 5577 Pessime.

2235 5566 2418 5637 itaque
2438 5570 2605 5624 secuti
2619 5585 2806 5624 smnus
2827 5571 3201 5624 auctoritatem
3216 5569 3422 5624 codicis
3443 5566 3811 5637 manuscripti,

2237 5634 2513 5713 Ile—Fara:
2552 5640 2897 5713 monasterio
2947 5656 3108 5713 supra
3155 5639 3392 5697 diximus
3444 5638 3501 5694 in
3557 5634 3813 5695 netis'ad

2233 5707 2514 5779 epistolam
2547 5710 2625 5766 l4.
2971 5743 2973 5746 ⁴
