4034 6298
252 357 349 416 531

249 558 448 613 fratres
505 567 734 629 pareant
781 556 1060 611 elaborare
1122 558 1464 623 contendam,
1515 559 1836 629 illorumque

248 661 575 704 consensum
634 646 909 701 sanctitati
961 655 1155 701 vestrae
1205 647 1400 702 litteris
1441 648 1741 717 exprimam
1784 654 1837 704 et

248 737 470 792 domino
496 749 523 777 ι
557 736 890 806 imperatori,
915 735 1000 789 cui
1028 745 1249 807 prepter
1270 737 1596 809 singularem
1627 746 1681 792 et
1722 739 1839 793 ubi-

247 841 356 898 que
403 826 725 898 divulgatum
773 826 1026 897 pietatem
1064 827 1395 882 devotissimi
1436 843 1642 893 sumus,
1675 828 1838 899 digno

248 920 519 991 rescripto
546 918 864 975 satisfacere
897 919 1227 975 curabimus.
1259 920 1499 989 Benigne
1542 935 1837 975 memorem

248 1014 425 1071 nostri
461 1015 799 1070 sanctitatem
829 1023 1061 1070 vestram
1098 1012 1516 1086 felicissimeque
1549 1015 1711 1087 158
1737 1031 1839 1087 op-

252 1112 456 1171 tamus,
491 1106 649 1160 unice
673 1106 882 1175 singula
892 1107 1126 1176 riterque
1147 1108 1304 1162 nobis
1325 1116 1509 1177 patres
1528 1106 1731 1162 dilecti.

784 1257 1115 1316 EPISTOLA
1170 1260 1305 1317 CVI.

610 1364 676 1403 DE
704 1364 1029 1429 RECEPTIOSE
1054 1367 1464 1409 PEREGRINORUE

320 1458 587 1517 Omnibus
608 1460 702 1515 Dei
734 1462 1121 1532 omnipotentis
1148 1464 1397 1521 fidelibus
1422 1464 1648 1522 Guenilo
1672 1464 1846 1522 Sena.

248 1563 385 1610 tum
410 1553 859 1624 metropolitanns
888 1555 1173 1625 episcopus
1198 1555 1445 1612 salutem.

322 1644 620 1699 Monachus
643 1644 861 1712 quidam
895 1653 1092 1699 nostrae
1131 1646 1402 1711 dicecesis,
1454 1647 1671 1702 nomine
1699 1647 1843 1703 Delio

245 1735 463 1798 valdus,
493 1750 560 1789 ex
588 1735 912 1791 monasterio
936 1736 1078 1804 quod
1118 1735 1419 1806 appellatur
1456 1736 1738 1803 Fcrrarim,
1761 1738 1841 1794 di-

876 437 884 440 ,
1675 358 2061 418 EPISTOLE.

249 480 309 526 ut
335 467 574 533 rediero,
606 457 821 523 favente
848 467 942 523 Dei
970 468 1165 539 gratia,
1198 473 1261 523 ut
1288 478 1482 524 vestrae
1509 471 1835 541 suggestioni
1865 476 1914 530 Δ

3420 368 3529 427 582

2459 473 2793 531 EPISTOLA
2831 477 3007 532 CVIII.
3062 526 3069 531 .

2382 578 2451 617 AD
2495 575 2712 621 DOHNUH
2758 580 3086 621 ιοτηληιυυ.

2009 650 2515 735 Praecellentissimo
2557 657 2773 712 domino
2823 658 3081 713 Lothario
3127 660 3363 730 glorioso
3412 662 3529 720 Auo

1940 754 2097 813 gusto
2124 742 2349 797 ultimus
2373 743 2626 799 abbatum
2675 746 2857 815 Lupus
2904 764 2961 803 et
2991 748 3168 803 omnis
3213 753 3533 808 monasterii

1939 833 2304 889 Ferrariensis
2350 836 2679 891 nnanimitas
2730 848 3050 907 praesentem
3116 838 3429 896 felicitatem
3479 851 3536 899 et

1939 922 2177 980 futuram
2210 926 2622 981 beatitudinem.

2011 1015 2331 1085 Quanquam
2387 1017 2529 1070 inter
2562 1018 3090 1076 administrationem
3131 1022 3333 1076 terreni
3382 1022 3533 1093 regni

1941 1106 2008 1160 de
2049 1106 2286 1162 caelestis
2317 1107 2678 1177 aequis-itione
2699 1125 2798 1165 vos
2828 1111 3063 1182 cogitare
3106 1128 3354 1179 magnam
3383 1129 3535 1183 spem

1942 1205 2135 1250 vestrae
2179 1197 2370 1252 salutis
2424 1198 2628 1253 tribuat
2674 1200 2758 1256 bis
2802 1203 2894 1271 qui
2939 1204 3150 1259 sincere
3190 1220 3285 1259 vos
3309 1205 3538 1274 diligunt

1940 1289 2082 1358 quod
2109 1288 2496 1358 sempiternum
2529 1291 2808 1361 praemium
2849 1293 3008 1348 bonis
3028 1296 3286 1364 operibus
3312 1312 3532 1367 compa-

1942 1377 2098 1444 ratis,
2153 1385 2332 1443 tamen
2384 1379 2489 1435 hoc
2529 1396 2626 1437 eos
2678 1381 2914 1438 maxime
2951 1384 3208 1451 laetificat,
3240 1395 3298 1440 ut
3330 1386 3535 1457 absque

1941 1467 2065 1524 fuco
2107 1469 2429 1525 adulationis
2472 1473 2614 1540 quod
2667 1473 2826 1545 160
2881 1476 3163 1541 sentimus,
3220 1477 3538 1547 simpliciter

1942 1555 2277 1626 eloquamur,
2310 1559 2452 1628 quod
2476 1569 2800 1630 potestatem
2845 1563 3095 1619 culminis
3120 1566 3286 1623 vestri
3335 1566 3531 1636 gratis-

1942 1645 2078 1700 sima
2110 1646 2221 1701 Deo
2248 1656 2304 1702 et
2344 1649 2651 1705 hominibus
2681 1652 2880 1720 pietate
2916 1656 3146 1709 ornatis.
3176 1656 3232 1710 In
3265 1657 3363 1711 hac
3386 1657 3534 1714 enim

1943 1747 2375 1804 perseverantes,
2394 1739 2535 1795 inter
2550 1757 2645 1797 eos
2670 1746 3161 1801 annumerabimini
3191 1748 3388 1816 quibus
3404 1764 3543 1819 pro-,

248 1826 401 1891 vino,
433 1835 493 1880 ut
517 1826 807 1889 credimus,
840 1813 1095 1879 instinctu
1128 1825 1234 1893 (est
1274 1827 1417 1880 enim
1450 1826 1607 1881 valde
1628 1827 1841 1896 rciigio-
1873 1822 1919 1882 B
1948 1826 2159 1881 mittere
2189 1827 2440 1899 dignatur
2467 1828 2715 1886 Salvator
2736 1872 2752 1896 ,
2789 1832 2944 1889 Beati
2985 1813 3375 1901 misericordes,
3404 1813 3538 1907 auo-

244 1917 367 1985 sus)
418 1916 656 1972 laborem
706 1908 1156 1988 peregrinationis
1205 1921 1516 1989 assumpsit,
1570 1928 1629 1975 ut
1657 1936 1755 1989 pro
1784 1935 1843 1976 se

244 2007 621 2079 fratribusque
653 2008 767 2064 suis
801 2009 1082 2065 monachis
1114 2025 1179 2064 ac
1226 2025 1325 2079 pro
1359 2012 1515 2066 nobis
1544 2012 1684 2081 apud
1714 2010 1843 2065 bea-

244 2097 495 2154 tissimos
548 2097 819 2168 apostolos
861 2096 1082 2152 Petrum
1126 2106 1183 2153 et
1226 2098 1453 2153 Paulum
1505 2110 1841 2169 cretei-osque

243 2199 472 2246 sanctos
500 2189 593 2244 Dei
625 2188 1052 2245 misericordiam
1089 2189 1423 2259 imploraret,
1469 2199 1523 2246 et
1557 2193 1697 2261 quod
1729 2192 1842 2248 suis

241 2295 361 2336 non
399 2287 600 2350 posset,
637 2294 824 2336 eorum
865 2278 1200 2335 orationibus
1245 2280 1535 2335 obtineret.
1568 2281 1721 2337 Hunc
1757 2297 1845 2336 ve-

242 2380 384 2429 strae
442 2371 831 2427 committimus
893 2370 1168 2436 charitati,
1225 2371 1574 2426 obsecrantes
1639 2381 1699 2426 ut
1745 2388 1843 2442 pro

244 2480 443 2523 amore
480 2463 598 2528 Dei,
640 2464 783 2519 sicut
821 2478 1035 2518 servum
1078 2461 1213 2531 ejus,
1243 2476 1366 2516 eum
1404 2462 1704 2532 excipiatis,
1738 2470 1844 2517 tra-

244 2562 436 2626 ctetis,
470 2570 630 2631 atque
670 2559 978 2625 dimittatis,
1027 2558 1140 2614 sive
1180 2566 1415 2619 euntem,
1464 2559 1576 2613 sive
1621 2558 1843 2613 redeua.

242 2660 382 2708 tem.
437 2652 601 2707 Decet
637 2651 782 2706 enim
820 2657 881 2704 ut
922 2648 1228 2718 ubicunque
1275 2637 1591 2715 religionem
1659 2663 1838 2712 suam,

244 2745 361 2800 hoc
411 2752 496 2798 est
532 2741 915 2806 Christianam,
961 2740 1245 2805 invenerit,
1304 2753 1457 2795 suam
1499 2753 1713 2808 quoque
1750 2755 1844 2808 pa-

243 2835 417 2891 triam
451 2839 820 2905 recognoscat,
849 2839 902 2887 et
928 2831 1069 2887 inter
1094 2839 1321 2886 caeteros
1343 2831 1488 2885 hunc
1515 2844 1727 2900 quoque
1759 2828 1841 2884 fa-

246 2927 419 2984 ciatis
437 2928 672 2983 amicum
699 2924 792 2996 qui
812 2932 937 2980 sunt
965 2938 1063 2979 vos
1084 2923 1137 2978 in
1160 2916 1361 2979 interna
1391 2919 1733 2978 tabernacula
1760 2936 1843 2976 re-

245 3016 487 3089 cepturi.

798 3100 1131 3187 EPIS'l‘OLA
1152 3102 1307 3159 cvu.

747 3212 877 3253 ITEI
949 3211 1087 3255 UNDE
1156 3211 1343 3253 SUPRA.

324 3305 575 3364 Dominis
597 3306 1079 3370 reverentissimis,
1110 3305 1416 3361 Christiana
1445 3303 1703 3374 religione
1729 3305 1844 3375 pol-

246 3399 512 3465 lentibus,
563 3397 743 3467 Lupus
784 3395 964 3451 Abbas
1010 3410 1073 3451 ex
1120 3395 1450 3449 monasterio
1486 3395 1671 3451 Gallice
1699 3395 1843 3464 quod

245 3490 559 3561 appellatur
585 3487 895 3543 Bethlebem
925 3486 1041 3542 sive
1068 3485 1227 3557 159
1246 3483 1532 3551 Ferrartze,
1558 3486 1842 3556 plurimam

244 3582 505 3637 salutem.
820 3590 825 3593 '
1642 3595 1653 3601 '

324 3670 620 3726 Monachus
642 3658 847 3733 noster,
869 3668 955 3724 cui
978 3682 1173 3722 nomen
1196 3676 1279 3721 est
1301 3666 1630 3731 Dolivaldus,
1649 3681 1840 3737 magna

246 3761 601 3832 simplicitate
643 3776 707 3815 ac
752 3759 1002 3815 laudabili
1044 3758 1350 3825 devotione,
1381 3759 1464 3813 vir
1502 3759 1693 3829 Spiritu
1721 3757 1840 3827 Dei,

246 3866 315 3912 ut
336 3855 559 3912 omnino
588 3852 875 3918 credimus,
903 3867 1165 3908 accensus
1198 3892 1212 3916 ,
1236 3866 1358 3907 cum
1382 3851 1707 3906 venerabilis
1732 3853 1844 3921 cpio

246 3944 407 4017 scopi
433 3953 601 4001 DOSll‘l
625 3942 936 3999 Guenilonis
958 3958 1022 3998 ac
1048 3950 1230 3996 nostra
1262 3941 1637 3996 benedictione
1666 3957 1762 4011 pro
1785 3955 1845 3997 se

248 4054 319 4096 ac
350 4053 452 4110 pro
484 4037 637 4092 nobis
675 4037 840 4092 Deum
886 4043 942 4090 et
979 4047 1195 4090 sanetos
1231 4032 1503 4104 apostolos
1542 4026 1758 4087 Petrum
1790 4040 1846 4090 et

249 4128 486 4185 Paulum
514 4135 831 4197 precaturus
861 4124 1087 4180 Romam
1131 4122 1513 4194 proficiscitur,
1550 4137 1658 4192 quo
1684 4123 1846 4192 majo-

250 4234 370 4274 rem
396 4216 635 4270 laborem
668 4212 981 4283 assumpsit,
1009 4212 1113 4268 hoc
1128 4212 1339 4267 tertius
1361 4227 1421 4266 se
1447 4212 1843 4267 exaudiendum

251 4310 557 4369 conlidens.
598 4307 750 4362 llunc
772 4315 964 4362 vestrae
1004 4306 1301 4370 sanctitati,
1333 4305 1587 4376 probitati
1614 4306 1731 4377 ejus
1762 4314 1842 4361 te-

251 4401 574 4458 stimonium
602 4398 968 4470 perbibentes,
998 4397 1457 4453 commendamus.
1489 4396 1567 4453 Ne
1588 4397 1845 4455 dubitetis

252 4495 384 4549 huic
413 4491 721 4562 impendere
748 4490 891 4560 quod
919 4490 1059 4543 bono
1087 4489 1281 4559 cuique
1307 4490 1564 4561 indigenti
1594 4492 1840 4560 przeben-
1866 4511 1920 4571 ι)

252 4588 385 4642 dum
415 4592 528 4650 est;
561 4582 813 4654 quoniam
845 4579 971 4636 licet
996 4582 1066 4636 sit
1103 4596 1296 4651 expers
1338 4582 1659 4648 litterarum,
1691 4599 1838 4637 man-

256 4680 384 4733 data
419 4674 513 4730 Dei
534 4690 654 4743 quae
681 4688 787 4729 non
822 4672 951 4743 legit
975 4671 1027 4726 in
1055 4674 1239 4728 codice
1272 4673 1607 4728 demonstrat
1634 4673 1686 4726 in
1715 4688 1842 4744 ope-

257 4783 336 4832 re,
367 4765 723 4833 omniumque
749 4763 890 4818 inter
911 4777 1048 4832 quos
1072 4772 1317 4818 versatur
1345 4780 1448 4817 non
1480 4779 1718 4819 amorem
1750 4780 1840 4819 so-

257 4856 393 4917 lum,
423 4867 611 4907 verum
638 4852 801 4906 etiam
826 4850 1229 4906 venerationem
1267 4851 1414 4907 brevi
1443 4862 1703 4907 meretur.
1738 4854 1843 4909 Vos

166 4946 171 4951 ’
258 4946 445 5014 itaque
472 4944 552 4999 sic
596 4959 717 4998 eum
747 4958 1054 5013 quaesumus
1080 4942 1163 4997 vel
1206 4951 1420 4997 euntem
1453 4942 1533 4998 vel
1565 4953 1841 4999 reverten-

257 5046 367 5092 tem
418 5045 656 5092 tractare
699 5035 991 5108 dignemini
1041 5046 1101 5090 ut
1145 5034 1215 5089 ab
1260 5034 1348 5088 illo
1396 5034 1549 5103 cujus
1577 5052 1733 5091 verus
1761 5046 1846 5092 est

260 5127 442 5181 cultor
470 5127 650 5182 securi
678 5140 917 5197 perenne
947 5125 1224 5194 pranuium
1251 5125 1596 5195 exspectetis.

331 5331 358 5360 ι
398 5317 729 5387 Imperatori.
772 5316 1044 5378 Lothario,
1087 5316 1338 5381 Ludovici
1365 5317 1440 5372 Pii
1472 5316 1598 5372 filio.
1633 5317 1765 5373 Nam
1790 5320 1845 5375 in

262 5385 378 5457 ejus
398 5385 567 5457 regia
587 5388 938 5442 constitutum
959 5395 1077 5440 erat
1096 5389 1480 5443 monasterium
1507 5388 1838 5457 Prumiense,

262 5459 349 5514 cui
378 5468 491 5513 tum
522 5467 754 5527 prmerat
780 5457 1166 5511 Marcwardus.

335 5528 363 5569 δ
410 5528 527 5581 Vim
554 5528 809 5597 jussionis
837 5530 1018 5580 merito
1039 5528 1249 5581 obtinet.
1272 5527 1540 5583 Ausonius
1577 5529 1626 5582 in
1652 5529 1843 5585 Parce-

263 5597 377 5652 basi
400 5598 648 5653 centenis
671 5597 924 5665 nuptialis
947 5615 960 5649 :
985 5616 1001 5647 ι
1024 5597 1281 5665 Quodque
1301 5608 1381 5652 est
1408 5600 1839 5666 potentissimum

267 5668 564 5740 imperandi
590 5682 785 5740 genus,
818 5668 1039 5740 rogabat
1063 5667 1152 5735 qui
1182 5667 1371 5740 jubere
1409 5679 1646 5736 poterat,
1676 5671 1843 5740 impe-

269 5735 414 5791 rator
440 5735 865 5791 Valentinianus.
888 5735 923 5788 't
948 5736 1177 5806 {Taettus
1202 5738 1339 5791 libro
1367 5735 1561 5807 quarto
1589 5735 1787 5795 Hister.
1825 5759 1837 5793 :

1944 1917 2087 1968 niam
2143 1917 2242 1987 ipsi
2290 1919 2707 1974 misericordiam
2756 1934 3136 1994 consequentur
3187 1925 3401 1992 (Matth.
3456 1926 3533 1995 v).

1942 2004 2054 2060 Nos
2100 2007 2431 2062 devotissimi
2477 2008 2662 2065 famuli
2708 2015 2872 2067 vestri
2921 2015 3228 2084 specialiter
3267 2014 3537 2083 maiestati

1945 2108 2138 2153 vestrze
2158 2104 2362 2169 gratias
2388 2100 2598 2172 agimus
2624 2102 2748 2173 quia
2779 2103 3000 2159 fratrem
3033 2114 3276 2158 nostrum
3308 2105 3536 2177 G.(ideo

1942 2187 2190 2254 fratrem,
2224 2192 2349 2260 quia
2378 2193 2682 2247 audivimus
2708 2195 3053 2266 conversum)
3082 2212 3109 2250 a
3135 2212 3232 2252 suo
3262 2199 3536 2267 propoSlto

1943 2281 2157 2335 devium
2183 2291 2236 2335 et
2266 2283 2590 2338 auctoritate
2618 2286 2930 2349 revocastis,
2958 2296 3012 2341 et
3043 2287 3177 2341 mira
3204 2288 3537 2358 dignatione,

1942 2375 2106 2428 etiam
2134 2375 2544 2441 intercessione,
2579 2391 2697 2444 qua:
2726 2377 2754 2417 ι)
2779 2380 2886 2432 vim
2906 2375 3171 2445 jussionis
3215 2379 3410 2435 merito
3444 2381 3537 2436 ob-

1944 2465 2097 2528 tinet,
2121 2467 2188 2521 ad
2219 2476 2462 2523 nostrum
2491 2468 2774 2540 collegium
2804 2470 3115 2525 reduxistis.
3146 2471 3410 2527 Debemus
3436 2473 3538 2541 igi-

1944 2565 2031 2612 tur
2063 2559 2214 2612 vobis
2249 2558 2523 2630 assignare
2569 2569 2691 2629 post
2739 2559 2906 2613 Deum
2957 2575 3056 2615 nos
3098 2560 3214 2628 ejus
3242 2562 3537 2616 correctio-

1942 2662 2086 2710 nem,
2124 2647 2214 2702 ille
2262 2663 2415 2702 suam
2460 2648 2708 2703 salutem.
2759 2647 2894 2703 Nam
2926 2651 3067 2720 quod
3101 2662 3123 2689 ο
3169 2666 3321 2706 sacra
3352 2659 3533 2711 vestra

1942 2737 2336 2808 significabant,
2371 2746 2428 2792 ut
2463 2748 2738 2809 resumpto
2782 2740 2967 2795 habitu
2997 2740 3048 2794 in
3081 2740 3256 2795 oliicio
3286 2741 3528 2796 conden-

1942 2829 2131 2883 daram
2162 2828 2511 2897 epistularum
2536 2841 2928 2899 perseveraret,
2956 2845 3056 2884 nec
3080 2845 3174 2885 vos
3196 2829 3441 2894 decebat,
3467 2835 3526 2885 et

1943 2921 2097 2977 nobis
2121 2922 2427 2977 consentire
2456 2931 2574 2977 erat
2598 2921 2965 2990 impossibile;
3007 2922 3258 2991 quoniam
3289 2923 3534 2999 proposi-_

1943 3020 2055 3066 tum
2098 3020 2343 3067 nostrum
2393 3012 2479 3065 vix
2530 3012 2879 3067 mediocriter
2920 3014 3061 3068 inter
3081 3013 3314 3080 claustra
3347 3028 3533 3068 mona-

1943 3102 2090 3156 sterii
2122 3102 2441 3161 custoditur,
2474 3102 2668 3157 nedum
2716 3104 2857 3157 inter
2886 3104 3144 3158 tumultus
3172 3106 3473 3159 mundanus
3499 3119 3532 3159 a

1944 3192 2199 3262 quolibet,
2235 3193 2532 3261 praesertim
2562 3209 2666 3247 non
2695 3196 2824 3248 sat’s
2854 3202 3034 3258 cauto,
3064 3192 3239 3246 valeat
3263 3185 3528 3262 adimple4

1947 3282 2012 3336 ri.
2045 3283 2300 3338 Dominus
2327 3292 2382 3337 et
2409 3281 2659 3336 Salvator
2688 3295 2870 3339 noster
2900 3283 2968 3339 ad
3005 3270 3221 3338 tutelam
3247 3291 3302 3339 et
3343 3298 3534 3353 pacem

1942 3374 2122 3443 populi
2150 3374 2461 3440 Christiani,
2489 3389 2649 3444 quem
2700 3374 2949 3439 redemit,
2995 3374 3246 3428 diuturna
3277 3375 3536 3444 sospitate

1945 3463 1997 3517 in
2030 3463 2131 3517 hac
2160 3480 2251 3519 vos
2297 3460 2404 3518 vita
2452 3465 2726 3519 contineat
2751 3463 2884 3517 et-in
2916 3465 3093 3518 futura
3133 3464 3300 3536 gloria
3330 3464 3532 3535 sempi-

1946 3563 2097 3609 lCl‘lliI
2135 3564 2376 3610 coronet.

2483 3640 2816 3697 EPISTOLA
2853 3641 2987 3696 CIX.

2297 3751 2365 3790 AD
2404 3747 2776 3788 IARCWARDUM
2816 3748 2885 3787 ΕΤ
2934 3747 3172 3802 ειαιιεη.

2014 3824 2360 3882 Cbarissimis
2402 3826 2517 3881 suis
2562 3823 2891 3879 Marcwardo
2923 3834 2978 3879 et
3007 3823 3159 3894 Eigili
3202 3823 3382 3894 Lupus
3410 3842 3529 3881 om-

1944 3918 2136 3986 nisque
2178 3917 2542 3972 Ferrariensis
2589 3915 2821 3972 ctenobii
2868 3916 3100 3972 societas
3129 3927 3449 3987 praesentem
3478 3928 3534 3975 et

1945 4004 2179 4060 futuram
2213 4006 2463 4061 salutem.

2015 4096 2252 4152 Tandem
2299 4112 2328 4150 a
2378 4096 2574 4165 placito
2619 4111 2703 4150 me
2752 4111 2971 4166 reverso
3010 4098 3076 4151 ad
3123 4099 3531 4167 monasterium,

1945 4186 2308 4256 fratribusque
2338 4188 2490 4258 161
2542 4195 2716 4240 vestra
2764 4186 3038 4255 diligentia
3086 4191 3439 4248 conversione
3464 4190 3530 4248 Ο.

1944 4279 2211 4347 exposita,
2238 4277 2305 4331 ab
2333 4276 2585 4331 oninibus
2608 4274 2792 4329 talium
2826 4277 3115 4344 capacibus
3140 4280 3411 4333 sanctitati
3442 4296 3534 4336 ve-

1945 4377 2073 4422 strm
2118 4367 2297 4420 relatae
2333 4374 2459 4421 sunt
2486 4366 2661 4438 digna:
2686 4367 2900 4437 gratiae;
2932 4367 3004 4422 illi
3031 4378 3211 4424 autem
3243 4380 3533 4442 congratu-

1946 4456 2134 4520 latum,
2189 4458 2331 4526 quod
2380 4457 2668 4512 audiebant
2696 4457 2993 4529 depositam
3025 4470 3186 4514 certae
3213 4460 3533 4528 perditionis

1949 4547 2332 4610 temeritatem,
2359 4555 2417 4600 et
2437 4555 2767 4617 resumptam
2796 4546 3105 4603 obtinenda:
3145 4547 3333 4603 salutis
3358 4549 3534 4604 inten-

1950 4640 2167 4694 tionem.
2200 4638 2402 4694 Redcat
2437 4639 2621 4709 itaque
2667 4653 2909 4706 securus,
2945 4641 2990 4695 si
3020 4656 3085 4696 ex
3128 4642 3310 4697 animo
3339 4651 3441 4706 est,
3476 4653 3533 4697 ut

1949 4740 2217 4800 optamus,
2249 4745 2581 4807 conversus:
2633 4731 2758 4801 quia
2786 4730 2927 4787 unde
2954 4729 2982 4770 ἀ
3026 4732 3221 4803 angeli,
3258 4732 3420 4788 totius
3444 4748 3534 4788 ex-

1949 4832 2128 4894 pertes
2152 4823 2383 4892 peccati,
2411 4822 2665 4891 gaudium
2700 4823 2920 4887 habent,
2948 4823 3166 4878 crudele
3193 4832 3276 4878 est
3305 4840 3402 4879 nos
3424 4840 3532 4881 non

1949 4913 2244 4976 exsultare,
2267 4913 2357 4983 qui
2381 4914 2435 4967 in
2459 4914 2642 4967 multis
2664 4912 2983 4969 offendimus
3011 4927 3221 4969 omnes.
3255 4912 3530 4983 Siquidem

1947 5010 2265 5074 quacunque
2309 5003 2594 5059 occasione
2635 5003 2758 5074 quis
2802 5003 2867 5057 ad
2909 5003 3077 5057 Deum
3112 5014 3374 5069 recurrat,
3402 5021 3533 5076 gau-

1947 5097 2179 5153 dendum
2225 5112 2346 5152 esse
2391 5097 2546 5151 nobis
2594 5094 2900 5150 luxuriosus
2937 5095 3025 5149 ille
3058 5095 3198 5155 filius
3226 5083 3534 5152 misericor-

1948 5189 2035 5244 dia
2089 5189 2259 5257 patris
2315 5197 2563 5258 receptus
2618 5186 2905 5254 informat;
2955 5189 3038 5243 cui
3093 5190 3233 5259 apud
3281 5189 3531 5245 eumdem

1954 5337 1974 5371 ι
2018 5319 2214 5392 Preces
2238 5327 2413 5382 erant,
2451 5319 2545 5392 sed
2579 5321 2774 5392 quibus
2796 5321 3091 5376 contradici
3128 5337 3232 5377 non
3268 5331 3469 5392 posset.
3505 5342 3526 5376 ι

2021 5402 2044 5429 α
2088 5390 2257 5446 Sacra
2288 5401 2473 5463 vestra.
2506 5390 2562 5445 Id
2590 5398 2690 5455 est,
2724 5391 2916 5446 littera:
2961 5401 3171 5458 vestrae,
3204 5390 3529 5463 arieceptum

1948 5468 2208 5525 vestrum,
2246 5475 2338 5517 seu
2367 5460 2600 5529 diploma

2017 5529 2045 5568 ά
2087 5531 2269 5600 Angeli
2298 5541 2336 5582 t.
2378 5546 2494 5600 exp.
2532 5532 2749 5601 peccati.
2800 5532 2952 5588 lianc
2973 5533 3404 5588 emendationem
3430 5532 3524 5586 de-

1948 5601 2136 5671 bemus
2172 5601 2355 5671 codici
2382 5602 2766 5671 manuscripto.
2813 5602 2945 5656 Nam
2992 5603 3143 5658 locus
3189 5603 3289 5658 iste
3333 5603 3533 5655 miserta

1949 5670 2215 5726 laceratus
2244 5686 2309 5725 ac
2339 5670 2571 5725 imitatus
2591 5670 2706 5727 erat
2739 5678 2790 5726 tn
2822 5673 3057 5728 editione
3088 5672 3337 5736 Massoni,
3365 5671 3526 5725 item-

1947 5755 2052 5811 que
2078 5742 2131 5796 iu
2168 5741 2561 5797 Ducitesniana.
