4034 6298
486 397 592 458 533

1553 382 1612 434 Β.
1657 379 1716 434 5.
1760 379 1916 434 [Πί
1958 376 2248 433 ABBATIS
2289 370 2793 431 FERRABIENSIS

3665 365 3764 420 δδι

489 519 696 581 patrem
748 519 854 558 non
897 503 995 556 fuit
1029 514 1052 540 ι·
1077 508 1288 570 egestas
1343 493 1660 564 opprobrio,
1708 507 1866 560 quem
1914 489 2081 560 gratis
2110 495 2155 551 Α
2187 497 2300 543 ιιιιο
2333 485 2596 542 committi
2646 485 2802 539 nobis
2845 482 3081 537 thesauri
3123 479 3448 546 custodiam,-
3486 489 3770 550 propterea

490 599 784 656 reformata
811 596 1042 666 dignitas
1069 590 1318 645 abolevit.
1348 586 1582 640 Litteras
1609 584 1826 638 domino
1853 582 2082 652 impera-

493 691 596 747 tori
629 688 781 742 vobis
807 684 1063 756 legendas
1093 697 1154 735 ac
1177 679 1350 748 sigillo
1373 677 1614 730 munitas
1645 673 1944 743 majestatis
1966 669 2084 740 ejus

493 796 590 852 per
617 793 712 832 vos
743 773 1036 830 honorifice
1087 767 1391 823 oil‘crendas
1438 763 1761 824 direximus,
1795 770 1854 814 ut
1891 760 2082 812 volun-

495 848 658 926 tatem
690 873 931 920 nostram
961 862 1126 914 etiam
1149 861 1200 912 in
1227 873 1308 912 eis
1337 865 1539 910 rectam
1572 850 1930 921 inspiceretis.
1964 848 2084 902 Fol-

493 965 734 1020 chricum
766 970 820 1015 et
872 959 1040 1014 Maur.
1095 956 1342 1025 cupimus
1387 967 1508 1006 cmn
1559 949 1728 1002 fratre
1787 952 2086 1000 memorato

496 1055 672 1110 redire
712 1059 773 1106 ut
821 1051 854 1091 ιι
894 1047 1138 1121 piractio,
1184 1061 1292 1116 quo
1326 1043 1485 1098 unice
1532 1040 1870 1094 delectantur
1923 1037 2084 1106 (nam

494 1147 597 1203 hoc
626 1161 768 1200 anno
797 1141 1020 1213 penuria
1050 1138 1160 1193 vini
1207 1133 1472 1204 timetur),
1505 1132 1782 1187 nobiseum
1812 1129 2081 1183 fruantur.

482 1215 714 1291 .ltaritas
746 1227 926 1288 tamen
959 1230 1228 1285 fructuum
1269 1226 1497 1297 idipsum
1522 1223 1848 1283 defuturum,
1881 1229 1938 1272 ut
1962 1233 2086 1288 pro-

498 1330 693 1382 damus
745 1325 1054 1385 veritatem,
1104 1321 1358 1382 minatur,
1391 1314 1679 1390 cervisiam
1720 1327 1850 1366 vero
1887 1310 2088 1366 sterilis

498 1430 727 1474 annona:
767 1421 1080 1485 proventus.
1121 1407 1262 1463 Tuto
1306 1407 1470 1476 igitur
1517 1401 1751 1457 naturali
1799 1408 1952 1470 potu,
1981 1413 2091 1467 quo

497 1511 790 1568 salubritas
841 1507 1036 1561 anima:
1080 1501 1430 1571 corporisque
1481 1509 1866 1563 nonnunquam
1911 1489 2091 1560 acqui-

501 1603 656 1665 ritur,
682 1613 871 1653 omnes
906 1604 1140 1656 utemur,
1181 1607 1286 1645 non
1319 1590 1507 1643 hausta
1541 1583 1799 1638 lutulenta
1825 1580 2086 1644 cisterna,

498 1692 593 1748 sed
642 1688 843 1760 puteali
886 1682 1270 1756 perspicuitate
1315 1685 1408 1732 aut
1464 1675 1621 1729 vitrei
1682 1672 1781 1726 rivi
1833 1671 2086 1725 decursu.

499 1781 761 1853 Optamus
810 1789 905 1832 vos
954 1773 1135 1828 valere"
1178 1770 1407 1826 feliciter
1438 1775 1514 1855 .et
1566 1760 1848 1834 parvitatis
1891 1769 2089 1813 nostrae

500 1873 734 1944 benigne
764 1871 818 1926 in
856 1866 1109 1922 omnibus
1137 1861 1464 1936 meminisse.

959 1996 1117 2068 ιω
1156 1981 1482 2048 EPISTULA
1526 1987 1640 2042 cx.

1071 2120 1093 2148 ο
1122 2125 1189 2162 ΑΒ
1215 2119 1528 2160 ιιιιιτωκιῐλι.

573 2224 915 2286 Nobilitatis,
956 2221 982 2261 ιι
1027 2219 1340 2290 dignitatis,
1394 2225 1450 2269 et
1501 2209 1890 2268 moderationis
1945 2207 2096 2276 apice

507 2315 806 2386 conspicuo
878 2312 1168 2376 Hilduino,
1242 2307 1731 2363 ecclesiasticorum
1815 2301 2096 2371 magistro,

507 2406 694 2476 Lupus
719 2413 1038 2476 praesentem
1066 2411 1122 2456 et
1148 2401 1383 2454 futuram
1407 2397 1846 2467 prosperitatcm.

578 2493 694 2552 Non
709 2503 805 2549 est
829 2493 1134 2548 mirandum
1163 2490 1570 2561 amplitudinem
1615 2495 1846 2542 vestram
1880 2493 2099 2554 putasse

581 2642 606 2670 ι
640 2617 858 2697 Egesta;
887 2621 1183 2697 opprobrio.
1205 2615 1272 2676 At
1292 2621 1453 2697 hodie
1472 2630 1668 2697 quotus
1691 2618 1906 2673 tandem
1937 2617 2098 2697 homo

513 2708 596 2756 est
623 2688 711 2768 qui
737 2688 992 2768 amicum,
1017 2694 1238 2768 inopem
1259 2705 1323 2747 ex
1344 2688 1515 2768 divite
1539 2690 1762 2768 factum,
1795 2688 2100 2768 meminerit

512 2771 565 2825 in
607 2758 812 2822 intimis
857 2758 984 2820 olim
1033 2758 1134 2817 sibi
1165 2763 1366 2817 fuisse?
1395 2761 1532 2828 Quin
1563 2768 1618 2813 et
1658 2760 1826 2827 ipsam
1859 2758 2104 2828 Agrippi-

511 2854 637 2892 nam
666 2835 891 2890 Neronis
918 2834 1175 2902 principis
1205 2842 1430 2886 matrem
1470 2830 1709 2902 deseruit
1753 2829 1906 2902 turba
1951 2829 2097 2882 salu-

517 2908 744 2962 tantium
770 2897 1129 2975 postquamuet
1153 2903 1412 2957 excubias
1438 2901 1780 2975 militares__et
1801 2897 2100 2975 germanos

514 2969 1021 3032 custodes'removit
1049 2971 1211 3034 Nero,
1242 2987 1471 3040 eamque
1496 2969 1764 3040 transtulit
1800 2969 1852 3020 in
1880 2969 2100 3040 domum

514 3062 633 3115 quae
665 3044 908 3115 Antonia:
934 3045 1130 3115 funerat.
1162 3044 1231 3115 At
1255 3036 1398 3095 enim
1425 3041 1470 3115 si
1502 3038 1792 3108 quispiam,
1824 3036 1910 3090 cui
1934 3038 2100 3115 prius

516 3108 699 3170 mensa
727 3114 903 3167 tenuis
929 3113 1128 3174 fuerat,
1154 3112 1305 3164 dives
1329 3110 1541 3170 evadat,
1580 3119 1690 3161 tum
1717 3122 1844 3161 vero
1865 3108 2098 3176 primum

2183 580 2326 651 quod
2377 579 2690 634 monasterii
2743 579 2880 632 situs
2932 578 3083 632 vobis
3133 593 3241 632 non
3269 587 3387 632 erat
3436 586 3767 646 compertus.

2187 671 2340 726 Hunc
2359 671 2499 724 enim
2531 670 2578 724 si
2615 668 3031 740 cognovisselis,
3064 684 3170 721 non
3201 668 3362 723 modo
3382 668 3640 722 diuturno
3668 682 3771 722 non

2185 761 2638 823 conservandum,-
2664 759 2756 813 sed
2797 775 2863 812 ne
2905 757 3068 812 tribui
3107 758 3324 826 quidem
3364 759 3538 827 spatio
3575 759 3778 813 haben-

2187 854 2312 908 dutn
2339 869 2463 907 cum
2488 851 2640 905 nobis
2663 849 3020 905 direxissctis.
3055 849 3300 917 Namque
3329 849 3546 903 tametsi
3585 860 3609 888 ε
3639 849 3775 919 pira-

2187 954 2366 1000 tarum
2413 945 2520 999 huc
2565 943 2794 998 difficilis
2842 943 3058 996 videtur
3102 953 3353 997 accessus
3399 941 3620 1010 (quibus
3640 939 3778 1008 jam,

2186 1035 2424 1106 peccatis
2449 1034 2646 1088 nostris
2683 1032 2808 1088 talia
2853 1033 3208 1097 merentibus,
3253 1032 3386 1088 nihil
3426 1033 3779 1103 longinquum

2188 1141 2296 1180 non
2323 1135 2408 1180 est
2443 1125 2825 1195 propinquum,
2860 1123 2993 1178 nihil
3045 1124 3274 1179 arduam
3310 1133 3394 1180 est
3420 1125 3673 1195 invium),
3705 1133 3782 1179 ta-

2189 1231 2312 1272 men
2340 1215 2628 1271 infirmitas
2656 1214 2826 1269 nostri
2857 1213 2954 1268 loci
2987 1222 3042 1266 et
3069 1213 3340 1284 exiguitas
3385 1213 3666 1269 hominum
3690 1217 3777 1285 qui

2189 1308 2298 1363 sint
2339 1307 2514 1363 idonei
2561 1307 2814 1360 resistere
2847 1304 3093 1359 accendit
3129 1301 3404 1374 rapacium
3443 1306 3778 1368 aviditatem,

2189 1399 2490 1470 praesertim
2541 1400 2662 1451 cum
2694 1396 2843 1451 silvis
2887 1396 3009 1450 tecti
3057 1397 3266 1464 possint
3310 1394 3590 1457 advolare,
3640 1395 3781 1459 nulla

2189 1488 2508 1551 iminltione,
2557 1485 2700 1540 nulla
2739 1486 3018 1540 hominum
3059 1486 3311 1540 obstante
3357 1485 3688 1554 frequentia,
3733 1493 3785 1540 et

2189 1576 2384 1630 vicinia
2418 1575 2651 1629 saltuum
2694 1575 2915 1642 recepti,
2947 1573 3025 1627 sic
3063 1574 3262 1627 diversi
3293 1572 3556 1642 diffugere
3595 1583 3656 1626 ut
3688 1573 3788 1642 ipsi

2189 1667 2414 1740 pecunia
2439 1665 2613 1720 securi
2654 1665 2947 1734 potiantur,
2981 1664 3195 1717 inanem
3239 1662 3476 1716 laborem
3512 1663 3784 1732 inquiren-

2193 1761 2336 1816 tibus
2375 1759 2776 1828 derelitiquant.
2805 1755 2932 1812 Haec
2963 1756 3034 1810 ita
3073 1769 3197 1810 esse
3225 1764 3295 1811 'et
3337 1756 3589 1810 homines
3621 1755 3786 1810 vestri

2122 1850 2164 1907 Β
2195 1865 2365 1920 nuper
2408 1849 2792 1919 inspexerunt;
2842 1854 2897 1901 et
2937 1846 3026 1900 hic
3055 1846 3071 1884 ί
3101 1843 3213 1910 lvo,
3260 1846 3350 1916 qui
3380 1847 3469 1901 diu
3502 1847 3789 1901 nobiscum

2201 1949 2446 1994 versatus
2504 1947 2607 2004 est,
2674 1938 2874 2008 poterit
2937 1937 3258 2007 approbare.
3328 1937 3562 1992 Proinde
3611 1945 3792 1992 vestra

2201 2025 2404 2084 merito
2436 2029 2650 2082 laudata
2705 2036 2760 2081 et
2826 2026 3090 2082 laudanda
3155 2027 3444 2096 prudentia
3493 2013 3789 2098 prospiciat

2199 2129 2395 2173 nostra:
2426 2117 2698 2172 formidini
2727 2126 2781 2172 et
2807 2132 2919 2172 sua:
2941 2117 3041 2181 rei,
3073 2132 3137 2172 ac
3165 2116 3399 2187 pretiosa
3422 2117 3664 2187 pericula
3688 2118 3790 2171 alio

2202 2209 2572 2266 transferenda
2603 2217 2888 2280 procuret;
2929 2223 2997 2262 ne
3032 2207 3076 2262 si
3107 2207 3250 2277 quod
3276 2222 3528 2264 veremur
3559 2209 3790 2280 conlige

2202 2303 2289 2367 rit,
2317 2318 2412 2355 vos
2435 2315 2554 2356 sera
2584 2299 2917 2370 paenitudine
2941 2297 3324 2368 torqueamini,
3351 2311 3451 2353 nos
3475 2311 3611 2352 vero
3631 2313 3788 2367 quam

2201 2410 2304 2448 non
2331 2407 2599 2447 meremur
2638 2391 2980 2445 incurramus
3002 2386 3373 2444 offensionem.
3408 2387 3792 2444 Eximietatem

2201 2494 2437 2538 vestram
2474 2483 2634 2554 cupio
2665 2481 2846 2536 valere
2878 2480 3128 2536 feliciter.

2217 2619 2450 2674 irobitas.

2406 2639 2450 2672 κ.

2201 2639 2596 2766 “ﬁliiﬁlii-actio.
2643 2684 2913 2766 intelligit,
2957 2686 3171 2766 qpinor,
3213 2685 3486 2766 potionem
3541 2699 3609 2739 es
3662 2684 3792 2756 piris

2203 2760 2524 2822 confectam,
2558 2759 2675 2811 usui
2705 2755 2940 2811 futuram
2970 2755 3088 2811 loco
3118 2755 3251 2821 vini,-
3277 2755 3421 2825 quod
3448 2770 3514 2810 eo
3541 2755 3688 2811 anno
3713 2772 3792 2808 rae

2203 2831 2475 2886 rissimum
2506 2836 2624 2881 erat
2652 2828 2914 2882 futurum.
3779 2881 3782 2884 ,

2275 2912 2297 2938 ο
2339 2898 2420 2951 Ad
2455 2897 2788 2950 llilduinum.
2829 2896 3090 2950 Abbatem
3132 2895 3444 2950 monasterii
3473 2895 3648 2948 sancti
3673 2896 3790 2948 Dio-

2204 2970 2345 3090 qysi,
2376 2969 2472 3090 miri.
2493 2978 2545 3021 ct
2573 2967 2714 3022 sacri
2743 2966 2929 3036 palatii
2949 2964 3413 3035 archicapellanus
3434 2964 3537 3018 fuit
3567 2967 3670 3020 sub
3691 2965 3789 3019 Lua

2204 3057 2392 3090 ιιινιρο
2463 3053 2532 3090 10.

2202 3040 2392 3095 tltivico
2418 3040 2532 3091 Pio.

2269 3110 2296 3150 ἀ
2340 3108 2623 3178 Dignitatis
2650 3107 2814 3178 apice.
2853 3107 2988 3173 Quia
3019 3105 3287 3178 nimirum
3319 3105 3788 3175 archicapellanus

515 3186 687 3238 vitare
725 3181 978 3252 paulatim
1025 3196 1344 3252 congressus
1383 3179 1581 3232 veteris
1621 3177 1803 3239 amici,
1830 3174 2100 3246 postremo
2129 3195 2172 3258 ρ
2205 3189 2324 3234 erat
2353 3174 2490 3247 apex
2513 3174 2752 3231 omnium
2783 3177 3104 3301 dignitatum
3129 3174 3508 3245 palatinarum,
3535 3174 3702 3246 atque
3727 3178 3792 3230 ob

518 3253 780 3301 fastidire.
817 3252 1088 3301 Recteque
1118 3252 1342 3301 adnotat
1388 3249 1624 3301 Muretus
1652 3256 1838 3300 noster
1862 3249 1912 3300 in
1958 3246 2097 3301 libro
2205 3266 2325 3301 eam
2356 3263 2576 3301 causam
2601 3255 2846 3301 metrooo
2872 3247 3030 3301 itanis
3054 3261 3265 3301 quoque
3292 3245 3492 3301 ubiaue
3519 3248 3789 3301 nrmlatus.

518 3246 780 3307 fastidire.
817 3252 1088 3319 Recteque
1118 3246 1342 3304 adnotat
1388 3249 1624 3319 Muretus
1652 3256 1838 3319 noster
1862 3249 1912 3300 in
1958 3246 2097 3302 libro

518 3340 554 3378 ll
586 3322 871 3375 Variarum
900 3317 1234 3384 Lectionum,
1258 3337 1378 3390 cap.
1407 3317 1714 3390 tv,diflicile_
1732 3325 1785 3370 et
1812 3331 2098 3390 operosum

517 3409 638 3447 esse
667 3393 904 3459 reperire
949 3399 1235 3459 cognatum
1279 3387 1551 3459 pauperis.
1591 3387 1878 3459 Sapienter
1919 3387 2099 3459 itaque

519 3457 812 3519 Rohertum
841 3457 1601 3528 Lincol'niensirmepiscopum
1627 3457 1883 3528 monebat
1909 3457 2100 3510 Arnul-

517 3533 656 3604 phus
678 3531 958 3604 episcopus
987 3526 1355 3604 Lexoviensis,
1376 3533 1605 3604 caveret
1635 3540 1703 3581 ne
1745 3526 1797 3580 in
1828 3540 2100 3604 seuexem-

519 3595 664 3672 plum
701 3595 886 3672 ederet
927 3615 1036 3668 quo
1079 3599 1390 3653 confirmari
1446 3605 1629 3672 posset
1664 3605 1818 3672 vetus
1862 3595 1991 3672 illud
2023 3597 2101 3672 d_i4

517 3666 685 3734 ctum,
720 3666 959 3723 Ilonorei
990 3677 1190 3722 mutant
1239 3685 1424 3723 mores.
1461 3668 1552 3721 Ait
1591 3666 1735 3722 enim
1790 3666 1843 3720 in
1873 3666 2098 3733 epistola

519 3742 753 3797 secunda
783 3758 795 3792 ε
839 3759 856 3785 α
889 3739 1050 3794 Creat
1081 3739 1222 3793 enim
1257 3754 1352 3792 cor
1379 3753 1574 3792 novum
1603 3745 1656 3790 et
1683 3751 1848 3791 novos
1877 3735 2101 3790 atfectus

518 3827 670 3867 novre
698 3809 1027 3864 conscientia
1052 3809 1360 3878 dignitatis;
1394 3809 1700 3878 divitesque
1727 3805 1851 3860 facti
1876 3822 2103 3878 paupeng

522 3882 649 3935 tatis
685 3881 888 3933 amicos
913 3894 1034 3932 cum
1068 3876 1176 3948 ipsa
1203 3887 1516 3948 paupertate
1540 3877 1845 3948 fastidiunt,
1880 3876 2101 3948 ne_quid

518 3966 686 4022 penes
715 3963 809 4003 eos
835 3951 901 4002 de
929 3944 1098 4001 veteri
1127 3944 1375 4022 videatur
1412 3947 1586 4022 inopia
1629 3946 1926 4022 resedisset
1946 3944 2102 4022 Solos

520 4015 1051 4087 autemvenerantur
1072 4026 1127 4069 et
1151 4017 1376 4087 diligunt
1395 4032 1529 4086 quos
1553 4015 1766 4070 fortuna
1791 4015 2097 4087 conducit.»

521 4089 658 4143 Vide
684 4085 852 4141 Notas
881 4096 1091 4139 nostras
1119 4087 1184 4138 ad
1209 4085 1493 4157 epistolam
1521 4087 1812 4157 secundam
1840 4085 2096 4157 Salviani.

523 4158 622 4212 llic
659 4165 838 4210 tamen
871 4155 1547 4226 testimoniumperhibere
1576 4155 1744 4208 debeo
1773 4155 2010 4226 veritati,
2043 4165 2103 4226 ut

524 4226 778 4282 habuisse
799 4240 857 4278 se
883 4227 1017 4278 sciat
1041 4237 1218 4294 nostra
1239 4225 1370 4279 aztas
1391 4226 1562 4279 virum
1585 4239 1744 4294 quem
1769 4239 1888 4277 cum
1912 4225 2104 4294 priscis

521 4295 770 4350 conferre
799 4295 989 4362 possit.
1023 4293 1172 4348 llaud
1200 4296 1359 4350 dubie
1379 4295 1572 4349 Petrus
1601 4297 1666 4349 de
1696 4293 1893 4355 Marce,
1917 4293 2105 4348 archi-

523 4367 806 4436 episcopus
831 4363 1169 4425 Parisiensis,
1186 4364 1267 4417 vir
1281 4381 1511 4449 inagnus
1537 4363 1735 4449 fuitnet.
1747 4380 1812 4445 eo
1832 4364 2104 4449 dignitatis

524 4434 842 4505 pervenerat
874 4443 931 4486 ut
962 4442 1220 4505 pneterea
1263 4434 1556 4488 desiderari
1607 4435 1740 4488 nihil
1778 4435 1830 4488 in
1861 4434 2100 4505 Ecclesia

524 4502 797 4562 Gallicana
829 4513 1017 4572 possit.
1059 4502 1114 4555 in
1157 4503 1256 4558 hac
1286 4512 1465 4557 tamen
1497 4505 1759 4558 honorum
1810 4514 1864 4558 et
1891 4504 2104 4558 divitia-

527 4592 646 4630 rum
673 4574 838 4643 gloria
881 4573 1195 4628 modestiam
1241 4573 1404 4626 aninti
1436 4587 1647 4644 semper
1675 4573 1918 4628 retinuit.
1949 4573 2104 4642 Apud

525 4660 649 4700 eum
691 4644 763 4696 fui
808 4657 908 4712 per
953 4643 1218 4711 integrum
1269 4643 1624 4714 sexennium;
1670 4644 1912 4712 adeoque
1951 4645 2108 4714 longa

525 4714 859 4784 experientia
886 4715 1108 4784 cognovi
1132 4727 1294 4782 quam
1339 4712 1678 4784 familiariter
1705 4715 1977 4784 exciperet
2001 4712 2112 4766 om-

526 4782 675 4840 nium
723 4782 974 4853 ordinuni
1018 4783 1182 4845 viros,
1229 4791 1283 4837 et
1329 4798 1491 4853 quam
1522 4783 1753 4836 civiliter
1780 4782 1964 4853 ageret
1989 4797 2111 4837 cum

530 4853 820 4922 universis.
868 4851 1070 4906 Aderat
1100 4851 1410 4921 frequenter
1436 4853 1767 4908 Athanasius
1793 4851 1976 4908 rhetor
1998 4868 2112 4922 pre-

529 4925 712 4993 sbyter
729 4921 1375 4993 Constantinopolitanus,
1413 4923 1574 4977 homo
1605 4923 1892 4992 cmteroqui
1921 4921 2112 4977 doctus

529 5002 584 5047 et
599 4992 852 5045 eruditus
877 5030 892 5054 ,
917 4993 1015 5062 sed
1049 5001 1226 5062 tamen
1253 5006 1525 5062 pannosus
1563 5002 1617 5046 et
1656 4999 1873 5060 pauper.
1903 4994 1970 5046 At
2007 5010 2111 5046 non

530 5069 814 5131 propterea
844 5061 1185 5118 existimabat
1212 5062 1390 5118 Marca
1420 5062 1592 5116 virum
1625 5073 1744 5115 esse
1767 5071 2114 5116 contemnen-

533 5129 684 5190 dum,
713 5129 797 5182 cui
833 5140 1028 5198 prmter
1057 5131 1252 5185 bonam
1283 5141 1515 5187 mentem
1544 5142 1600 5185 et
1620 5131 1906 5200 plurimam
1932 5147 2110 5187 rerum

534 5214 837 5271 sacrarum
859 5213 922 5251 ac
952 5200 1144 5271 divinae
1173 5203 1531 5270 huniaanue
1561 5200 1910 5271 philosophia:
1937 5204 2115 5271 cogni-

537 5272 736 5322 tionem
773 5268 977 5340 ad_erat_
996 5270 1160 5325 etiam
1194 5268 1455 5327 modestia
1478 5268 1603 5324 vere
1623 5268 1929 5338 Christiano
1953 5268 2111 5340 digna

531 5348 796 5411 etinorcs
839 5337 1113 5411 inculpati.
1157 5341 1311 5396 Hunc
1353 5342 1425 5396 ita
1455 5355 1752 5411 pannosum
1778 5337 1944 5411 penes
1971 5337 2032 5396 se
2061 5344 2111 5397 in

533 5407 818 5482 colloquiis
846 5407 1054 5482 locabat
1080 5411 1289 5474 Marco;
1315 5407 1528 5480 quoties
1547 5425 1685 5482 vero
1715 5407 1838 5466 eu'm
1868 5413 1934 5465 ad
1958 5428 2113 5482 pran-

534 5478 682 5534 dium
715 5478 974 5532 invitabat
995 5480 1147 5549 juxta
1176 5495 1234 5536 se
1272 5478 1512 5536 assidere
1536 5480 1785 5548 faciebat,
1815 5493 1868 5535 et
1894 5478 2110 5550 quidem

531 5562 700 5616 super
738 5549 870 5602 alios
911 5552 1170 5618 quosdam
1208 5551 1298 5618 qui
1337 5551 1516 5604 vestiti
1565 5561 1720 5607 erant
1760 5549 2006 5607 mollibus
2059 5563 2111 5607 et

534 5617 779 5673 fortassis
820 5617 1075 5672 rebantur
1114 5617 1468 5673 Athanasium
1510 5622 1610 5674 sibi
1654 5621 1959 5677 inferiorem
1994 5639 2114 5677 esse

535 5687 721 5744 multis
748 5688 1084 5757 parasnngis.
1128 5686 1256 5743 Vide
1282 5689 1638 5744 Freinshemii
1664 5693 2110 5748 commenzarium

538 5759 590 5811 in
613 5756 879 5823 Curtium,
908 5756 998 5810 lib.
1029 5771 1101 5822 tv,
1125 5773 1244 5827 cap.
1282 5759 1328 5824 Ι,
1360 5760 1410 5812 in
1438 5760 1587 5822 illud,
1606 5761 1779 5814 flama
1793 5765 2111 5831 paupertatis

2205 3266 2325 3304 eam
2356 3245 2576 3302 causam
2601 3245 3030 3316 metropolitanis
3054 3261 3265 3316 quoque
3292 3245 3492 3314 ubique
3519 3245 3789 3316 praelatus,

2203 3321 2367 3376 etiam
2394 3318 2444 3370 in
2471 3317 2712 3387 synodis.
2743 3315 3009 3383 Quoniam
3033 3315 3162 3371 vero
3184 3315 3424 3387 omnium
3447 3315 3540 3387 qui
3571 3316 3627 3370 in
3651 3317 3793 3372 clero

2201 3398 2358 3445 erant
2391 3385 2568 3459 causa:
2597 3389 2664 3442 ad
2689 3402 2812 3459 eum
2843 3387 3210 3459 pertinebant,
3230 3385 3373 3442 velut
3395 3388 3476 3459 ad
3501 3385 3793 3459 Responsa-

2203 3459 2302 3514 iem
2328 3458 2651 3527 negotiorum
2687 3456 3175 3520 ecclesiasticarum,
3216 3456 3791 3527 ut__archicapellanunt

2203 3539 2358 3584 Vocat
2395 3525 2740 3591 illincmarns,
2771 3529 2898 3584 hinc
2939 3527 3137 3580 factum
3176 3533 3234 3579 ut
3265 3525 3575 3597 llilduinum
3618 3526 3796 3597 Lupus

2201 3609 2358 3654 vocet
2381 3598 2881 3653 Ecclesiaslicornm
2921 3597 3260 3668 magistrum.
3288 3595 3545 3668 Eamdem
3572 3597 3645 3650 ob
3673 3595 3797 3668 cau-

2204 3685 2319 3724 sam
2350 3669 2657 3722 llilduiuutn
2685 3669 2854 3737 sacris
2897 3665 3126 3737 negotiis
3155 3680 3186 3719 a
3217 3665 3327 3737 Deo
3352 3665 3638 3737 praelatum
3672 3666 3798 3737 legi-

2204 3749 2292 3793 tur
2325 3740 2376 3792 in
2403 3736 2922 3807 EpistolaAEcclesite
2940 3735 3269 3807 senoncnsis
3291 3737 3358 3807 ad
3386 3736 3562 3804 ipsum
3588 3735 3792 3805 scripta

2203 3819 2302 3878 pro
2337 3803 2601 3862 electione
2645 3803 2928 3878 ilict-cinia:
2961 3805 3375 3878 archiepiscopi.
3408 3803 3549 3878 Quin
3577 3817 3634 3860 et
3663 3803 3795 3861 Fro—

2207 3876 2398 3938 iarins,
2422 3879 2709 3947 episcopus
2735 3876 3004 3931 Tullensis
3031 3891 3154 3947 eum
3185 3883 3341 3929 vocat
3365 3893 3406 3947 _a
3441 3877 3546 3947 l_)_eo
3576 3877 3796 3930 electum

2239 3957 2403 4018 utrem
2433 3944 2478 4000 ei
2513 3944 2841 4018 magistrum.
2873 3947 2966 4001 Sic
2988 3947 3039 3999 in
3067 3946 3293 4018 imperio
3319 3945 3424 4018 ᾳ).
3455 3944 3796 4018 ΕΙιιιι-ιορΙιγο

2226 4035 2290 4072 ax
2305 4015 2950 4086 Constantinopolitanus,
2977 4025 3155 4070 tamen
3173 4017 3272 4068 etsi
3299 4015 3561 4070 diaconus
3587 4015 3794 4070 tantum

2203 4096 2370 4149 esset,
2413 4097 2537 4140 ante
2580 4085 2851 4140 antistites
2892 4102 2984 4140 seu
3014 4085 3296 4155 pontifices
3328 4086 3570 4148 sedebat,
3611 4097 3672 4141 ut
3701 4089 3795 4140 do-

2205 4167 2291 4212 cet
2321 4156 2602 4210 Balsamon
2637 4156 2690 4209 in
2725 4171 2986 4210 canonem
3016 4154 3095 4208 ’18
3130 4154 3403 4209 Nicarnum
3449 4165 3502 4209 et
3532 4156 3586 4209 in
3641 4172 3799 4211 cano-

2205 4243 2328 4282 nem
2357 4229 2386 4297 ἶ
2425 4227 2615 4297 synodi
2644 4225 2695 4278 in
2719 4226 2926 4297 Trulla.

2280 4309 2304 4337 ε
2343 4294 2668 4349 Pirritarum.
2715 4296 2770 4349 ld
2798 4307 2882 4351 est
2909 4295 3360 4357 Normannorum,
3394 4294 3485 4364 qui
3514 4304 3630 4349 tum
3679 4295 3798 4351 Gal-

2206 4367 2305 4421 lias
2336 4367 2530 4420 misere
2569 4366 3048 4435 depopulabantur.
3095 4365 3306 4420 Piratas
3329 4379 3506 4418 autem
3549 4367 3671 4419 ideo
3713 4382 3799 4420 vo-

2207 4447 2294 4491 cat
2323 4436 2464 4506 quod
2507 4436 2718 4505 navigio
2765 4437 2994 4505 pritnmn
3045 4435 3508 4505 pervenissent‘in
3545 4435 3793 4490 Galliam.

2212 4508 2413 4561 Horum
2456 4521 2584 4574 ergo
2617 4515 2760 4559 metu
2804 4506 3088 4560 Hilduinus
3133 4506 3447 4559 thesaurum
3481 4507 3798 4561 monasterii

2135 4552 2185 4611 D
2351 4577 2402 4630 id
2429 4552 2549 4636 est?
2563 4589 2747 4629 sacras
2788 4552 3096 4630 sanctorum
3139 4552 3395 4645 reliquias
3423 4583 3476 4626 et
3503 4552 3798 4645 pret—insani

2213 4646 2595 4716 supellectilem
2638 4646 2689 4699 in
2721 4645 3108 4716 monasterium
3136 4643 3486 4716 Ferrariense
3504 4643 3801 4701 transferri

2206 4714 2468 4786 jusserat,
2500 4715 2642 4784 quod
2669 4723 2840 4768 tutum
2870 4714 3047 4769 locum
3067 4729 3199 4786 esse
3233 4714 3575 4768 existimaret
3609 4718 3801 4770 adver-

2213 4784 2304 4842 sus
2335 4784 2692 4848 Normannos,
2737 4794 2922 4853 utpote
2959 4784 3432 4846 mediterraneum,
3464 4793 3628 4853 atque
3667 4787 3802 4841 adeo

2214 4856 2405 4928 piratis
2425 4856 2570 4928 velut
2592 4855 2813 4928 invium,
2838 4870 2942 4907 non
2964 4868 3120 4928 secus
3139 4869 3202 4928 ac
3221 4853 3656 4928 Constantiensis
3681 4858 3802 4928 pagi

2217 4922 2269 4980 in
2299 4925 2548 4979 Neustria
2597 4925 2787 4979 incola:
2819 4924 2988 4978 sancti
3038 4922 3203 4977 Laudi
3253 4925 3502 4994 episcopi
3528 4922 3802 4994 quondam

2217 4997 2291 5049 fui
2329 4995 2587 5064 reliquias
2616 4995 2684 5048 ob
2707 5009 2830 5048 eum
2852 5004 3052 5048 metunt
3079 4994 3253 5064 primo
3275 4983 3671 5047 t'ranst'uleiunt
3699 4983 3802 5049 Ro-

2221 5063 2549 5133 thomagum,
2575 5066 2697 5118 inde
2719 5079 2845 5117 vero
2871 5065 3010 5134 apud
3039 5063 3310 5134 civitatem
3334 5063 3800 5131 Andegavensem.

2219 5135 2336 5201 Quo
2366 5131 2485 5188 cum
2534 5135 2877 5205 pervenirent
2907 5131 3076 5205 etiam
3115 5131 3432 5196 Normanni,
3458 5134 3692 5205 tandem
3736 5136 3803 5188 ad

2219 5205 2502 5259 'l‘utelense
2535 5202 2928 5258 monasterium
2955 5203 3007 5258 in
3041 5202 3412 5258 Lemovicibus
3438 5202 3629 5257 delabi:
3657 5213 3802 5266 sunt,

2219 5275 2309 5329 ubi
2357 5275 2624 5344 hodieque
2669 5289 2879 5344 summa
2924 5273 3268 5344 veneratione
3327 5282 3700 5328 asservantur.
3732 5274 3804 5326 De

2217 5359 2325 5413 quo
2355 5361 2454 5398 nos
2483 5343 2701 5398 uberius
2722 5343 2850 5414 olim
2872 5344 3080 5414 egimus
3108 5343 3162 5414 in
3189 5344 3568 5397 dissertatione
3592 5344 3658 5397 de
3684 5359 3804 5398 san-

2217 5412 2319 5467 ctis
2348 5415 2530 5477 Claro,
2565 5414 2769 5475 Laudo,
2797 5412 3020 5468 Ulfa'rdo
3051 5422 3106 5466 et
3134 5413 3426 5476 Baumado,
3455 5429 3689 5482 quorum
3715 5429 3801 5466 sa-

2214 5485 2592 5605 lci':t:.rt.-liqtii:1:
2636 5495 2923 5538 servantur
2951 5484 3006 5537 in
3055 5482 3351 5538 cathedrali
3385 5483 3615 5538 ecclesia
3641 5487 3800 5538 Tute-

2232 5567 2370 5605 ensr.

2232 5567 2370 5608 ensr.

2295 5622 2313 5660 τ
2356 5622 2470 5677 Ιυο.
2529 5624 2761 5677 Fortean
2801 5623 3164 5678 subdiaconus
3196 5631 3251 5678 et
3290 5624 3593 5679 monachus
3632 5623 3796 5678 sancti

2218 5692 2491 5815 DionyisEi‘;
2516 5694 2668 5758 cujus
2709 5694 2910 5746 intentio
2936 5701 3113 5748 exstat
3149 5693 3204 5748 in
3233 5701 3379 5748 tomo
3411 5691 3475 5750 IV
3506 5693 3794 5762 Spicilegii.

2218 5779 2338 5815 ιιιιε.
2410 5782 2442 5815 ο
2483 5800 2496 5815 ι

2217 5779 2338 5833 pag.
2362 5763 2496 5816 251.
