4034 6298
526 389 630 448 599

1541 377 1601 438 Β.
1645 383 1702 438 S.
1745 380 1901 438 LUPI
1938 374 2228 434 ABBA'l‘lS
2265 374 2769 432 FERRARIENSIS

3697 380 3794 438 600

524 506 811 562 familiaris
845 505 1165 561 detrimento
1215 510 1270 558 et
1315 501 1692 556 imminutione
1736 498 2099 569 indigentibus
2127 496 2181 556 A
2207 501 2289 551 tas
2314 496 2654 568 suffragetur.
2699 494 2902 549 Deinde
2948 493 3353 564 pollicitationis
3396 509 3541 552 veras
3588 512 3793 552 memo-

526 598 858 654 subveniret.
886 595 1147 650 Nimirum
1187 595 1288 649 hoc
1317 592 1417 647 fuit
1444 607 1473 646 a
1516 591 1776 646 fratribus
1806 589 2104 644 necessita-

525 701 636 746 tem
658 689 985 761 patientibus
1008 703 1112 741 non
1143 685 1392 741 claudere
1423 685 1657 748 viscera,
1710 684 1811 738 hoc
1854 682 1956 735 fuit
1984 681 2100 750 epi-

525 782 813 853 scapalitcr
826 779 1078 851 compati,
1095 779 1198 833 hoc
1215 788 1489 848 postremo
1510 776 1830 831 charitatem
1856 773 2097 843 implere.

523 874 744 940 Verum,
772 872 1024 942 quoniam
1069 870 1372 925 exuberans
1417 869 1512 924 Dei
1560 867 1730 922 nostri
1778 865 2097 929 clementia,

520 980 707 1040 tegens
753 966 1078 1037 indulgentia
1127 965 1438 1019 innumeras
1494 961 1864 1028 maximasque
1913 957 2100 1028 culpas

517 1072 732 1117 nostras
763 1073 789 1100 α
819 1061 993 1113 minas
1020 1059 1354 1130 prardonum,
1400 1056 1610 1126 quibus,
1665 1053 1892 1108 vastatis
1943 1051 2100 1122 longe

516 1155 731 1223 lateque
761 1152 1130 1208 celeberrimis
1178 1151 1328 1213 locis,
1367 1150 1530 1203 etiam
1581 1147 1760 1204 sedem
1796 1146 2095 1215 negotiato-

514 1261 635 1299 rum
673 1260 871 1316 cappas
897 1260 954 1299 sc
983 1244 1248 1314 petituros
1286 1243 1568 1309 jactabant
1598 1239 1880 1304 subvertit,
1912 1254 1975 1293 ac
2004 1251 2098 1293 eos

514 1353 542 1389 a
570 1338 744 1400 nobis,
769 1337 912 1406 quod
939 1335 1144 1390 utinam
1173 1337 1239 1390 ab
1265 1335 1516 1389 omnibus
1541 1333 1864 1388 Christianis
1913 1331 2093 1396 faciat,

516 1430 728 1494 avertit,
754 1444 854 1483 nec
877 1429 980 1483 hac
1007 1427 1126 1482 vice
1152 1428 1319 1482 avulsi
1372 1444 1400 1480 a
1433 1436 1616 1481 nostro
1659 1424 1908 1480 emnobio
1938 1439 2098 1493 coge-

512 1536 635 1574 mur
675 1519 1041 1590 peregriuari,
1094 1531 1342 1590 optamus
1385 1534 1595 1582 omnes,
1642 1517 1794 1587 quasi
1836 1531 2094 1571 concesso

510 1612 670 1668 nobis
689 1600 782 1667 'usi
810 1611 1094 1678 beneficio,
1152 1620 1212 1666 ut
1255 1611 1326 1666 sit
1375 1611 1526 1665 vobis
1557 1620 1666 1666 tam
1713 1610 1918 1680 copiosi
1966 1610 2093 1664 boni

510 1703 657 1758 salva
681 1718 890 1759 merces
913 1705 1346 1773 reprmsentanda
1375 1721 1405 1756 a
1431 1703 1560 1770 Deo,
1589 1719 1710 1758 cum
1737 1704 1965 1774 cmperit
1983 1703 2091 1756 ele-

509 1805 625 1851 ctos
646 1795 947 1866 gloriﬁcare
975 1807 1029 1852 et
1060 1799 1086 1838 δ
1118 1797 1344 1866 gratiam
1371 1814 1467 1868 pro
1497 1797 1668 1868 gratia
1698 1798 1943 1852 reddere.
1961 1797 2090 1852 Par-

510 1887 651 1940 vitas
684 1897 865 1942 autem
891 1897 1076 1944 nostra
1099 1903 1236 1958 pene
1265 1926 1281 1943 .
1318 1927 1333 1943 .
1366 1929 1378 1942 .

509 1986 620 2031 tate
645 1977 896 2048 obligata,
947 1994 1220 2049 nunquam
1273 1981 1380 2034 erit
1426 1981 1580 2035 vobis
1626 1981 1840 2052 ingrata
1867 2022 1881 2036 .
1909 2021 1924 2036 .
1963 2021 1977 2034 .
2023 1982 2091 2038 ad

507 2070 915 2139 obsequendum
946 2071 1345 2142 paratissimam
1389 2073 1800 2143 quibuscunque
1860 2074 2092 2130 valuerit

505 2160 720 2215 indiciis
773 2161 1132 2216 conlirmabit.
1191 2161 1274 2218 Sit
1328 2173 1508 2218 tamen
1566 2165 1838 2233 Aquensis
1890 2163 2088 2222 fundus

506 2261 747 2319 tempore
779 2251 1108 2320 praelationis
1147 2263 1360 2318 vestrze,
1392 2255 1535 2324 quod
1579 2257 1740 2310 Deus-
1773 2257 2088 2312 diuturnum

502 2359 624 2399 esse
651 2347 930 2410 concedat,
965 2353 1153 2400 nostro
1181 2346 1446 2418 perfugio,
1488 2347 1530 2402 si
1563 2347 1851 2404 infelicitas
1892 2350 2084 2407 similis

502 2438 780 2503 acciderit,
816 2438 1135 2494 destinatus.
1178 2437 1568 2494 Contineantur
1609 2441 1858 2509 aedilicia,
1895 2444 2087 2500 hortus

497 2530 661 2585 etiam
697 2530 1008 2602 diligentius
1032 2529 1328 2597 excolatur,
1354 2533 1496 2601 qttod
1525 2542 1671 2589 recte
1697 2533 1878 2590 facere
1903 2537 2087 2607 dispo-

496 2627 700 2682 suistis.
737 2627 865 2698 Agri
890 2631 957 2683 ad
981 2627 1083 2682 hoc
1123 2629 1233 2698 apti
1262 2628 1462 2684 vitibus
1491 2641 1867 2699 conserantur,
1901 2635 2080 2690 acervi

494 2716 707 2789 frugum
728 2718 862 2786 justi
911 2719 1111 2778 laboris
1157 2721 1423 2778 industria
1449 2722 1894 2792 multiplicemur,
1927 2735 1988 2782 ut
2026 2735 2083 2782 et

491 2810 647 2865 vobis
673 2819 925 2882 suppetat
967 2813 1110 2881 quod
1137 2813 1212 2867 de'
1248 2827 1398 2868 more
1428 2815 1718 2884 quotannis
1763 2816 2078 2874 domesticis

491 2901 761 2978 tribuatis,
800 2904 1028 2973 etquod
1067 2919 1224 2974 opem
1249 2905 1616 2974 quarrentibus
1655 2906 2082 2965 misericorditer

489 2993 818 3064 largiamini,
851 3006 906 3050 et
959 2998 1004 3050 si
1041 2995 1132 3051 illo
1176 3012 1293 3061 nos,
1333 2998 1784 3066 quemadmodum
1818 2997 2080 3055 formida-

491 3103 632 3153 mus,
671 3089 830 3159 182
877 3090 1115 3159 peccatis
1157 3089 1358 3144 nostris
1389 3089 1441 3143 id
1494 3091 1854 3161 exigentibus,
1887 3093 2076 3150 ultima

489 3181 790 3235 necessitas
837 3181 1083 3246 traxerit,
1117 3180 1321 3236 latibuli
1363 3183 1533 3236 nostri
1569 3184 1836 3252 asperitas
1865 3200 2074 3241 memo-

488 3268 625 3322 ratis
653 3269 909 3324 subsidiis
955 3270 1205 3324 leniatur.
1239 3268 1374 3336 Quid
1412 3279 1588 3326 autem
1635 3272 1862 3329 velimus
1913 3290 2076 3344 super

490 3359 578 3413 his
615 3375 734 3428 qua:
761 3376 792 3414 a
825 3360 978 3416 nobis
1000 3361 1203 3432 dignati
1229 3361 1359 3417 estis
1407 3363 1654 3432 accipere
1676 3381 1774 3419 cur
1794 3368 2076 3435 quaeritis?

488 3465 659 3520 quare
701 3466 808 3506 non
838 3452 1077 3523 aspicitis
1106 3461 1268 3522 quota
1295 3454 1471 3523 portio
1502 3455 1572 3510 sit
1609 3465 1808 3511 nostra!
1836 3458 2072 3514 servitu-

485 3542 576 3604 tis,
605 3542 650 3596 si
680 3551 861 3598 vestro
891 3543 1124 3599 maximo
1168 3544 1431 3600 beneficio
1476 3546 1829 3602 conferatur?
1878 3549 1957 3604 Ac
2005 3564 2074 3604 ne

484 3631 822 3702 hujusmodi,
855 3651 1016 3706 quam
1057 3651 1162 3691 non
1208 3635 1454 3703 ferimus,
1489 3639 1921 3697 dissimulatione
1973 3657 2074 3699 nos

485 3725 680 3782 callide
705 3727 966 3798 ampliora
998 3729 1345 3799 suspicemini
1382 3730 1582 3802 eligere
1625 3733 1900 3798 meditari,
1949 3751 2072 3806 qua:

483 3819 785 3892 COgitamus
815 3820 1018 3889 absque
1048 3820 1378 3876 obscuritate
1431 3823 1804 3893 exprimimus.
1842 3824 2071 3895 Compe-

485 3911 656 3976 ristis,
709 3926 1019 3981 quanquam
1071 3912 1219 3967 locus
1248 3922 1430 3967 noster
1458 3913 1792 3982 Bethlehem,
1839 3917 1942 3972 hoc
1988 3926 2073 3975 est

485 4004 672 4056 domus
718 4003 868 4072 panis
917 4003 1233 4074 appelletur,
1286 4007 1439 4074 panis
1494 4022 1593 4062 nos
1645 4009 1927 4077 penuriam
1961 4010 2072 4067 cito

484 4111 762 4165 passuros,
786 4095 888 4150 nisi
917 4106 1100 4152 vestra
1125 4097 1460 4168 aliorumque
1496 4100 1796 4155 amicorum
1824 4102 2070 4174 benigni-

558 4309 583 4336 ιι
610 4293 785 4350 Minas
800 4295 1035 4365 pra'don.
1054 4293 1360 4361 Goldastns,
1386 4305 1516 4351 tom.
1542 4297 1581 4361 l,
1608 4296 1736 4351 Rer.
1754 4296 2066 4366 Alamann.,

481 4383 604 4439 pag.
641 4366 762 4429 197,
793 4367 937 4421 hunc
982 4366 1186 4439 locum,
1229 4382 1388 4439 quem
1431 4367 1670 4439 aitiesse
1717 4369 2068 4438 corruptissi—

482 4437 652 4504 mum,
684 4439 763 4492 sic
792 4445 975 4493 censet
997 4437 1386 4491 emendandum
1414 4457 1428 4492 :
1467 4457 1486 4490 ‹
1521 4437 1694 4492 Minas
1727 4437 2063 4506 praedonum,

479 4511 570 4579 qui
599 4509 824 4564 vastatis
862 4509 1015 4578 longe
1045 4507 1259 4579 lateque
1311 4508 1674 4563 celeberrimis
1718 4509 1849 4564 locis
1897 4512 2064 4566 etiam

479 4578 662 4660 sedem
681 4588 918 4660 nostram
939 4588 993 4632 et
1014 4578 1304 4660 otiatorum
1319 4593 1516 4650 cappas
1535 4593 1594 4634 se
1612 4579 2066 4652 petiturosjacta-
2091 4599 2147 4660 ι)

478 4652 624 4711 bant,
664 4650 951 4717 subvertit,
989 4669 1007 4700 ι
1041 4658 1146 4704 etc.

549 4723 578 4760 δ
616 4720 854 4776 Gratiam
897 4737 991 4791 pro
1047 4722 1239 4790 gratia.
1280 4719 1478 4776 Contra
1524 4722 1667 4792 apud
1713 4723 1957 4778 Tacitum
2011 4724 2067 4779 in

478 4802 673 4862 quarto
704 4793 992 4846 Annalium
1035 4792 1211 4845 libro:
1256 4810 1296 4863 ί(
1349 4791 1613 4848 beneﬁcia
1640 4809 1706 4848 eo
1743 4808 1912 4863 usque
1941 4793 2063 4850 laeta

477 4873 604 4917 sunt
633 4865 802 4918 donec
839 4863 1086 4917 videntur
1119 4862 1320 4917 exsolvi
1364 4879 1551 4933 posse;
1583 4864 1674 4918 ubi
1698 4862 1926 4918 multum
1968 4881 2066 4918 an-

482 4942 534 4987 te
572 4949 789 4998 venere,
815 4934 998 4989 odium
1044 4949 1143 5003 pro
1173 4934 1344 5004 gratia
1377 4935 1636 4988 redditur.
1673 4955 1692 4987 ι
1747 4935 1865 5002 Quo
1919 4935 2060 5001 loco,

476 5004 602 5059 vide
629 5005 1049 5058 eruditissimum
1073 5005 1244 5057 virum
1276 5004 1518 5058 Curtium
1543 5005 1860 5060 Pichenum.
1900 5006 2062 5062 Vetus

477 5075 832 5144 epitaphium,
859 5075 1040 5127 Horme
1078 5074 1131 5128 in
1171 5076 1482 5146 cmmeterio
1516 5075 1720 5130 Callisti
1755 5087 2052 5146 repertum,

477 5147 681 5198 editum
701 5161 830 5199 vero
847 5146 898 5197 in
922 5154 1192 5212 postrema
1207 5145 1442 5202 editione
1459 5147 1640 5201 ROIIKB
1653 5145 2054 5215 Subtc’rraneze,

475 5215 573 5270 lib.
598 5231 676 5280 ιιι,
709 5231 827 5284 cap.
852 5215 921 5268 2‘2
945 5233 958 5268 :

551 5303 880 5340 ALEXANDER.
919 5301 1148 5340 MORTL'S.
1183 5303 1303 5341 NON.
1339 5302 1456 5341 EST.
1514 5305 1627 5341 δεῖ).
1659 5303 1826 5341 VIVIT.
1864 5303 2053 5344 SUPER.

479 5374 671 5412 ASTRA.
701 5374 789 5411 ΕΤ.
823 5373 1041 5412 CORPUS.
1069 5373 1140 5410 1N.
1166 5375 1285 5413 HOC.
1314 5374 1549 5413 TUMULO.
1576 5375 1837 5422 QUIESCIT.
1865 5375 2052 5414 \‘lTAII.

476 5444 761 5483 ΕΧΡιΕνιτ.
813 5445 935 5485 Cll“.
996 5445 1279 5484 ANTONINO.
1339 5445 1446 5483 IMP.
1495 5447 1602 5491 Ql'l.
1655 5447 1757 5483 [ΠΙ.
1811 5447 2054 5484 ιιυιτωι.

476 5515 743 5554 ΒΕΝΕΗΤΙΙ
774 5541 785 5552 .
825 5516 1179 5554 ΑΝΤΕΥΕΧΙΒΕ.
1237 5516 1606 5556 ιιιιενιυῑιιιίι.
1658 5518 1776 5556 ιιιιι).
1831 5518 2051 5556 GRATM.

475 5586 639 5626 ODlL'.“
652 5612 662 5623 .
693 5587 844 5624 Bl-IDDI
857 5589 907 5626 Τ.

551 5654 571 5679 ε
626 5642 831 5711 .ilajom
872 5659 1164 5710 poscamus.
1197 5642 1252 5693 Id
1294 5652 1376 5695 est
1396 5658 1462 5696 ex
1489 5644 1731 5698 smCttlari
1755 5645 2058 5699 eruditione

473 5714 741 5781 proﬁcisci
767 5715 841 5768 ait
866 5713 917 5767 in
946 5713 1171 5782 cpistola
1206 5713 1292 5764 68.

547 5784 572 5821 ἀ
593 5785 908 5836 .Adimebat.
943 5785 1015 5836 Ita
1047 5794 1199 5837 vetus
1233 5784 1420 5835 codex.
1453 5784 1584 5837 Nam
1625 5786 1787 5837 editio
1817 5785 2055 5841 Massoni

476 5853 684 5920 habuit.
716 5855 1035 5923 adjuvabut;
1083 5855 1166 5907 cui
1219 5854 1410 5909 similis
1438 5872 1591 5911 error
1619 5857 1865 5912 exstabat
1890 5859 2054 5912 ctiaut

2208 604 2294 643 res
2324 629 2338 654 ,
2393 589 2618 660 potestis
2664 603 2763 644 nos
2810 586 3038 642 clientes
3092 596 3302 644 vestros
3373 603 3563 645 mense
3630 591 3793 659 gratis

2205 680 2352 735 alere
2403 681 2667 747 dimidio,
2741 695 2850 735 non
2902 679 3021 735 sine
3065 695 3232 735 usura
3281 681 3438 751 quasi
3487 697 3557 738 ex
3613 680 3792 737 debito

2206 779 2529 827 sustentare.
2580 770 2660 826 Ac
2709 785 2778 826 ne
2812 785 2910 826 nos
2941 770 3302 842 impudentiae,
3351 770 3461 827 imo
3504 771 3790 839 stultitia,

2203 863 2477 934 arguatis,
2526 861 2747 917 recolite
2800 860 3087 916 rhetorica:
3135 877 3166 916 a
3218 860 3377 917 nobis
3428 876 3540 916 non
3593 862 3790 932 impro-

2202 955 2320 1010 bari
2376 955 2647 1026 peritiam,
2693 969 2815 1025 qua:
2847 954 3084 1010 instituit
3133 963 3196 1010 ut
3243 970 3366 1010 cum
3417 955 3635 1010 minora
3695 956 3791 1010 im-

2200 1059 2418 1121 petrare
2458 1047 2812 1117 disponimus,
2855 1058 2877 1086 °
2930 1045 3136 1117 majora
3188 1061 3496 1117 poscamus.
3535 1046 3791 1117 Cupimus

2202 1156 2298 1196 vos
2327 1141 2506 1194 valere
2534 1139 2766 1196 feliciter
2793 1147 2848 1195 et
2884 1148 3081 1195 vestrae
3123 1138 3405 1210 dignitatis
3431 1139 3789 1194 eminentiam

2201 1233 2445 1288 honestis
2463 1233 2667 1303 jugitcr
2693 1231 2934 1288 moribus
2955 1240 3009 1286 et
3031 1231 3234 1286 sanctis
3261 1230 3473 1286 actibus
3497 1244 3788 1286 exornare.

2688 1323 3021 1382 EPISTOLA
3049 1323 3282 1380 CXXVI.

2766 1435 2833 1473 AD
2873 1433 3231 1474 GUENILONEI.

2267 1512 2725 1568 Reverentissimo
2745 1510 2987 1581 pontifici
3008 1509 3314 1580 Gueniloni,
3334 1510 3524 1584 Lupus
3548 1527 3783 1584 prasen-

2197 1609 2304 1657 tem
2343 1609 2396 1657 et
2413 1600 2650 1657 futuram
2691 1600 2938 1657 salutem.

2265 1693 2583 1750 Sanctitatis
2639 1703 2832 1750 vestra:
2896 1693 3090 1751 litteris
3137 1693 3390 1751 alacriter
3458 1694 3783 1766 paruissem,

2194 1785 2299 1839 nisi
2356 1793 2539 1840 votum
2611 1799 2790 1840 meum
2847 1784 3097 1842 molestia
3138 1784 3384 1856 corporis
3447 1785 3782 1854 impedisset.

1421 1865 1602 1943 audita
1627 1897 1806 1942 vestra
1855 1865 2170 1944 liberali-B
2199 1875 2353 1942 Nam,
2405 1893 2528 1932 eum
2584 1886 2708 1946 post
2735 1875 3018 1932 diuturnas
3069 1884 3126 1932 et
3174 1890 3395 1945 asperas
3428 1875 3613 1945 {hujus
3661 1874 3786 1931 anni

2193 1970 2538 2041 aegritudines
2580 1969 2718 2025 bene
2753 1967 3177 2034 revelascerem,
3224 1968 3404 2023 subito
3459 1967 3655 2022 tussim
3707 1967 3785 2022 in-

2192 2063 2378 2129 curri,
2423 2061 2582 2134 183
2622 2077 2741 2132 qua:
2787 2070 2996 2117 meatus
3043 2061 3370 2126 obstruens,
3416 2075 3558 2130 pene
3613 2068 3781 2114 totam

2191 2155 2325 2210 mihi
2401 2154 2640 2225 spirandi
2702 2153 3012 2211 facultatem
3050 2153 3078 2194 ἀ
3129 2153 3422 2210 adimebat.
3489 2153 3633 2208 Hinc
3706 2151 3784 2208 fa-

2192 2255 2337 2301 ctum
2367 2255 2451 2301 est
2478 2253 2538 2300 ut
2579 2245 2806 2300 multum
2845 2245 3125 2314 sanguinis
3171 2245 3543 2310 detraherem,
3601 2246 3777 2300 maxi-

2190 2355 2441 2410 mamque
2468 2339 2893 2395 imbecillitatem
2930 2339 3329 2395 contraherem.
3364 2337 3599 2393 Proinde
3654 2353 3780 2393 nus-

2189 2447 2352 2502 quam
2390 2431 2563 2486 audeo
2594 2430 2846 2501 progredi
2878 2429 3049 2485 donec
3085 2429 3284 2500 quietis
3307 2445 3372 2485 ac
3412 2429 3779 2485 medicamen-

2189 2535 2367 2582 torum
2393 2524 2502 2579 imo
2528 2522 2837 2578 Divinitatis
2868 2536 2969 2593 Ope
2989 2521 3124 2576 mihi
3163 2521 3646 2593 quantulacunque
3688 2536 3778 2576 so-

2187 2617 2357 2687 spitas
2386 2614 2733 2670 reformetur.
2779 2611 3063 2668 Unanimis
3089 2619 3300 2668 tantum
3325 2613 3480 2668 vobis
3511 2613 3569 2667 in
3603 2613 3778 2668 omni-

2186 2709 2288 2764 bus
2310 2707 2640 2779 supplicabo,
2676 2715 2732 2762 et
2767 2706 2837 2760 ad
2875 2706 3019 2761 idem
3073 2706 3341 2776 agendum
3371 2704 3572 2761 fratres
3624 2721 3777 2762 meus

2186 2801 2468 2867 hortabor,
2497 2809 2558 2856 ut
2586 2802 2729 2856 Deus
2763 2801 2990 2872 inspiret
3016 2799 3171 2857 vobis
3207 2800 3496 2856 consilium
3548 2815 3662 2872 quo
3689 2816 3780 2873 ge-

2185 2896 2445 2953 neraliter
2468 2894 2688 2966 prositis
2711 2893 2963 2948 omnibus
2991 2890 3352 2958 Christianis;
3387 2908 3458 2949 ne
3487 2902 3776 2963 peccatum

2185 2987 2486 3058 injustitize,
2517 3002 2638 3057 qua:
2659 3001 2758 3042 nos
2781 2984 2897 3055 jam
2919 2985 3145 3040 miseros
3186 2983 3334 3051 fecit,
3365 2984 3422 3040 in
3463 2984 3774 3041 damnatio-

2185 3095 2308 3136 nem
2345 3080 2626 3150 pertrahat
2650 3078 3064 3146 sempiternam.
3106 3075 3165 3130 ln
3191 3075 3381 3132 diebus
3423 3075 3777 3147 pontificatus

2183 3172 2350 3228 vestri
2374 3174 2441 3228 ad
2480 3181 2686 3229 tantam
2729 3175 3034 3234 libertatem
3061 3187 3086 3216 ο
3114 3176 3246 3231 vitia
3291 3183 3689 3246 proruperunt,
3720 3182 3776 3229 ut

2181 3263 2455 3319 vindicati
2494 3264 2816 3334 impunitate
2864 3266 3065 3338 apertis
3102 3266 3407 3336 quibusque
3452 3279 3559 3321 nec
3604 3265 3770 3332 Deus,

2179 3368 2280 3410 nec
2309 3370 2424 3421 rex,
2455 3370 2557 3410 nec
2591 3355 2875 3427 episcopus
2933 3359 3205 3414 timeatur.
3255 3356 3396 3425 Quid
3444 3358 3772 3413 moramini?

2181 3447 2320 3516 Quid
2353 3447 2492 3504 ultra
2540 3451 2902 3520 exspectatis?
2935 3451 3041 3506 Aut
3080 3451 3222 3507 Deus
3261 3458 3443 3507 vestra
3501 3449 3770 3506 industria

2179 3551 2235 3596 ct
2261 3540 2585 3597 auctoritate
2613 3544 2679 3597 ad
2712 3544 3022 3613 mquitatem
3054 3545 3278 3602 reducet
3327 3559 3417 3600 res
3465 3545 3767 3610 humanas;

2179 3642 2273 3688 aut
2303 3633 2418 3688 haec
2460 3633 2725 3688 malorum
2749 3635 3106 3700 incrementa,
3134 3643 3259 3706 post
3310 3635 3588 3691 inauditas
3639 3649 3772 3691 cono

2176 3725 2446 3791 tumelias,
2493 3741 2629 3796 pene
2673 3743 2885 3794 omnes,
2906 3728 2998 3798 qui
3026 3729 3184 3800 pauci
3228 3736 3633 3794 remanserunt,
3672 3742 3767 3797 op-

2175 3819 2408 3888 priment
2427 3819 2762 3876 innocentes.
2813 3819 3019 3877 Videtis
3046 3821 3174 3892 quia
3206 3820 3501 3877 secundum
3548 3819 3767 3875 beatum

2175 3910 2394 3978 Isaiam,
2425 3913 2515 3981 qui
2538 3913 2727 3966 recedit
2752 3929 2784 3966 a
2824 3913 2989 3980 malo,
3028 3914 3223 3985 prwda:
3259 3914 3430 3985 patuit
3473 3911 3577 3985 (Is.
3631 3911 3767 3984 ιιι),

2176 4020 2277 4061 nec
2312 4014 2460 4060 tutus
2482 4005 2765 4075 quisquam
2793 4014 2981 4060 contra
3007 4003 3315 4060 violentiam
3339 4013 3625 4075 raptorum
3663 4013 3766 4069 est,

2174 4097 2282 4153 nisi
2325 4098 2416 4168 qui
2473 4097 2678 4153 viribus
2729 4097 3005 4167 prazvalet,
3054 4107 3150 4154 aut
3199 4098 3257 4154 in
3298 4113 3490 4154 eorum
3539 4110 3767 4152 conces-

2171 4300 2229 4356 in
2279 4297 2505 4368 epistola
2537 4297 2660 4361 116,
2692 4296 2745 4352 ἰιι
2771 4312 2879 4367 qua
2924 4311 3023 4366 pro
3067 4296 3329 4368 adimente
3357 4294 3766 4368 scriptumifuit

2172 4367 2475 4438 adjuuante.
2505 4369 2706 4423 Eadem
2736 4367 3005 4438 medicina
3035 4367 3336 4438 adhibenda
3366 4367 3762 4438 est__Arnulpho

2169 4435 2489 4495 Léxoviensi
2520 4441 2573 4494 in
2592 4439 2817 4508 epistola
2844 4437 2934 4501 52,
2963 4439 3028 4492 ad
3058 4437 3425 4492 Alexandrum
3451 4435 3536 4508 Ill,
3570 4436 3626 4490 in
3655 4435 3758 4506 qua

2170 4511 2252 4566 sic
2297 4511 2499 4565 editum
2543 4507 2672 4564 est:
2710 4529 2728 4560 ι
2774 4507 3052 4579 Siquidem
3102 4509 3336 4580 dignitas
3381 4507 3760 4580 ecclesiastica

2172 4581 2374 4652 regiam
2398 4582 2647 4651 provehit
2688 4578 2866 4650 potius
2913 4595 3074 4652 quam
3117 4578 3332 4649 adjuvat
3362 4579 3703 4652 dignitatem.
3731 4597 3751 4630 ι

2172 4648 2278 4708 Pro
2303 4648 2414 4722 quo
2439 4648 2720 4722 legendum
2745 4661 2847 4713 est,
2880 4648 3060 4722 adimit
3078 4648 3190 4722 λιιι
3227 4659 3373 4704 recte
3396 4650 3631 4722 monuit
3667 4648 3756 4704 Ju-

2171 4721 2411 4792 retus’ad
2444 4721 2722 4792 epistolam
2753 4722 2853 4776 190
2881 4721 3057 4776 lvonis
3085 4721 3457 4792 Carnotcnsis.

2193 4845 2196 4848 .
2245 4806 2270 4833 θ
2309 4791 2447 4846 Vitia
2479 4790 2846 4863 proruperunt.
2875 4792 3139 4846 Nimirum
3170 4791 3415 4864 obbella
3445 4790 3566 4864 p_ltts
3594 4806 3753 4864 quam

2169 4865 2348 4921 civilia
2392 4861 2512 4932 quae
2566 4861 2788 4932 regnum
2841 4864 2944 4918 hoc
2994 4862 3374 4917 miserabiliter
3420 4861 3752 4918 afﬂixerunt.

2171 4936 2322 4991 Tunc
2347 4936 2492 4990 enim
2526 4933 2692 4988 multa
2745 4933 3016 4988 interdum
3046 4933 3097 4987 in
3126 4933 3340 5003 seipsis,
3367 4934 3537 4987 multa
3570 4935 3625 4988 in
3655 4947 3750 5003 poe

2166 5007 2294 5078 pulo
2343 5005 2698 5086 neglexerunt
2744 5002 3216 5086 episcopi,_.multa
3262 5005 3533 5086 negligere
3577 5002 3750 5086 coacti

2167 5074 2330 5141 sunt;
2365 5074 2436 5131 ita
2468 5085 2526 5130 ut
2562 5075 2613 5129 in
2645 5074 2896 5130 onmibus
2919 5074 3222 5139 ordinibus,
3245 5074 3572 5130 clericorum
3599 5075 3748 5129 vide-

2166 5149 2322 5211 licet,
2355 5147 2743 5201 monachorum
2771 5187 2785 5210 ,
2817 5155 2873 5200 et
2904 5145 3164 5216 laicorum
3185 5186 3198 5208 ,
3253 5146 3438 5216 religio
3489 5159 3747 5215 magnum

2166 5219 2549 5275 detrimentum
2581 5217 2869 5286 acceperit,
2903 5219 2956 5272 et
2984 5215 3071 5269 alii
3111 5217 3325 5284 quidem
3359 5215 3454 5285 per
3496 5218 3752 5285 ignoran-

2168 5291 2297 5344 tiam
2331 5291 2382 5342 in
2417 5288 2692 5342 interitum
2726 5288 3022 5347 tenderent,
3056 5286 3144 5340 alii
3179 5302 3304 5340 vero
3334 5287 3489 5358 longa
3527 5286 3748 5342 licentia

2166 5359 2478 5423 assuefacti,
2520 5359 2734 5426 impune
2766 5374 2823 5412 se
2853 5372 3081 5427 peccare
3110 5372 3268 5426 posse
3293 5360 3659 5427 confiderent,
3692 5369 3753 5410 ut

2166 5433 2424 5500 scriptum
2467 5439 2549 5483 est
2582 5430 2632 5482 in
2664 5426 2866 5483 canone
2914 5431 3152 5500 secundo
3185 5426 3746 5500 conciliiYcrnensis.

2167 5504 2230 5556 lit
2257 5498 2320 5554 co
2353 5510 2692 5570 processerat
2718 5500 2928 5553 licentia
2961 5498 3140 5553 smculi
3171 5540 3184 5562 ,
3219 5507 3275 5552 ut
3297 5541 3310 5562 ,
3342 5499 3488 5552 velut
3515 5499 3748 5567 impuni-

2088 5588 2094 5594 ‘
2166 5585 2247 5628 tas
2277 5573 2551 5643 proposito
2574 5571 2748 5623 edicto
2781 5571 3044 5643 promissa
3078 5570 3234 5632 foret,
3271 5586 3369 5643 ncc
3402 5570 3580 5643 Deunt
3601 5570 3748 5637 quis-

2163 5639 2501 5714 quain,’ncc
2558 5658 2756 5714 regem,
2784 5639 2911 5695 ’nec
2959 5642 3522 5714 episcoposhtinteret.
3562 5639 3748 5714 Itaque

2165 5710 2263 5769 nec
2300 5715 2440 5768 lenta
2481 5713 2739 5774 retncdia,
2793 5728 2891 5765 nec
2922 5727 3114 5781 segnes
3148 5712 3388 5767 medicos
3421 5710 3743 5781 expetebant

2164 5787 2250 5840 illa
2282 5797 2541 5852 tetu-pora.
2575 5783 2864 5853 Propterea
2892 5782 3073 5854 Lupus
3103 5781 3352 5838 hortatur
3380 5781 3738 5854 Wenilonetn,

2165 5867 2221 5910 ut
2253 5851 2469 5912 manuni
2500 5856 2647 5924 operi
2677 5851 2958 5918 diligenter
2993 5851 3300 5910 admoveat.
