4034 6298
283 311 423 374 601·

1742 313 2124 375 EPISTOLA-Z.

3450 312 3557 372 ϐω

287 436 361 493 sit
387 433 694 507 collegium.
726 434 897 507 Cupio
936 448 1038 492 vos
1086 433 1269 490 valere
1312 433 1541 491 feliciter
1588 437 1643 489 et
1688 432 1869 505 parvi-
1896 438 1945 494 Α
1978 441 2002 471 ο
2038 431 2199 487 aliter
2224 431 2438 488 videtur
2474 428 2819 503 quibusdam,
2850 425 2945 515 qui
2973 441 3058 483 me
3095 433 3287 499 putant
3332 400 3557 484 deDeo
3638 426 3643 429 ’

288 526 419 584 tatis
457 542 593 584 mea:
615 527 931 584 memoriam
958 526 1160 583 habere
1184 525 1472 598 benignam
1502 534 1665 598 atque
1694 525 1873 582 conti-

285 635 475 677 nuam'
686 691 847 766 ιδῃ
874 691 1207 752 EPISTOLA
1223 693 1480 752 cxxvn.

750 799 819 839 AD
848 797 876 827 ⁸
904 800 1063 843 ουοκ.
1095 802 1412 844 Ρηεῦιειι.

356 876 531 934 Unice
557 875 1011 950 singulariterque
1038 878 1237 937 dilecto
1281 877 1499 951 praesuli
1544 874 1720 935 Odoni
1763 874 1873 933 Lu-

285 989 391 1047 pus
408 972 698 1044 plurimam
730 971 979 1028 salutem.

300 1068 308 1076 ‘
357 1062 610 1117 Maximis
659 1059 1012 1132 pluribusque
1055 1062 1253 1119 vestris
1305 1060 1584 1118 beneflciis
1633 1056 1868 1129 adjutus,

286 1170 514 1212 securus
543 1153 612 1209 ad
638 1168 736 1209 vos
782 1153 1027 1217 decurro,
1055 1154 1141 1210 his
1164 1154 1330 1210 etiam
1354 1167 1553 1208 usurus
1601 1165 1722 1223 quae
1771 1165 1872 1220 per

288 1247 512 1304 nuntios
574 1261 726 1303 meos
782 1260 880 1302 vos
940 1248 1293 1318 praebiturum
1356 1260 1475 1301 esse
1548 1243 1867 1300 mandastis.

282 1337 511 1405 Verum,
543 1338 669 1409 quia
697 1353 806 1393 non
825 1322 1048 1393 misistis
1075 1352 1295 1408 equum,
1328 1352 1429 1392 nec
1471 1335 1727 1390 idoneum
1776 1332 1870 1403 qui

283 1432 316 1474 δ
343 1447 434 1488 me
462 1430 722 1487 exolutim
748 1431 916 1488 ferret
955 1419 1242 1499 habebam,
1268 1417 1389 1487 navi
1412 1431 1478 1485 ad
1507 1446 1623 1497 vos,
1654 1431 1698 1486 si
1728 1430 1869 1484 Deus

280 1523 422 1590 vult,
453 1538 676 1578 cursum
718 1522 931 1579 tenebo.
981 1522 1124 1596 Ergo
1171 1532 1353 1579 vestra
1403 1521 1868 1593 indulgentissima

279 1613 480 1685 pietas,
509 1628 631 1683 qua:
662 1628 750 1669 me
810 1613 978 1685 gratis
1009 1624 1067 1670 et
1114 1613 1259 1671 ultro
1308 1612 1591 1669 fovendum
1640 1613 1865 1683 recepit,

281 1708 410 1761 navi
442 1722 721 1778 egressum
760 1722 829 1763 ne
849 1706 1091 1778 patiatur
1136 1706 1368 1763 durioris
1409 1705 1531 1776 equi
1580 1720 1866 1761 succussa-

1975 538 2083 579 non
2112 523 2559 594 pie-ﬁdeliterque
2593 522 2815 586 sentire,
2847 521 2962 591 ipso
2990 519 3131 586 Deo,
3167 519 3255 575 cui
3301 518 3369 573 ab
3399 517 3558 573 intel-

1974 614 2161 685 ligibili
2190 622 2349 672 aetate
2368 615 2657 687 plurimum
2679 612 2917 670 confisus
2938 627 3053 667 sum
3075 652 3091 678 ,
3115 625 3334 668 sensum
3364 619 3420 665 et
3439 617 3555 682 sty-

1971 705 2083 761 lum
2096 720 2273 761 meum
2300 714 2541 777 regente,
2563 711 2889 760 memoratas
2916 702 3261 774 quaestiones,
3298 715 3434 772 quas
3458 714 3557 755 au-

1971 799 2161 855 dacter
2187 798 2343 854 multi
2389 798 2689 864 ventilant,
2721 796 3095 868 intelligenter.
3110 794 3266 866 pauci
3310 793 3552 865 capiunt,

1970 889 2233 955 breviter,
2263 890 2530 945 veraciter
2576 888 2969 959 perspicueque
3011 886 3323 944 dissolvam.
3368 884 3557 956 Neque

1969 982 2116 1040 enim
2137 981 2293 1054 longa
2304 980 2667 1052 disputatione
2690 994 2788 1035 vos
2809 988 2995 1036 tenere
3007 977 3177 1035 debeo
3190 978 3352 1033 autin
3369 976 3553 1047 aliquo

1970 1073 2157 1129 fallere
2186 1080 2279 1128 aut
2309 1070 2732 1130 obscuritatibus
2754 1070 3193 1136 retardare,cum
3220 1076 3428 1125 vestras
3453 1082 3554 1124 oc-

1972 1163 2286 1234 cupationes
2334 1163 2388 1218 in
2436 1160 2769 1233 disponenda
2812 1160 3085 1232 republica
3128 1175 3236 1217 non
3268 1161 3550 1233 ignorem,

1969 1253 2228 1325 vobisque
2256 1262 2377 1324 post
2403 1253 2571 1309 Deum
2603 1251 2624 1291 τ
2672 1252 2833 1308 fidem
2876 1251 3103 1307 debeam
3132 1252 3483 1324 singularem.

2039 1355 2184 1412 Deus
2208 1356 2380 1412 Adam
2410 1364 2617 1411 rectum
2665 1354 2924 1421 condidit,
2952 1363 3014 1410 ut
3048 1366 3237 1411 sancta
3262 1353 3549 1427 Scriptura

1969 1447 2147 1511 docet,
2180 1430 2236 1503 ὄι
2269 1445 2606 1517 originaliter
2635 1444 2690 1499 in
2742 1459 2808 1500 eo
2843 1458 2940 1500 nos
2982 1459 3171 1501 omnes
3195 1454 3374 1501 rectos
3400 1461 3555 1504 crea-

1967 1540 2068 1595 vit.
2102 1539 2203 1594 llic
2229 1553 2434 1610 parens
2459 1537 2681 1594 humani
2713 1537 2953 1608 generis,
2982 1537 3361 1593 rectitudinem
3400 1538 3557 1595 dese-

1966 1644 2094 1686 rens
2120 1629 2443 1694 naturalem,
2461 1628 2607 1685 nullo
2628 1637 2860 1699 cogente
2874 1627 3123 1699 peccavit
3144 1636 3252 1682 tam
3275 1628 3557 1699 granditer

1969 1729 2031 1776 ut
2051 1728 2107 1776 et
2136 1734 2194 1776 se
2221 1720 2396 1792 ipsum
2420 1719 2672 1791 perderet
2700 1728 2756 1774 et
2785 1718 2839 1774 in
2865 1733 2923 1774 se
2945 1732 3138 1774 omnes
3165 1727 3398 1788 utroque
3418 1734 3556 1775 sexu

280 1810 403 1857 tura
434 1800 639 1855 vexari.
668 1799 871 1856 Locum
906 1799 998 1855 ubi
1031 1798 1314 1855 tendamus
1341 1798 1495 1855 vobis
1535 1798 1772 1853 vicinum
1813 1804 1856 1852 et

1971 1824 2129 1871 natos
2156 1813 2565 1869 condemnaret.
2605 1810 2750 1867 Deus
2775 1825 2904 1882 ergo
2932 1810 3064 1868 fecit
3110 1810 3557 1868 excellenterboc
3628 1860 3629 1865 η

278 1905 520 1961 congrua
549 1889 701 1959 equis
738 1889 934 1962 pabula
976 1904 1099 1945 cum
1136 1889 1368 1955 vestris,
1425 1888 1565 1943 sicut
1602 1887 1862 1942 mandare

275 1980 488 2053 dignati
516 1980 669 2046 estis,
704 1995 802 2036 vos
830 1987 1248 2051 procuraturum
1278 1994 1386 2034 non
1421 1978 1629 2034 dubito.
1661 1977 1865 2034 Cursor

279 2082 490 2137 noster,
523 2073 697 2128 donec
727 2068 1198 2143 veniamuslquod
1222 2071 1416 2142 opinor
1445 2068 1717 2134 futurum,
1751 2067 1866 2125 suf-

272 2164 529 2236 fragante
558 2164 656 2221 Dei
689 2164 995 2230 clementia,
1028 2163 1145 2219 Kal.
1180 2161 1348 2234 Junii)
1378 2204 1392 2227 ,
1438 2163 1693 2234 pauperis
1720 2161 1863 2232 apud

274 2262 379 2314 vos
415 2258 593 2315 locum
633 2259 902 2329 implevit:
933 2266 1017 2325 et,
1049 2258 1094 2314 si
1125 2256 1419 2328 permissus
1452 2254 1645 2321 fuerit,
1673 2254 1864 2312 obser-

272 2351 427 2406 vabit
456 2350 779 2423 fragmenta,
807 2365 877 2406 ne
911 2358 1137 2421 pereant
1160 2366 1175 2416 ;
1201 2347 1391 2421 pocula
1424 2348 1611 2414 etiam,
1640 2364 1710 2406 ne
1733 2362 1860 2421 gra-

276 2444 411 2499 tiam
438 2443 691 2500 amittant
713 2445 960 2510 humore,
994 2440 1240 2498 siccabit.

740 2554 1071 2613 EPISTOLA
1110 2553 1390 2612 CXXVIII.

734 2657 759 2687 °
794 2661 863 2702 AD
919 2660 1160 2703 DOIINUI
1204 2660 1400 2702 REGE“.

348 2739 581 2797 Domino
605 2737 842 2811 glorioso
869 2737 979 2808 regi
1002 2735 1196 2792 Carolo
1217 2736 1429 2792 sincere
1459 2734 1633 2791 fidelis
1654 2734 1856 2806 Lupus.

346 2830 562 2887 Dudum
591 2827 620 2870 ἆ
660 2830 714 2884 ἰη
744 2829 879 2884 urbe
915 2828 1214 2899 Biturigum
1243 2827 1514 2898 quaesistis
1539 2827 1606 2883 de
1625 2828 1859 2898 przedeso

273 2923 541 2981 tinatione
562 2929 618 2978 et
639 2920 813 2977 libero
841 2919 1064 2976 arbitrio
1094 2935 1157 2976 ac
1185 2920 1557 2991 redemptione
1581 2920 1861 2990 sanguinis

270 3014 476 3072 Christi
508 3013 639 3086 quid
665 2998 965 3080 sentirem';
995 3021 1176 3085 etch
1200 3027 1322 3084 quae
1356 3011 1411 3067 in
1438 3011 1636 3069 divinis
1667 3011 1860 3069 litteris

269 3104 575 3163 didiceram
607 3111 662 3161 et
703 3104 758 3160 in
800 3102 1051 3159 maximis
1084 3101 1397 3158 auctoribus
1430 3101 1590 3174 185
1631 3102 1855 3159 invene.

270 3213 395 3255 ram
425 3207 619 3253 vestrae.
662 3193 932 3267 maiestati
980 3194 1212 3251 strictim
1258 3194 1465 3266 aperui.
1499 3195 1562 3250 Et
1601 3195 1858 3267 quoniam

347 3345 377 3375 ι
404 3332 490 3387 Ad
529 3329 701 3386 Odon.
746 3328 1025 3400 praesulem
1062 3326 1497 3400 Bellovacensem
1550 3329 1605 3385 in
1645 3327 1859 3400 Belgica

270 3403 534 3462 secunda.
564 3402 641 3457 De
666 3398 925 3457 eo‘multa
970 3400 1172 3455 mentio
1197 3399 1250 3453 in
1291 3398 1512 3470 synodis
1539 3407 1595 3470 et
1627 3398 1859 3470 scripto-

271 3476 430 3532 ribus
479 3472 622 3527 illius
662 3471 782 3527 aevi.
831 3470 1030 3526 Fuerat
1090 3479 1272 3524 autem
1326 3469 1459 3524 ante
1508 3469 1675 3525 abbas
1718 3469 1854 3526 Cor-

268 3543 533 3610 beiensis,
566 3551 624 3597 ut
640 3544 716 3613 ad
742 3540 1023 3613 epistolam
1052 3540 1147 3594 111
1176 3539 1377 3613 dictum
1412 3546 1515 3595 est.

346 3617 378 3657 δ
416 3613 504 3669 He
530 3610 802 3669 exolutim'.
855 3612 914 3667 In
953 3611 1317 3680 manuscripto
1349 3618 1505 3676 erat,
1551 3610 1856 3667 mesolutim

272 3682 756 3756 ferret;tquod,tita
786 3682 1070 3753 legendum
1124 3682 1421 3756 arbitratus
1462 3697 1603 3756 sum,
1627 3698 1710 3756 me
1733 3698 1857 3737 exo-

271 3750 429 3812 lutim
457 3750 636 3827 ferret,
667 3752 718 3808 id
749 3750 863 3827 est,
880 3766 1229 3827 eum_equum
1253 3750 1318 3806 de
1344 3766 1451 3827 (ιιι-ᾳ
1480 3750 1713 3827 dubitari
1746 3769 1854 3808 non

268 3820 468 3908 posset"
510 3826 637 3908 quin
678 3823 967 3908 melacile
994 3820 1139 3879 ferre
1162 3820 1701 3893 possetIExotutim,
1755 3837 1855 3894 pro

270 3894 503 3962 'exolute,
530 3894 583 3950 id
612 3902 695 3949 est
716 3894 956 3951 indubie.

347 3980 372 4008 ο
410 3966 562 4023 Hanc
586 3964 887 4035 epistolam,
920 3966 1155 4035 itemque
1184 3970 1499 4035 sequentem
1518 4002 1531 4026 ,
1556 3963 1738 4035 edidit
1763 3962 1855 4019 Ja-

271 4040 445 4097 cobus
475 4032 830 4102 Sirmoudus,
870 4032 1157 4092 Societatis
1203 4032 1330 4090 lesu
1361 4032 1722 4089 clarissimum
1767 4035 1852 4090 lu-

272 4126 399 4166 men
428 4150 445 4173 ,
496 4109 551 4163 in
583 4107 732 4163 calce
780 4106 903 4163 libri
955 4108 1020 4162 de
1075 4106 1247 4161 tribus
1295 4104 1713 4173 Qumstiouibus,
1760 4106 1853 4162 ubi

272 4188 462 4237 censet
478 4194 571 4235 eas
596 4192 718 4249 esse
742 4178 875 4249 Lupi
903 4176 1290 4249 Ferrariensis.
1303 4176 1476 4249 Edita:
1502 4189 1665 4249 porro
1690 4185 1852 4249 antea

270 4252 493 4308 fuerant
523 4251 575 4304 in
600 4248 782 4320 Belgio
808 4246 840 4320 a
879 4250 1087 4303 Donato
1112 4246 1354 4320 Candido
1376 4286 1390 4310 ,
1419 4261 1555 4320 cuni
1569 4246 1854 4320 descripta:

270 4338 341 4378 ex
386 4321 557 4376 veteri
587 4315 774 4376 codice
804 4318 1032 4375 fuissent
1057 4333 1220 4388 opera
1254 4316 1473 4376 Antonii
1516 4315 1809 4373 Grimberti
1833 4358 1849 4385 ,

272 4391 527 4448 monachi
575 4390 917 4446 Elnonensis.
948 4390 1158 4446 Titulus
1195 4397 1373 4443 autem
1424 4388 1579 4443 istius
1612 4388 1852 4457 epistola:

272 4466 327 4519 in
361 4463 597 4519 editione
644 4460 917 4516 Sirmondi
969 4463 1044 4515 ita
1096 4460 1255 4515 habet
1300 4478 1314 4513 :
1361 4457 1579 4514 Servati
1602 4456 1737 4529 Lupi
1782 4461 1851 4515 ad

1964 1923 2092 1965 nam
2122 1907 2359 1964 hominis
2383 1917 2651 1971 naturam,
2679 1906 2773 1963 sed
2796 1907 3044 1963 eamdem
3067 1906 3183 1977 ipse
3203 1907 3366 1963 homo
3388 1906 3553 1962 vitia-
3620 1905 3628 1915 '

1965 2008 2043 2062 vit
2085 2004 2471 2061 miserabiliter
2520 2020 2619 2074 per
2673 2012 3026 2073 spontaueam
3048 2000 3280 2073 culpam.
3311 2000 3556 2072 Denique

1964 2094 2287 2159 fuit'Adam,
2311 2104 2370 2149 ut
2392 2095 2470 2148 ait
2496 2094 2689 2149 beatus
2715 2093 3055 2159 Ambrosius,
3101 2100 3157 2148 et
3186 2092 3240 2148 in
3262 2107 3328 2149 eo
3352 2091 3555 2149 fuimus

1963 2201 2173 2243 omnes.
2227 2185 2395 2241 Periit
2447 2184 2644 2251 Adam,
2679 2192 2735 2240 et
2774 2183 2829 2238 in
2872 2182 2966 2239 illo
3011 2198 3201 2240 omnes
3248 2182 3548 2254 perierunt.

1963 2280 2271 2336 Laudemus
2326 2278 2493 2351 igitur
2544 2277 2642 2334 Dei
2683 2277 2993 2348 opificium,
3049 2285 3106 2333 et
3158 2291 3552 2350 cognoscamus

1964 2371 2133 2443 culpa:
2157 2378 2359 2427 nostrae
2387 2370 2522 2426 nihil
2544 2369 2694 2425 aliud
2717 2369 2904 2426 deberi
2935 2369 3039 2425 nisi
3069 2369 3410 2442 supplicium.
3438 2368 3549 2428 Sed
3636 2432 3642 2439 ,

1962 2461 2129 2528 Deus,
2145 2462 2232 2518 cui
2247 2460 2538 2532 praeterita,
2562 2460 2850 2532 praesentia
2878 2469 2932 2516 et
2959 2460 3140 2516 futura
3172 2476 3325 2532 aeque
3345 2467 3546 2531 praesto

1964 2563 2092 2612 sunt
2112 2553 2255 2626 (ipse
2275 2562 2359 2610 est
2379 2553 2524 2609 enim
2550 2552 2644 2623 qui
2673 2562 2776 2619 est,
2822 2566 2924 2608 nec
2950 2552 3192 2609 scientia:
3221 2552 3365 2609 illius
3388 2566 3551 2610 acce-

1965 2647 2046 2703 dit
2065 2647 2267 2718 aliquid
2301 2654 2394 2702 aut
2422 2644 2680 2717 decedit),
2698 2659 2821 2701 cum
2847 2645 3015 2702 sciret
3036 2645 3091 2701 in
3114 2645 3285 2702 Adam
3311 2661 3548 2703 massam
3592 2700 3601 2717 ,

1964 2737 2129 2794 totius
2153 2737 2377 2792 humani
2408 2736 2625 2808 generis
2661 2746 2888 2806 peccato
2941 2738 3415 2809 corrumpendam,
3437 2753 3548 2795 non

1966 2829 2229 2886 abstinuit
2250 2829 2320 2885 ab
2348 2844 2413 2886 ea
2437 2830 2637 2885 bonum
2660 2843 2771 2884 suae
2817 2828 3134 2896 creationis,
3181 2830 3319 2886 bene
3349 2846 3550 2890 usurus

1963 2920 2127 2978 etiam
2156 2920 2337 2986 malis,
2360 2928 2416 2976 et
2436 2928 2561 2976 ante
2581 2920 3023 2977 constitutionem
3071 2923 3256 2978 mundi
3295 2922 3458 2996 elegit
3478 2939 3547 2981 ex

1963 3029 2028 3070 ea
2051 3028 2188 3085 quos
2214 3031 2245 3071 a
2272 3014 2450 3071 debita
2474 3028 2634 3086 paena
2663 3030 2761 3086 per
2782 3014 3014 3086 gratiam
3060 3013 3339 3083 liberaret,
3366 3026 3427 3073 ut
3472 3017 3551 3074 ait

1964 3105 2254 3177 Apostolus
2284 3124 2298 3162 :
2332 3106 2494 3178 186
2518 3105 2668 3162 Sicut
2690 3105 2841 3178 elegit
2869 3122 2963 3161 nos
2983 3106 3039 3161 in
3077 3107 3190 3179 ipso
3218 3118 3346 3165 ante
3365 3109 3549 3166 mundi

1960 3196 2386 3255 constitutionem
2407 3196 2624 3269 (Eplies.
2653 3194 2717 3269 ι),
2741 3205 2971 3254 caeteros
2992 3205 3194 3265 autem,
3221 3199 3418 3270 quibus
3437 3216 3547 3258 non

1958 3328 2356 3388 controversias
2388 3328 2454 3385 de
2480 3327 2655 3400 libero
2679 3328 2929 3400 arbitrio,
2952 3328 3019 3386 de
3044 3329 3545 3400 praedestinatione,

1958 3402 2129 3473 deque
2182 3399 2445 3473 sanguine
2477 3399 2702 3473 Christi.
2746 3399 2982 3473 Quippe
3018 3399 3540 3473 nonnullitaiebaut

1955 3470 2185 3527 liberum
2210 3470 2494 3527 arbitrium
2517 3471 2595 3527 sic
2612 3470 2817 3541 homini
2836 3470 3101 3541 redditum
3124 3487 3223 3541 per
3243 3471 3543 3539 Christum,

1955 3551 2016 3599 ut
2042 3542 2388 3615 nihilAtamen
2431 3543 2594 3598 homo
2615 3541 2673 3615 _vi
2714 3540 2869 3615 liberi
2899 3540 3313 3615 arbitrii’possit
3343 3545 3546 3615 absque

1955 3615 2134 3686 gratia
2160 3612 2412 3686 Christi;
2460 3611 2721 3686 quosdam
2766 3612 2834 3665 ab
2889 3620 3095 3686 aeterno
3130 3611 3545 3686 praedestinatos

1955 3681 2078 3739 esse
2106 3684 2172 3737 ad
2203 3682 2449 3754 gloriam,
2480 3681 2616 3738 alios
2661 3689 2841 3735 autem
2870 3681 2939 3754 ad
2983 3697 3221 3754 poenam,
3254 3683 3343 3754 ita
3387 3694 3445 3738 ut
3488 3685 3542 3740 id

1954 3755 2098 3834 quod
2125 3750 2269 3834 Deus
2294 3767 2352 3808 se
2382 3754 2852 3834 praescieratesse
2883 3750 3192 3834 iudicando
3243 3752 3538 3834 facturum,

1954 3821 2100 3881 haud
2122 3824 2283 3878 dubie
2306 3821 2629 3878 eventurum
2652 3821 2741 3877 sit.
2768 3821 2975 3893 Tertio,
2998 3822 3313 3893 sanguinein
3338 3824 3543 3881 Christi

1951 3910 2052 3966 pro
2103 3893 2349 3966 fidelibus
2382 3901 2593 3949 tantum
2647 3907 2768 3966 esse
2816 3891 2994 3966 fusum
3022 3891 3413 3966 ,Ationtautem
3446 3911 3545 3966 pro

1954 3962 2281 4021 infidelibus.
2314 3963 2540 4031 Quarto,
2572 3964 2845 4019 neminem
2875 3962 3071 4018 salvari
3115 3965 3217 4019 nisi
3264 3981 3362 4035 per
3388 3962 3544 4023 Chri-

1954 4045 2119 4100 stum,
2142 4052 2332 4091 omnes
2352 4044 2531 4107 autem
2563 4035 2757 4090 salvari
2780 4049 3131 4107 quoscunque
3153 4036 3266 4107 ipse
3290 4036 3537 4105 voluerit,

1953 4122 2018 4163 ac
2044 4123 2139 4178 per
2166 4108 2291 4179 hoc
2340 4106 2647 4179 quicunque
2697 4119 2803 4179 non
2848 4105 3541 4179 salvantur,’penitusnon

1952 4175 2073 4252 esse
2093 4175 2386 4233 voluntatis
2412 4175 2643 4252 illiusiut
2663 4175 2959 4252 salventur.
2976 4175 3368 4252 Addidit'baud
3382 4179 3544 4252 dubie

1952 4248 2155 4322 Lupus,
2184 4264 2248 4303 ex
2290 4263 2354 4303 ea
2396 4248 2765 4322 occasionem
2802 4256 2990 4322 partes
3043 4248 3270 4322 distrahi
3328 4250 3542 4322 ingenia

1953 4317 2230 4376 hominum
2257 4320 2611 4375 eruditorum.
2638 4317 2769 4374 Erat
2791 4317 3016 4374 Carolus
3052 4319 3238 4375 talium
3268 4317 3537 4377 curiosus.

1951 4390 2138 4460 itaque
2164 4406 2231 4445 ex
2260 4389 2412 4461 Lupo
2442 4390 2970 4461 quaesivitquauiam
2993 4385 3163 4459 ipsius
3193 4392 3246 4445 in
3281 4391 3364 4447 his
3387 4406 3538 4461 quae.

1957 4458 2223 4517 stionibus
2250 4458 2394 4517 esset
2421 4458 2623 4531 opinio.
2663 4459 2803 4519 Usus
2827 4469 2909 4517 est
2936 4458 3123 4529 Lupus
3153 4458 3420 4518 facilitate
3438 4462 3541 4517 Ca-

271 4532 527 4613 Carolup
565 4549 759 4613 regem.-
798 4531 856 4613 Ill
897 4531 1129 4613 editione
1156 4545 1284 4584 vero
1312 4529 1521 4613 Beigica
1556 4547 1569 4583 :
1599 4527 1853 4599 Ejusdem
1881 4537 1933 4599 ι)
1960 4531 2059 4588 roli
2082 4531 2427 4613 ;Alib_rumque
2546 4534 2613 4588 de
2641 4540 2938 4613 causatua}
2955 4527 3542 4613 scripsit,'annohnitni-

271 4601 657 4676 Lupi__Servaii
690 4603 773 4676 adt
805 4602 1112 4676 Dominu_m_
1140 4617 1328 4676 regem.
1374 4601 1484 4676 Nos
1515 4614 1643 4654 vero
1667 4640 1683 4664 ,
1724 4617 1847 4676 cum

271 4671 697 4745 intelligeremus
711 4672 1001 4745 editionem
1014 4671 1289 4745 Belgicam
1310 4671 1549 4745 propius
1594 4671 1850 4745 accedere

222 4768 231 4775 ·
271 4748 341 4802 ad
400 4739 666 4801 rationem
714 4743 979 4798 scribendi
1011 4739 1154 4797 illius
1180 4739 1391 4812 aetatis,
1422 4739 1662 4811 adeoque
1690 4739 1847 4812 Lupi,

270 4816 491 4896 titulum
527 4815 651 4896 huic
686 4813 922 4896 epistolae
950 4812 1177 4896 fecimus
1198 4812 1323 4896 ,λά
1357 4811 1627 4896 άοξηὶηλιηι
1657 4811 1843 4896 regem.

269 4887 542 4945 Caeterum
562 4880 822 4954 epistolas
852 4884 972 4939 illas
995 4883 1119 4938 addi
1144 4882 1411 4954 voluimus
1437 4882 1491 4935 in
1520 4880 1625 4936 flne
1652 4880 1854 4954 episto-

268 4959 477 5023 larum,
509 4953 653 5013 velut
682 4957 734 5010 in
765 4970 882 5011 suo.
912 4953 1155 5010 Dubitari
1188 4953 1332 5008 enim
1378 4967 1483 5006 non
1513 4961 1690 5023 potest
1720 4953 1851 5024 quin

266 5031 383 5087 sint
412 5028 570 5099 Lupi,
601 5026 811 5099 abbatis
831 5023 1214 5099 Ferrariensis.

341 5099 370 5140 σι
395 5098 466 5153 1η
492 5092 617 5153 urbe
640 5096 962 5168 Biturigum.
990 5095 1272 5168 Assentior
1298 5092 1600 5149 clarissimo
1633 5093 1851 5168 praesidi

266 5170 587 5242 Mauguino,
618 5169 709 5240 qui
750 5164 860 5223 tum
902 5166 1019 5223 haec
1046 5165 1337 5242 contigisse
1365 5173 1561 5242 putat,_
1590 5164 1847 5242 cummCa-

268 5234 660 5304 rolu§Calvus',
689 5247 812 5310 post
829 5248 1042 5310 captam
1072 5234 1343 5310 Tolosam,
1365 5234 1456 5291 ‘ad
1484 5235 1669 5310 urbem
1695 5234 1848 5290 Bitu-

267 5315 450 5384 rigum
494 5306 725 5384 accessit
754 5306 910 5384 anno
932 5308 1048 5384 _849
1080 5323 1263 5384 mense
1303 5306 1618 5384 Decembri,
1651 5314 1852 5384 utttra-

268 5377 351 5440 dit
396 5394 587 5439 auctor
634 5380 885 5438 Chronici
932 5377 1376 5434 Fontanellensis.
1435 5377 1635 5432 Aberat
1682 5378 1750 5433 ab
1783 5392 1849 5433 ea

269 5456 408 5510 urbe
448 5453 629 5524 Lupus
657 5454 1101 5524 itinereutantum
1131 5450 1290 5504 unius
1320 5458 1413 5503 aut
1450 5447 1676 5524 alterius
1719 5448 1844 5524 diei.

267 5527 461 5596 Itaque
485 5518 740 5596 quoniam
773 5522 944 5577 facilis
972 5529 1092 5577 erat
1125 5535 1376 5596 accessus
1397 5520 1462 5572 ad
1496 5535 1695 5596 regem,
1722 5518 1848 5573 illuc

270 5590 526 5652 acccssit'.
558 5595 785 5650 Carolus
814 5609 940 5647 vero
981 5601 1095 5664 post
1139 5590 1418 5664 solemnem
1456 5593 1843 5664 exceptionem,

271 5678 331 5723 ut
397 5666 531 5737 Lupi
583 5666 759 5721 verbis
827 5660 992 5737 utar,
1061 5661 1294 5737 qumsiuit
1339 5661 1478 5715 haud
1547 5660 1707 5737 dubie
1756 5660 1845 5737 “ab

270 5754 338 5795 eo
371 5728 499 5807 quid
530 5737 651 5792 novi
686 5734 993 5807 ferret.|lle
1011 5728 1140 5789 vero
1164 5731 1398 5787 habitam
1442 5732 1700 5807 synodum
1736 5728 1848 5787 dis-

271 5803 448 5870 seruit
495 5808 550 5865 in
592 5822 753 5864 causa
797 5805 1113 5869 Britouum;
1150 5813 1259 5858 tum
1288 5844 1303 5867 ,
1343 5803 1604 5858 excitatas
1652 5815 1845 5866 graves

1956 4619 2075 4659 rum
2096 4602 2222 4667 849,
2255 4603 2439 4673 utipse
2481 4610 2707 4660 testatur
2732 4604 2784 4658 in
2809 4601 2963 4657 initio
2988 4601 3155 4673 ipsius
3180 4601 3322 4673 libri.
3355 4601 3463 4658 Sed
3491 4603 3540 4661 is

1954 4674 2093 4728 liber
2138 4672 2397 4729 adversos
2427 4674 2577 4729 illum
2622 4673 2913 4729 concitavit
2942 4672 3122 4726 odium
3160 4672 3537 4743 plurimorum,

1955 4745 2141 4817 quitex
2166 4760 2231 4800 eo
2257 4744 2592 4817 collegerunt
2616 4755 2668 4800 et
2692 4746 2743 4799 in
2771 4742 2963 4817 vulgus
2986 4742 3301 4812 Spat'sél'tlltl.
3327 4742 3535 4814 Lupum

1955 4813 2024 4871 de
2050 4816 2158 4870 Deo
2187 4831 2295 4871 non
2324 4813 2421 4887 pie
2446 4816 2783 4885 ﬁdeliterque
2827 4813 3050 4877 sentire,
3083 4821 3151 4887 _et
3198 4813 3537 4887 ostentanda:

1954 4887 2275 4942 eruditionis
2317 4884 2480 4941 causa
2531 4884 2783 4943 recedere
2827 4900 2858 4938 a
2898 4884 3127 4953 receptis
3168 4885 3534 4955 opinionibus.

1956 4957 2037 5038 Ea
2058 4956 2124 5038 de
2160 4972 2323 5038 causa
2348 4956 2631 5038 epistolam
2659 4957 3099 5038 istam,_qua;_est
3117 4956 3454 5038 apologetica
3480 4966 3533 5015 et

1953 5027 2102 5082 velut
2130 5029 2363 5098 epitome
2384 5023 2638 5097 quaedam
2680 5024 2800 5080 libri
2829 5025 2893 5080 de
2920 5023 3092 5098 tribus
3113 5023 3532 5097 quaestionibus,

1954 5099 2022 5154 ad
2052 5094 2302 5155 Carolum
2332 5094 2549 5167 scripsit
2582 5113 2724 5167 anno
2753 5094 3020 5167 sequenti.

2030 5181 2054 5210 ο
2076 5169 2244 5225 Aliter
2257 5169 2361 5224 vid.
2375 5165 2617 5239 quibusd.
2636 5165 2928 5239 llincmaro
2944 5165 3197 5239 nimirum
3213 5165 3528 5236 Rhemensi,

1952 5240 2185 5296 Pardulo
2232 5236 2597 5305 Laudunensi,
2642 5247 2803 5308 atque
2844 5236 3055 5292 fortean
3100 5237 3250 5293 aliis'
3286 5246 3344 5294 ut
3383 5250 3533 5297 recte

1952 5313 2226 5368 existimat
2253 5311 2391 5381 idem
2416 5310 2753 5381 Mauguiuus.

2030 5382 2050 5422 τ
2084 5381 2271 5436 Fidem
2299 5380 2531 5436 debeam.
2548 5379 2732 5436 'ltecte
2758 5395 2825 5436 ex
2857 5381 2963 5438 hoc
2986 5381 3124 5452 loco
3143 5379 3357 5452 collegit
3384 5381 3528 5438 idem

1951 5454 2035 5508 vir
2063 5453 2400 5507 clarissimus
2456 5452 2597 5507 hanc
2640 5452 2925 5523 epistolam
2971 5451 3138 5509 fuisse
3191 5451 3449 5521 scriptam
3496 5469 3526 5509 a

1950 5525 2100 5593 Lupo
2128 5522 2459 5577 Ferrarieusi
2480 5541 2492 5577 :
2516 5525 2607 5592 qui
2633 5522 2696 5579 ea
2722 5525 2788 5579 de
2813 5539 2976 5580 causa
3007 5523 3164 5580 [idem
3201 5523 3529 5593 singularem

1949 5596 2143 5650 Carolo
2157 5593 2404 5659 debebat,
2428 5597 2571 5665 quod
2598 5596 2979 5651 monasterium
2998 5594 3344 5651 Ferrariensc
3364 5595 3525 5649 situm

1948 5675 2092 5721 esset
2121 5665 2174 5719 iu
2203 5680 2367 5735 reguo
2387 5665 2584 5731 Caroli,
2602 5667 2690 5723 cui
2717 5668 2859 5723 idem
2883 5668 3272 5724 monasterium
3296 5678 3523 5722 munera

1948 5737 2302 5808 militiamque
2332 5736 2581 5794 debebat.
