4034 6298
560 329 671 388 605

1541 325 1601 381 Β.
1646 327 1702 381 S.
1743 325 1900 389 LUPI
1938 320 2224 379 ABBATIS
2260 322 2756 380 FERRARIENSIS

3675 324 3781 378 ωδ

553 446 688 502 hanc
705 443 930 517 gratiam
961 441 1329 498 misericordia
1356 439 1636 510 impendit,
1679 440 1734 494 in
1756 438 2102 493 damnatione
2130 438 2180 499 Α
2206 450 2345 500 mus,
2394 436 2527 491 bene
2570 436 2881 505 expendens
2928 435 3089 490 verba
3139 434 3378 506 Apostoli
3410 452 3423 489 :
3452 434 3594 500 Quid
3619 434 3770 489 habes

541 552 700 607 quam
728 535 830 605 ipsi
861 534 1130 606 peccando
1153 539 1461 586 meruerant
1502 528 1648 596 justo
1692 528 1894 596 judicio
1915 526 2109 582 dereli-

542 630 659 700 quit
692 647 707 683 :
738 637 794 683 et
815 628 914 683 hoc
933 627 1110 690 modo,
1141 633 1200 678 ut
1242 624 1398 678 docet
1441 622 1726 692 Apostolus
1758 635 1773 675 :
1799 621 1962 689 Cujus
2002 619 2106 674 vult

540 722 835 785 miseretur,
866 728 912 773 et
944 733 1096 789 quem
1119 715 1223 770 vult
1255 716 1466 769 indurat
1496 714 1667 784 (Rom.
1701 714 1801 784 Ix).
1827 713 2109 767 Miseretur

454 838 461 846 -
542 825 727 868 eorum
749 825 887 880 quos
906 807 1130 865 assumit
1164 821 1260 877 per
1302 806 1553 875 gratiam,
1591 805 1806 859 indurat
1834 803 1951 858 illos
1971 817 2108 871 quos

542 916 641 972 per
668 901 911 955 eamdem
960 896 1189 968 gratiam
1238 910 1342 949 non
1381 894 1605 958 emollit,
1633 894 1724 948 sed
1753 893 2000 962 quamvis
2018 907 2108 946 oc-

544 992 711 1056 culto,
736 988 884 1058 justo
910 997 1087 1043 tamen
1110 985 1316 1054 judicio
1346 985 1685 1054 dcrelinquit.
1735 984 1798 1038 lli
1826 998 1955 1054 ergo
1977 998 2110 1052 quo-

543 1098 661 1137 rum
688 1081 971 1135 miseretur
991 1077 1357 1148 prtedestinati
1403 1085 1527 1130 sunt
1555 1076 1621 1129 ad
1662 1075 1887 1144 gloriam
1920 1088 2110 1129 secun-

544 1176 667 1230 dum
703 1173 831 1230 illud
860 1171 1099 1243 Apostoli
1128 1186 1142 1224 :
1179 1170 1321 1235 Quos
1349 1169 1605 1240 prtescivit
1648 1178 1693 1221 et
1724 1166 2111 1237 pra'destinavit

545 1266 716 1338 (Rom.
764 1264 829 1336 I),
883 1274 940 1319 et
987 1262 1323 1334 appellantur
1373 1276 1499 1315 vasa
1532 1262 1583 1314 in
1612 1260 1893 1314 honorem.
1926 1259 2107 1313 [Iide-

541 1360 669 1416 bent
696 1358 809 1413 Deo
830 1365 1001 1413 totum
1024 1356 1165 1425 quod
1196 1362 1319 1409 sunt
1338 1362 1393 1408 et
1415 1353 1554 1423 quod
1584 1352 1812 1417 habent;
1845 1351 2108 1420 siquidem

545 1450 662 1521 ejus
687 1449 929 1503 bonitate
960 1447 1086 1502 facti
1114 1454 1257 1511 sunt,
1279 1460 1400 1500 cum
1429 1460 1534 1497 non
1581 1452 1795 1509 essent;
1817 1440 1933 1511 ej'us
1961 1441 2112 1496 beni-

545 1542 752 1613 gnitate
797 1539 987 1596 salvati
1037 1546 1179 1599 sunt,
1234 1551 1355 1591 cum
1390 1534 1587 1605 perditi
1644 1543 1845 1589 essent.
1880 1533 1958 1588 llli
1982 1548 2111 1589 vero

544 1646 680 1702 quos
702 1630 939 1694 indurat,
969 1628 1072 1682 hoc
1101 1635 1186 1682 est
1208 1641 1315 1681 nou
1337 1624 1565 1684 emollit.
1581 1624 1672 1696 qui
1694 1624 1747 1679 in
1769 1622 2112 1678 damnatione

546 1724 941 1793 relinquuntur,
971 1734 1134 1790 quam
1159 1716 1494 1789 originaliter
1547 1716 1630 1771 vel
1674 1716 1957 1773 actualiter
2000 1730 2112 1771 me-

2204 530 2343 599 quod
2379 547 2479 583 non
2504 529 2781 599 accepisti?
2804 527 2927 599 quid
2952 526 3195 597 gloriaris
3233 528 3384 596 quasi
3422 543 3525 580 non
3567 543 3779 597 accepe-

2207 624 2318 676 ris?
2346 621 2395 691 (Ι
2420 621 2541 674 Cor.
2569 621 2643 693 Iv)
2676 620 2863 673 statuit
2894 620 2945 672 in
2969 618 3112 672 nullo
3160 619 3519 689 gloriandum,
3562 622 3780 688 quando

2206 722 2447 768 nostrum
2472 711 2602 765 nihil
2627 712 2698 767 sit
2727 724 2776 763 ει.
2801 710 2953 766 Unde
2982 709 3119 765 bona
3143 725 3358 780 quoque
3378 710 3631 765 voluntas
3652 726 3782 779 pra:-

2207 812 2425 874 paratur
2456 819 2484 856 a
2511 804 2759 866 Domino,
2790 812 2850 857 ut
2892 812 3222 858 memoratus
3262 802 3554 873 Apostolus
3599 804 3777 857 docet.

2208 898 2346 952 Deus
2371 907 2453 953 est
2482 898 2573 966 qui
2600 906 2855 967 operatur
2885 899 2938 952 in
2986 899 3142 954 nobis
3178 908 3233 953 et
3270 898 3408 954 velle
3438 906 3492 953 et
3517 897 3781 968 perﬁcere

2206 1002 2340 1057 opus
2369 989 2520 1041 bona:
2553 989 2713 1059 188
2740 988 3055 1054 voluntatis;
3086 999 3303 1060 propter
3316 990 3456 1058 quod
3482 988 3781 1059 subiungit,

2206 1088 2254 1131 et
2301 1077 2544 1146 perﬁcere
2579 1095 2673 1148 pro
2722 1078 2857 1132 bona
2922 1080 3188 1134 voluntate
3217 1080 3434 1150 (Philip.
3467 1079 3551 1145 II).
3604 1080 3780 1150 Ipsam

2209 1169 2371 1224 etiam
2401 1170 2597 1225 bonam
2626 1171 3006 1239 cogitationem
3058 1187 3088 1226 a
3135 1173 3245 1229 Deo
3273 1172 3428 1227 nobis
3449 1187 3574 1228 esse
3595 1173 3785 1227 doctor

2210 1263 2450 1331 gentium
2480 1263 2856 1329 manifestans,
2909 1264 3030 1318 Non
3059 1267 3209 1337 quasi
3247 1267 3550 1337 sufficientes
3594 1268 3783 1331 simus,

2210 1354 2405 1423 inquit,
2443 1358 2669 1425 cogitare
2694 1358 2893 1427 aliquid
2931 1376 2961 1411 a
2995 1359 3164 1421 nobis,
3192 1360 3344 1430 quasi
3401 1376 3464 1414 ex
3495 1361 3670 1424 nobis,
3697 1359 3784 1414 sed

2208 1447 2511 1516 suﬁicieutia
2551 1459 2727 1502 nostra
2746 1466 2811 1504 ea:
2841 1450 2949 1505 Deo
2975 1460 3051 1504 est
3083 1450 3168 1520 (11
3200 1450 3320 1505 Cor.
3354 1454 3458 1523 III).
3486 1453 3581 1507 Dei
3609 1454 3783 1523 gratia

2210 1551 2311 1592 nos
2336 1538 2613 1605 praevenit,
2637 1548 2855 1609 propter
2874 1541 3014 1609 quod
3045 1541 3304 1611 scriptum
3319 1550 3403 1597 est
3424 1541 3596 1597 :Deus
3617 1559 3782 1609 meus,

2210 1632 2565 1684 misericordia
2588 1631 2701 1701 ejus
2728 1634 3000 1702 praeveniet
3040 1650 3120 1687 me
3144 1632 3313 1699 (Psal.
3341 1635 3518 1704 LvIII),
3540 1645 3601 1688 ut
3644 1635 3785 1691 bona

2212 1721 2440 1776 velimus
2465 1731 2521 1776 et
2550 1723 2883 1777 inchoemus.
2915 1722 3009 1777 Dei
3060 1725 3239 1793 gratia
3285 1739 3385 1778 nos
3414 1726 3786 1795 subsequitur,

545 1823 792 1879 ruerunt,
823 1813 1078 1885 dicuntur
1107 1825 1238 1866 vasa
1268 1810 1320 1864 in
1342 1808 1744 1873 contumeliam,
1774 1808 2008 1877 perfecta
2029 1804 2112 1860 vel
2140 1799 2186 1860 Β
2213 1820 2274 1867 ιιι
2301 1816 2559 1883 scriptum
2584 1820 2692 1875 est,
2716 1823 2765 1867 et
2793 1815 3153 1869 misericordia
3196 1826 3287 1869 tua
3336 1817 3683 1885 subsequetur
3712 1833 3789 1871 nte

543 1917 667 1978 apta
685 1907 738 1961 in
758 1905 1054 1962 interitum.
1078 1902 1144 1957 Hi
1177 1903 1320 1974 quod
1341 1912 1611 1966 creantur,
1650 1901 1744 1957 Dei
1775 1902 1973 1956 donum
1996 1908 2109 1956 est:

543 1997 687 2069 quod
722 1997 1036 2066 puniuntur,
1096 1993 1295 2050 malum
1350 1994 1608 2064 ipsorum.
1651 1991 1762 2047 Hos
1782 1992 1971 2047 beatus
2002 1991 2113 2045 Au-

542 2088 792 2160 gustinus
827 2086 881 2140 in
908 2084 1092 2142 multis
1116 2084 1270 2140 libris
1296 2086 1422 2139 etin
1453 2099 1518 2138 eo
1542 2098 1700 2153 quem
1724 2082 1850 2137 fecit
1868 2081 2115 2136 ultimum

545 2195 653 2238 non
686 2179 896 2236 dubitat
946 2178 1129 2234 dicere
1176 2177 1583 2246 praedestinatos
1631 2177 1696 2230 ad
1728 2190 1965 2246 poenam,
2006 2190 2112 2229 non

546 2272 853 2343 intelligens
877 2271 1094 2324 fatalem
1118 2268 1445 2339 perditorum
1475 2267 1870 2329 necessitatem,
1893 2265 1984 2320 sed
2013 2265 2114 2319 im-
2150 2338 2157 2347 ‘

545 2364 856 2421 mutabilem
881 2361 1189 2417 relictorum
1210 2359 1587 2414 desertionem.
1615 2357 1849 2429 Legebat
1878 2359 2021 2412 enim
2049 2356 2116 2410 de

543 2457 694 2514 Deo:
726 2456 787 2513 Si
832 2454 1137 2512 concluserit
1166 2454 1446 2515 hominem,
1484 2450 1657 2504 nullus
1687 2460 1762 2505 est
1786 2451 1873 2521 qui
1914 2452 2116 2520 aperiat

544 2549 671 2622 (Job
706 2548 839 2619 XII);
867 2550 1139 2617 itemque:
1164 2545 1447 2599 Considera
1469 2561 1628 2614 opera
1653 2543 1769 2609 Dei,
1796 2544 1935 2614 quod
1968 2560 2117 2599 nemo

542 2642 702 2712 possit
723 2641 979 2711 corrigere
996 2655 1149 2711 quem
1173 2637 1259 2691 ille
1299 2636 1582 2706 despexerit
1612 2632 1805 2703 (Eccli.
1860 2635 1958 2706 II),
1989 2634 2117 2690 illud

543 2732 706 2788 etiam
732 2746 746 2785 :
771 2730 955 2787 Dimisi
989 2745 1076 2785 eos
1098 2729 1381 2784 secundum
1404 2727 1662 2781 desideria
1711 2727 1881 2781 cordis
1917 2742 2116 2791 eorum,

2211 1901 2387 1975 (Psal.
2420 1906 2579 1976 χχιι),
2612 1922 2680 1961 ne
2704 1904 2903 1961 frustra
2930 1907 3159 1962 velimus
3196 1917 3252 1963 et
3279 1908 3626 1977 corperimus.
3665 1908 3789 1965 Haec

2208 1996 2586 2066 principaliter
2604 1998 2697 2052 Dei
2729 2008 2878 2063 sunt,
2905 2008 2964 2053 ut
3004 1998 3297 2068 praemissis
3329 2000 3660 2055 testimoniis
3681 2000 3791 2055 cla-

2214 2089 2344 2153 ruit,
2369 2097 2423 2143 et
2444 2098 2835 2158 consequenter
2873 2100 3074 2150 nostra,
3103 2090 3228 2159 quia
3274 2090 3549 2145 voluntate
3579 2106 3607 2145 a
3638 2090 3791 2148 nobis

2215 2177 2365 2232 fiunt.
2407 2178 2476 2232 Et
2512 2179 2771 2249 scriptum
2808 2188 2890 2234 est
2941 2197 2955 2234 :
3002 2179 3243 2244 Domine,
3276 2197 3455 2251 pacem
3504 2183 3576 2235 da
3620 2184 3790 2249 nobis,

2214 2271 2390 2324 omnia
2409 2271 2544 2325 enim
2574 2287 2730 2335 opera
2751 2281 2930 2326 nostra
2954 2282 3194 2342 operatus
3215 2289 3266 2325 es
3295 2273 3438 2327 nobis
3457 2271 3598 2342 (Iste.
3617 2276 3789 2344 xm).

2215 2360 2418 2416 Beatus
2440 2362 2655 2431 quidem
2702 2363 2908 2432 peccati
2951 2364 3003 2418 in
3055 2363 3380 2432 baptismate
3417 2363 3672 2431 solvitur,
3701 2364 3792 2421 sed

2215 2449 2495 2507 conflictus
2522 2452 2637 2521 ejus
2666 2462 2888 2522 pr0pter
2909 2454 3267 2509 exercendam
3308 2451 3467 2509 fidem
3516 2465 3792 2523 servatur,

2217 2540 2288 2594 ita
2319 2550 2377 2594 ut
2401 2540 2666 2609 adiutorio
2701 2541 2794 2595 Dei
2815 2557 3029 2614 semper
3053 2553 3105 2597 et
3129 2542 3550 2613 comprimendis
3573 2544 3725 2599 vitiis
3743 2553 3796 2599 et

2217 2630 2526 2686 obtinendis
2551 2632 2840 2688 virtutibus
2884 2648 3158 2705 egeamus.
3200 2632 3313 2689 lloc
3339 2642 3396 2689 et
3424 2635 3796 2705 unusquisque

2220 2724 2330 2780 Deo
2358 2725 2445 2794 pie
2474 2724 2710 2779 militans
2736 2725 2788 2778 in
2829 2728 3120 2797 semetipso
3162 2725 3347 2792 sentit,
3386 2737 3443 2781 et
3480 2726 3793 2797 Apostolus,

544 2823 691 2878 ibunt
743 2823 801 2877 in
858 2820 1305 2877 adinventionibus
1338 2820 1446 2874 suis
1476 2816 1647 2890 (Psal.
1702 2817 1885 2889 ιλιι).
1928 2818 2020 2882 Et,
2060 2826 2122 2872 ut
2213 2815 2326 2887 jam
2348 2816 2550 2870 Christi
2584 2824 2979 2871 sacramentum
3013 2828 3353 2882 consecutus,
3402 2816 3482 2872 sic
3516 2817 3796 2872 humiliter

544 2917 757 2986 opinor,
792 2915 1056 2986 dirigebat
1079 2928 1202 2968 eum
1225 2912 1280 2966 in
1309 2913 1453 2967 hunc
1482 2926 1698 2966 sensum
1731 2910 1859 2964 illud
1888 2910 2119 2965 maxime
2219 2906 2509 2962 confitetur
2540 2925 2551 2962 :
2583 2906 2921 2961 Coudelector
2948 2906 3048 2977 legi
3077 2907 3173 2961 Dei
3188 2906 3470 2961 secundum
3491 2908 3792 2963 interiorem

545 3008 914 3065 testimonium
941 3007 1006 3061 de
1032 3007 1147 3061 Deo
1169 2990 1261 3074 qui
1313 3003 1442 3058 fecit
1492 3018 1611 3073 qua:
1637 3000 1816 3057 futura
1848 3011 1989 3056 sunt.
2012 3001 2118 3059 Cui
2217 3000 2495 3054 hominem.
2533 2998 2688 3053 Video
2724 3010 2895 3054 autem
2926 3000 3087 3054 aliam
3121 2999 3281 3070 legem
3309 2999 3360 3052 in
3390 2998 3638 3052 membris
3668 2996 3793 3054 meis

544 3108 602 3156 et
629 3099 824 3154 dicitur
868 3114 884 3150 :
920 3095 1121 3151 Reddes
1176 3096 1455 3165 unicuique
1498 3094 1782 3149 secundum
1820 3111 1977 3165 opera
2016 3111 2115 3150 sua
2150 3155 2186 3165 _
2222 3101 2592 3164 repugnantem
2623 3092 2722 3162 legi
2741 3092 2928 3146 mentis
2953 3107 3080 3145 mea:
3107 3101 3152 3145 et
3199 3091 3457 3161 captivum
3494 3106 3576 3144 me
3601 3090 3793 3145 ducen-

547 3187 721 3262 (Psal.
739 3187 871 3258 LXI).
895 3186 1046 3253 Quod
1078 3186 1330 3241 nimirum
1352 3155 1589 3239 facturus
1615 3193 1699 3239 est
1718 3155 1989 3252 omnibus,
2012 3184 2116 3240 nisi
2141 3155 2187 3220 ε
2221 3155 2321 3236 tein
2345 3155 2518 3251 inlegc
2538 3155 2755 3251 peccati,
2775 3198 2891 3251 qua:
2906 3182 3048 3236 estin
3068 3155 3310 3236 membris
3330 3181 3456 3235 meis
3481 3179 3656 3253 (liam.
3673 3183 3792 3254 vn).

547 3295 686 3351 quos
714 3277 900 3335 fecerit
927 3277 1085 3348 18³1
1117 3278 1305 3332 beatos
1341 3276 1662 3331 remittendo
1693 3276 2114 3346 iuiquitateseo-
2222 3269 2299 3325 De
2359 3272 2534 3327 libero
2587 3272 2812 3327 arbitrio
2843 3274 3183 3329 concorditer
3214 3272 3287 3327 ita
3337 3282 3627 3329 senserunt
3677 3274 3793 3343 qui-

547 3385 668 3425 rum
684 3378 741 3425 et
767 3371 996 3441 tegendo
1016 3375 1259 3439 peccata.
1283 3366 1383 3433 Qui
1407 3366 1633 3438 gratiam
1656 3365 1823 3436 ipsius
1849 3364 1943 3420 Dei
1969 3379 2117 3420 sum-
2216 3378 2427 3432 cunque
2459 3373 2695 3420 mentem
2719 3365 3022 3422 divinorum
3061 3364 3395 3436 eloquion
3441 3364 3792 3436 probabiliter

546 3458 651 3517 mis
670 3458 956 3515 efferentes
975 3457 1257 3530 praeconiis
1285 3457 1463 3512 dicere
1509 3464 1750 3526 possunt,
1785 3470 1891 3511 non
1924 3469 2116 3511 secun-

547 3550 674 3608 dum
720 3559 943 3622 peccata
996 3557 1177 3605 nostra
1225 3546 1351 3602 fecit
1401 3544 1577 3611 nobis,
1622 3558 1799 3615 neque
1821 3545 2114 3600 secundum

548 3642 861 3714 iniquitates
881 3649 1093 3698 nostras
1117 3637 1366 3693 retribuit
1415 3637 1587 3692 nobis.
1633 3635 2117 3691 ConsentiuntAu—

546 3732 762 3807 gustino
782 3734 959 3790 verbis
986 3731 1105 3786 aliis
1134 3728 1491 3799 Hieronymus
1512 3737 1566 3781 et
1588 3725 1898 3799 Gregorius,
1925 3726 2114 3781 eodem

543 3836 726 3883 autem
756 3825 920 3881 verbo
938 3822 1080 3879 Beda
1099 3831 1154 3876 et
1178 3820 1432 3876 Isidorus.
1465 3817 1616 3886 Quod
1638 3832 1706 3873 ex
1753 3818 1884 3888 ipsis
1926 3826 2113 3871 aucto-

544 3920 716 3985 ribus,
746 3917 792 3971 sl
835 3923 1029 3971 vestrae
1069 3910 1332 3984 placuerit
1378 3908 1702 3972 eelsitudini,
1735 3907 1891 3964 facile
1922 3915 2116 3978 potero

548 4011 939 4068 demonstrare.

618 4102 871 4157 Liberum
892 4113 1021 4155 sane
1046 4097 1330 4154 arbitrium
1362 4097 1415 4152 in
1460 4094 1603 4153 bono
1635 4096 1777 4168 quod
1799 4093 2120 4163 contempsit

549 4192 757 4264 primus
778 4191 941 4245 homo
966 4204 1199 4260 peccans
1220 4188 1473 4259 perdidit,
1501 4189 1555 4243 in
1604 4186 1745 4243 malo
1773 4194 1951 4240 autem
1978 4185 2119 4269 quod

549 4283 713 4356 elegit
762 4281 1003 4337 retinuit.
1060 4279 1519 4348 Quemadmodum
1558 4294 1707 4343 vero,
1731 4278 1777 4333 si
1820 4276 1947 4332 velit
1978 4278 2118 4345 quis,

546 4376 631 4431 vel
669 4373 1028 4432 subtrahendo
1089 4373 1191 4428 sibi
1241 4374 1417 4429 Cibum
1476 4387 1534 4428 se
1603 4380 1780 4441 potest
1831 4370 2119 4440 perimere,

547 4479 881 4543 peremptum
913 4479 1094 4525 autem
1136 4484 1243 4523 non
1269 4477 1448 4537 potest
1472 4467 1765 4534 vivificare,
1813 4468 1886 4522 ita
1938 4466 2116 4536 potuit

2284 3465 2586 3528 rceperunt.

2212 3469 2586 3529 perceperunt.

2286 3550 2567 3607 Postremo
2603 3566 2740 3621 quos
2771 3551 3062 3608 redemerit
3098 3551 3356 3608 Dominus
3406 3551 3790 3623 sanguinem

2212 3642 2518 3711 evangelica
2560 3641 2791 3697 lectione
2839 3643 3104 3714 colligitur
3146 3644 3287 3713 apud
3317 3642 3631 3699 Matthaeum
3663 3640 3791 3697 :Bi-
3881 3630 3894 3642 ’

2217 3735 2336 3800 bite,
2367 3734 2538 3805 inquit
2567 3735 2845 3801 Dominus,
2869 3752 2933 3790 ex
2954 3737 3052 3790 hoc
3083 3752 3279 3802 omnes,
3308 3737 3392 3791 ltic
3411 3746 3486 3792 est
3508 3739 3647 3791 enim
3668 3752 3766 3791 san

2213 3825 2329 3896 guis
2357 3840 2499 3878 meus
2521 3824 2638 3878 novi
2660 3812 2969 3891 testamenti,
2990 3826 3079 3897 qui
3106 3842 3199 3896 pro
3224 3825 3398 3880 multis
3415 3826 3717 3896 e/I‘undetur
3736 3826 3796 3916 in.

2217 3917 2920 3986 remissionempeccatorum
2951 3918 3167 3990 (Matth.
3221 3918 3394 3990 sum).
3449 3919 3606 3990 Apud
3652 3917 3791 3974 lar-

2217 4024 2339 4065 cum
2398 4027 2411 4062 :
2468 4007 2571 4063 llic
2635 4019 2708 4063 est
2764 4011 2976 4079 sanguis
3039 4026 3184 4065 meus
3242 4006 3382 4064 Novi
3435 4008 3786 4077 Testamenti,

2222 4098 2384 4170 189
2424 4101 2516 4171 qui
2564 4116 2656 4170 pro
2685 4099 2860 4154 multis
2883 4100 3182 4169 elfundetur
3224 4099 3418 4168 (Marc.
3459 4101 3598 4172 XIV).
3641 4100 3790 4172 Apud

2218 4191 2420 4247 Lucam
2448 4207 2577 4247 vero
2606 4205 2622 4245 :
2655 4191 2701 4245 Η
2711 4194 2756 4244 ic
2804 4201 2879 4246 est
2916 4193 3055 4246 calix.
3079 4191 3285 4246 Novum
3316 4191 3706 4248 Testamentum
3735 4193 3789 4249 il

2220 4287 2472 4355 sanguine
2494 4299 2625 4345 meo,
2649 4283 2740 4353 qui
2765 4299 2859 4353 pro
2889 4284 3025 4336 vobis
3051 4283 3464 4355 fundetur(Luc.
3493 4288 3657 4354 XXII).
3680 4285 3789 4341 Dos

2222 4392 2348 4448 ergo
2377 4374 2719 4447 evangelista:
2744 4382 2951 4446 ponunt
2973 4391 3066 4445 pro
3096 4374 3293 4440 multis,
3328 4392 3465 4433 unus
3496 4393 3592 4447 pro
3619 4376 3783 4445 vobis,

2224 4469 2347 4536 quia
2375 4476 2429 4521 et
2458 4467 2704 4537 discipuli
2736 4465 2920 4521 multis
2971 4476 3414 4534 annumerantur,
3463 4467 3644 4525 nullus
3694 4481 3789 4539 pro

546 4528 709 4620 homo
724 4528 998 4619 voluntate
1018 4561 1333 4631 delinquens
1363 4575 1517 4615 usum
1548 4561 1602 4615 in
1637 4560 1778 4615 bono
1801 4560 1952 4615 liberi
1976 4559 2117 4614 arbi-
2142 4528 2195 4589 Β
2218 4558 2492 4613 omnibus.
2520 4558 2585 4611 Et
2609 4573 2675 4613 ne
2720 4557 2770 4611 id
2800 4573 2901 4629 ego
2937 4567 3141 4613 temere
3190 4567 3462 4616 scrutatus
3488 4528 3786 4626 existimer,

546 4656 637 4711 trii
666 4654 911 4725 perdere,
944 4654 1038 4710 sed
1081 4652 1156 4717 id,
1212 4651 1374 4707 etiam
1421 4651 1467 4707 si
1498 4651 1642 4717 velit,
1667 4666 1771 4706 non
1800 4661 1976 4722 potest
2001 4651 2113 4707 suis

546 4744 755 4799 viribus
777 4759 1075 4800 resumere.
1101 4741 1217 4797 Non
1239 4742 1343 4798 erit
1367 4741 1529 4818 igitur
1549 4741 1603 4796 in
1624 4740 1764 4796 bono
1788 4740 2015 4797 liberum
2038 4741 2109 4797 illi

545 4833 850 4898 arbitrium,
881 4834 980 4887 nisi
1011 4832 1174 4889 fuerit
1215 4833 1397 4888 divina
1456 4832 1625 4902 gratia
1677 4832 1983 4887 liberatum.
2014 4832 2114 4888 Do-

544 4923 724 4978 minus
760 4922 916 4979 Jesus
966 4923 1179 4989 sciebat,
1217 4931 1277 4977 ut
1327 4923 1582 4992 scriptum
1610 4931 1714 4987 est,
1745 4923 1870 4994 quid
1891 4932 2018 4976 esset
2054 4922 2111 4977 in

545 5013 752 5068 nomine
783 5012 965 5086 (Joan.
998 5016 1084 5087 II),
1112 5015 1165 5070 id
1210 5013 1498 5071 salubriter
1523 5015 1791 5085 aperiens,
1845 5012 1970 5068 Sine
2009 5029 2112 5081 me,

547 5101 742 5171 inquit,
766 5102 894 5155 nihil
914 5104 1123 5173 potestis
1149 5102 1320 5172 facere
1359 5101 1541 5175 (Joan.
1580 5104 1693 5171 xv),
1739 5102 1870 5155 nihil
1910 5102 2118 5158 scilicet

546 5192 692 5247 boni.
719 5191 851 5245 Nam
876 5193 988 5263 ipse
1037 5194 1161 5250 mali
1197 5204 1385 5250 auctor
1439 5203 1494 5249 et
1520 5202 1836 5264 cooperator
1862 5209 1981 5247 esse
2008 5210 2113 5249 non

546 5293 742 5356 potest,
770 5285 881 5355 qui,
920 5294 979 5340 ut
998 5283 1229 5343 Joannes
1256 5289 1330 5342 ait
1374 5287 1617 5357 Baptista
1649 5305 1661 5340 :
1688 5286 1865 5358 Agnus
1895 5287 1989 5341 Dei
2016 5297 2111 5357 est,
2164 5284 2173 5295 ’

543 5377 634 5448 qui
662 5376 795 5432 tollit
814 5388 1022 5449 peccata
1048 5380 1227 5434 mundi
1243 5380 1423 5451 (Joan.
1450 5381 1513 5449 I),
1536 5387 1589 5434 et
1610 5395 1727 5449 quae
1747 5377 1951 5435 scilicet
1972 5378 2110 5434 facta

545 5477 691 5533 sunt,
719 5476 773 5523 et
802 5485 870 5524 ne
895 5468 1044 5525 fiant.
1071 5470 1200 5526 Item
1226 5470 1352 5526 alibi
1401 5470 1692 5526 Dominus:
1726 5469 1783 5526 Si
1822 5488 1907 5525 vos
1938 5471 2111 5526 Filius

544 5559 857 5629 liberaverit,
886 5572 1010 5617 tunc
1034 5578 1146 5616 vere
1174 5562 1319 5616 liberi
1339 5563 1482 5618 eritis
1511 5562 1690 5636 (Joun.
1714 5565 1851 5635 vnn).
1879 5563 2110 5617 Sanctus

544 5654 864 5729 Cyprianus,
894 5667 1099 5729 martyr
1122 5657 1537 5729 gloriosissimus
1562 5670 1616 5716 et
1643 5662 1829 5716 dector
1858 5661 2112 5717 suavissi-

619 5779 645 5812 ι
670 5767 857 5842 Cypr.,
883 5768 975 5825 lib.
999 5783 1062 5826 III
1087 5767 1312 5826 Testim.
1334 5770 1403 5826 ad
1424 5769 1729 5839 Quirinum,
1756 5787 1802 5827 c.
1840 5771 1890 5826 4.

2221 4657 2439 4705 sanctus
2484 4648 2864 4720 Hieronymus,
2912 4649 3207 4720 explauans
3253 4650 3428 4706 locum
3466 4649 3786 4723 Evangelii:

2221 4740 2369 4797 Sicut
2406 4738 2453 4793 F
2458 4740 2577 4795 ilius
2628 4742 2853 4796 hominis
2907 4759 3011 4797 non
3036 4743 3171 4798 venit
3219 4743 3532 4810 ministrari,
3560 4745 3657 4798 sed
3690 4746 3788 4799 nti-
3812 4793 3825 4803 .

2223 4837 2467 4899 nistrare,
2499 4845 2545 4888 et
2591 4835 2718 4889 dare
2766 4836 2996 4890 animam
3045 4853 3195 4891 suam
3241 4837 3649 4906 redemptionem
3700 4852 3791 4907 pro

2219 4924 2397 4980 multis
2436 4925 2649 4997 (llattlt.
2708 4927 2824 4997 vn),
2856 4927 3093 4996 quando,
3142 4927 3336 4996 inquit,
3387 4925 3619 4981 formam
3651 4926 3789 4982 servi

2220 5002 2447 5089 accepit,
2473 5027 2530 5073 ut
2553 5035 2651 5090 pro
2684 5020 2882 5073 mundo
2903 5019 3219 5089 sanguinem
3261 5016 3530 5083 funderet,
3578 5026 3638 5073 et
3684 5029 3791 5074 nou

2218 5111 2357 5166 dixit
2384 5112 2447 5166 da
2459 5128 2516 5166 re
2529 5112 2762 5165 animam
2784 5125 2934 5164 suam
2959 5111 3379 5181 redemptionem
3402 5125 3503 5179 pro
3514 5110 3787 5176 omnibus,

2216 5207 2309 5260 sed
2336 5222 2432 5275 pro
2457 5204 2659 5264 multis,
2684 5203 2735 5257 id
2761 5211 2865 5268 est,
2885 5217 2982 5272 pro
3011 5203 3095 5257 his
3131 5204 3220 5272 qui
3250 5202 3472 5257 credere
3495 5201 3786 5258 voluerint.

2217 5296 2329 5364 Qua
2358 5297 2687 5367 expositione
2711 5294 2865 5365 juxta
2895 5293 3051 5349 tidem
3068 5280 3396 5348 catholicam
3435 5293 3618 5348 docuit
3651 5293 3790 5349 solos

2215 5386 2401 5442 fideles
2428 5401 2548 5441 esse
2579 5386 2969 5458 intelligendos,
3001 5387 3114 5441 sive
3144 5386 3198 5440 in
3245 5385 3417 5457 gratia
3469 5400 3788 5456 permansu-

2214 5495 2323 5542 ros,
2354 5479 2467 5532 sive
2494 5479 2561 5532 ab
2606 5493 2668 5531 ea
2712 5493 2810 5532 suo
2853 5478 2986 5532 vitio
3040 5491 3371 5533 recessuros.
3416 5475 3552 5531 Item
3600 5475 3787 5532 beatus

2212 5568 2543 5639 Augustinus
2573 5569 2821 5638 aperiens
2845 5567 3039 5638 popqu
3093 5567 3415 5623 sententiam
3463 5566 3781 5639 Evangelii:

2227 5661 2325 5717 Vos
2378 5679 2479 5717 non
2534 5663 2773 5730 creditis,
2822 5662 2949 5722 auia
2995 5678 3099 5717 non
3151 5663 3272 5717 estis
3318 5677 3384 5717 ex
3436 5660 3616 5716 ovibus
3661 5656 3780 5713 meis
