4034 6298
259 286 363 343 605

260 499 442 553 ovibus
472 497 624 564 meis,
648 497 775 568 quia
796 496 1014 552 videbat
1052 513 1147 553 eos
1195 498 1262 552 ad
1293 499 1680 568 sempiternum
1710 498 1847 554 inte-

259 590 425 646 ritum
450 589 885 661 praedestinatos,
910 606 1016 644 non
1040 590 1105 644 ad
1130 590 1294 646 vitam
1324 600 1578 647 :eternam
1610 591 1692 646 sui
1721 607 1846 648 san-

255 683 438 753 guinis
460 682 638 753 pretio
665 692 1029 754 comparatos.
1079 682 1176 739 His
1226 693 1333 738 tam
1362 684 1523 739 claris
1549 682 1844 740 luminibus

254 774 558 829 doctrinam
592 788 744 828 suam
774 775 1089 845 evangelico
1119 790 1279 830 sensu
1332 775 1712 830 roborantibus
1751 776 1843 844 qui

252 867 491 922 audeant
521 866 895 922 contradicere
925 867 1029 922 nisi
1057 868 1148 938 qui
1190 868 1517 924 erubescunt
1541 869 1658 924 sine
1682 868 1841 923 lumi-

250 961 415 1016 nibus
445 960 744 1031 apparere?
774 961 847 1018 Ut
894 978 1027 1032 pace
1072 973 1253 1019 tamen
1282 972 1337 1019 et
1378 964 1678 1018 reverentia
1703 963 1839 1018 tanti

249 1053 356 1107 viri
384 1053 588 1108 dictum
618 1053 710 1120 sit,
763 1055 910 1110 hunc
945 1054 1278 1111 intellectum
1330 1055 1643 1127 evangelico
1694 1054 1840 1111 fonte

248 1153 568 1200 manantem
596 1160 703 1201 non
735 1146 926 1201 videns
948 1145 1183 1203 Joannes
1211 1146 1839 1219 Constantinopolitanus

248 1238 563 1310 episcopus,
620 1253 744 1295 cum
770 1247 1069 1309 exponeret
1114 1239 1244 1296 illud
1297 1240 1563 1311 Apostoli,
1606 1240 1838 1310 qualiter

248 1331 429 1403 gratia
456 1331 553 1387 Dei
576 1346 675 1402 pro
699 1332 951 1388 omnibus
971 1333 1270 1405 gustaverit
1298 1341 1527 1389 mortem
1552 1351 1566 1387 :
1596 1330 1711 1389 Non
1738 1347 1838 1403 pro

246 1425 507 1483 ﬁdelibus
537 1436 767 1493 tantum,
802 1426 999 1499 inquit,
1023 1428 1120 1485 sed
1166 1442 1266 1498 pro
1308 1430 1510 1482 mundo
1548 1427 1834 1493 universo;

244 1529 302 1576 et
332 1520 450 1591 ipse
465 1520 681 1591 quidem
707 1536 808 1592 pro
830 1521 1081 1577 omnibus
1101 1531 1348 1577 mortuus
1367 1529 1468 1578 est.
1497 1520 1635 1589 Quid
1654 1530 1835 1577 autem

245 1611 293 1666 si
320 1628 433 1667 non
463 1628 655 1668 omnes
681 1613 947 1668 credunt?
973 1612 1066 1668 Ille
1088 1615 1228 1682 quod
1257 1628 1411 1669 suum
1434 1622 1551 1668 erat
1572 1612 1833 1684 implevit.

242 1704 452 1761 Verum
474 1721 571 1761 cur
600 1706 703 1761 hoc
728 1707 984 1771 senserit,
1012 1706 1160 1762 nullo
1190 1706 1370 1762 divino
1411 1707 1571 1779 190
1591 1707 1834 1761 testimo-

1712 287 2097 346 EPISTOLE.

263 407 447 479 (Joan.
499 405 544 477 ι)
590 421 605 461 :
659 402 956 472 Quomodo,
1000 404 1096 472 ait,
1127 403 1244 461 istis
1272 404 1428 472 dixit,
1478 422 1582 461 non
1626 408 1748 462 estis
1776 424 1841 463 ea:
1867 411 1917 470 Α

3419 297 3529 356 606

2301 407 2454 480 19],
2499 418 2521 448 ο
2562 407 2897 467 EPISTOLA
2932 409 3173 468 CXXIX.

2334 567 2338 571 ι
2516 519 2583 558 an
2631 520 2965 562 BINCMABUI.

2021 587 2481 646 Reverentissimo
2515 596 2729 663 praesuli
2776 594 3067 652 Hincmaro
3108 595 3291 669 Lupus
3328 610 3528 671 perpe-

1948 690 2094 737 tuam
2130 683 2184 739 in
2216 684 2446 741 Domino
2476 687 2729 741 salutem.

2020 776 2297 831 Scrutanti
2321 778 2451 833 mihi
2473 763 2561 832 diu
2586 778 2923 850 multumque
2944 780 3010 835 de
3030 781 3524 850 prmdestiuatione,

1945 870 2011 922 de
2036 886 2140 939 qua
2172 869 2224 923 iu
2265 884 2419 938 pace,
2449 869 2503 924 in
2538 885 2642 939 qua
2672 872 2846 925 vocati
2885 878 3073 928 sumus
3095 889 3126 928 a
3161 874 3292 939 Deo,
3326 875 3527 944 quaeri-

1945 975 2066 1013 mus
2095 959 2543 1024 ctdeliberamus,
2570 961 2696 1030 quid
2728 961 3079 1030 probabiliter
3109 972 3257 1019 esset
3281 964 3526 1019 sentien—

1942 1053 2091 1117 dum,
2118 1068 2184 1107 ne
2209 1052 2336 1108 illud
2358 1053 2617 1123 Apostoli,
2639 1073 2769 1126 quos
2780 1058 3036 1128 prwscivit
3061 1070 3108 1113 et
3130 1058 3519 1129 praedestinavit

1944 1143 2113 1215 (Rom.
2148 1146 2287 1215 vm),
2335 1155 2546 1215 pateat;
2600 1146 2728 1202 illud
2774 1164 2922 1213 vero,
2968 1166 3091 1204 vasa
3135 1151 3231 1205 ira:
3269 1150 3522 1221 perfecta,

1944 1236 2051 1290 sive
2077 1246 2286 1307 parata,
2316 1237 2420 1291 sive
2444 1248 2568 1307 apta
2595 1239 2648 1291 in
2684 1238 2951 1293 interitum
2977 1238 3148 1311 (Rom.
3178 1241 3287 1311 1x);
3326 1250 3379 1296 et
3400 1240 3529 1298 illud

1943 1331 2084 1401 quod
2127 1331 2388 1409 divinitus
2440 1330 2564 1386 alibi
2611 1332 2886 1399 scribitur,
2946 1333 3103 1387 nescit
3146 1334 3300 1389 homo
3352 1342 3531 1409 utrum

1939 1441 2118 1480 amore
2147 1404 2364 1480 an‘odio
2386 1427 2575 1496 dignus
2596 1426 2661 1480 sit
2690 1426 2889 1497 (Eccle.
2922 1427 3025 1499 rx),
3056 1428 3313 1496 itemque,
3339 1404 3531 1483 eius-

1938 1518 2064 1573 dera
2092 1535 2245 1589 opera
2275 1517 2389 1583 Dei,
2428 1519 2567 1591 quod
2601 1535 2748 1573 nemo
2774 1520 2935 1589 possit
2976 1520 3233 1590 corrigere
3261 1537 3411 1592 quem
3441 1518 3530 1574 ille

1938 1612 2228 1682 despexerit
2256 1611 2589 1683 (Eccli.vn).
2635 1623 2690 1668 et
2737 1613 2933 1669 similia
2982 1615 3182 1683 passim
3232 1615 3285 1670 in
3333 1614 3531 1671 divinis

1938 1714 2153 1776 reperta
2183 1705 2432 1776 eloquiis,
2475 1707 2695 1777 dignum
2736 1721 2841 1761 non
2886 1707 3121 1762 habeant
3146 1707 3373 1770 exitum,
3407 1707 3531 1763 hrec

244 1798 341 1854 nio
368 1798 763 1869 comprobavit.
795 1797 951 1866 Quod
980 1798 1026 1853 si
1052 1798 1175 1868 quis
1221 1798 1556 1854 excellentiae
1583 1798 1834 1855 culminis
1863 1796 1910 1856 B
1936 1802 2220 1858 verissima
2260 1802 2475 1857 videtur
2502 1803 2788 1865 sententia,
2832 1811 2890 1856 ut
2938 1800 3343 1871 prazdestinatio
3372 1800 3446 1855 sit
3470 1799 3527 1856 in

244 1893 421 1950 vestri
444 1893 685 1949 ostendit
713 1902 807 1948 aut
832 1893 1137 1948 ostenderit
1182 1904 1209 1933 ει
1240 1892 1505 1948 Faustum
1549 1893 1838 1963 quemdam

242 1987 311 2043 de
358 1987 446 2041 bis
496 1986 651 2058 longe
698 1986 909 2042 diversa
941 1985 1293 2050 scribentem,
1340 2000 1408 2040 ne
1457 1984 1840 2056 acquieveritis

241 2080 458 2135 erranti
490 2097 504 2134 :
540 2079 795 2150 quoniam
826 2080 983 2135 docet
1010 2079 1040 2121 ι)
1070 2078 1319 2135 Gelasius
1347 2094 1471 2134 cum
1493 2078 1836 2149 septuaginta

243 2171 523 2243 episcopis
542 2171 677 2227 viris
696 2170 1079 2227 eruditissimis
1107 2170 1198 2240 qui
1227 2169 1521 2240 scriptores
1546 2177 1731 2224 essent
1754 2166 1838 2223 vel

242 2279 355 2318 non
389 2272 574 2320 essent
626 2262 961 2332 recipiendi:
993 2269 1240 2317 statuens
1266 2261 1444 2332 primo
1487 2259 1837 2315 commenda-

243 2355 453 2410 tionem
507 2354 795 2425 Augustini
849 2363 905 2409 et
950 2354 1251 2423 singulares
1288 2352 1474 2409 laudes
1502 2352 1836 2424 Hieronymi,

238 2448 534 2504 memorati
584 2446 770 2503 Fausti
813 2447 1011 2516 scripta
1061 2446 1147 2503 his
1191 2445 1373 2502 verbis
1403 2444 1778 2500 exauctoravit
1819 2458 1834 2498 :

242 2537 521 2609 Opuscula
571 2537 764 2594 Fausti
810 2538 1059 2609 Regensis
1118 2536 1260 2593 Galli
1312 2538 1630 2609 apocrypha.
1686 2538 1838 2593 Hanc

240 2630 430 2697 ﬁdem,
460 2646 620 2701 quam
644 2632 883 2701 expressi
933 2632 986 2686 in
1043 2631 1368 2702 supradictis
1421 2631 1832 2701 quaestionibus,

242 2733 542 2780 tenuerunt
557 2723 814 2781 Ecclesiae
837 2724 1115 2781 catholicae
1134 2723 1474 2780 invictissimi
1498 2721 1832 2777 defensores.

244 2816 405 2872 Hanc
424 2832 527 2888 ego
557 2817 816 2874 minimus
842 2819 1084 2873 omnium
1111 2816 1382 2881 custodio,
1438 2816 1578 2870 hanc
1602 2812 1833 2869 volenti-

240 2910 348 2965 bus
371 2911 581 2981 absque
606 2911 807 2965 invidia
830 2910 1090 2976 ostendo;
1132 2908 1442 2965 nolentibus
1471 2923 1605 2964 mea:
1632 2906 1836 2962 medio-

240 3004 460 3063 critatis
486 3004 739 3061 conscius
763 3018 869 3058 non
901 3004 1102 3075 iugero.
1147 3002 1276 3069 Nec,
1300 3010 1359 3057 ut
1405 3001 1627 3072 quidam
1659 3000 1836 3072 suspi-

239 3096 359 3153 cari
394 3111 455 3152 se
484 3095 764 3162 simulant,
786 3095 1039 3160 inaniter,
1070 3095 1174 3150 hoc
1198 3102 1305 3160 est,
1340 3108 1489 3148 vanae
1509 3092 1694 3164 gloria:
1723 3099 1835 3147 stu-

1939 1894 2120 1959 bonis,
2146 1884 2301 1966 juxta
2328 1894 2658 1949 intellectum
2686 1895 2982 1949 doctissimi
3005 1894 3311 1964 Augustini,
3337 1893 3529 1964 gratiae

1937 1988 2283 2060 prieparatio,
2308 1987 2710 2057 praedestinatio
2733 1996 2911 2042 autem
2948 1988 2999 2040 in
3028 1985 3208 2052 malis,
3232 1984 3530 2042 secundum

1938 2088 2180 2135 nostram
2218 2077 2606 2147 capacitatem,
2640 2077 2825 2146 gratiae
2859 2074 3180 2131 subtractio.
3215 2074 3293 2130 De
3333 2073 3531 2144 quibus

1939 2170 2080 2226 idem
2108 2169 2447 2225 certissimus
2468 2178 2663 2223 auctor
2691 2168 2764 2223 ita
2795 2167 2986 2223 scribit
3014 2186 3027 2222 :
3054 2166 3261 2235 Quibus
3287 2181 3391 2222 non
3414 2163 3531 2220 vult

1939 2264 2230 2320 subvenire
2256 2279 2360 2318 non
2396 2262 2664 2325 subvenit,
2702 2262 2768 2316 de
2808 2261 3005 2332 quibus
3032 2261 3085 2315 in
3114 2275 3210 2315 sua
3250 2258 3534 2331 praedesti—

1939 2359 2160 2413 natione
2214 2356 2357 2412 aliud
2401 2355 2681 2424 judicavit,
2722 2355 2796 2411 ita
2839 2364 3018 2410 tamen
3064 2362 3126 2409 ut
3170 2354 3225 2408 in
3272 2351 3524 2422 utrisque

1939 2456 2155 2504 creator
2179 2447 2520 2517 aequissimus
2560 2444 2883 2508 inveniatur,
2918 2444 3046 2498 dum
3081 2450 3138 2497 et
3169 2441 3275 2498 illis
3295 2441 3527 2513 gratiam

1938 2540 2308 2595 misericordia
2356 2538 2690 2609 impertitur,
2738 2544 2795 2591 et
2825 2534 2947 2591 istis
2975 2534 3224 2590 eamdem
3270 2532 3527 2602 gratiam,

1938 2647 2248 2705 quanquam
2294 2629 2524 2696 occulto,
2549 2627 2699 2699 justo
2722 2636 2901 2683 tamen
2915 2626 3120 2695 judicio
3151 2641 3255 2680 non
3277 2622 3525 2693 largitur.

1940 2727 2184 2797 Dumque
2207 2724 2258 2779 in
2282 2723 2450 2778 Adam
2484 2736 2671 2778 omnes
2692 2720 2824 2776 recti
2851 2721 3016 2775 creati
3054 2734 3260 2783 sumus.
3286 2725 3340 2774 et
3364 2716 3527 2772 liber-

1937 2829 2102 2876 tatem
2135 2818 2344 2874 arbitrii
2373 2817 2577 2886 absque
2607 2814 2764 2870 ullius
2791 2813 3116 2870 difﬁcultatis
3144 2812 3528 2883 impedimento

1937 2924 1993 2969 et
2021 2909 2450 2981 interpellatione
2478 2906 2806 2976 accepimus,
2838 2914 3030 2976 sponte
3052 2913 3231 2960 autem
3268 2910 3530 2974 peccante

1936 3003 2132 3068 Adam,
2162 3002 2215 3056 in
2241 3018 2364 3074 quo,
2402 3008 2459 3055 ut
2490 2997 2782 3070 Apostolus
2813 2998 2969 3055 testis
2995 3006 3096 3063 est,
3131 3014 3306 3054 omnes
3342 3012 3533 3069 pecca-

1939 3105 2122 3151 verunt
2170 3093 2351 3165 (Rom.
2398 3097 2474 3164 v),
2518 3108 2730 3157 omnes,
2776 3106 2933 3148 exeo
2982 3091 3248 3146 duntaxat
3299 3098 3535 3162 utroque

238 3188 336 3243 dio
357 3189 518 3258 cupio
547 3189 906 3252 innotescere,
933 3203 1056 3243 cum
1079 3196 1281 3243 terreat
1303 3202 1390 3243 me
1426 3186 1719 3265 plurimum
1747 3184 1835 3240 illa
1864 3168 1910 3231 C
1946 3188 2105 3260 192
2136 3204 2267 3244 sexu
2290 3186 2581 3259 progeniti,
2612 3185 2945 3242 conditionis
2980 3185 3299 3257 dignitatem
3337 3183 3529 3241 amisi-

244 3282 315 3338 de
372 3280 582 3338 Scribis
635 3289 691 3337 et
717 3279 1010 3336 Pharismis
1054 3279 1268 3335 Domini
1298 3265 1566 3334 sententia
1603 3276 1836 3332 :Omnia

239 3389 405 3444 opera
435 3390 534 3428 sua
569 3372 769 3443 faciunt
810 3382 865 3428 ut
905 3372 1178 3428 videantur
1199 3371 1264 3426 ab
1297 3370 1590 3427 hominibus
1614 3368 1834 3442 (Matth.

237 3464 440 3535 xxm);
466 3464 608 3521 etde
634 3465 934 3537 bypocritis
967 3482 980 3519 :
1007 3464 1174 3518 Amen
1208 3463 1326 3518 dico
1352 3463 1836 3533 sobis,receperunt

238 3556 534 3612 mercedem
556 3573 703 3612 suam
734 3555 949 3629 (Matth.
985 3556 1083 3629 vr).
1119 3555 1223 3611 Sed
1261 3555 1565 3626 asserenda:
1590 3555 1837 3610 veritatis

243 3646 447 3702 intuitu
476 3648 618 3717 quod
648 3647 702 3703 in
728 3645 931 3703 divinis
964 3645 1379 3703 auctoritatibus
1400 3660 1697 3715 earumque
1716 3661 1839 3700 sen-

240 3753 366 3793 sum
421 3739 776 3807 sequentibus
818 3737 1339 3809 prmcellentissimis
1384 3738 1698 3792 auctoribus
1725 3736 1837 3791 Deo

240 3828 548 3899 inspirante
588 3827 919 3900 deprehendi
972 3829 1340 3899 quazrentibus
1380 3830 1584 3899 absque
1606 3838 1835 3885 conten-

242 3920 401 3977 tione
427 3919 737 3977 manifesto.
758 3921 966 3978 Vestrae
994 3922 1161 3995 igitur
1189 3922 1576 3994 opinatissimae
1604 3922 1836 3994 pruden-

241 4015 335 4071 tiae
378 4015 422 4070 si
449 4015 563 4085 jam
609 4015 947 4071 satisfactum
975 4024 1078 4082 est,
1136 4015 1362 4088 gaudeo.
1397 4013 1492 4071 Sin
1521 4024 1723 4081 autem,
1754 4012 1837 4070 vel

241 4125 413 4176 nunc,
440 4109 526 4165 vel
562 4123 689 4166 cum
733 4110 877 4166 Deus
926 4118 1113 4165 noster
1136 4117 1374 4180 optatam
1414 4108 1568 4163 vobis
1598 4107 1837 4179 quietem

241 4199 558 4267 contulerit,
585 4208 811 4272 propter
837 4200 941 4257 alia
979 4202 1142 4257 etiam
1194 4202 1408 4274 negetia
1439 4200 1835 4265 ecclesiastica,

241 4293 488 4351 evocatis
508 4292 575 4349 ad
597 4303 925 4350 conventum
943 4295 1275 4351 doctioribus
1307 4295 1632 4366 quibusque,
1665 4301 1840 4349 recte-

241 4401 315 4442 ne
350 4400 709 4457 perperamve
734 4388 990 4452 sentiam,
1025 4387 1275 4444 subtilior
1298 4387 1533 4457 plurium
1575 4393 1840 4442 tractatus

240 4477 448 4550 poterit
472 4477 734 4534 invenire.
762 4478 852 4533 Sic
874 4476 1019 4535 Deus
1040 4494 1157 4541 vos,
1179 4487 1308 4550 opto
1334 4486 1389 4533 et
1408 4494 1524 4545 oro,
1547 4478 1637 4533 diu
1661 4476 1833 4532 felici-

244 4578 440 4641 terque
485 4568 648 4625 faciat
678 4585 931 4644 regnare,
958 4581 1016 4627 ut
1036 4587 1221 4629 secum
1249 4586 1347 4627 vos
1374 4571 1427 4626 in
1458 4580 1721 4627 aternum
1754 4582 1839 4624 re-
1866 4540 1914 4602 ι)

243 4676 418 4735 gnaro
444 4662 726 4720 concedat.

246 4962 357 5078 ﬂ;
382 4949 645 5007 Faustum
692 4951 991 5024 quemdam.
1044 4950 1180 5007 Vide
1231 4959 1388 5006 notas
1439 4950 1506 5005 ad
1554 4949 1836 5021 epistolam

319 5094 350 5135 δ
372 5091 617 5150 Gelasius
652 5111 767 5148 cum
796 5095 1148 5163 septuaginta.
1177 5092 1432 5147 Eamdem
1456 5092 1835 5148 auctoritatem

248 5165 442 5220 iisdem
466 5164 638 5221 ferme
669 5165 847 5221 verbis
871 5165 1076 5234 profert
1101 5166 1188 5219 hic
1215 5173 1399 5217 noster
1444 5165 1626 5233 Lupus
1649 5163 1700 5216 in
1730 5163 1836 5218 fine

246 5235 580 5291 Collectanei
605 5238 672 5293 de
704 5237 877 5290 tribus
916 5234 1333 5303 Quaestionibus.
1368 5235 1509 5290 Sane
1559 5236 1834 5289 decretum

246 5308 356 5362 hoc
382 5309 450 5361 de
472 5306 626 5362 libris
652 5308 928 5363 canonicis
954 5317 1010 5361 ct
1036 5308 1359 5378 apocryphis
1399 5307 1655 5361 tribuitur
1676 5304 1835 5376 vulgo

248 5395 403 5503 papa:
424 5378 658 5434 Gelasio.
688 5380 745 5433 lu
777 5380 943 5433 veteri
971 5388 1148 5433 tamen
1179 5377 1364 5434 codice
1416 5393 1516 5433 ms.
1548 5378 1834 5431 cathedra-

274 5452 319 5503 is
357 5448 601 5503 ecclesiae
642 5448 995 5503 Urzcllcnsis.
1055 5449 1106 5502 in
1154 5465 1261 5503 nuo
1284 5451 1592 5503 continetur
1620 5450 1831 5501 sincera

274 5448 601 5521 is’ecclesiaa
642 5448 995 5521 Urgcllcnsis,
1055 5449 1106 5502 in
1154 5465 1261 5518 quo
1284 5451 1592 5521 continetur
1620 5450 1831 5521 sincera

249 5521 442 5576 lsidori
474 5519 745 5582 collectio,
765 5521 907 5575 idem
934 5521 1207 5575 decretum
1241 5520 1497 5574 tribuitur
1532 5519 1832 5574 Hermisda:

251 5590 493 5664 pontifici
521 5592 791 5664 Botuano,
813 5592 902 5661 qui
932 5606 1034 5664 non
1061 5592 1231 5664 multo
1266 5602 1387 5664 post
1418 5590 1692 5664 Gelasium
1729 5592 1829 5645 (lo-

252 5662 379 5718 ruit.
415 5662 519 5718 Sed
546 5672 601 5719 et
621 5663 746 5718 olim
780 5662 1041 5716 beneficio
1065 5662 1270 5717 clariss.
1303 5663 1412 5716 viri-
1446 5663 1625 5716 domui
1677 5662 1831 5717 Luca:

250 5734 525 5798 Dacherii,
582 5734 829 5788 monachi
864 5732 1221 5797 Benedictini,
1265 5735 1368 5787 vidi
1403 5734 1828 5789 vetustissimum

250 5806 496 5870 codicem
521 5803 985 5867 m6.Collectionis
1005 5804 1347 5885 Dionysianae
1367 5805 1419 5862 in
1443 5820 1549 5879 quo
1569 5805 1829 5879 scriptum

1939 3301 2082 3351 mus,
2106 3294 2160 3339 et
2190 3300 2404 3355 poenam
2427 3283 2656 3355 peccati,
2682 3282 2785 3339 boc
2810 3289 2897 3339 est
2923 3280 3435 3353 concupiscentiam,
3474 3285 3533 3334 et

1908 3388 2192 3445 ,mortem,
2216 3394 2325 3435 non
2365 3378 2561 3433 anima:
2588 3377 2786 3442 solum,
2834 3391 3023 3432 verum
3057 3374 3223 3430 etiam
3258 3370 3505 3444 corporis
3548 3419 3561 3433 .

1939 3473 2135 3527 merito
2186 3480 2373 3527 nostro
2426 3471 2772 3527 incurrimus.
2839 3467 2976 3523 Hinc
3025 3476 3107 3523 est
3160 3466 3303 3537 quod
3354 3462 3532 3534 qualia

1937 3562 2111 3617 Adam
2144 3578 2172 3616 a
2199 3563 2310 3617 Deo
2340 3569 2557 3618 creatus
2583 3569 2666 3615 est
2701 3574 2806 3614 non
2834 3558 3130 3624 nascimur,
3155 3556 3247 3614 sed
3288 3555 3528 3627 origina-

1938 3659 2064 3715 liter
2115 3669 2462 3730 peccatores,
2507 3655 2855 3726 damnatique
2906 3668 3067 3725 paena
3105 3650 3361 3723 peccati:
3395 3663 3528 3720 quo-

1939 3768 2059 3807 rum
2089 3751 2320 3806 alterum
2345 3748 2475 3804 fecit
2501 3757 2795 3818 spontanea
2827 3744 2985 3814 culpa
3022 3742 3196 3799 nostri
3232 3741 3395 3812 primi
3422 3753 3523 3811 pa-

1939 3845 2131 3911 rentis,
2161 3842 2392 3898 alterum
2428 3838 2640 3911 culpam
2672 3838 2905 3912 puniens
2948 3835 3228 3893 tremenda
3264 3832 3527 3890 severitas

1932 3938 2222 4011 iustissimi
2268 3936 2488 4007 judicis.
2546 3935 2680 3993 Cum
2737 3949 2867 4007 ergo
2922 3931 3287 3989 communiter
3337 3941 3527 3985 omnes

1941 4034 2180 4091 damnati
2208 4033 2399 4097 simus,
2435 4029 2586 4099 cujus
2609 4036 2854 4083 nostrum
2876 4025 2992 4081 vult
3027 4023 3171 4081 Deus
3215 4023 3527 4087 miseretur,

1939 4138 1995 4184 et
2021 4142 2182 4199 quem
2227 4124 2343 4179 vult
2396 4123 2632 4190 indurat,
2673 4122 2777 4178 hoc
2804 4127 2910 4187 est,
2965 4119 3019 4175 in
3064 4117 3280 4191 propria
3328 4115 3527 4171 duritia

1941 4218 2284 4291 derelinquit.
2321 4216 2608 4273 Miseretur
2633 4231 2827 4287 magna
2850 4213 3114 4277 bonitate,
3146 4210 3361 4267 indurat
3382 4204 3528 4264 nulla

1941 4312 2245 4382 iniquitate.
2273 4309 2365 4365 Sic
2392 4310 2573 4380 itaque
2598 4310 2698 4365 hos
2732 4322 2868 4377 quos
2903 4305 3121 4361 indurat
3155 4299 3526 4373 przedestinat,

1940 4420 2049 4462 non
2077 4405 2142 4460 ad
2172 4403 2492 4474 supplicium
2541 4400 2888 4471 impellendo,
2926 4397 3020 4453 sed
3068 4411 3097 4449 a
3127 4402 3353 4466 peccato
3380 4389 3523 4460 quod

1941 4492 2529 4568 meretur'supplicium
2552 4512 2661 4551 non
2683 4490 3041 4556 retrahendo;
3072 4483 3523 4558 quemadmodum

1944 4590 2215 4647 induravit
2262 4604 2358 4646 cor
2390 4585 2711 4650 Pharaonis,
2744 4598 2851 4639 non
2896 4580 2965 4636 ad
3006 4578 3221 4647 culpam
3257 4570 3523 4644 urgendo,

1942 4684 2033 4738 sed
2066 4682 2239 4754 gratia
2280 4679 2579 4736 emollitum
2630 4692 2660 4732 a
2704 4675 2860 4744 culpa
2908 4687 3015 4727 non
3056 4664 3379 4724 revocando.
3434 4662 3528 4719 Sic

1940 4785 2093 4834 recte
2127 4788 2418 4848 possumus
2442 4772 2641 4837 dicere,
2666 4767 2846 4826 induci
2879 4782 2909 4821 a
2940 4762 3052 4819 Deo
3082 4760 3135 4816 in
3168 4755 3524 4815 tentationem

1943 4964 2062 5011 erat
2082 4956 2359 5019 decretum
2382 4953 2485 5007 hoc
2513 4966 2541 5004 a
2565 4949 2797 5019 Damaso
2818 4958 2979 5019 papa,
3007 4941 3099 5019 diu
3122 4936 3378 5019 videlicet
3398 4941 3525 5019 apte

1944 5000 2668 5094 Eduini.
2700 5000 3085 5094 fuisse.'llnde_
3118 5007 3362 5094 fortassis
3398 5000 3525 5094 elici

1982 5076 2465 5151 ossi‘tuDam'asium
2507 5091 2742 5161 primum
2783 5076 3523 5161 omniuurdebujuscemodi

1982 5114 2111 5151 OSSll
2159 5114 2465 5149 uamasmm
2508 5114 2742 5159 primum
2783 5114 3023 5141 uuuuum
3053 5114 3523 5150 uua-tuumtuum.-

1943 5114 2096 5223 libris
2116 5167 2330 5237 publice
2351 5163 2627 5237 statuisse,
2636 5158 2837 5237 deinde
2854 5153 3280 5237 veroGelasium
3308 5147 3525 5237 Damasi

1942 5227 2221 5293 decretum
2256 5248 2563 5295 renovasse,
2595 5230 2833 5302 illudque
2871 5227 3088 5302 auxisse
3119 5238 3304 5302 eorum
3337 5229 3527 5302 aucto-

1944 5292 2062 5364 rum
2095 5308 2399 5362 nominibus
2420 5305 2509 5373 qui
2539 5292 2659 5372 post
2678 5292 2967 5374 Damasum
2966 5292 3523 5374 finemiQuodidem

1943 5382 2009 5434 de
2036 5379 2325 5434 Hormisda
2350 5364 2565 5446 quoque
2590 5370 2693 5426 dici
2717 5378 2916 5446 potest.
2966 5367 3120 5446 Vide_
3154 5364 3519 5444 clarissimum

1940 5452 2115 5505 virum
2144 5438 2404 5503 Joannem
2436 5438 2692 5505 Pearson,
2719 5438 3057 5509 episcopum
3080 5438 3430 5497 Carrensetn,
3460 5438 3515 5486 in

1940 5522 2188 5576 vindiciis
2213 5518 2561 5591 epistularum
2686 5512 2899 5583 lgnatii.
2980 5580 3028 5591 __
3177 5579 3188 5591 .
3346 5570 3492 5591 mm!

2012 5604 2033 5631 ο
2062 5592 2210 5646 Hauc
2240 5579 2518 5659 epistolam
2567 5579 2941 5659 clarfpraescs
2980 5579 3522 5659 hlauguinusgexisti:

1939 5674 2050 5718 mat
2079 5680 2106 5717 a
2142 5648 2290 5731 Lupo
2340 5672 2596 5731 scriptam
2620 5648 2761 5731 aan
2791 5654 2915 5731 Sit),
2947 5652 3025 5731 ad_
3058 5648 3513 5731 consultationem

1941 5718 2235 5795 11Ξιιτ·ιιι;ιι·1ξ
2269 5733 2359 5803 qui
2382 5718 2686 5803 llatramni,
2718 5723 3059 5803 (Eorbeieusis
3091 5718 3363 5803 monachi,
3387 5726 3517 5769 ceu-

1937 5826 2117 5865 suram
2149 5791 2357 5881 pnasus,
2387 5800 2710 5863 sententiam
2738 5796 2870 5872 Lupi
2896 5791 3268 5869 exquisiverit.
