4034 6298
54 3011 404 3091 (WE-va
457 3014 466 3061 ι²

515 368 619 431 60⁸1

1527 372 1585 430 Β.
1629 368 1685 431 S.
1727 370 1885 431 LUPI
1919 364 2212 432 ABBATIS
2248 364 2752 433 FERRARIENSIS

3672 377 3793 439 608

512 487 605 557 qui
644 501 752 543 non
778 485 1158 555 exaudiuntur,
1186 495 1441 543 orantes:
1472 485 1540 540 Et
1567 504 1630 542 ne
1661 504 1753 542 nos
1775 488 1995 542 inducas
2026 489 2081 543 in
2106 491 2160 552 Α
2187 490 2327 560 quod
2352 489 2532 561 elegit,
2564 493 2708 546 utde
2743 488 2886 546 malo
2915 490 3052 547 bene
3075 500 3335 563 operante
3362 490 3475 549 Deo
3500 493 3791 552 claresce-

513 579 881 646 tentationem;
910 594 1024 634 non
1047 580 1187 649 quod
1210 580 1324 650 ipse
1350 578 1567 634 inducat
1588 579 1639 633 in
1682 578 1945 634 malorum
1969 587 2085 634 ten-

512 671 794 737 tationem,
842 673 984 742 quod
1030 674 1235 743 utique,
1291 680 1350 727 ut
1388 672 1517 727 alibi
1563 671 1802 736 docetur,
1856 674 2086 727 intenta-

512 771 599 821 tor
622 764 881 820 malorum
910 775 983 820 est
1014 765 1152 837 (Jac.
1190 765 1256 837 ι),
1288 763 1381 821 sed
1409 766 1640 835 q’nodam
1674 764 1959 821 locutionis
1990 780 2088 836 ge-

516 870 650 913 nere
677 856 932 913 inducere
960 857 1157 913 dicitur
1198 872 1320 912 cum
1356 856 1561 925 iudicio
1602 856 1842 913 desertos
1882 859 2089 927 patitur

515 948 571 1005 in
598 950 949 1006 tentationcm
973 949 1179 1016 induci,
1220 965 1357 1021 quos
1390 964 1419 1003 a
1443 948 1741 1004 tentatione
1771 950 1944 1021 gratia
1978 964 2088 1005 non

513 1044 712 1100 educit.
742 1043 913 1101 Nemo
942 1052 1123 1100 tamen
1144 1043 1398 1115 opinetur
1435 1041 1710 1114 aut'justis
1743 1052 1837 1099 aut
1873 1042 2088 1112 iniustis

512 1134 757 1204 reprobis
802 1134 1290 1204 praedestinationis
1327 1135 1557 1189 veritate
1602 1132 1819 1190 fatalem
1848 1128 2086 1188 necessi-

509 1232 676 1280 tatem
705 1225 906 1290 induci,
932 1241 1053 1280 cum
1076 1226 1129 1279 in
1156 1225 1399 1295 utrisque
1438 1226 1798 1296 suspicionem
1842 1224 2085 1280 necessi-

510 1316 641 1371 tatis
681 1315 906 1371 libertas
950 1314 1205 1371 excludat
1242 1315 1555 1371 voluntatis.
1606 1314 1883 1385 Siquidem
1928 1313 2087 1369 electi

508 1406 833 1476 accipientes
862 1421 891 1460 a
925 1405 1035 1461 Deo
1061 1412 1116 1461 et
1142 1404 1279 1462 velle
1301 1416 1356 1461 et
1380 1405 1639 1475 perlicere
1670 1405 1902 1460 libenter
1921 1411 2087 1474 agunt

506 1498 651 1553 unde
678 1497 1061 1567 sempiternum
1088 1496 1366 1568 praemium
1392 1507 1822 1567 consequantur;
1844 1494 2086 1566 perversi

508 1599 690 1647 autem
723 1590 920 1646 deserti
939 1590 1006 1646 ab
1037 1591 1226 1646 eodem
1257 1589 1383 1655 Deo,
1413 1607 1521 1647 non
1550 1591 1727 1657 inviti,
1766 1590 1860 1645 sed
1901 1598 1955 1644 et
1984 1590 2084 1660 ipsi

504 1682 735 1740 libenter
760 1690 926 1756 agunt
950 1683 1092 1739 unde
1135 1683 1191 1739 in
1234 1691 1498 1740 aeternum
1535 1684 1729 1738 merito
1769 1682 2083 1754 puniantur.

509 1777 666 1851 193
690 1777 820 1847 Quis
846 1793 977 1834 vero
1020 1778 1145 1844 nisi,
1197 1786 1259 1834 ut
1291 1779 1478 1834 mitius
1518 1778 1730 1849 loquar,
1763 1778 1947 1834 tardus
1990 1777 2081 1843 sit,

505 1862 578 1924 ibi
602 1880 810 1925 asserat
837 1871 1219 1927 necessitatem
1258 1870 1347 1927 ubi
1371 1870 1552 1926 videat
1579 1861 1811 1942 regnare
1834 1870 2082 1927 volunta-
2112 1850 2160 1910 Β

504 1966 613 2015 tem
646 1959 733 2015 vel
776 1960 1010 2031 adiutam
1062 1961 1434 2018 misericordia
1482 1962 1567 2018 vel
1611 1963 1879 2018 desertam
1903 1961 2084 2016 divino

497 2051 737 2124 indicio?
763 2052 1033 2108 Bonorum
1054 2067 1185 2123 ergo
1233 2053 1563 2109 voluntatem
1602 2054 1683 2109 sic
1726 2054 1905 2108 divina
1933 2069 2085 2109 com-

503 2142 763 2197 mendant
788 2143 1001 2215 eloquia
1032 2162 1046 2198 :
1073 2142 1268 2199 Beatus
1291 2147 1369 2199 vir
1397 2147 1485 2216 qui
1516 2147 1659 2202 timet
1692 2146 1995 2212 Dominum,
2029 2147 2084 2202 in

503 2233 767 2288 mandatis
789 2234 905 2305 ejus
934 2234 1063 2290 volet
1088 2236 1241 2289 nimis
1272 2233 1445 2306 (Psal.
1475 2239 1580 2306 ιιι).
1618 2236 1789 2293 Porro
1820 2237 2083 2293 malorum

506 2325 835 2383 voluntatem
888 2328 1049 2384 talem
1097 2329 1373 2385 insinuant
1416 2347 1429 2384 :
1481 2329 1666 2385 Noluit
1705 2330 1990 2401 intelligere
2029 2340 2084 2385 ut

503 2416 628 2472 bene
650 2427 844 2489 ageret,
890 2420 1216 2491 iniquitatem
1250 2422 1531 2476 meditatus
1571 2431 1645 2476 est
1686 2424 1743 2477 in
1774 2422 1929 2476 corde
1946 2439 2043 2477 suo
2064 2437 2083 2475 :

500 2508 665 2562 astitit
692 2510 833 2564 omni
866 2511 963 2565 vite
1008 2512 1307 2578 non.bonte,
1350 2512 1607 2567 malitiam
1635 2523 1811 2568 autem
1843 2531 1946 2568 non
1972 2513 2084 2568 odi-

499 2597 570 2653 vit
595 2597 769 2669 (Psal.
799 2600 990 2672 xxxv).
1039 2600 1344 2659 Permissus
1376 2613 1461 2660 est
1502 2620 1631 2678 ergo
1668 2604 1898 2675 injustas
1926 2620 2086 2679 agerc

571 2750 599 2823 ξ
624 2736 907 2823 ρανιιιιιε).Δ
926 2739 1192 2823 Episcopo
1210 2739 1581 2823 Laudunensi.

570 2808 749 2883 hilare
776 2808 1001 2883 epistola
1032 2808 1232 2883 scripta
1265 2812 1367 2867 fuit
1408 2828 1439 2866 a
1470 2812 1620 2883 Lupo
1641 2812 1861 2883 nomine
1888 2812 2081 2869 Weni-

499 2878 659 2952 Ionis,
677 2882 1097 2952 archiepiscopi
1145 2878 1476 2939 Senonensis
1514 2878 1568 2939 et
1619 2881 2081 2952 sull‘raganeorum

502 2950 639 3020 ejus.
661 2950 927 3024 Caeterum
961 2950 1078 3008 eam
1110 2968 1215 3008 non
1260 2970 1378 3009 esse
1408 2954 1672 3024 integram
1722 2950 1871 3023 patet
1913 2971 1981 3009 ex
2020 2971 2083 3010 ea

501 3037 663 3094 quam
691 3022 758 3094 ad
794 3021 914 3094 illos
957 3023 1175 3094 scripsit
1202 3038 1336 3094 papa
1368 3021 1642 3087 Nicolzius,
1673 3021 1793 3093 quae
1837 3040 1864 3077 a
1896 3026 2084 3081 claris-

503 3091 642 3148 simo
666 3092 786 3147 viro
823 3091 1027 3149 Joanne
1060 3091 1342 3159 Cordesio,
1395 3097 1656 3151 canonico
1687 3091 2081 3161 Lemovicensi,

499 3164 733 3247 primum
760 3165 1083 3247 edita‘estniu
1097 3167 1399 3247 appendice
1418 3165 1765 3247 epistolam-ni
1785 3165 2083 3247 Hincniari,

499 3235 623 3290 dein
653 3248 784 3290 vero
821 3250 852 3290 a
884 3235 948 3289 R.
993 3235 1053 3290 P.
1096 3235 1382 3292 Sirmondo
1440 3238 1492 3291 in
1539 3246 1668 3292 tom.
1701 3236 1766 3290 lll
1811 3236 2083 3293 Concilio-

501 3322 621 3380 rnm
652 3304 868 3380 Galliae:
888 3306 1199 3380 Scribeuda:
1224 3322 1387 3377 porro
1409 3308 1563 3364 istius
1594 3306 1831 3377 epistola:
1860 3307 2081 3380 Lupinaa

504 3377 620 3433 haec
640 3392 803 3433 causa
842 3377 961 3431 fuit.

575 3447 958 3521 Herimannus,
986 3446 1272 3521 episcopus
1313 3447 1679 3521 Nivernensis,
1713 3457 1772 3503 ιιι
1799 3449 1851 3504 in
1879 3451 2082 3521 synodo

504 3519 643 3589 apud
678 3518 1035 3591 Suessionem
1066 3518 1247 3591 habita
1274 3535 1439 3591 panno
1475 3520 1605 3585 855,
1659 3535 1844 3576 mense
1887 3518 2080 3591 Aprili,

507 3587 836 3658 conquestus
859 3601 943 3644 est
965 3587 1199 3654 Wenilo,
1221 3589 1357 3645 adeo
1378 3591 1550 3646 dubiae
1579 3591 1830 3646 sanitatis
1854 3587 1993 3654 erat,
2027 3587 2084 3647 et

504 3669 615 3715 tam
640 3660 787 3730 gravi
818 3660 1011 3731 capitis
1039 3659 1224 3716 dolore
1265 3660 1564 3726 laborabat,
1609 3668 1668 3714 ut
1705 3662 1760 3716 in
1790 3662 2081 3717 amentiam

501 3730 899 3802 quodammodo
950 3731 1224 3786 videretur
1274 3733 1573 3802 prolapsus,
1602 3732 1844 3801 adeoque
1872 3734 2081 3802 episco-

501 3749 899 3801 quoaammouo
950 3749 1224 3786 Vtaeretur
1274 3749 1573 3855 pPOIDFSllS,
1602 3749 1844 3801 adeoque
1872 3749 2081 3858 episco-

501 3800 622 3873 pale
672 3802 953 3874 collegium
988 3802 1231 3874 moribus
1262 3804 1419 3874 suis}
1440 3804 1801 3874 ehonestaret.
1838 3823 1857 3856 ι
1926 3805 2081 3874 niun-
2116 3828 2121 3833 ’

503 3872 649 3944 ctum
679 3884 762 3928 est
797 3872 1230 3944 metropolitano,
1268 3892 1285 3925 ι
1307 3943 1310 3944 ν
1332 3872 1602 3944 childhi
1653 3874 1926 3934 nimirum.
1959 3872 1985 3928 ἰ
2022 3882 2083 3930 ut

502 3942 769 4013 adiunctis
796 3942 985 4015 secum
1010 3942 1215 4014 aliquot
1233 3943 1497 4014 episcopis
1525 3943 1591 3997 ad
1611 3944 1865 4015 oppidum
1889 3944 2080 3999 Niver-

502 4028 671 4085 nense
691 4013 993 4078 accederet,
1031 4013 1299 4085 etomuia
1348 4013 1428 4069 ibi
1461 4013 2070 4085 negotia—ecclesiastica

503 4083 779 4157 sapienter
822 4094 1207 4157 _componeret.
1265 4084 1442 4155 Ipsum
1508 4083 1634 4157 rego
1695 4087 2075 4157 coepiscopum

505 4168 661 4225 suum
709 4154 1092 4225 Herimaunum
1144 4154 1299 4225 apud
1329 4157 1518 4211 urbem
1569 4154 1843 4210 Senonum
1896 4154 2078 4213 secum

504 4222 729 4297 haberet
751 4224 972 4297 :_d9nee
1017 4222 1257 4297 :estivum
1310 4234 1539 4297 tempus,
1572 4227 1715 4296 quod
1757 4226 1912 4282 valde
1958 4243 2079 4282 con—

508 4293 732 4368 trarium
774 4293 1074 4368 infirmitati
1103 4295 1245 4351 illius
1276 4293 1629 4368 referebatui‘,
1678 4298 2034 4368 pertransiret
2062 4316 2075 4352 :

503 4374 558 4420 et
581 4364 660 4421 sic
679 4363 908 4438 Domino
930 4374 1197 4438 annuente
1218 4367 1539 4422 abstinentia
1559 4363 1879 4438 competenti
1896 4384 2081 4424 assue—

503 4436 1001 4508 tumr,_episcopali
1050 4438 1312 4508 gravitate
1362 4436 1707 4501 instructum,
1769 4439 2077 4505 apostolicis

504 4504 1120 4562 moriths'informatum
1153 4507 1329 4562 clerus
1359 4515 1412 4562 et
1460 4508 1686 4577 populus
1715 4504 1834 4563 cum
1878 4510 1945 4564 ad
1994 4525 2079 4565 se-

503 4578 624 4649 dem
650 4578 919 4649 propriam
947 4578 1151 4633 utiliter
1170 4577 1383 4649 favente
1408 4577 1499 4632 Dei
1521 4581 1691 4648 gratia
1720 4588 2017 4635 revocaret.
2048 4600 2068 4633 ι

502 4646 799 4705 Transacia
828 4650 997 4705 ferme
1017 4656 1222 4715 aestate,
1253 4646 1631 4712 Herimannus,
1653 4650 1743 4719 qui
1778 4650 1956 4705 Caroli
1990 4666 2073 4706 re-

502 4719 584 4790 gis
606 4720 798 4776 studiis
823 4720 963 4775 haud
996 4719 1153 4775 dubie
1179 4719 1542 4783 attollebatur,
1589 4720 1739 4775 visus
1775 4730 1860 4777 est
1882 4722 1949 4777 ad
1984 4721 2076 4777 bo—

501 4805 626 4863 nam
670 4790 876 4863 frugem
929 4791 1174 4863 rediisse.
1203 4790 1374 4859 Quam
1402 4790 1471 4863 ob
1501 4804 1612 4845 rem
1640 4792 1876 4863 episcopi
1929 4793 2071 4863 apud

503 4858 834 4934 Vermeriam
862 4861 1118 4933 palatium
1146 4858 1452 4932 congregati
1480 4858 1723 4934 sequenti
1748 4858 1933 4920 mense
1961 4858 2071 4918 λιι-

505 4940 665 5004 gusto
693 4931 1078 5004 Herimaunum
1116 4950 1135 4985 ι
1170 4949 1280 4989 sua:
1323 4931 1511 4988 ditioni
1537 4931 1593 4988 et
1628 4935 1881 5004 potestati
1913 4943 2075 5003 atque

503 5000 792 5074 episcopali
820 5003 1078 5074 custodiae
1115 5018 1332 5073 sumque
1359 5004 1612 5059 Ecclesiae
1629 5000 2009 5074 gubernationi
2048 5024 2066 5056 ι

505 5071 876 5127 restituerunt.
925 5073 1055 5129 Post
1102 5071 1304 5132 aliquot
1350 5075 1544 5131 eximie
1591 5071 1764 5132 annos
1817 5075 2071 5130 Nicolaus

506 5156 639 5210 papa
672 5140 880 5198 locatus
915 5145 1077 5199 estin
1118 5140 1244 5201 sede
1268 5143 1431 5200 Petri.
1464 5142 1825 5201 llerimannus
1858 5145 2072 5200 interim

506 5212 779 5267 revolutus
805 5214 871 5267 ad
901 5229 1113 5271 errores
1140 5231 1287 5282 suos,
1317 5215 1611 5271 Wenilonis
1651 5217 1891 5271 animum
1929 5215 1982 5269 in
2015 5229 2075 5270 se

506 5282 816 5339 concitavit.
866 5284 932 5339 Et
957 5285 1081 5345 quia
1110 5285 1469 5345 Herimannus
1495 5285 1673 5341 Caroli
1718 5286 1891 5345 gratia
1933 5285 2079 5341 fove.

506 5351 686 5428 batur,
711 5354 949 5428 adeoque
972 5351 1129 5428 facile
1141 5373 1253 5428 _non
1285 5365 1400 5412 erat
1425 5358 1691 5428 episcopis
1720 5351 1872 5412 hunc
1899 5357 2075 5428 virum

506 5420 739 5490 dejicere
767 5440 796 5479 e
821 5420 1077 5481 cetliedra
1111 5420 1713 5493 Nivernensichn'ilo,
1745 5437 1803 5480 ut
1823 5443 1945 5481 etim
1969 5425 2078 5481 for-

509 5494 615 5548 tius
632 5496 983 5568 opprimeret,
1010 5512 1109 5551 suo
1133 5498 1702 5568 sull'ragancorumque
1740 5498 1956 5553 nomine
1981 5513 2076 5551 au-

507 5565 814 5641 ctoritatem
872 5565 1099 5622 Romani
1156 5565 1426 5641 pontificis
1480 5565 1823 5641 imploravit,
1874 5584 2076 5641 gnarus

504 5635 755 5708 videlicet
774 5646 1079 5708 temporum
1107 5635 1345 5694 suorum.
1377 5640 1525 5696 Hanc
1545 5635 1900 5697 occasionem'
1919 5639 2076 5694 avide

507 5707 1022 5782 arriptiithicolaus
1047 5725 1201 5781 papa,
1237 5711 1557 5781 laudataque
1577 5710 1861 5782 magnifice
1886 5710 2075 5782 Weni-

506 5776 643 5855 iouis
665 5776 1232 5854 sulfraganeorum'quc
1250 5784 1366 5855 eius
1386 5776 1587 5854 pietate
1612 5776 1989 5837 ac‘reverenlia
2020 5781 2071 5836 in

507 5849 690 5908 sedem
728 5849 1096 5925 apostolicam,
1143 5849 1450 5928 etcmplu'm
1500 5855 1552 5909 iu
1605 5854 1841 5908 futurum
1887 5868 1952 5905 ex
2009 5869 2072 5906 ea

2111 3215 2157 3277 C

2192 588 2278 636 ret
2301 581 2428 651 quid
2448 590 2592 637 esset
2612 582 2754 636 inter
2772 583 3098 639 servientem
3121 584 3170 639 ei
3200 592 3258 639 et
3283 600 3390 639 non
3416 585 3788 653 servientem,

2190 680 2245 729 et
2264 672 2456 727 salvati
2482 682 2712 743 quantas
2732 673 2932 728 habere
2962 681 3019 729 et
3046 688 3208 744 agere
3242 674 3507 730 deberent
3535 674 3644 745 ipsi
3669 674 3793 731 Deo

2190 764 2395 837 gratias
2420 775 2793 836 agnoscerent,
2841 766 2971 821 dum
2986 760 3233 821 eamdem
3259 767 3521 823 habentes
3546 767 3789 823 damna-

2192 854 2353 911 tionis
2375 870 2617 922 causam,
2635 855 2689 911 in
2709 856 2812 912 isto
2825 856 3132 927 aspicerent
3150 858 3294 927 quod
3320 857 3633 914 liberatoris
3657 875 3792 931 gra-

2188 946 2264 1000 tia
2286 945 2603 1003 evasissent.
2654 945 2780 1005 Haec
2819 948 3048 1004 assertio
3069 948 3360 1011 voluntatis
3394 965 3463 1006 ne
3497 950 3555 1004 in
3585 965 3791 1007 recens

2189 1034 2405 1104 quidem
2427 1036 2568 1092 natis
2591 1036 2767 1092 locum
2788 1053 2893 1093 non
2917 1038 3098 1094 habet.
3123 1037 3258 1094 Nam
3282 1048 3377 1094 aut
3395 1048 3658 1110 percepta
3682 1041 3790 1097 ba-

2189 1126 2459 1197 ptismatis
2482 1128 2656 1198 gratia
2676 1128 2723 1184 si
2750 1129 3039 1195 decedunt,
3056 1130 3332 1187 voluntate
3362 1131 3457 1188 Dei
3470 1132 3791 1200 salvantur,

2189 1230 2282 1274 aut
2304 1221 2490 1277 eadem
2513 1222 2684 1293 gratia
2697 1222 2934 1293 ejusdem
2947 1223 3041 1279 Dei
3059 1221 3263 1292 iudicio
3276 1223 3536 1290 fraudati,
3549 1225 3791 1282 haeredi-

2192 1314 2311 1368 tarii
2326 1315 2533 1383 peccati
2549 1316 2743 1371 merito
2758 1326 2983 1386 paterna
2996 1317 3284 1374 ’commissi
3307 1318 3589 1374 voluntate
3620 1320 3788 1374 dam-

2188 1401 2407 1460 na'ntur.
2441 1406 2558 1478 Ego
2571 1406 2713 1477 quod
2731 1408 2902 1464 sentio
2919 1408 3234 1480 simpliciter
3247 1389 3397 1466 vobis
3417 1411 3633 1481 aperui.
3664 1411 3787 1468 Vos

2189 1499 2449 1566 vicissim,
2477 1500 2522 1555 si
2550 1500 2604 1556 in
2641 1500 2821 1572 aliquo
2849 1502 3047 1559 diversi
3072 1504 3228 1570 estis,
3258 1504 3658 1575 negravemini
3686 1519 3783 1561 re-

2189 1606 2391 1648 serare.
2424 1591 2613 1648 Simile
2636 1601 2693 1650 et
2724 1606 2749 1637 ι
2775 1594 3009 1651 Pardulo
3031 1606 3218 1653 nostro
3242 1596 3437 1653 direxi.
3466 1595 3644 1668 Cupio
3676 1610 3787 1653 vos

2187 1684 2369 1744 valere
2392 1685 2641 1743 feliciter.
3646 1698 3653 1707 '

2560 1823 2720 1898 194
2767 1825 3101 1883 EPISTOLA
3138 1826 3329 1884 CXXX
3358 1828 3411 1883 ι’.

2676 1934 2744 1972 AD
2782 1934 3051 1975 NICOLAUI
3088 1936 3283 1976 PAPAI.

2319 2028 2407 2084 Ex
2430 2038 2579 2102 parte
2602 2027 2907 2090 Cuenilom’s
2932 2041 2981 2087 et
3012 2033 3467 2103 suﬂ'raganeorum
3500 2035 3640 2106 ejus.

2255 2142 2606 2215 Suggerimus
2651 2146 3103 2203 mansuetissimae
3135 2148 3449 2217 paternitati
3479 2159 3679 2207 vestrae
3718 2149 3785 2208 in

2184 2240 2371 2289 nostra
2407 2244 2430 2273 ε
2461 2234 2704 2300 dioecesi,
2730 2234 2784 2290 in
2810 2236 3003 2306 oppido
3030 2239 3173 2308 quod
3204 2237 3515 2295 Nevernum
3542 2241 3782 2310 dicitur,

2184 2342 2306 2383 esse
2344 2328 2628 2398 quemdam
2673 2329 2962 2400 episcopali
3008 2328 3186 2387 ollicio
3217 2333 3502 2404 przeditum
3543 2335 3780 2391 nomine

2185 2417 2252 2474 il.
2293 2418 2384 2488 qui
2409 2419 2720 2504 frequenter
2736 2421 3065 2490 admonitus,
3098 2432 3154 2480 et
3182 2423 3274 2480 diu
3322 2433 3672 2496 exspectatus
3707 2436 3785 2483 ut

2187 2510 2575 2579 revalesceret,
2632 2511 2857 2583 implere
2908 2530 3016 2570 non
3063 2513 3261 2572 sufﬁcit
3308 2517 3483 2587 ipsum
3532 2515 3783 2575 cilicium

2186 2614 2367 2660 mente
2400 2619 2507 2661 non
2530 2603 2756 2674 integra.
2782 2603 2993 2661 Dicitur
3017 2614 3198 2662 autem
3221 2605 3250 2647 ιι
3273 2606 3597 2664 Melchiades
3625 2622 3784 2679 papa

2184 2738 2469 2793 occasione
2507 2738 2669 2794 statui
2703 2739 3184 2813 posseintellegtit.
3217 2742 3392 2813 Atque
3436 2750 3498 2799 ut
3542 2743 3773 2799 cautius

2185 2819 2392 2883 ageret,
2424 2824 2544 2863 eam
2577 2825 2797 2883 causam
2825 2812 2892 2883 ad
2935 2826 2993 2867 se
3012 2809 3204 2883 tra'xit,
3232 2809 3505 2868 eo'colore
3531 2814 3781 2883 quaesito

2184 2880 2327 2949 quod
2357 2895 2515 2952 nemo
2547 2879 2743 2952 absens
2774 2889 2830 2937 et
2863 2882 3136 2937 inauditus
3171 2879 3609 2940 condemnandus
3659 2893 3777 2952 est,

2184 2951 2485 3024 praesertim
2529 2951 2597 3024 ab
2624 2966 2690 3007 eo
2716 2951 2905 3024 iudice
2928 2953 3021 3023 qui
3057 2953 3129 3008 sit
3154 2969 3377 3024 prorsus
3406 2955 3628 3024 ignarus
3657 2951 3781 3011 cri-L

2187 3021 2366 3077 minis.
2400 3020 2609 3077 Wenilo
2642 3023 2785 3077 enim
2828 3023 2895 3077 de
2943 3020 3255 3080 excessibus
3284 3020 3592 3079 Herimanni
3626 3026 3779 3081 nihil

2187 3092 2464 3176 speciatim
2503 3093 2875 3176 rescripserat,
3048 3094 3102 3176 ip
3154 3096 3465 3176 aversione;
3500 3096 3776 3176 frequen-

2190 3170 2272 3236 ter
2296 3163 2921 3236 videliceteadmonitum,
2949 3172 3003 3220 et
3046 3163 3134 3219 diu
3175 3175 3544 3236 exspectatum
3568 3163 3632 3221 ut
3674 3181 3775 3223 Ile-

2186 3233 2501 3308 valesceret,
2555 3234 2697 3308 liaud
2728 3243 2906 3308 tamen
2951 3233 3294 3292 emendatum
3340 3252 3482 3308 esse,
3513 3236 3773 3308 adeoque

2185 3304 2490 3378 episcopale
2520 3304 2753 3378 ofﬁcium
2781 3305 3005 3376 implere
3033 3321 3138 3361 non
3163 3322 3342 3376 posse.
3374 3306 3557 3378 Itaque
3586 3304 3774 3366 inter-

2184 3374 2521 3451 locutuscst
2559 3375 2820 3451 _l\_licolaus
2858 3374 3254 3446 anquirendum
3304 3393 3426 3451 esse
3470 3374 3772 3451 deculpis

2186 3446 2445 3501 accusati.
2471 3446 2609 3512 Quid
2639 3454 2819 3500 autem
2854 3456 3038 3517 postea
3081 3456 3261 3503 actum
3307 3450 3411 3512 sit,
3439 3449 3572 3503 mihi
3605 3446 3770 3505 coin-

2184 3526 2530 3589 pertum_uon
2558 3525 2659 3589 est.
2686 3517 2954 3573 Fortassis
2973 3517 3290 3589 obiurgatus
3316 3518 3529 3574 Wenilo
3548 3518 3618 3574 ab
3644 3520 3768 3589 epi-

2184 3585 2361 3661 scopis
2389 3585 2705 3661 Gallicanis,
2738 3603 2872 3657 quos
2916 3605 3024 3644 non
3041 3585 3280 3646 'obscure
3318 3589 3638 3661 perstringit
3672 3585 3775 3646 Ni-

2183 3657 2367 3730 colaus
2392 3660 2459 3713 ad
2490 3657 2829 3730 Wenilonem
2853 3660 3116 3730 scribens,
3144 3657 3398 3730 tanquem
3444 3657 3636 3730 parum
3668 3663 3772 3717 de-

2183 3728 2420 3784 ferentes
2461 3728 2769 3801 auctoritati
2815 3730 3046 3799 episcopi
3081 3727 3332 3796 Romani,
3362 3727 3773 3801 adeoquecau-

2182 3815 2273 3855 sas
2300 3801 2686 3872 episcoporum
2706 3800 2759 3872 in
2793 3801 3087 3869 provinciis
3112 3801 3224 3856 suis
3240 3802 3365 3872 iure
3394 3815 3494 3872 suo
3522 3799 3771 3859 deﬁnire

2180 3881 2589 3941 praesumentes,
2639 3869 2971 3941 obiurgatus,
3020 3869 3259 3941 inquam,
3287 3870 3522 3935 Wenilo,
3567 3880 3689 3927 tum
3735 3888 3770 3929 a

2182 3956 2308 4011 rege
2337 3956 2549 4010 quoque
2578 3941 2786 4013 fortean
2819 3942 3130 4013 increpitus,
3166 3942 3311 4012 quod
3354 3957 3414 3998 se
3444 3943 3616 3997 inscio
3644 3942 3771 4013 Bo-

2181 4027 2399 4084 manum
2427 4027 2617 4082 papam
2649 4011 2985 4084 implorasset
3010 4011 3267 4069 adversus
3296 4014 3609 4084 episcopum
3630 4011 3770 4069 Gal-

2180 4081 2438 4146 licanum,
2466 4081 2863 4137 accusationem
2899 4084 3101 4139 omisit.
3226 4094 3229 4099 ‘

2253 4164 2281 4230 ἦ
2307 4151 2646 4230 Ditecesi.__ld
2681 4163 2763 4209 est
2790 4155 3087 4230 provincia,
3126 4163 3188 4230 ut
3215 4155 3522 4230 monuimus
3552 4157 3621 4213 ad
3641 4159 3766 4230 epi-

2181 4224 2373 4280 stolam
2401 4225 2494 4300 βτί.
2512 4223 2858 4300 Νἰνειιιοῃείε
2878 4226 3073 4300 quippe
3091 4228 3372 4300 episcopus
3388 4223 3767 4300 splfraganéus

2179 4306 2266 4350 est
2305 4294 3084 4366 archiepiscopiWSenouensis.
3124 4294 3231 4351 ’Sic
3265 4294 3356 4353 lvo
3406 4294 3767 4357 Carnetensis

2182 4366 2235 4441 in
2264 4365 2573 4441 epistola’til
2612 4365 2852 4441 scribens
2866 4366 2940 4441 ad
2975 4365 3254 4441 Hugonem
3286 4368 3762 4441 archiepiscopum

2180 4434 2612 4508 Lugdunensem,
2660 4436 2737 4508 ait
2767 4454 2779 4490 :
2815 4455 2834 4508 ι
2866 4434 3159 4508 νειιιιιῐόθ
3195 4452 3261 4493 eo
3289 4438 3436 4508 quod
3464 4434 3765 4498 eonsecra-

2183 4505 2383 4583 tionem
2414 4505 2760 4583 Nivernensis
2783 4506 2938 4583 elecgi
2961 4507 3030 4561 ad
3051 4517 3289 4583 nostram
3307 4505 3601 4583 ’dieecesim
3633 4528 3766 4583 per-

2106 4567 2154 4627 D
2183 4576 2457 4648 liuentem.
2485 4576 2857 4648 Augustuduni
2892 4576 3070 4648 facere
3096 4578 3457 4648 disposuistis.
3500 4599 3519 4632 ι

2246 4647 2273 4687 d
2340 4638 2658 4703 Melchialles
2717 4664 2873 4717 papa.
2933 4647 3046 4703 Hoc
3103 4638 3413 4705 Me'lchiadis
3474 4649 3762 4709 decretum

2175 4726 2352 4790 exetat
2397 4719 2450 4773 in
2485 4717 2858 4790 epistolaecius
2880 4718 2953 4790 ad
2994 4720 3274 4790 episcopos
3317 4719 3710 4790 Hispanienses
3739 4741 3758 4779 :

2181 4808 2200 4841 ι
2237 4787 2550 4869 EpiscOpos,
2584 4789 2775 4869 inquit,
2808 4787 2971 4869 nolite
2994 4787 3261 4869 iudicare,
3295 4787 3466 4869 nolite
3498 4794 3763 4869 condere-

2175 4857 2307 4914 nare
2330 4857 2533 4929 absque
2560 4857 2705 4914 sedis
2736 4857 2895 4927 huius
2910 4857 3256 4929 auctoritate.
3290 4857 3442 4927 Quod
3481 4864 3528 4917 si
3556 4862 3760 4919 feceri-

2176 4931 2265 4991 tis,
2300 4928 2457 4984 irrita
2484 4940 2644 4984 erunt
2679 4940 2859 4985 vestra
2901 4928 3127 4998 iudicia,
3154 4940 3209 4985 et
3236 4945 3334 4985 vos
3370 4932 3762 4989 condemnabi-

2174 4999 2327 5074 mini.
2354 4999 2466 5055 Hoc
2477 5001 2621 5074 enim
2646 5000 2981 5071 privilegium
2999 5001 3125 5056 huic
3137 5010 3336 5074 sanctae
3354 5002 3467 5058 sedi
3490 5018 3523 5057 a
3539 5013 3755 5074 tempo-

2176 5071 2327 5125 ribus
2346 5071 2705 5143 apostolorum
2737 5080 2879 5143 statu
2889 5080 2996 5125 tum
3013 5071 3335 5143 estservari,
3359 5074 3503 5143 quod
3527 5071 3757 5129 illaesum

2176 5152 2360 5196 manet
2409 5158 2585 5212 usque
2634 5142 2685 5196 in
2745 5142 3062 5212 hodiernum
3105 5142 3268 5197 diem.
3297 5162 3345 5212 Vl
3382 5142 3554 5198 Haud
3594 5144 3760 5201 dubie

2176 5210 2551 5295 episcoporum
2567 5210 2780 5295 judicia
2798 5211 3613 5295 Romanopontilicireservata
3633 5230 3757 5295 esse

2178 5284 2528 5353 constitisset,
2571 5283 2959 5353 siiauctoritas
2996 5283 3150 5338 istius
3193 5284 3435 5353 epistola:
3471 5285 3754 5341 valuisset.

2181 5351 2285 5407 Sed
2315 5355 2573 5425 quoniam
2594 5352 2689 5425 illa
2713 5361 2824 5425 tum
2859 5354 3091 5424 primum
3121 5351 3242 5425 per“
3264 5369 3359 5410 eas
3398 5363 3758 5425 tempestates

2179 5421 2479 5497 emerSerat
2506 5421 2616 5497 (diu
2648 5421 2897 5497 videlicet
2944 5421 3222 5497 recondita
3264 5426 3404 5495 apud
3437 5421 3750 5497 Hispanias,

2182 5494 2363 5565 donec
2395 5494 2638 5565 Ricull‘us
2665 5495 2949 5563 episcopus
2989 5494 3355 5565 Moguntinus,
3387 5496 3481 5565 qui
3525 5494 3630 5551 sub
3653 5494 3755 5551 Ca-

2180 5565 2295 5620 rolo
2325 5564 2514 5635 Magno
2552 5564 2752 5630 ﬂoruit,
2779 5566 2948 5619 .illiuc
2993 5567 3046 5620 in
3086 5564 3295 5621 Callias
3342 5564 3525 5621 attulit
3564 5567 3756 5623 lsidori

2179 5634 2607 5699 Collectioneml,
2647 5638 2714 5690 de
2745 5637 2983 5691 novitate
3012 5636 3305 5705 periclitari
3343 5652 3568 5706 prorsus
3598 5637 3758 5692 vide-

2178 5707 2364 5771 batur;
2393 5707 2690 5777 praesertim
2720 5722 2843 5761 cum
2873 5707 3108 5777 episcopi
3145 5707 3431 5769 Gallicani,
3453 5707 3546 5777 qui
3580 5706 3759 5763 Colle-

2176 5779 2406 5834 Ctiouem
2433 5778 2576 5832 illam
2610 5778 2893 5832 admittere
2922 5780 3263 5840 recusabant,
3298 5778 3510 5848 publice
3536 5778 3758 5847 excipe-

2176 5859 2298 5905 rent
2329 5850 2583 5921 epistolas
2625 5849 2741 5905 illas
2780 5858 3023 5927 veterum
3063 5847 3347 5919 pt‘zesulum
3384 5847 3757 5905 Romanorum
