4034 6298
296 213 403 269 ets
1291 223 1610 283 CANONES
1642 224 1710 282 IN
1748 223 1949 283 conc.
1988 226 2196 287 VERN.
2234 231 2440 290 EDITI.
3461 237 3567 307 ett"

296 332 730 433 misericordiam
758 342 817 391 et
852 334 1115 405 judicium
1132 345 1303 433 atque
1341 338 1611 409 justitiam
1656 351 1880 399 conser-
1908 347 1961 409 Α
1985 344 2106 401 aliis
2143 347 2298 404 nobis
2344 349 2649 406 commissis
2697 351 3041 424 negliximus,
3082 354 3355 415 interdum
3387 361 3562 433 negli-

294 430 455 484 vetis.
493 428 712 485 Scilicet
740 439 799 485 ut
826 432 1199 488 misericordia
1230 442 1500 507 temperet
1534 439 1884 502 severitatem
1988 451 2116 508 gere
2144 439 2317 494 coacti
2343 454 2568 506 smnus;
2603 440 2671 496 ila
2704 450 2764 497 ιιι
2788 436 2843 497 in
2867 445 3120 501 omnibus
3162 448 3445 507 ordinibus
3460 428 3567 508 Τε-

294 524 604 593 potestatis.
628 523 891 594 judicium
913 527 1237 598 comprimat
1257 530 1537 587 bbstinate
1570 542 1882 604 peccantes,

280 613 497 685 justilia
528 617 862 673 merentibus
889 617 1051 688 digna
1081 621 1351 677 restituat.
1379 622 1656 694 Siquidem
1687 643 1701 679 :
1729 624 1885 682 Beati

290 709 679 776 misericordes,
711 713 959 782 quoniam
990 714 1091 783 ipsi
1116 717 1529 773 misericordiam
1558 737 1884 792 consequen-

289 812 380 855 tur
402 801 619 872 (Matth.
642 804 734 873 v);
763 813 818 860 et
847 823 860 859 :
894 805 1044 860 Beati
1064 808 1154 878 qui
1179 810 1479 865 custodiunt
1503 813 1790 882 judicium,
1834 820 1885 869 et

288 892 499 962 faciunt
537 895 805 965 justitiam
855 897 909 951 in
943 899 1085 951 omni
1130 909 1356 971 tempore
1397 901 1568 982 (θεαί.
1621 906 1744 973 cv);
1775 916 1830 962 et
1862 925 1881 962 :

290 983 483 1039 Honor
504 986 637 1057 regis
662 980 925 1059 judicium
954 989 1122 1060 diligit
1164 990 1335 1063 (Psal.
1378 980 1610 1066 xchII);
1649 1006 1703 1051 et
1735 1015 1748 1050 :
1782 997 1882 1053 Ju-

285 1078 439 1131 stitia
486 1078 694 1147 ﬁrmari
726 1082 967 1136 thronum
1011 1085 1145 1156 regis
1176 1082 1361 1157 (Prov.
1394 1089 1546 1160 xxv),
1590 1091 1879 1160 sapientis-

227 1191 234 1197 ·
285 1170 414 1225 simi
466 1171 789 1239 Salomonis,
821 1175 929 1232 imo
975 1191 1075 1246 per
1102 1194 1222 1233 eum
1254 1179 1526 1250 loquentis
1573 1183 1667 1238 Dei
1698 1185 1879 1254 prodit

287 1262 609 1318 auctoritas.
641 1262 849 1319 Taliter
873 1265 1028 1321 vobis
1052 1267 1357 1339 agentibus,
1376 1270 1459 1325 vel
1481 1282 1506 1311 α
1540 1272 1879 1329 incruentam

287 1355 466 1421 vobis,
500 1365 560 1411 ut
604 1356 897 1425 credimus,
924 1358 1009 1415 vel
1052 1360 1257 1429 justam
1292 1363 1360 1417 de
1413 1363 1660 1421 hostibus
1706 1367 1879 1424 vieto-

288 1449 426 1505 riam
478 1450 657 1505 divina
686 1451 859 1523 gratia
905 1452 1226 1522 providebit.
1279 1454 1537 1527 Exemplo
1575 1456 1729 1514 vobis
1755 1474 1878 1515 esse

284 1548 516 1610 possunt
565 1540 739 1596 David
773 1548 829 1596 et
868 1541 1131 1598 Ezechias
1156 1584 1170 1609 ,
1200 1544 1291 1614 qui
1336 1547 1531 1601 merito
1575 1549 1880 1604 sanctitatis

283 1633 540 1690 inimicos
563 1634 747 1706 populi
779 1633 872 1690 Dei
905 1634 988 1691 vel
1027 1637 1314 1707 pugnando
1344 1638 1427 1692 vel
1470 1638 1675 1693 orando
1707 1641 1876 1695 mira‘

1985 528 2115 601 ligio
2165 545 2421 602 magnum
2450 532 2835 613 detrimentum
2883 539 3176 609 acceperit,
3214 549 3268 596 et
3315 542 3405 598 alii
3438 544 3564 615 qui-

1985 619 2107 676 dem
2133 637 2231 692 per
2254 623 2614 694 ignorantiam
2644 626 2697 681 in
2728 626 3005 684 interitum
3038 632 3283 700 tendant,
3316 635 3407 691 alii
3437 652 3571 695 vere

1984 713 2142 785 longa
2178 714 2394 770 licentia
2429 718 2741 785 assuefacti,
2772 720 2992 791 impune
3039 738 3100 780 se
3130 740 3357 796 peccare
3408 744 3571 799 posse

1989 807 2281 864 conﬁdant.
2310 809 2549 865 Tandem
2578 812 2742 882 igitur
2765 814 2834 869 ad
2857 816 3130 886 propriam
3154 827 3215 873 et
3240 830 3570 883 exterarum

1983 898 2378 954 correctionem
2403 902 2674 968 conversi,
2722 918 3032 973 qutesumus
3080 916 3138 961 ut
3165 909 3431 967 scelerum
3470 930 3571 982 pa-

1986 1000 2216 1046 tratores
2243 1000 2299 1045 et
2332 992 2640 1063 apostolicae
2670 994 2968 1066 disciplinae
2992 1008 3415 1071 contemptores,
3448 1005 3573 1059 mis-

1983 1082 2058 1137 sis
2086 1083 2113 1123 ι)
2144 1098 2175 1137 a
2218 1082 2390 1139 latere
2432 1093 2616 1139 vestro
2661 1085 2903 1156 probatae
2949 1087 3075 1145 ﬁdei
3116 1090 3330 1161 legatis,
3362 1092 3570 1165 absque

1982 1183 2230 1246 respectu
2255 1190 2632 1246 personarum,
2650 1186 2705 1232 et
2715 1180 3077 1236 εχεεεεαιὶοιιε
3092 1196 3397 1249 munerum,
3412 1199 3569 1241 ευεν-

1981 1274 2225 1333 ceantur,
2262 1274 2318 1320 et
2357 1268 2469 1322 otio
2498 1266 2676 1333 nobis,
2711 1278 2978 1339 quantum
3020 1271 3275 1340 possibile
3302 1282 3408 1340 est,
3440 1289 3569 1331 cono

1981 1374 2152 1425 cesso,
2178 1374 2356 1415 sermo
2384 1361 2476 1416 Dei
2499 1362 2843 1432 prtedicando
2873 1362 3181 1430 fructiﬁcet,
3207 1373 3267 1423 et
3293 1382 3567 1427 canonum

1980 1454 2277 1509 reverenda
2305 1456 2601 1513 auctoritas
2646 1456 2888 1514 debitum
2916 1457 2973 1513 in
3019 1459 3272 1516 omnibus
3321 1460 3566 1532 vigorem

1979 1549 2243 1604 obtineat.

283 1724 381 1781 bili
416 1724 697 1781 celeritate
730 1727 1012 1793 vicerunt;
1041 1729 1136 1784 sed
1167 1737 1222 1784 et
1271 1729 1629 1785 domesticum
1661 1725 1946 1795 lumeu,.B
1978 1730 2043 1787 Ut
2079 1733 2310 1804 religiosi
2343 1744 2399 1811 et
2420 1736 2597 1811 idonei
2630 1737 2731 1792 viri
2760 1738 3067 1811 dirigantur
3104 1740 3197 1811 qui
3243 1740 3566 1811 monasteria

281 1818 586 1887 imperator
619 1817 866 1884 Carolus,
899 1820 989 1889 qui
1020 1835 1219 1875 nomen
1249 1823 1395 1890 quod
1435 1820 1650 1876 familia:
1683 1831 1879 1877 vestrm

278 1911 497 1983 peperit
523 1910 841 1966 clarissimis
876 1910 1087 1966 actibus
1115 1912 1418 1967 adornavit.
1446 1911 1558 1968 Nec
1588 1913 1737 1985 regni
1779 1928 1878 1968 vo-

277 2000 367 2057 bis
391 1999 801 2072 amplitudinem
822 2017 885 2057 ac
908 2000 1235 2057 soliditatem
1260 2005 1657 2070 tantummodo,
1682 2019 1876 2059 verum

276 2093 447 2149 etiam
476 2093 628 2149 vobis
673 2094 811 2148 bene
840 2093 1155 2165 gerentibus
1193 2104 1317 2165 post
1348 2096 1472 2150 vitae
1510 2096 1672 2168 198
1718 2096 1877 2167 hujus

276 2202 577 2252 excursum
602 2188 790 2243 eadem
825 2188 921 2244 Dei
961 2189 1133 2260 gratia
1160 2188 1388 2259 gloriam
1419 2188 1683 2261 largietur
1710 2199 1875 2247 mter-

278 2298 433 2349 nam,
455 2282 541 2338 eui
568 2297 663 2338 rex
688 2291 743 2339 et
762 2284 1027 2352 propheta
1046 2282 1366 2363 suspirans:
1387 2282 1654 2350 Satiabor,
1681 2284 1875 2355 inquit,

278 2393 400 2439 cum
428 2377 735 2448 apparuerit
769 2375 937 2447 gloria
980 2387 1074 2431 tua
1115 2375 1288 2449 (Pral.
1342 2376 1478 2449 ινι).
1517 2376 1643 2433 Habe
1684 2387 1874 2433 autem

276 2480 476 2529 vestra:
522 2470 792 2542 majestati
833 2486 943 2526 non
984 2477 1187 2525 temere
1221 2469 1580 2542 suggerimus,
1619 2469 1744 2539 quia
1780 2483 1875 2524 ve-

277 2564 382 2629 stri
409 2578 628 2635 quoque
653 2578 787 2620 cura
835 2562 994 2618 nobis
1026 2562 1319 2618 commissa
1348 2571 1457 2629 est,
1486 2578 1717 2634 quorum
1768 2561 1874 2615 mi-

276 2655 511 2712 nisterio
561 2664 659 2726 per
706 2655 867 2711 ﬁdem
903 2664 1064 2724 atque
1111 2654 1380 2725 baptisma
1433 2653 1677 2708 mundati
1729 2652 1873 2707 diem

276 2748 550 2807 tremendi
570 2740 763 2821 jiidieii
787 2764 910 2806 cum
936 2748 1149 2805 caeteris
1176 2747 1422 2805 ﬁdelibus
1451 2746 1802 2818 exspectatis.

280 2977 350 3036 Ut
391 2982 670 3035 mittantur
697 2977 855 3047 legati
894 2995 924 3031 a
955 2976 1117 3031 latere
1156 2977 1317 3047 regis,
1348 2977 1438 3048 qui
1476 2975 1733 3031 scelerum
1773 2993 1872 3045 pa-

350 3061 576 3106 tratores
601 3060 650 3105 et
680 3048 983 3120 apostolica
1007 3048 1301 3119 disciplina:
1330 3057 1707 3118 contemptores
1726 3064 1873 3102 coer-

349 3134 523 3181 ceam.

286 3240 291 3245 ’
349 3236 554 3292 Verum
602 3244 663 3289 ut
691 3234 758 3289 ad
806 3248 906 3289 nos
934 3234 1214 3305 episcopos
1256 3234 1564 3298 redeamus,
1588 3220 1693 3303 per
1725 3232 1868 3288 hanc

274 3331 496 3388 civilem
524 3328 849 3386 discordiam
879 3327 1046 3382 multa
1077 3328 1352 3384 interdum
1377 3328 1433 3382 in
1465 3327 1623 3382 nobis
1649 3326 1781 3397 ipsis
1799 3340 1866 3381 ae

346 3482 376 3509 ει
409 3468 747 3523 lncruentam
780 3460 1069 3516 victoriam.
1101 3458 1303 3529 Lupus,
1340 3460 1497 3531 epist.
1534 3458 1622 3523 58,
1655 3459 1722 3514 ad
1763 3458 1864 3515 Ca-

275 3540 453 3596 rolum
491 3536 711 3593 Calvum
755 3552 766 3587 :
816 3552 833 3584 t
881 3531 1157 3587 Concedat
1188 3533 1337 3585 vobis
1380 3532 1642 3601 prolixam
1686 3531 1860 3600 sospi-

194 3627 198 3629 ‘
272 3621 466 3677 tatem,
491 3611 827 3663 incruentam
854 3603 1157 3677 victoriam,
1182 3613 1499 3672 perpetuam
1523 3618 1732 3677 pacem.
1762 3620 1784 3653 ι

348 3683 375 3722 δ
405 3672 462 3736 Α’
492 3681 653 3733 latere
678 3687 869 3731 vestro.
911 3672 1164 3728 Carolum
1204 3689 1382 3740 regem
1410 3680 1569 3728 orant
1620 3673 1859 3741 episcopi

270 3754 591 3825 utilegatos‘
631 3766 661 3802 ει
713 3748 880 3802 latere
929 3759 1027 3800 suo
1076 3743 1256 3797 mittat
1292 3744 1342 3798 in
1393 3743 1732 3825 provincias,
1766 3745 1859 3825 qui

269 3814 474 3880 delicia
510 3820 889 3890 episcoporum
922 3826 1230 3890 coerceant,
1264 3829 1606 3890 canouesque
1630 3814 1859 3890 jubeant

268 3886 600 3956 observari;
649 3886 715 3943 «δι’
749 3896 811 3943 ut
875 3886 1065 3958 legatis
1116 3886 1236 3941 istis
1292 3886 1642 3956 praecipiatur
1690 3892 1748 3939 ut
1804 3887 1858 3941 in

265 3965 522 4022 obeundo
569 3974 792 4015 munere
822 3957 945 4020 suo,
974 3957 1165 4028 alitque
1212 3968 1445 4027 respectu
1487 3972 1856 4028 personarum,

265 4048 314 4093 et
360 4034 707 4092 excwcatioue
753 4045 1048 4092 innueram,
1078 4026 1258 4083 castos
1298 4026 1363 4082 'se
1404 4026 1651 4081 videlicet
1694 4036 1858 4096 atque

266 4109 608 4165 abstinentes
636 4111 690 4157 et
722 4102 961 4169 integros
989 4108 1264 4169 praestent.
1297 4098 1453 4165 Quod
1477 4109 1858 4169 argumentum

265 4181 438 4236 etiam
460 4176 699 4249 graviter
726 4168 1100 4249 urgetulonas,‘
1116 4172 1401 4249 episcopus
1421 4168 1856 4249 AAuI‘elIianeusis,

265 4238 492 4308 inlier
514 4263 553 4302 II
577 4247 643 4301 de
666 4238 1007 4298 Instiiutione
1036 4238 1233 4304 laicali,
1267 4238 1386 4310 cap.
1419 4240 1511 4294 24.
1554 4238 1697 4295 Olim
1725 4256 1856 4311 ergo

265 4337 297 4379 a
343 4318 678 4392 principibus
735 4315 1087 4392 mittebantur
1138 4314 1189 4392 in
1246 4314 1556 4392 proviucms
1593 4313 1852 4392 nonnulli,

264 4384 404 4464 quos
425 4391 503 4447 illi
523 4384 793 4511 dignitate
833 4385 1105 4464 ornabant
1144 4384 1445 4466 legatorum
1482 4398 1511 4436 a
1544 4384 1715 4464 latere
1734 4400 1756 4465 ;.
1799 4392 1857 4439 ut

264 4466 333 4511 ad
383 4458 700 4511 Mat-culum
754 4457 1066 4511 observavit
1124 4454 1487 4511 Hieronvmus
1532 4453 1849 4511 Βιειηοηιηε,

264 4458 333 4519 ad
382 4458 613 4517 Μαι-(ιιιιῆ

263 4544 317 4590 ει
373 4529 800 4597 Christophorus
846 4524 1103 4582 Justellus
1147 4525 1215 4579 ad
1268 4524 1522 4597 Cedicem
1570 4524 1851 4597 Canonum

262 4604 522 4661 Ecclesia:
555 4596 843 4656 Africanae.
876 4596 1183 4667 Deglegatis
1227 4612 1259 4650 a
1304 4596 1471 4650 latere
1511 4596 1854 4667 imperatoris

260 4683 445 4796 ἓέἓιςιι
466 4676 631 4796 egigni
660 4669 860 4725 mentio
883 4669 936 4723 in
964 4665 1087 4721 Vita
1117 4667 1375 4723 Ludovici
1398 4667 1479 4722 Pii
1507 4666 1637 4738 itnp.
1666 4669 1734 4723 ad
1760 4684 1848 4723 an.

394 4755 450 4796 et
523 4782 553 4796 ..
596 4780 613 4795 .

261 4746 371 4804 824
394 4755 450 4800 ει
483 4744 613 4799 8ςξ7.

334 4829 359 4857 ε
387 4812 689 4871 Parochiis.
712 4811 771 4867 Id
791 4821 874 4867 est
899 4808 1243 4873 dioecesibus,
1264 4817 1325 4863 ut
1346 4808 1500 4862 dixit.
1523 4806 1659 4863 Tum
1684 4810 1849 4877 enim,

258 4899 311 4947 et
359 4889 449 4944 ditt
481 4894 663 4949 antea,
696 4899 796 4940 vox
834 4883 924 4937 illa
956 4881 1319 4951 usurpabatur
1346 4880 1411 4933 ad
1439 4879 1850 4951 signiﬁcandam

258 4962 555 5030 integram,
582 4955 820 5030 episcopi
867 4949 1169 5030 dicecesiiu.
1214 4950 1321 5006 Sed
1366 4951 1620 5030 quoniam
1671 4949 1753 5030 lt."
1782 4951 1843 5030 If.

257 5022 521 5093 Cellotius
547 5022 895 5082 iii-diversum
920 5025 1085 5079 traxit
1114 5023 1288 5076 locum
1313 5022 1599 5093 quemdam
1621 5035 1689 5074 ex
1720 5022 1847 5076 Sul-

254 5090 396 5177 pitio
417 5100 642 5163 Severo,
672 5096 858 5177 inutile
882 5111 988 5177 non
1012 5093 1223 5177 eritbic
1249 5090 1517 5177 paulisper
1543 5090 1842 5177 ἰιῃιιιοεθιῇ,

256 5161 318 5233 Iit
368 5173 544 5227 lucem
588 5161 941 5224 restituamus
976 5165 1101 5220 huic
1130 5161 1316 5219 Severi
1365 5164 1505 5217 loco.
1538 5161 1679 5216 Aﬁvo
1718 5162 1844 5217 Sul-

254 5242 380 5319 pitii
414 5241 614 5319 Sev_e_ri_
633 5239 805 5319 nullae
821 5245 977 5319 erant
1001 5236 1245 5291 ecclesiae
1275 5245 1472 5319 praeter
1496 5234 1841 5319 episcopales

257 5307 313 5373 cl
332 5311 699 5388 parochiales.
722 5310 859 5364 Alia:
876 5309 1033 5388 uades
1055 5307 1582 5388 sacrmj'ocabantur
1608 5307 1842 5388 oratoria

256 5396 319 5445 ut
335 5376 493 5443 .satis
526 5393 711 5438 notum
740 5391 843 5438 est.
875 5379 1009 5434 Nam
1037 5380 1199 5433 etiam
1225 5376 1515 5432 Justiniani
1550 5377 1676 5446 imp.
1710 5386 1844 5430 tem-

252 5474 392 5532 pore
421 5456 809 5532 monachi-non
845 5449 1452 5532 habebantecclesiam,
1477 5457 1539 5532 ut
1555 5448 1620 5532 aid
1651 5448 1844 5530 novel-

256 5518 370 5588 Iam
387 5526 633 5601 quintam
644 5524 893 5601 ejusdem
918 5522 1257 5601 imperatoris
1274 5520 1547 5601 adnotavit
1567 5518 1838 5601 Cujaeius.

256 5600 329 5661 Et
360 5590 543 5655 tamen
565 5590 823 5654 Cellotius
845 5590 1223 5649 contumeliat‘n
1268 5592 1381 5645 lieri
1414 5599 1565 5660 putat
1592 5590 1843 5646 onmibus

259 5672 580 5734 monachis,
606 5671 653 5724 si
702 5678 928 5739 negetur
972 5665 1089 5739 illos
1130 5663 1468 5739 ιιιὶδείερηἱδΔ
1495 5662 1841 5739 temporibus

258 5732 807 5818 ecclesias‘habuisse
829 5740 881 5794 in
905 5738 1017 5795 suis
1044 5732 1425 5808 receptaculis;
1457 5733 1683 5804 ideoque
1722 5732 1843 5788 illn-

610 4459 700 4539 um
754 4455 1066 4539 observavit
1124 4453 1487 4539 Hieronymus
1532 4453 1849 4539 Biguonius,
1884 4478 1932 4539 ι)

2049 1816 2345 1884 scrutentur
2382 1809 2436 1861 in
2461 1808 2647 1884 quibus
2687 1808 2921 1880 collapsa
2951 1820 3026 1866 est
3064 1808 3368 1884 disciplina,
3409 1820 3459 1865 et
3496 1809 3566 1864 ad

2050 1877 2309 1946 synodum
2329 1877 2506 1948 postea
2540 1880 2786 1949 referant.

2052 2008 2108 2064 In
2139 2011 2270 2067 locis
2309 2012 2530 2077 sanctis,
2565 2012 2669 2068 hoc
2692 2020 2777 2067 est
2801 2013 3166 2081 monasteriis,
3192 2013 3329 2071 alios
3359 2014 3567 2084 studio,

1982 2105 2270 2160 nonnullos
2303 2105 2527 2171 desidia,
2571 2105 2767 2161 multos
2815 2108 3140 2165 necessitate
3176 2109 3350 2165 vietos
3390 2117 3447 2166 et
3473 2123 3569 2167 ve-

1981 2197 2224 2251 stimenti
2270 2212 2301 2251 a
2351 2212 2446 2251 sua
2502 2197 2839 2268 professione
2891 2200 3110 2256 deviare
3163 2203 3564 2273 comperimus,

1982 2291 2125 2360 quod
2159 2290 2390 2360 petimus
2437 2297 2498 2344 ut
2536 2291 2588 2344 in
2637 2291 2888 2347 omnibus
2916 2302 2940 2330 ο
2980 2293 3254 2363 parochiis
3293 2295 3484 2350 directi
3531 2312 3565 2354 a

1984 2391 2160 2437 vestra
2186 2384 2598 2439 mansuetudine
2624 2382 2862 2456 religiosi
2886 2394 3050 2457 atque
3072 2385 3250 2442 idonei
3276 2388 3375 2442 viri
3404 2386 3566 2462 199

1980 2493 2102 2531 cum
2134 2477 2321 2531 notitia
2371 2477 2748 2548 episcoporum
2805 2488 3118 2536 scrutentur
3165 2488 3221 2537 et
3263 2481 3561 2553 corrigant,

1980 2585 2043 2624 ac
2091 2569 2425 2641 singulorum
2476 2569 2718 2624 locorum
2766 2579 2965 2626 statum
3015 2579 3209 2628 vestra:
3258 2572 3564 2631 celsitudini

1979 2676 2033 2723 et
2064 2676 2261 2723 nostra:
2285 2666 2646 2724 mediocritati
2680 2676 2923 2739 tempore
2945 2682 2975 2722 a
3000 2668 3158 2725 vobis
3185 2668 3563 2729 constituendo

1981 2759 2310 2816 renuntient.

2728 2873 2816 2929 IV.

1983 2966 2049 3022 Ut
2085 2967 2328 3022 monachi
2360 2967 2479 3037 vagi
2510 2966 2579 3022 ad
2608 2983 2706 3021 sua
2727 2966 2863 3039 Διοεα
2904 2974 3231 3039 revertantur
3260 2976 3328 3039 et
3349 2966 3562 3039 profugi

2050 3041 2125 3094 vel
2153 3040 2301 3108 ejecli
2338 3035 2687 3108 corrigantur.
2716 3035 2852 3091 Item
2883 3038 2946 3092 de
2977 3037 3176 3093 clericis
3222 3035 3560 3093 ecclesiarum

2045 3127 2263 3165 suarum
2292 3109 2659 3164 desertoribus.

2040 3226 2327 3283 Mouaehos
2372 3226 2463 3296 qui
2508 3224 2821 3297 cupiditatis
2852 3240 3015 3281 causa
3052 3232 3321 3296 vagantur
3350 3233 3403 3280 et
3435 3241 3559 3281 san-

1967 3330 2067 3377 etae
2108 3318 2387 3393 religionis
2416 3319 2753 3390 propositum
2806 3317 3144 3388 impudenter
3194 3318 3461 3383 infamant
3487 3318 3556 3374 ad

1964 3459 2291 3515 strissimum
2341 3460 2517 3512 virum
2549 3457 2901 3512 Francisetim
2941 3456 3283 3523 Hallierium,
3320 3456 3557 3513 (Sabelli-

1964 3546 2180 3587 eensem
2227 3529 2349 3583 dein
2381 3531 2716 3600 episcopum,
2747 3528 3092 3599 reprehendit
3135 3530 3291 3600 quod;
3323 3529 3553 3584 adnota-

1962 3603 2102 3655 verit
2125 3598 2429 3668 ubicunqu
2458 3598 2599 3669 apud
2631 3598 2841 3654 veteres
2879 3598 3423 3668 reperiturEcelesiae
3462 3615 3555 3654 vo-

1963 3671 2235 3741 eabulum,
2262 3669 3019 3741 intelligiidebereecclesiam
3065 3669 3449 3741 parochialem.
3484 3670 3555 3726 Ut
3600 3696 3605 3701 ι

1962 3741 2154 3811 probet
2190 3739 2457 3795 Cellotius
2488 3740 2598 3794 falli
2628 3739 2966 3811 llallierium,
2995 3740 3212 3793 adducit
3254 3740 3553 3795 auctorita-

1964 3809 2070 3867 tem
2115 3811 2330 3880 Sulpitii
2362 3812 2583 3876 Severi,
2634 3809 2788 3879 cujus
2820 3826 2883 3864 ea
2930 3820 3055 3865 sunt
3086 3811 3248 3865 verba
3279 3811 3331 3865 in
3372 3812 3552 3880 capite

1961 3883 2122 3938 tertio
2154 3881 2312 3954 primi
2342 3882 2561 3954 dialogi
2595 3898 2608 3935 :
2646 3899 2666 3933 ι
2701 3883 2866 3954 Igitur
2891 3882 3015 3954 inde
3031 3881 3349 3954 digressus,
3374 3881 3553 3954 Beth-

1958 3950 2447 4028 Iehem’oppidum
2509 3950 2668 4028 petii,
2725 3950 2866 4028 quod
2909 3950 3416 4028 abJHierosolymis
3454 3969 3551 4028 sex

1961 4025 2199 4080 millibus
2232 4022 2574 4094 disparatur,
2608 4026 2674 4094 ab
2717 4022 3042 4078 Alexandria
3098 4022 3289 4078 autem
3311 4024 3549 4081 sedecim

1960 4092 2344 4153 mansionibus“
2356 4098 2530 4168 abest.
2575 4092 2872 4152 Ecclesium
2897 4095 3001 4150 loci
3026 4094 3167 4150 illius
3192 4094 3551 4168 Hieronymus

1956 4171 2245 4240 presbyter
2274 4168 2429 4238 regit.
2469 4166 2602 4223 Nam
2620 4168 2903 4240 parochia
2920 4177 3007 4221 est
3035 4167 3276 4240 episcopi
3301 4166 3405 4240 qui
3424 4166 3545 4240 Hie-

1963 4237 2288 4310 rosolymam
2343 4237 2510 4294 tenet.
2549 4259 2566 4292 ι
2617 4237 2696 4293 Ex
2744 4239 2848 4294 hoc
2892 4238 3011 4310 loco
3039 4237 3243 4309 colligit
3288 4237 3548 4310 Cellotius

1958 4308 2346 4382 Hieronymum
2401 4326 2506 4365 non
2536 4310 2798 4382 tenuisse
2863 4309 3147 4382 ecclesiam
3180 4309 3228 4382 ψ(
3258 4319 3328 4382 u_t_
3362 4308 3547 4382 saeculi

1960 4383 2129 4438 nostri
2164 4378 2358 4436 verbis
2409 4381 2552 4453 utar)
2599 4379 2966 4451 parochialem
3001 4380 3156 4453 urbis
3179 4378 3546 4453 Bethlehemi-

1960 4462 2120 4518 tante,
2152 4449 2874 4523 quandoquidemparochia
2917 4459 3036 4505 erat
3074 4449 3309 4523 episcopi
3330 4489 3344 4514 ,
3375 4451 3546 4523 adeo-

1958 4541 2063 4595 que
2088 4519 2193 4579 non
2218 4519 2437 4579 omnem
2483 4519 2772 4581 erelesiam
2794 4537 2927 4595 esse,
2942 4521 3273 4590 parochiam.
3310 4539 3328 4595 ς
3372 4519 3545 4575 Habet

1958 4590 2144 4665 igitur,
2176 4596 2373 4666 inquit,
2408 4602 2464 4668 et
2498 4596 2717 4665 quidem
2747 4596 2799 4650 in
2847 4594 3005 4668 urbe,
3037 4590 3424 4668 monasterium
3453 4606 3540 4646 ee-

1955 4660 2177 4722 ciesiam
2204 4660 2359 4721 suam
2383 4665 2452 4719 ab
2487 4660 2636 4721 urbis
2675 4663 2912 4735 parcecia
2936 4660 3418 4735 Adistinct_at_tt..Non
3465 4668 3542 4716 te-

1954 4749 2048 4814 net
2090 4738 2379 4814 ecclesiam
2407 4732 2824 4814 monasteriiab
2863 4733 3116 4814 episcopo
3156 4732 3538 4814 Hieronymus,

1956 4812 2047 4881 qui
2083 4826 2205 4864 cum
2236 4809 2334 4881 ipsi
2380 4824 2486 4881 non
2520 4808 2791 4863 convenit.
2828 4825 2847 4857 ι
2897 4804 3115 4881 Scilicet
3144 4818 3250 4858 nou
3296 4804 3540 4881 animad-

1956 4873 2201 4937 vertebat
2221 4873 2480 4935 Cellotius
2507 4893 2693 4934 vocem
2735 4875 2985 4948 parochia
3009 4875 3227 4948 hic__non
3247 4873 3427 4948 accipi
3473 4889 3539 4931 eo

1953 4966 2117 5023 sensu
2153 4968 2260 5023 quo
2297 4951 2454 5006 hodie
2491 4965 2522 5023 ξι
2554 4944 3054 5023 nobis'usurpatur.
3083 4945 3215 5023 [ioc
3226 4944 3410 5023 dicere
3447 4960 3541 5023 vo-

1952 5023 2053 5078 luit
2097 5014 2352 5086 Severus,
2394 5020 2680 5076 ecclesiam
2707 5014 3141 5089 (parochialem).
3177 5014 3540 5089 Bethlebemi-

1951 5095 2114 5148 ticam
2148 5109 2270 5149 esse
2295 5094 2348 5147 in
2380 5091 2638 5160 parocbia
2657 5086 3116 5160 (id'estjditeeesi)
3144 5087 3381 5160 episcopi
3412 5086 3539 5160 Iiie-

1950 5165 2345 5236 rosolymitani.
2380 5158 2552 5236 Unde
2563 5158 2816 5236 sequitur
2839 5158 3224 5236 Hieronymum
3249 5158 3536 5236 ecclesiam

1948 5229 2316 5305 paroéhialem
2360 5230 2999 5305 urbisBetlIlehemitica:
3030 5229 3270 5305 tenuisse
3311 5231 3380 5285 ab
3423 5229 3539 5299 epi-

1947 5301 2112 5377 scopo
2167 5304 2702 5375 Hierosolymitano,
2752 5312 2943 5358 contra
3001 5316 3166 5372 quam
3223 5301 3396 5377 visum
3452 5307 3536 5355 est

1950 5372 2195 5433 Celiotio.
2238 5372 2430 5432 Fixum
2449 5388 2706 5438 .namque
2732 5383 2788 5429 et
2814 5381 3073 5429 constans
3100 5382 3205 5438 est,
3235 5372 3371 5427 citra
3414 5386 3536 5426 om-

1949 5464 2074 5503 nem
2108 5449 2578 5518 eontroversiatn,_
2596 5442 2981 5518 Hieronymum
3011 5444 3219 5518 rexisse
3248 5442 3535 5498 ecclesiam

1949 5520 2128 5591 oppidi
2182 5518 2515 5591 Bethlehem.
2550 5516 2681 5591 Quae
2736 5514 3047 5591 causahfuit
3094 5525 3152 5591 ut
3193 5521 3535 5591 euuratu‘tor

1948 5580 2070 5645 libri
2098 5591 2163 5645 de
2192 5586 2506 5655 lueresibus,
2535 5580 2623 5645 ciu
2650 5588 2865 5645 titulum
2888 5586 3206 5642 Sirmondus
3234 5586 3362 5641 fecit
3384 5580 3531 5655 Prte-

1946 5664 2259 5731 destinatus,
2285 5652 2673 5733 Hieronymum
2711 5670 2871 5721 vocet
2898 5659 3272 5733 pmsbyterum
3299 5652 3534 5711 Bethlei—

1950 5743 2080 5790 tem.
