4034 6298
495 282 600 340 615

1532 275 1593 330 Β.
1634 273 1692 328 S.
1736 265 2224 356 LUPI'IABBATIS
2259 263 2774 334 FERRARIENSIS

3661 266 3771 323 M6

499 420 594 462 sua
639 403 754 457 loca
802 399 1054 472 jubemus
1104 395 1303 452 reverti
1351 400 1407 450 et
1453 391 1774 464 regulariter
1823 389 2072 445 abbatum
2102 387 2155 448 Α
2181 384 2316 439 falso
2373 384 2619 448 videtur,
2664 383 2750 437 vel
2800 381 3014 437 virilem
3063 381 3307 438 habitum
3361 392 3624 450 sumunt,
3683 389 3775 440 vel

497 497 714 557 solertia
745 493 934 562 recipi.
980 491 1073 546 Eis
1102 497 1280 544 autem
1310 485 1401 555 qui
1435 493 1560 554 post
1602 481 1904 538 evidentem
1951 492 2078 548 pro-

499 588 791 646 fessionem
821 583 1190 640 monachicam
1237 579 1399 633 etiam
1431 575 1674 630 habitum
1719 571 2076 641 reliquerunt,

499 684 585 741 vel
631 683 724 754 qui
753 696 850 737 sua
895 679 1048 749 culpa
1081 675 1454 748 projiciuntur,
1484 672 1586 726 nisi
1617 671 1794 725 redire
1828 677 1882 724 et
1937 667 2081 739 quod

500 777 611 834 Deo
641 774 1040 845 spoponderunt
1087 766 1310 837 implere
1353 763 1729 827 consentiant,
1763 762 1865 816 hoc
1907 758 2084 815 credi-

502 886 624 929 mus
652 881 808 940 posse
854 863 1092 922 remedio
1116 859 1414 925 subveniri,
1447 857 1493 913 si
1537 858 1593 912 in
1629 868 1657 897 ι
1685 853 1972 926 ergastulis
2003 852 2083 908 in-

466 949 478 992 -'
501 959 635 1017 clusi
667 956 850 1013 tandiu
884 970 916 1010 a
964 958 1236 1009 conventu
1283 948 1566 1004 hominum
1616 944 1990 999 abstineantur
2027 948 2085 996 et

501 1049 720 1123 pietatis
745 1045 938 1102 intuitu
966 1039 1418 1100 convenientibus
1442 1042 1788 1092 macerentur
1823 1030 2083 1103 operibus

502 1121 675 1199 donec
718 1137 1007 1193 sanitatem
1064 1129 1423 1190 correctionis
1473 1126 1784 1183 admittant.
1839 1121 2084 1191 Namque

501 1234 579 1290 illi
609 1231 700 1303 qui
741 1229 1012 1300 quondam
1042 1222 1315 1288 monachi,
1346 1228 1535 1292 postea
1565 1217 1758 1273 relicta
1791 1212 2084 1286 singulari-

501 1323 629 1380 tatis
661 1320 996 1395 professione
1028 1317 1095 1372 ad
1122 1314 1370 1371 militiam
1419 1311 1507 1366 vel
1539 1309 1608 1365 ad
1639 1307 1858 1379 nuptias
1903 1305 2086 1362 devol-

499 1423 718 1478 vuntur,
751 1426 902 1484 papae
925 1407 1124 1466 Leonis
1168 1406 1386 1461 decreto
1415 1402 1588 1475 (epist.
1619 1399 1687 1454 ad
1719 1397 1950 1467 Rustic.)
1981 1412 2084 1466 pu-

501 1506 656 1565 blicae
698 1503 1032 1576 paenitentia:
1082 1497 1454 1557 satisfactione
1505 1491 1771 1565 purgandi
1821 1497 1966 1545 sunt.
2010 1488 2088 1542 De

501 1598 716 1658 clericis
737 1605 916 1652 autem
942 1592 1305 1650 Ecclesiarum
1327 1601 1563 1644 suarum.
1581 1581 1956 1639 desertoribus
1987 1593 2085 1633 an-

501 1692 652 1765 tiqua
695 1689 867 1746 forma
911 1681 1365 1744 Chalcedonensis
1420 1676 1636 1735 concilii
1681 1672 1945 1730 servanda
2002 1677 2085 1726 est

2186 488 2209 516 ο
2238 477 2417 531 crines
2439 475 2740 538 attondent,
2764 475 2891 543 quia
2919 474 3220 546 ignorantia
3245 476 3421 546 magis
3453 491 3619 545 quam
3650 486 3772 531 stu-

2181 566 2272 621 dio
2295 581 2388 621 eas
2415 580 2600 621 errare
2619 574 2890 636 putamus,
2917 563 3283 620 admonendas
3312 567 3771 638 castigandasque

2181 657 2555 723 decernimus;
2590 671 2658 712 ne
2706 656 2848 712 forte
2901 657 3114 712 Veteris
3145 672 3208 712 ac
3261 658 3395 714 Novi
3423 658 3776 716 Instrumenti

2180 751 2678 822 pracvaricatrices,
2723 750 2878 821 juxta
2908 750 3275 822 Gangrensem
3308 755 3577 824 synodum
3626 755 3772 824 (can.

2183 841 2305 913 xui)
2353 843 2641 899 severitate
2708 842 3068 900 anathematis
3111 843 3182 898 ab
3224 843 3481 902 Ecclesia:
3544 860 3782 918 corpore

2183 932 2568 1005 praecidantur.

2912 1023 3047 1080 VIII.
3094 1067 3118 1082 ς

2188 1111 2256 1168 Ut
2279 1113 2508 1185 episcopi
2535 1115 2625 1184 qui
2653 1114 2723 1168 ad
2744 1113 2936 1185 bellum
2955 1131 3061 1170 non
3088 1125 3239 1183 eunt,
3259 1115 3498 1172 homines
3521 1132 3649 1172 suos
3675 1117 3782 1172 ali-

2486 1185 2573 1239 cui
2601 1201 2666 1240 ex
2688 1184 2930 1254 ﬁdelibus
2960 1187 3093 1257 regis
3115 1189 3461 1242 committant.

2194 1274 2216 1288 ”
2259 1295 2529 1365 Quoniam
2573 1295 2841 1367 quosdam
2875 1297 3257 1369 episcoporum
3287 1299 3357 1355 ab
3405 1297 3782 1370 expeditionis

2187 1383 2374 1441 labore
2394 1386 2637 1455 corporis
2665 1385 2907 1442 defendit
2927 1386 3297 1454 imbecillitas,
3325 1387 3448 1444 aliis
3467 1395 3656 1444 autem
3683 1403 3780 1444 ve-

2190 1488 2302 1536 stra
2329 1479 2658 1551 indulgentia
2696 1481 2906 1536 cunctis
2931 1480 3227 1552 optabilem
3255 1480 3488 1554 largitur
3510 1482 3781 1552 quietem,

2189 1572 2602 1644 praecavendum
2634 1581 2720 1630 est
2742 1573 2987 1644 utrisque
3014 1589 3084 1630 ne
3127 1588 3226 1644 per
3252 1588 3443 1631 eorum
3469 1574 3779 1630 absentiam

2193 1679 2284 1721 res
2313 1664 2564 1721 militaris
2609 1665 2947 1737 dispendium
2973 1666 3234 1736 patiatur.
3280 1665 3470 1737 Itaque
3517 1665 3568 1722 si
3597 1673 3783 1721 vestra

504 1755 649 1856 (can.
696 1773 839 1852 ut),
868 1792 988 1848 quae
1019 1773 1324 1847 praescribit
1344 1778 1424 1837 ut,
1455 1771 1500 1825 si
1522 1767 1806 1839 episcopus
1834 1777 2088 1832 suscepe-
2115 1755 2164 1816 B
2192 1760 2465 1816 consentit
2493 1759 2819 1826 sublimitas,
2849 1759 3100 1816 homines
3139 1774 3266 1815 suos
3309 1758 3628 1831 reipublicae
3653 1774 3786 1829 pro-

502 1878 576 1934 rit
619 1873 878 1931 clericum
924 1870 993 1925 ad
1028 1867 1194 1923 alium
1251 1864 1566 1936 episcopum
1601 1858 1997 1930 pertinentem,
2028 1861 2085 1910 et

507 1973 788 2036 susceptus
823 1969 878 2018 et
903 1959 1202 2030 suscipiens
1230 1953 1610 2012 communione
1636 1951 1885 2021 privetur
1911 1948 2084 2003 donec

507 2060 555 2115 is
587 2057 678 2128 qui
726 2054 1054 2127 migraverat
1081 2049 1312 2107 clericus
1341 2047 1409 2103 ad
1449 2043 1727 2116 propriam
1777 2046 2088 2097 revertatur

505 2148 824 2208 Ecclesiam.
1265 2209 1310 2265 γ

619 2317 694 2374 De
724 2316 790 2373 iis
829 2314 919 2387 qui
945 2307 1428 2369 sanctimonialibus
1463 2304 1647 2360 illicite
1676 2303 1979 2357 miscentur.

580 2409 681 2479 Qui
729 2403 1230 2464 sanctimonialibus
1261 2399 1445 2456 illicite
1474 2396 1792 2460 miscentur,
1826 2401 1883 2450 et
1911 2390 2087 2448 sacri-

509 2502 626 2573 lega
654 2498 863 2554 fmdera
906 2510 1029 2551 cum
1057 2494 1136 2550 eis
1161 2491 1388 2555 faciunt,
1416 2502 1511 2543 eos
1536 2487 1566 2527 ιι
1593 2483 1888 2541 Innocentii
1936 2494 2090 2552 papae

510 2606 740 2650 censura
791 2606 822 2645 a
869 2585 1248 2644 communione
1287 2579 1444 2650 jubet
1489 2576 1786 2648 suspendi,
1836 2575 1999 2645 200
2035 2581 2092 2629 et

507 2684 614 2742 nisi
641 2697 737 2753 per
760 2678 1032 2751 publicam
1053 2675 1446 2746 probatamque
1467 2667 1843 2742 penitentiam
1871 2666 2091 2722 omnino

508 2791 616 2831 non
650 2773 839 2842 recipi,
865 2779 960 2826 aut
987 2770 1072 2825 his
1119 2776 1267 2824 certe
1294 2765 1547 2820 viaticum
1581 2761 1647 2816 de
1687 2759 1885 2818 saeculo
1916 2767 2092 2841 trans-

508 2866 780 2930 euntibus,
811 2862 860 2919 si
891 2870 1071 2916 tamen
1098 2857 1473 2931 paenituerint,
1507 2869 1618 2910 non
1643 2851 1854 2925 negari.

1261 2947 1350 3004 Vl.

619 3045 698 3100 De
719 3058 912 3114 sponsa
935 3041 999 3097 ab
1027 3040 1191 3095 altero
1220 3048 1371 3109 rapta
1393 3047 1442 3093 et
1471 3038 1535 3093 de
1561 3055 1711 3109 paena
1740 3035 1984 3110 raptoris.

2188 1856 2399 1913 futuros
2441 1856 2661 1913 cuilibet
2687 1855 2924 1912 fidelium
2953 1862 3281 1922 vestrorum,
3315 1868 3479 1925 quem
3511 1854 3618 1908 sibi
3670 1852 3784 1907 uti-

2189 1949 2297 2005 lem
2338 1946 2732 2019 iudicaverint,
2761 1945 3126 2012 committant,
3164 1944 3320 2016 cujus
3371 1943 3679 2017 diligentia,
3713 1957 3786 2000 ne

2186 2055 2248 2100 se
2279 2041 2346 2096 ab
2374 2038 2548 2096 otllcio
2573 2039 2894 2097 subtrahere
2919 2039 3157 2108 valeant,
3181 2041 3524 2097 observetur.

2191 2270 2261 2328 Ut
2282 2270 2597 2328 Rhemorum
2623 2269 2897 2337 Ecclesia,
2916 2279 3124 2340 pastore
3143 2271 3234 2325 diu
3273 2271 3559 2335 destitutas,
3599 2284 3788 2340 quast-

2545 2344 2772 2413 primum
2796 2341 3123 2413 prwﬁciatur
3149 2342 3439 2413 episcopus.

2261 2457 2418 2528 201
2437 2455 2465 2496 ει
2501 2456 2833 2512 Rhemoru‘m
2867 2454 3166 2511 Erclesiam
3193 2455 3286 2511 diu
3319 2455 3661 2528 multumque
3692 2472 3788 2528 pa-
3847 2435 3850 2438 ’

2191 2558 2338 2607 store
2375 2549 2716 2613 destitutam,
2755 2562 2928 2618 nuper
2956 2547 3241 2617 spoliatam
3272 2548 3436 2604 rebus
3455 2589 3470 2614 ,
3495 2558 3786 2605 oneratam

2191 2640 2425 2712 injuriis,
2463 2638 2666 2709 absque
2687 2638 2892 2711 ingenti
2921 2637 3104 2694 dolore
3129 2637 3288 2694 fateri
3317 2653 3427 2694 non
3463 2653 3783 2708 possumus.

2191 2734 2260 2790 Et
2283 2733 2410 2804 quia
2432 2741 2668 2789 vestram
2696 2730 3082 2788 sublimitatem
3112 2737 3169 2786 et
3195 2738 3436 2786 nostram
3454 2729 3786 2800 parvitatem

2191 2841 2384 2883 eruere
2405 2826 2773 2882 desideramus
2794 2824 3056 2897 periculo,
3083 2823 3434 2879 obsecramus
3463 2831 3528 2878 ut
3548 2831 3663 2877 tam
3689 2823 3787 2878 fte-

2193 2921 2261 2976 de
2284 2919 2524 2974 lacerata
2548 2918 2789 2975 Ecclesia
2811 2916 3232 2988 redintegretur,
3257 2923 3421 2985 atque
3441 2913 3601 2984 juxta
3621 2927 3787 2969 vene-

2193 3011 2444 3068 rabilium
2470 3025 2740 3066 canonum
2767 3007 3211 3064 constitutionem
3237 3005 3432 3076 dignus
3454 3003 3507 3058 ei
3537 3003 3787 3060 celeriter

581 3135 665 3192 Ab
715 3094 889 3190 altero
941 3148 1072 3190 vero
1106 3094 1453 3203 desponsata,
1488 3094 1656 3187 et'ab
1704 3094 1874 3186 altero
1928 3133 2088 3199 rapta

2200 3113 2468 3177 quaeratur
2493 3110 2548 3157 et
2575 3101 2902 3173 praeficiatur
2929 3099 3235 3170 episcopus,
3269 3104 3333 3151 ut
3359 3094 3543 3152 clerus
3587 3105 3648 3151 et
3695 3109 3786 3166 po-

513 3209 714 3302 puella,
737 3227 1032 3283 secundum
1061 3232 1260 3282 statuta
1288 3223 1561 3296 Ancyrani
1606 3222 1817 3278 concilii
1849 3219 2089 3293 (can.x),

517 3323 567 3378 ei
599 3337 630 3377 a
664 3336 774 3394 quo
829 3307 1150 3390 desponsata
1181 3317 1353 3373 fuerat
1400 3315 1671 3371 reddenda
1719 3321 1835 3381 est,
1879 3311 2091 3368 etiamsi

516 3414 625 3470 vim
657 3429 690 3468 a
731 3418 947 3483 raptore
992 3408 1293 3482 pertulerit.
1333 3407 1410 3462 De
1457 3404 1768 3477 raptoribus
1818 3413 1998 3459 autem
2038 3401 2093 3458 id

513 3503 674 3560 nobis
723 3501 939 3558 videtur
984 3500 1246 3571 optimum
1276 3505 1358 3562 ut,
1395 3496 1649 3569 quoniam
1697 3494 2094 3550 ecclesiaticam

514 3593 1128 3653 cxcommunicationem
1168 3591 1322 3663 parvi
1348 3591 1611 3662 pendunt,
1643 3586 1983 3644 saecularium
2013 3586 2092 3643 Ie-

515 3703 641 3760 gum
671 3695 978 3746 terreantur
1005 3686 1342 3743 austeritate.

1247 3777 1360 3834 VII.

518 3874 594 3932 De
616 3873 1099 3932 sanctimonialibus
1123 3887 1240 3943 qua:
1277 3867 1542 3943 religionis
1569 3884 1733 3943 causa
1767 3865 1970 3922 uirilem
1994 3865 2094 3919 ha-

800 3945 960 3999 bitum
981 3939 1191 3999 sumunt
1220 3939 1294 3996 vel
1323 3939 1492 3994 crines
1517 3939 1809 3994 attondent.

591 4036 648 4093 Si
693 4051 813 4108 quae
851 4033 1292 4092 sanctimoniales
1341 4047 1507 4089 causa
1558 4030 1876 4102 religionis,
1916 4037 1979 4085 ut
2018 4029 2099 4086 eis

598 4162 622 4222 ξ
653 4149 719 4222 In
744 4151 1039 4222 ergastulis.
1072 4149 1421 4222 Imitatusest
1468 4147 1558 4222 hic
1600 4159 1773 4222 canon
1816 4160 1882 4198 ex
1913 4159 2033 4222 cap.
2066 4143 2100 4198 6

521 4220 760 4292 epistola:
801 4214 954 4292 papae
983 4219 1161 4276 Siricii
1190 4223 1256 4276 ad
1287 4219 1605 4283 ll'merium,
1633 4217 1939 4292 episcopum
1969 4214 2102 4269 Tar-

527 4285 904 4357 raconensénf,
932 4292 1020 4346 ubi
1071 4292 1149 4346 sic
1173 4292 1433 4361 scriptum
1461 4298 1545 4344 est
1589 4304 1609 4361 :_
1642 4285 1986 4361 (Quatenus
2015 4300 2101 4340 re-

528 4372 692 4419 trusm
721 4364 774 4418 in
821 4356 1299 4434 suisgergastulis,’
1339 4369 1546 4417 tantum
1583 4357 1793 4414 facinus
1845 4356 2101 4412 continua

529 4434 912 4490 lamentatione
936 4432 1216 4497 delléntes,
1256 4453 1274 4484 ι
1314 4441 1418 4488 etc.

2195 3196 2352 3268 pulus
2389 3194 2552 3248 tantis
2591 3192 2804 3247 attritus
2842 3199 2898 3247 et
2921 3188 3254 3261 spiritalibus
3304 3195 3362 3243 et
3408 3185 3786 3258 corporalibus

2193 3283 2570 3350 incommodis,
2603 3281 2974 3338 consolatione
2999 3288 3216 3349 recepta
3247 3294 3371 3334 cum
3400 3293 3502 3335 suo
3554 3277 3786 3350 praesule

2193 3397 2291 3453 pro
2311 3389 2492 3436 vestra
2517 3377 2688 3433 salute
2715 3391 2780 3432 ac
2814 3373 3175 3447 prosperitate
3225 3371 3502 3428 communi
3559 3371 3787 3429 Domino

2193 3472 2408 3530 studeat
2430 3469 2753 3540 supplicare.

2969 3557 3037 3615 Χ.

2197 3653 2267 3710 Ut
2291 3654 2349 3710 in
2369 3651 2608 3709 Ecclesia
2633 3651 3000 3706 Aurelianensi
3029 3658 3201 3705 ratam
3235 3663 3326 3704 rex
3370 3661 3482 3704 esse
3521 3647 3790 3717 permittat

2590 3744 2974 3799 ordinationem
2995 3742 3114 3812 Agii
3135 3740 3382 3811 episcopi.
3876 3732 3881 3738 ’

2265 3839 2671 3898 Aurelianensis
2707 3838 2870 3894 etiam
2894 3835 3136 3892 Ecclesia
3166 3832 3483 3890 confusione
3545 3831 3788 3888 maxima

2196 3933 2440 3993 nescitur
2468 3933 2735 3989 laborare.
2765 3929 2996 3995 Tamen,
3036 3927 3164 3999 quia
3209 3926 3488 3996 superiore
3516 3938 3668 3978 anno
3709 3938 3792 3978 ar-

2198 4015 2575 4100 chiepiscopus
2609 4020 2846 4087 Wenilo,
2873 4020 2987 4076 suis
3014 4017 3386 4074 annitentibus
3408 4011 3788 4085 suﬂ’raganeis,

2199 4144 2325 4198 dum
2354 4141 2499 4196 enim
2541 4145 2661 4194 erat
2711 4136 2991 4190 inventum
3040 4147 3207 4205 genus
3248 4131 3371 4205 hoc-
3396 4119 3788 4205 sanctimonia-

2199 4214 2353 4278 lium,
2383 4212 2523 4282 quod
2555 4216 2743 4279 postea
2791 4199 3068 4282 exortum'
3089 4211 3196 4266 est,
3231 4200 3372 4282 apud
3416 4199 3788 4282 quasdstatim

2200 4269 2610 4340 earuin'crines
2638 4278 3006 4343 attondentur,
3055 4288 3175 4344 qua:
3201 4269 3449 4328 sanctum
3479 4269 3790 4325 institutum

2201 4361 2666 4479 arg'plllllletinorum
2719 4418 3030 4474 Ecclesium.
3108 4413 3338 4472 Ultimus
3382 4411 3526 4468 illius
3566 4410 3791 4466 antistes

595 4482 1297 4576 iil'hZéééiiui7Iziiéi'itit
1318 4482 1502 4576 fefellit
1534 4501 1625 4576 hic
1652 4499 1866 4576 Lupum
1893 4513 2101 4555 memo—
2123 4503 2177 4565 ι)
2203 4497 2354 4554 Ebbo
2378 4496 2646 4576 dejectus‘
2667 4490 2859 4576 fuerat.
2892 4489 2983 4571 ob”
3001 4485 3208 4576 crimen
3248 4482 3790 4576 majestatis-trans-

528 4577 630 4642 ria,
661 4586 754 4632 aut
790 4571 1028 4631 erratum
1053 4571 1156 4630 'est
1189 4590 1220 4629 a
1269 4574 1512 4629 librario.
1549 4573 1774 4641 Quippe
1812 4571 2100 4642 decretum

525 4640 654 4702 illud
684 4663 789 4702 non
817 4656 900 4702 est
929 4646 1250 4710 Innocentii,
1273 4645 1368 4699 sed
1397 4643 1621 4706 Gelasii,
1656 4643 1709 4694 in
1730 4641 1889 4712 cujus
1914 4640 2100 4696 decre-

525 4718 594 4773 tis
633 4727 839 4782 exstat,
869 4732 988 4787 cap.
1034 4715 1104 4770 ΞΟ
1139 4734 1151 4770 :
1192 4735 1210 4766 ‹
1258 4713 1571 4787 Virginibus
1601 4711 1772 4787 sacris
1808 4711 2021 4787 temere
2043 4726 2102 4768 se

526 4790 787 4858 quosdam
819 4781 1027 4844 Sociare
1071 4781 1420 4858 cognovimus
1459 4786 1680 4858 etpost
1724 4783 1958 4858 dicatum
1990 4781 2102 4838 Deo

524 4853 854 4930 propositum
905 4859 1108 4913 incesta
1142 4853 1356 4912 foedera
1407 4855 1778 4926 sacrilegaque
1826 4853 2097 4930 miscere;

527 4923 662 4998 quos
687 4930 933 4998 protinus
973 4944 1182 4998 aequum
1211 4935 1296 4982 est
1335 4944 1365 4980 a
1393 4941 1551 4998 sacra
1586 4923 1970 4998 communione
2010 4923 2102 4978 de-

529 4994 776 5070 t'rutli,'ct
823 5000 924 5055 nisi
975 4994 1071 5070 per
1101 4998 1370 5070 publicam
1403 4997 1794 5070 probatamque
1832 4994 2098 5070 paeniten-

525 5069 682 5133 tiam,
711 5071 928 5123 omnino
955 5065 1059 5124 rion
1086 5065 1269 5139 recipi.
1301 5065 1419 5123 Sed
1437 5078 1615 5122 tamen
1644 5065 1728 5120 his
1749 5067 2004 5139 viaticum
2033 5065 2100 5119 de

529 5139 727 5195 sacculo
755 5142 1169 5199 transeuntibus,
1200 5137 1245 5194 si
1275 5148 1450 5193 tamen
1482 5137 1857 5208 pmnituerint,
1883 5151 1989 5208 non
2012 5150 2102 5190 ne-

565 5220 704 5265 etur.
746 5231 763 5262 i
799 5210 1081 5266 Decretum
1114 5211 1256 5265 istud
1309 5225 1376 5264 ex
1407 5205 1620 5265 Gelasio
1647 5207 1895 5262 laudatur
1935 5205 2028 5261 lib.
2056 5221 2096 5261 ι.

575 5281 787 5353 apitul.,
815 5297 935 5353 cap.
969 5282 1088 5336 106.

604 5345 837 5408 éCrines
881 5345 1174 5407 attondent.
1227 5349 1456 5407 Causam
1507 5349 1669 5419 hujus
1722 5345 2103 5419 prohibitionis

532 5426 702 5496 aperit
733 5440 905 5480 canon
951 5423 1404 5496 "Gangrcnsis,
1439 5422 1524 5477 his
1567 5417 1747 5496 verbis
1780 5433 1794 5472 :
1843 5437 1860 5470 (
1901 5417 1956 5473 Si
1989 5432 2104 5496 qua

530 5489 724 5551 mulier
751 5505 969 5566 propter
1014 5489 1253 5566 divinum
1282 5495 1513 5566 cultum,
1538 5491 1896 5566 utazstimat,
1923 5489 2104 5566 crines

533 5559 795 5632 attondel,
836 5559 972 5637 quos
1001 5567 1049 5619 ci
1092 5564 1235 5618 Deus
1284 5564 1349 5617 ad
1399 5562 1748 5637 subjectionis
1786 5559 2104 5637 memoriam

532 5639 757 5699 tribuit;
785 5631 1048 5706 tauquam
1087 5645 1410 5705 praeceptum
1439 5631 1749 5706 dissolvens
1760 5631 2103 5706 obedientite,

535 5711 821 5763 anathema
844 5703 933 5761 sit.
969 5726 986 5758 ι
1020 5703 1302 5775 Loquitur,
1323 5706 1534 5775 opinor,
1559 5705 1626 5758 de
1647 5703 2106 5775 Inulieribus_cou-

529 5776 751 5849 jugatis,
781 5793 901 5850 qua:
947 5777 1079 5832 viris
1105 5771 1218 5831 suis
1257 5771 1455 5832 debent
1480 5788 1600 5830 esse
1647 5771 1922 5842 subjectae.
1961 5772 2105 5830 Non-

2205 4551 2422 4641 gressus
2442 4551 2505 4621 in
2530 4571 2714 4641 partes
2741 4559 3007 4641 Lptharii,
3042 4556 3139 4612 lilii
3169 4551 3554 4641 Lu‘dov‘icri‘ifii,
3580 4551 3789 4641 ξιιιίᾼὲ-

2204 4625 2339 4694 {rem
2362 4653 2427 4693 eo
2455 4625 2626 4706 usque
2649 4633 2951 4706 deprimere
2979 4643 3144 4706 ausus
3176 4635 3369 4706 cst,_ut
3395 4625 3639 4706 etiamin
3674 4633 3790 4674 car-

2205 4692 2733 4768 eereconclu'deret;
2755 4699 3192 4773 ptenitentiaaque
3213 4696 3440 4773 publica:
3462 4692 3643 4772 addici
3668 4704 3790 4773 pro-

2204 4759 2779 4836 éiiirb‘t’iib’sbboie'.
2806 4773 2884 4826 Ex
2909 4786 2992 4842 eo;
3013 4759 3272 4842 tempore,
3315 4762 3640 4842 Rhemensis
3672 4759 3788 4842 Ec-

2205 4833 2514 4907 clesiaisine
2539 4845 2948 4958 archie‘piscopo
2971 4833 3164 4895 fuerat.
3197 4839 3254 4894 Id
3287 4851 3415 4919 vero
3465 4833 3649 4890 dolent
3677 4833 3789 4958 egi-

2205 4921 2350 4958 cnnni
2391 4921 2444 4958 in
2472 4917 2678 4958 emmdn
2753 4913 2966 4958 emensi
2991 4917 3337 4958 cenitarem“.
3385 4915 3653 4958 orantque
3735 4919 3789 4957 a-

2205 4921 2352 4990 scopi
2391 4921 2444 4974 in
2472 4917 2678 4990 synodo
2708 4909 2967 4990 Vernensi
2991 4909 3337 4990 congregati,
3385 4909 3764 4990 orantqueOUa

2206 4974 2378 5048 rolum
2409 5001 2469 5046 ut
2499 4974 2659 5043 ialem
2685 4986 2734 5041 ei
2764 4985 2879 5040 sedi
2908 4974 3539 5053 praeﬁciat'episcopum,
3589 4974 3681 5042 qui
3717 4981 3791 5028 tot

2203 5065 2416 5128 ruinas,
2447 5075 2582 5130 quas
2609 5072 2672 5112 ea
2697 5050 2938 5130 Ecclesia
2965 5069 3124 5130 passa
3154 5050 3372 5130 fuerat,‘
3388 5060 3646 5130 reparare
3672 5059 3791 5128 pos-

2205 5115 2548 5190 si—tlEactum
2577 5130 2628 5184 id
2655 5141 2797 5194 anno
2821 5125 2943 5189 845,
2967 5115 3032 5177 ἰιι
3074 5121 3281 5194 synodo
3333 5115 3685 5194 Belvacensi;
3736 5115 3790 5194 in

2246 5188 2313 5258 ua
2336 5201 2678 5261 Hincmarus,
2711 5191 2914 5266 favente
2953 5188 3327 5266 Carolorege,
3367 5188 3665 5266 ordinatus
3696 5191 3793 5266 est

2246 5222 2313 5258 ua
2337 5222 2678 5261 utncmurus,
2711 5222 2913 5266 [ulmum
2953 5222 3145 5249 uutuw
3194 5222 3327 5262 regis,
3377 5222 3665 5244 υιυιιιιειιυο
3711 5222 3788 5239 w-

2205 5222 2531 5331 aliemensis
2558 5269 3018 5337 archiepiscopus,
3038 5273 3098 5337 ut
3117 5261 3448 5337 Flodoardus
3500 5257 3670 5312 tradit
3696 5255 3788 5335 lib.

2208 5330 2290 5410 ιιι,
2314 5360 2432 5414 cap.
2461 5360 2478 5398 ι
2510 5330 2762 5414 Ηὶειριήᾦ
2795 5330 3138 5414 Bliémensis.
3189 5332 3306 5403 Ipse
3332 5330 3688 5414 Illincntarus,
3736 5330 3789 5378 in

2208 5397 2430 5488 caprili
2455 5397 2771 5488 posterioris
2794 5407 2975 5488 operis
3026 5397 3286 5488 adversus
3328 5397 3788 5488 gotteschallcu‘m:

2209 5469 2299 5544 sicr
2316 5469 2579 5554 temperat
2617 5469 2984 5554 scriptionent
3016 5490 3171 5554 suam
3200 5483 3278 5554 _ut
3319 5474 3499 5554 dicere
3542 5469 3791 5554 videatur

2207 5540 2502 5628 expetitum
2525 5569 2584 5628 se
2604 5540 2771 5628 fuisse
2805 5551 2874 5604 ab
2902 5545 3174 5628 episcOpis
3199 5545 3251 5598 in
3279 5545 3508 5628 synodo.
3542 5540 3789 5628 Btellora:

2207 5608 2727 5689 ééﬁéi'éoiisutuns;
2759 5608 3260 5691 quorulnprécibus
3303 5608 3531 5691 dederit
3571 5608 3791 5691 Carolus

2207 5680 2932 5758 rexvut'llincmaru's,‘licet
2963 5680 3032 5744 ex
3070 5684 3244 5744 aliena
3287 5682 3591 5756 provincia,
3647 5680 3793 5735 tieret

2208 5769 2645 5840 archiepisc0pus
2668 5759 3010 5821 Rhemensis.
