4034 6298
212 397 313 453 617

211 606 527 656 memoratae
558 596 813 654 Ecclesiae
833 574 1122 650 .ordinavit
1163 591 1523 665 probabilium
1572 586 1799 643 canoni-

207 707 492 750 cornmae
524 691 784 746 laicorum
831 686 1174 743 attestatione
1222 685 1520 740 instructus
1557 688 1613 735 et
1665 678 1803 749 peti-

210 785 360 838 tione
389 780 670 852 impulsus,
695 787 751 835 et
777 779 965 833 eadem
996 776 1235 831 Ecclesia
1287 780 1474 828 nostro
1515 779 1571 826 et
1620 778 1803 825 vestro

210 880 369 928 vacat
393 870 650 942 periculo,
690 867 852 937 hujus
876 868 955 923 rei
985 867 1149 922 alium
1173 866 1375 921 exitum
1399 879 1506 919 non
1530 862 1800 927 videmus,

207 965 599 1020 nisiutvestra
626 962 802 1032 pietas
846 961 1043 1031 quoda
1072 959 1234 1015 tantis
1280 956 1413 1012 viris
1468 955 1671 1010 factum
1718 960 1804 1008 est

154 1096 161 1111 .
208 1057 238 1098 δ
262 1065 441 1112 ratum
465 1070 585 1112 esse
609 1053 903 1126 permittat.

1016 1160 1110 1215 XI.

211 1261 291 1317 De
313 1255 903 1331 pralotropeDroggnis
938 1250 1339 1331 exspectandum
1391 1249 1555 1331 videri
1598 1248 1800 1331 episco-

281 1324 470 1401 p'orum
534 1326 721 1384 Gallia:
756 1324 1169 1394 'Germaniazque
1226 1329 1530 1376 conventum
1578 1328 1626 1372 et
1678 1334 1804 1373 con-

282 1416 517 1455 sensum.

283 1511 367 1565 De
408 1507 721 1578 prazlatione
750 1501 1177 1560 reverentissimi
1204 1511 1227 1540 ο
1255 1497 1518 1570 Drogonis
1576 1494 1802 1551 definire

212 1597 362 1654 aliud
395 1613 500 1653 non
536 1595 798 1650 audemus
826 1592 930 1648 nisi
961 1589 1404 1661 exspectandum,
1437 1600 1599 1656 quam
1630 1582 1802 1638 maxiv

213 1704 341 1745 mus
359 1688 477 1759 cogi
498 1694 698 1756 potest,
727 1683 914 1740 Gallice
940 1680 1349 1750 Germaniaeque
1373 1685 1717 1741 conventum,
1747 1681 1804 1729 et

215 1779 272 1834 in
301 1794 372 1833 eo
395 1775 930 1847 metropolitanorum
957 1764 1396 1844 reliquorumque
1445 1768 1607 1839 202
1658 1764 1800 1821 anti-

1294 379 1609 442 CANONES
1645 377 1710 435 1N
1748 376 1949 436 CONC.
1991 376 2198 435 VERN.
2238 372 2440 431 EDlTl.

210 527 278 567 ex
310 508 504 568 eodem
565 505 685 562 loco
703 517 730 547 ⁸
752 503 943 575 Agium
989 500 1360 573 presbyterum
1402 496 1586 568 palatii
1632 493 1802 551 vestri
1827 496 1877 555 Α
1905 492 2039 546 riam
2066 491 2169 547 cibi
2197 499 2250 545 et
2279 498 2436 560 potus
2457 503 2521 543 ac
2549 487 2988 542 vestimentorum
3018 483 3313 555 patiuntur,
3349 498 3481 553 pau-
3580 486 3585 491 “

3370 365 3477 421 818

1899 596 2059 654 peres
2092 590 2407 638 consuetam
2437 579 2963 648 eleemosynamnon
3021 573 3315 644 accipiunt,
3373 588 3473 628 ne-

1901 672 2455 747 gligunturhospites,
2488 669 2808 723 fraudantur
2829 666 3025 735 captivi
3059 674 3115 720 et
3168 663 3309 719 fama
3359 681 3477 720 om—

1901 764 2050 817 nium
2083 761 2276 816 merito
2304 760 2594 813 laceratur.
2644 757 2713 811 Et
2739 756 2956 825 quidem
2980 754 3025 808 si
3056 754 3173 809 haec
3197 769 3228 807 a
3259 755 3479 825 paganis

1901 860 2178 925 pateretur
2199 850 2460 914 Ecclesia,
2511 849 2826 920 patientiam
2868 846 3151 917 ﬂagitaret.
3200 846 3355 901 Nunc
3384 861 3475 900 au-

1903 951 2010 999 tem
2032 942 2275 1012 oppressi
2305 956 2339 995 a
2369 939 2492 994 filiis
2524 939 2743 1003 nostris,
2775 938 2877 992 hoc
2902 946 2986 991 est
3017 936 3085 990 ab
3118 935 3203 990 bis
3237 949 3373 1004 quos
3399 950 3473 990 ve.

1902 1044 2002 1084 nos
2022 1027 2105 1083 vel
2125 1028 2438 1099 decessores
2468 1024 2637 1079 nostri
2672 1025 2724 1077 in
2750 1021 2969 1077 Christo
2996 1021 3303 1087 gennimus,
3325 1019 3481 1074 Chri-

1902 1120 2105 1175 stianos
2133 1133 2225 1173 eos
2247 1126 2431 1172 nostro
2455 1114 2756 1169 ministerio
2796 1111 3072 1176 facientes,
3128 1110 3327 1165 nullam
3376 1125 3475 1178 pa-

1903 1211 2107 1267 tientia:
2135 1208 2560 1265 consolationem
2591 1205 2901 1274 recipimus,
2949 1204 3204 1273 quoniam
3244 1202 3312 1257 de
3358 1201 3479 1255 illo-

1902 1316 2023 1358 rum
2058 1302 2275 1357 interitu
2332 1315 2354 1338 ο
2412 1297 2784 1352 formidamus.
2846 1293 3025 1357 Certe,
3088 1291 3229 1361 quod
3278 1289 3479 1354 nullus,

1902 1405 2208 1463 quanquam
2252 1386 2769 1457 impudentissimus,
2824 1396 3022 1453 negare
3063 1380 3298 1445 audebit,
3354 1394 3481 1449 pos-

1904 1483 2075 1552 sessio
2129 1480 2386 1537 Ecclesiae
2424 1491 2607 1533 velum
2658 1485 2742 1531 est
2788 1474 3046 1538 fidelium,
3102 1472 3484 1542 patrimonium

1903 1573 2064 1645 203
2091 1586 2409 1643 pauperum,
2435 1567 2730 1636 redemptio
2750 1566 3072 1620 animarum.
3108 1563 3302 1618 Votum
3346 1575 3477 1632 ergo

1903 1665 2126 1722 alterius
2156 1663 2426 1734 quomodo
2454 1661 2737 1730 quisquam
2765 1657 2873 1711 Deo
2892 1655 3052 1711 audet
3084 1653 3335 1709 auferre?
3362 1651 3485 1706 Hae-

1905 1758 2190 1813 reditatem
2221 1767 2519 1824 pauperum
2551 1765 2655 1820 qua
2681 1747 2983 1804 temeritate
3002 1744 3281 1816 praesumit
3326 1742 3479 1797 inva-

218 1872 412 1928 διίωηι
444 1832 823 1939 inquirendum
847 1880 967 1921 esse
1012 1832 1354 1924 οοῖιεεηευω,
1409 1861 1498 1916 cui
1549 1858 1803 1914 resistere
1829 1849 1877 1909 B
1905 1847 2071 1903 dere?
2094 1845 2247 1903 Unde
2270 1843 2362 1898 alii
2384 1856 2511 1897 suas
2538 1841 2748 1895 animas
2795 1838 3160 1901 redemerunt,
3202 1849 3299 1889 cur
3350 1832 3478 1887 inde

214 1979 322 2018 nee
353 1961 597 2017 volumus
619 1974 720 2014 nee
739 1957 1001 2012 valemus.
1032 1955 1198 2011 Nobis
1218 1963 1421 2019 tamen,
1450 1952 1496 2008 si
1523 1951 1653 2022 quid
1697 1950 1803 2006 tale

214 2053 382 2108 alieni
409 2049 673 2106 committi
700 2056 897 2119 potest,
921 2055 1106 2103 etnon
1152 2047 1257 2101 alia
1296 2060 1459 2117 quam
1493 2058 1618 2114 quae
1658 2058 1803 2113 prae-

217 2141 465 2196 tenditur
492 2140 622 2194 latet
655 2153 838 2203 causa,
868 2137 942 2192 illi
995 2136 1337 2207 potissimum
1381 2132 1674 2190 convenire
1726 2132 1806 2187 vi-

215 2233 380 2285 detur
399 2230 490 2298 qui
520 2236 574 2283 et
606 2226 981 2284 communione
1009 2224 1298 2281 sacerdotii
1330 2222 1486 2278 nobis
1538 2230 1594 2276 et
1635 2218 1808 2276 excel-

214 2319 401 2374 lentiae
430 2326 623 2373 vestra:
644 2314 1063 2386 propinquitatis
1078 2312 1356 2385 privilegio
1380 2311 1635 2369 sociatur.

1017 2445 1131 2500 Xll.

217 2566 292 2623 Ut
313 2565 551 2623 ecclesiis
579 2573 627 2618 et
650 2561 986 2617 monasteriis
1008 2560 1353 2614 restituantur
1375 2555 1490 2611 loca
1535 2564 1585 2610 et
1602 2554 1806 2625 praedia

547 2633 897 2689 ecclesiastica
917 2647 1033 2703 qua:
1053 2629 1174 2684 laici
1193 2629 1478 2700 possident.

293 2748 590 2804 Veniemus
620 2759 765 2800 nunc
799 2743 866 2798 ad
895 2742 1138 2797 ultimam
1178 2748 1388 2811 partem
1426 2736 1807 2793 admonitionis

214 2836 447 2903 nostrae,
502 2850 665 2908 quam
715 2849 821 2904 qua
888 2832 1184 2888 intentione
1222 2829 1539 2897 fundimus,
1602 2828 1810 2884 dederit

215 2930 370 2986 Deus
392 2936 450 2982 ut
472 2942 566 2982 vos
593 2940 656 2980 ae
676 2938 929 2995 proceres
957 2921 1245 2990 eaeterique
1293 2918 1478 2974 fideles
1529 2933 1592 2973 ea
1642 2917 1808 2972 devo-

217 3017 376 3073 tione
405 3006 728 3085 suscipiatis.
768 3010 1025 3066 Videmus
1053 3009 1199 3065 enim
1230 3008 1368 3063 iram
1401 3007 1500 3062 Dei
1553 3007 1709 3062 nobis
1753 3014 1809 3061 et

215 3106 382 3162 vobis
424 3104 731 3166 imminere,
796 3116 921 3156 eum
975 3114 1074 3169 pro
1132 3098 1333 3168 rapinis
1390 3105 1447 3153 et
1482 3096 1809 3153 immanibus

1906 1935 1998 1999 alii
2027 1950 2153 1991 suas
2172 1932 2436 2004 perdunt?
2457 1932 2643 1999 Itaque
2687 1927 2932 1999 quaedam
2968 1926 2988 1964 τ
3020 1926 3138 1980 loca
3192 1923 3478 1980 venerabi-

1906 2024 2000 2089 lia,
2018 2020 2168 2093 quod
2193 2034 2470 2089 nunquam
2497 2027 2656 2073 antea
2689 2015 2932 2070 auditum
2962 2022 3067 2079 est,
3110 2012 3234 2068 laici
3279 2027 3348 2067 ex
3398 2012 3484 2067 in-

1908 2124 2060 2186 tegro
2080 2111 2379 2185 possident,
2407 2108 2764 2180 quorumdam
2793 2114 3004 2177 partem
3046 2105 3148 2160 sibi
3187 2104 3487 2169 vindicant,

1906 2203 2263 2276 quorumdam
2289 2201 2489 2271 pnedia
2511 2198 2883 2272 multipliciter
2902 2196 3071 2252 divisa
3096 2196 3150 2250 in
3200 2197 3490 2253 haeredita-

1909 2304 2017 2352 tem
2043 2294 2149 2351 sibi
2186 2292 2304 2349 dari
2335 2291 2602 2347 fecerunt.
2664 2288 2906 2361 Egyptii
2951 2289 3284 2354 sacerdotes,
3326 2287 3489 2345 famis

1906 2385 2232 2441 necessitate
2268 2381 2483 2438 caeteris
2513 2390 2707 2436 cuncta
2759 2379 3135 2444 vendentibus,
3185 2393 3314 2434 suas
3360 2394 3487 2450 pos-

1907 2479 2176 2535 sessiones
2205 2476 2545 2531 retinuerunt
2560 2470 2711 2544 (Gen.
2726 2472 2895 2538 xnvn)
2915 2487 2931 2537 ;
2946 2480 3001 2526 et
3016 2470 3137 2526 falsi
3150 2471 3224 2525 dii
3241 2485 3491 2527 reveren-

1906 2570 2040 2625 tiam
2082 2583 2113 2623 a
2160 2566 2273 2623 suis
2324 2564 2625 2621 cultoribus
2670 2569 3017 2626 meruerunt,
3063 2576 3225 2630 quam
3283 2561 3336 2615 in
3389 2563 3492 2616 hac

1907 2671 2061 2734 parte
2088 2659 2236 2714 solus
2255 2667 2311 2712 et
2338 2670 2500 2712 verus
2520 2655 2662 2709 Deus
2686 2667 2791 2707 non
2824 2653 3047 2707 obtinet.
3107 2652 3218 2708 Oza
3260 2667 3475 2722 percus-

1908 2764 2001 2805 sus
2031 2758 2116 2803 est
2138 2753 2425 2819 propterea
2449 2743 2593 2813 quod
2639 2750 2916 2796 nutantem
2971 2756 3155 2796 aream
3207 2741 3492 2797 sublevare

1907 2834 2270 2909 pmsumpsit,
2295 2847 2458 2903 quam
2487 2825 2707 2900 tangere
2754 2828 2908 2884 nefas
2950 2838 3072 2884 erat
3112 2827 3201 2901 (II
3233 2828 3358 2900 Reg.
3391 2830 3489 2901 γι).

1909 2928 2104 2984 Rideat
2132 2926 2237 2980 hoe
2261 2923 2475 2994 aliquis,
2517 2922 2643 2987 nisi,
2691 2921 2833 2992 quod
2869 2936 3080 2975 summo
3112 2920 3311 2981 ,dolore
3360 2921 3493 2977 dici-

1909 3034 2051 3083 mus,
2082 3016 2303 3088 quidam
2333 3027 2685 3085 oppressores
2708 3010 2966 3067 Ecclesiae
2987 3010 3206 3081 dignum
3230 3010 3346 3066 suis
3376 3025 3495 3066 mo-

1909 3108 2061 3164 ribus
2081 3106 2286 3162 exitum
2308 3112 2496 3160 nostro
2524 3103 2686 3158 etiam
2709 3109 2948 3170 tempore
2972 3101 3312 3156 invenerunt.
3368 3099 3495 3155 Pro-

215 3202 348 3259 aliis
365 3199 677 3263 sceleribus,
704 3204 818 3252 tum
870 3195 1038 3251 etiam
1084 3194 1319 3249 maxime
1361 3192 1504 3263 quod
1551 3191 1804 3248 Ecclesiae
1831 3193 1877 3256 C
1907 3198 2066 3270 pheta
2109 3195 2311 3252 clamat
2339 3211 2353 3248 :
2385 3193 2490 3260 Qui
2532 3192 2774 3246 dixerunt
2802 3207 2821 3246 .-
2864 3190 3193 3246 Ηιυνοάὶιαιε
3228 3193 3495 3262 possm“-

215 3289 533 3355 facultates,
555 3302 692 3358 quas
714 3300 869 3357 reges
893 3292 949 3340 et
1001 3283 1196 3354 reliqui
1245 3281 1540 3338 Christiani
1565 3281 1675 3337 Deo
1709 3297 1805 3336 vo-

213 3388 422 3438 verunt
449 3380 516 3433 ad
538 3378 850 3433 alimentum
874 3389 1153 3431 servorum
1178 3372 1275 3427 Dei
1301 3359 1357 3428 et
1386 3386 1707 3443 pauperum,
1735 3371 1805 3427 ad
1828 3420 1831 3423 Α

215 3469 599 3538 exceptionem
638 3466 916 3536 hospitum
942 3505 958 3529 ,
1007 3462 1430 3532 redemptionem
1472 3461 1807 3531 captivorum

217 3570 391 3632 atque
419 3558 738 3628 templorum
769 3556 864 3611 Dei
891 3553 1365 3618 instaurationem,
1410 3551 1598 3607 nunctl
1622 3552 1677 3606 in
1707 3566 1807 3607 usu

216 3651 566 3711 saeuiarium
590 3649 917 3706 detinentur.
946 3647 1084 3703 Hine
1105 3645 1256 3701 multi
1294 3645 1438 3702 servi
1487 3645 1584 3700 Dei
1635 3659 1808 3714 penu-

297 3823 324 3852 ι
356 3809 548 3880 Agium
568 3810 939 3880 presbyterum.
962 3805 1119 3880 Jonze
1132 3804 1531 3880 Aurelianensis
1547 3803 1805 3880 episcopi,

218 3881 314 3951 qui
344 3874 588 3951 proxime
616 3874 942 3943 decesserat,
970 3876 1350 3946 pr0pinquum,
1375 3882 1434 3928 ut
1480 3874 1535 3929 in
1581 3874 1807 3945 epistola

217 3947 284 4005 2|
317 3947 480 4003 docet
503 3947 703 4017 Lupus.

296 4021 325 4061 ιι
356 4018 550 4098 Ratum
582 4011 692 4098 esse
734 4016 1034 4098 permitted
1063 4014 1439 4098 Agnoscebant
1464 4011 1646 4083 itaque
1669 4020 1808 4098 "tum

219 4088 489 4157 temporis
517 4083 749 4155 episcopi
778 4085 1059 4149 Gallicani,
1088 4083 1260 4157 ratam
1285 4100 1391 4157 non
1422 4098 1551 4157 esse
1563 4083 1805 4157 _ordina-

221 4151 433 4214 tionem
456 4151 573 4226 qua}
593 4151 741 4226 regio
764 4171 1028 4210 consensu
1071 4153 1483 4226 destituebatur.
1530 4151 1667 4226 Num
1702 4167 1809 4222 quo

220 4222 492 4300 pertinuit
525 4222 683 4300 orare
708 4225 976 4300 Carolum
1010 4232 1068 4300 ςιι
1099 4225 1515 4300 ordinationem
1552 4222 1671 4300 Agii
1724 4238 1812 4300 ra:

221 4292 342 4353 iam
372 4311 494 4351 esse
521 4296 744 4357 sineret,
769 4295 817 4349 si
847 4293 980 4349 nihil
1002 4292 1143 4361 juris
1174 4295 1226 4347 in
1251 4308 1317 4347 eo
1339 4292 1811 4362 negotioprincipi

222 4366 670 4435 eompetivisset?
713 4366 846 4419 Tum
872 4372 1072 4435 uteum
1123 4363 1333 4435 facilius
1381 4361 1699 4435 pertrahunt
1742 4361 1811 4417 ad

220 4432 579 4499 consensum,
613 4435 686 4489 illi
725 4434 1093 4498 blandiuntur,
1121 4434 1248 4489 dum
1275 4433 1426 4487 aiunt
1453 4432 1647 4501 Agium
1689 4447 1812 4489 esse

221 4508 617 4578 praesbyterum
648 4504 831 4578 palatii
852 4504 1007 4578 regii.

1907 3305 2024 3344 mus
2042 3286 2404 3343 sanctuarium
2436 3284 2562 3349 Dei;
2596 3283 2734 3338 Deus
2752 3300 2919 3348 meus,
2941 3300 3073 3354 pone
3093 3283 3213 3338 illo:
3240 3296 3294 3338 ut
3321 3295 3493 3340 rotam

1907 3389 1955 3435 et
1980 3381 2112 3435 sicut
2143 3376 2392 3448 stipulam
2428 3385 2550 3430 ante
2601 3376 2787 3445 faciem
2851 3376 2986 3431 venti
3042 3374 3215 3447 (Psal.
3262 3377 3493 3449 Luxu).

1907 3469 2193 3525 Postremo
2218 3468 2334 3538 ipse
2354 3467 2610 3523 Dominus
2630 3464 2788 3521 Jesus
2808 3466 3056 3521 conditor
3073 3475 3128 3521 et
3148 3466 3457 3538 redemptor
3477 3488 3493 3524 :

1911 3558 2051 3625 Quid
2072 3558 2279 3629 proﬁcit
2302 3558 2481 3625 homo,
2525 3556 2570 3611 si
2614 3556 2846 3610 lucretur
2880 3556 3174 3610 universum
3214 3559 3492 3623 mundum,

1908 3665 1965 3706 se
2002 3658 2177 3705 autem
2223 3649 2396 3719 ipsum
2446 3648 2649 3717 perdat,
2682 3656 2730 3701 et
2759 3645 3122 3701 detrimentum
3147 3647 3231 3701 sui
3280 3646 3499 3716 faciat?

1912 3806 2240 3889 strissimum
2267 3805 2442 3889 virum
2463 3804 2682 3889 Petrum
2706 3805 3485 3889 de‘Marca,__arehiepisc0pum

1908 3876 2291 3941 Parisiensem,
2314 3876 2368 3930 in
2390 3875 2482 3931 lib.
2513 3892 2587 3941 vt,
2640 3875 2707 3930 de
2755 3875 3055 3931 Concordia
3096 3875 3387 3933 sacerdotii
3433 3888 3491 3934 et

1909 3946 2123 4001 imperii
2148 3961 2269 4001 can.
2298 3946 2387 4001 29.

1909 3962 2123 4017 imperti
2148 3961 2269 4017 cap.
2298 3961 2387 4001 κθ.

2041 4015 2109 4070 In
2131 4014 2231 4070 usti
2251 4014 2606 4090 swcularium.
2637 4015 2765 4090 [imp
2793 4015 2913 4085 quis
2960 4017 3249 4090 non_videt
3283 4019 3488 4090 scripta

1911 4101 2031 4158 esse
2058 4101 2156 4158 pro
2178 4086 2585 4158 recuperatione
2636 4086 3013 4158 Cellaegsaneti
3059 4085 3282 4158 Judoci;
3326 4085 3493 4158 quam

1912 4154 2218 4228 Ludovicus
2247 4154 2395 4217 Pius,
2436 4156 2579 4228 quod
2608 4157 2766 4228 toties
2814 4156 3052 4228 inculcat
3100 4157 3306 4228 Lupus,
3343 4154 3493 4215 Fer-

1912 4226 2142 4281 rariensi
2173 4228 2502 4282 monasterio
2533 4226 2776 4291 dederat,
2807 4225 3032 4281 Carolus
3075 4225 3202 4283 vero
3250 4228 3491 4286 abstule—

1912 4304 2015 4360 rat,
2057 4305 2116 4351 ut
2140 4310 2260 4350 eam
2284 4295 2531 4364 Udulpho
2552 4296 2757 4360 comiti,
2792 4295 2997 4350 homini
3026 4296 3279 4353 nimirum
3315 4314 3488 4353 saecu-

1913 4365 2336 4438 lari,_t_raderet?
2368 4364 2495 4438 Sed_
2510 4380 2637 4438 ecce
2674 4367 2835 4420 verba
2871 4366 3005 4436 Lupi
3029 4380 3095 4421 ex
3122 4368 3344 4438 epistola
3395 4368 3490 4431 44,

1916 4434 2431 4507 addllincmarumu
2461 4434 2819 4507 Rhemensem
2853 4477 2868 4501 ,
2941 4434 3038 4505 pro
3087 4434 3495 4507 reeuperatione

1916 4503 2095 4570 Cellae,
2138 4513 2246 4559 tam
2274 4505 2470 4577 similia
2503 4506 2691 4577 verbis
2738 4506 2894 4577 istius
2943 4503 3190 4577 canonis,
3215 4503 3301 4561 ἰιι
3355 4523 3492 4577 pene

300 4588 322 4616 c
357 4554 1073 4645 Diogenis.’Arch_i_epi°sé¢pi
1124 4571 1399 4645 Metensis,
1441 4570 1528 4645 cu_i
1588 4570 1809 4645 sergius
1836 4554 1889 4614 D
1914 4554 2702 4645 an};oma'ssigasns;
2735 4554 3496 4645 ῗῖᾶόκίῖὖῦἒῖἰξιέιιιὲἐδιῖιῖἰὶῖι

222 4647 267 4701 ll
297 4661 437 4716 papa
451 4640 926 4716 vicesapostolieee
944 4640 1086 4698 sedis
1109 4643 1464 4716 delegaverat.
1488 4642 1619 4695 Erat
1635 4640 1808 4716 Drogo

222 4710 409 4772 Caroli
449 4713 623 4783 Magni
657 4710 810 4783 illius
851 4727 917 4766 ex
967 4710 1309 4783 concubina;
1357 4712 1585 4779 ideoque
1620 4729 1638 4761 ‹
1670 4710 1810 4766 fastu

223 4787 392 4856 regize
412 4781 676 4856 prosapiae
699 4782 1048 4856 subvectus,»
1083 4794 1141 4856 ut
1166 4782 1241 4836 ait
1266 4781 1604 4856 Hincmarus,
1634 4799 1653 4831 ι
1673 4795 1812 4856 ρης-ς

222 4849 487 4910 latiorieiti
524 4849 588 4923 in:
604 4851 888 4922 Cisalpinis
918 4853 1225 4923 regionibus
1248 4920 1258 4923 Α
1280 4859 1523 4923 tempore
1568 4849 1810 4923 Letharii

224 4927 362 4995 imp.
394 4925 533 4995 apud
558 4920 803 4995 Sergium
831 4920 1023 4995 papam
1053 4920 1305 4995 obtinuit.
1340 4920 1635 4995 seduquod
1682 4920 1811 4975 affe-

223 4988 322 5050 ctu
350 4988 559 5053 ambiit,
583 4988 774 5047 effectu
798 4988 916 5046 non
938 4993 1152 5056 habuit;
1181 4999 1236 5046 et
1255 4990 1396 5060 quod
1416 4988 1666 5044 efﬁcacia:
1689 5006 1809 5056 usu,

224 5081 337 5120 non
362 5063 827 5119 consentientibus
866 5063 1062 5131 quibus
1091 5059 1373 5131 intererat.
1421 5059 1664 5131 obtinere
1703 5074 1811 5115 non

222 5128 968 5205 potuit,_patientissime,'ut
1002 5130 1363 5205 eumdecuit,
1408 5128 1686 5193 toleravit;
1729 5139 1810 5205 ne

225 5200 550 5260 scandalum
574 5201 834 5257 fratribus
863 5201 1340 5256 consaeerdotibus
1360 5213 1645 5269 generans,
1666 5200 1811 5253 schi-
1843 5256 1852 5266 _

225 5290 348 5329 sma
373 5274 425 5327 in
457 5272 755 5327 Ecclesiam
784 5272 1166 5326 introduceret.
1209 5290 1227 5321 ι
1257 5269 1442 5339 Itaque
1467 5269 1593 5324 licet
1633 5270 1810 5339 Drogo

227 5342 549 5415 praesederit
577 5342 629 5415 in
661 5342 889 5415 concilio
921 5342 986 5395 ad
1017 5339 1574 5415 Theodonis_Vil|am,_
1593 5340 1644 5393 in
1691 5339 1811 5394 loco

226 5409 325 5483 ξιιιί
357 5412 556 5483 dicitur
581 5410 874 5483 Iudicium,
905 5426 1009 5465 non
1024 5413 1215 5483 rstatim
1255 5409 1669 5483 existimandum
1727 5419 1811 5483 est

226 5480 289 5538 id
320 5482 542 5537 honoris
568 5482 616 5536 ei
672 5482 933 5535 tributum
985 5482 1054 5536 ob
1104 5482 1249 5534 vices
1298 5480 1604 5549 apostolicae
1646 5481 1807 5549 sedis.

226 5554 432 5621 Datum
468 5552 520 5606 id
542 5552 810 5606 nobilitati
838 5551 954 5618 ejus
979 5567 1084 5605 non
1123 5560 1307 5605 autem
1338 5548 1641 5621 legationi,
1676 5548 1810 5621 lﬁ'am

226 5618 438 5679 diserte
457 5622 716 5691 scriptum
727 5630 814 5676 est
829 5621 881 5676 in
901 5621 1054 5675 titulo
1076 5621 1264 5692 synodi
1281 5621 1348 5674 ad
1372 5618 1676 5692 Theodonis
1694 5618 1807 5674 Vil-

226 5693 346 5747 lam
376 5690 676 5762 Drognnem
697 5692 747 5745 ei
778 5690 1372 5762 praesedisse‘consensu
1395 5690 1810 5762 eorumdent‘re-

224 5778 379 5833 gum,
409 5762 461 5816 id
490 5759 593 5822 est.
623 5759 891 5826 Lotharii,
922 5760 1178 5815 Ludovici
1205 5771 1258 5817 et
1282 5760 1481 5818 Caroli.
1533 5759 1665 5817 Vide
1680 5760 1809 5816 illu-

558 5853 834 5914 Psrnoc.
876 5851 1105 5913 CXIX.

1911 4654 1965 4699 et
1998 4653 2204 4699 resarta
2232 4643 2374 4700 ferre
2402 4646 2739 4708 vestimenta,
2763 4653 2817 4698 et
2847 4644 3042 4699 famem
3092 4643 3229 4713 pene
3277 4661 3493 4713 semper

1911 4713 2042 4785 solis
2060 4714 2299 4769 oleribus
2347 4722 2402 4769 et
2447 4716 2706 4785 emptitiis
2752 4714 3110 4785 leguminibus
3166 4723 3492 4785 temperare.

1912 4783 2051 4839 Hinc
2073 4793 2375 4854 queruntur
2402 4783 2603 4839 infirmi
2650 4800 2663 4838 :
2702 4783 2843 4853 apud
2873 4799 2971 4854 nos
2999 4794 3256 4854 consueta
3278 4783 3291 4785 “
3312 4786 3495 4854 requi-

1914 4864 2060 4935 εαξη,
2102 4868 2201 4935 nec
2251 4855 2548 4935 inveniunt,
2590 4855 2849 4935 ltOSpites.
2901 4853 3191 4935 Prieseutia
3232 4853 3496 4935 _tentp0ra

1912 4922 2266 4995 infamantur,
2296 4934 2352 4979 et
2382 4924 2524 4995 Deus
2562 4924 2627 4995 ad
2656 4924 2951 4995 vindictam
2997 4923 3321 4995 sinedubio
3362 4922 3499 4995 'pro-

1916 4997 2159 5049 vocatur.
2197 5013 2215 5045 ι
2249 4994 2380 5066 Item
2412 4994 2465 5047 in
2492 4992 2717 5066 epistola
2753 4992 2839 5059 7t,
2887 4993 2964 5066 ad
2989 4991 3239 5066 Carolum
3291 4991 3493 5066 regem,

1916 5072 2042 5118 ante
2070 5061 2537 5132 recuperationem
2583 5061 2743 5117 Cella:
2795 5080 2808 5116 :
2858 5081 2876 5111 ι
2930 5061 3102 5128 Quam
3159 5063 3230 5118 ob
3274 5061 3495 5120 caesam

1914 5148 2059 5215 nunc
2088 5133 2182 5215 Dei
2202 5133 2507 5215 servi,_qui
2550 5147 2649 5213 pro
2694 5132 2849 5186 vobis
2899 5132 3122 5213 assidite
3156 5142 3336 5200 orant,
3392 5137 3496 5191 hoc

1913 5203 2148 5276 triennio
2176 5201 2447 5276 consueta
2468 5201 2790 5276 vestimenta
2821 5217 2926 5276 non
2953 5201 3251 5271 accipiunt;
3295 5214 3349 5260 et
3374 5222 3493 5276 quae

1913 5272 2057 5344 ferre
2080 5274 2501 5344 compelluntur,
2516 5272 2705 5344 attrita
2732 5281 2786 5325 et
2817 5272 3073 5344 pleraque
3105 5282 3308 5328 resarta
3331 5272 3490 5340 sunt;

1911 5340 2271 5412 leguminibus
2296 5343 2558 5410 emptitiis
2599 5340 2973 5396 sustentantur
2992 5340 2999 5341 ⁷
3019 5343 3245 5411 piscium
3273 5354 3327 5399 et
3348 5349 3495 5401 casei

1918 5412 2339 5482 consolationem
2370 5412 2645 5482 rarissime
2665 5424 3090 5482 consequuntur.
3124 5432 3142 5465 ι

1995 5493 2018 5520 ο
2040 5480 2435 5535 Formidamus.
2469 5481 2665 5551 Lupus,
2704 5480 2865 5551 epist.
2890 5482 2982 5547 44,
3008 5482 3061 5535 in
3089 5483 3274 5537 eadem
3301 5499 3497 5541 causa:

1924 5568 1944 5601 ι
1982 5551 2133 5606 Ultra
2162 5567 2322 5621 quam
2352 5552 2457 5607 diei
2487 5562 2662 5621 potest
2686 5551 2936 5619 formido,
2968 5567 3034 5607 ne
3062 5553 3325 5609 citissime
3380 5560 3496 5609 suis

1917 5621 2151 5694 inimicis
2173 5622 2421 5694 gaudium
2450 5624 2626 5694 pariat
2646 5630 2977 5694 exoptatum.
3005 5643 3023 5675 ι

1993 5691 2015 5773 ξ
2040 5690 2540 5773 [iocaretur-abditi.
2565 5692 2620 5748 ld
2652 5703 2735 5748 est
2750 5690 3110 5773 monasteria.
3163 5692 3334 5762 Supra
3371 5707 3495 5749 can.

1915 5762 1969 5831 '5,
1998 5762 2050 5816 in
2071 5761 2198 5817 locis
2220 5764 2434 5834 sanctis,
2467 5764 2517 5821 id
2543 5773 2626 5821 est
2647 5764 3008 5821 monasteriis.

3022 5855 3100 5914 20
