4034 6298
521 409 633 465 619

1534 405 1590 461 s.
1638 402 1696 459 s.
1740 403 1897 460 LUPl
1934 397 2227 457 ABBATIS
2261 373 2770 452 rsuaanmnsrs‘

3687 397 3800 453 620

526 520 743 590 (Matth.
785 519 919 593 XVI.)
957 521 1024 575 Et
1048 520 1326 590 quisquam
1356 523 1463 569 tam
1505 514 1677 567 audax
1704 522 1759 567 et
1802 512 2115 582 desperatus
2146 512 2191 570 Α
2219 505 2574 577 pravitatibus
2596 506 2664 559 ad
2692 501 2977 593 Dominum
3009 508 3409 593 convvi-tamur.
3438 510 3496 593 et
3520 502 3801 558 declinan-

525 611 800 667 invenitur
817 610 906 679 qui
930 608 1298 680 possessiones
1319 606 1458 659 Deia
1494 605 1561 659 ad
1602 603 1959 658 certissimam
1989 616 2110 672 per-

531 701 729 757 niciem
758 714 908 755 suam
952 706 1180 767 occupet
1206 704 1262 751 et
1294 694 1546 749 invadat?
1597 692 1847 749 Olideles
1897 692 2007 746 Deo
2056 699 2114 746 et

535 790 691 845 vobis
719 789 868 860 ipsis,
901 787 1066 843 nolite
1093 800 1191 852 pro
1216 782 1496 853 temporali
1519 782 1849 837 abundantia
1899 782 2112 836 divitia-

529 896 649 934 rum
700 879 895 934 mereri
945 876 1330 946 sempiternam
1382 873 1690 941 congeriem
1747 872 2109 938 miseriarum,

528 988 630 1033 nee
649 971 788 1026 ultra
823 971 987 1025 decus
1032 968 1227 1022 anima:
1276 976 1468 1020 vestrae
1513 973 1619 1018 tam
1674 962 1952 1034 pestifero,
2005 971 2114 1016 tam

530 1063 794 1125 inaudito,
852 1069 963 1115 tam
1017 1059 1251 1129 denique
1304 1066 1456 1113 certo
1505 1056 1789 1126 sacrilegio
1837 1055 2113 1125 polluatis.

530 1151 762 1207 Reddite
784 1151 895 1205 Deo
920 1165 1042 1213 sua,
1064 1157 1124 1202 ut
1144 1156 1322 1202 vestra
1343 1161 1464 1201 cum
1482 1160 1613 1215 pace
1634 1144 1980 1215 possideatis,
2007 1154 2117 1197 tor—

527 1249 710 1296 menta
734 1240 978 1299 evadatis
1006 1247 1227 1301 aeterna,
1254 1247 1310 1292 et
1361 1236 1704 1306 postmodum
1751 1235 1815 1289 ad
1862 1234 2116 1305 gaudium

530 1329 744 1384 Domini
766 1327 930 1400 204.
949 1312 1120 1382 ιιοείνὶ
1138 1367 1152 1391 ,
1177 1336 1236 1381 ιιι
1260 1327 1403 1381 servi
1432 1324 1634 1386 ﬁdeles,
1661 1322 2117 1379 intromittamini.

532 1418 832 1474 Saeculares
844 1419 1078 1472 honores
1089 1416 1374 1473 sazculares
1384 1415 1709 1485 possideant,
1725 1413 2122 1469 ecclesiasticos

535 1505 891 1562 ecclesiastici
920 1505 1232 1560 sortiantur.
1255 1503 1365 1559 Nec
1388 1518 1485 1557 nos
1512 1501 1831 1557 insatiabilis
1860 1501 2123 1571 cupidita-

534 1596 605 1651 tis
635 1594 895 1664 arguatis,
947 1594 1092 1664 quia,
1141 1593 1543 1662 qualescunque
1585 1607 1792 1657 sumus,
1840 1606 1967 1646 vera
2024 1605 2124 1646 nos

536 1688 720 1743 dicere
752 1701 853 1742 nec
874 1686 975 1757 ipsi
1003 1685 1245 1742 nescitis.
1278 1684 1366 1751 Et,
1391 1685 1519 1740 licet
1539 1684 1720 1756 pauci,
1768 1691 1895 1739 sunt
1940 1692 2124 1739 tamen

541 1776 570 1815 ιι
594 1776 757 1845 aliqui
790 1783 1031 1831 nostrum
1061 1774 1230 1830 Deum
1256 1774 1532 1835 timentes.
1556 1773 1645 1842 qui
1666 1773 1819 1843 juxta
1846 1772 1975 1832 illud
2001 1785 2126 1842 pro-

539 1870 815 1939 pheticum
868 1867 1230 1927 cxaudiantur
1282 1884 1295 1920 :

541 1959 714 2025 faciet,
742 1966 791 2011 et
816 1956 1230 2026 deprecationem
1250 1971 1430 2010 eorum
1451 1955 1693 2009 exaudiet
1727 1951 2115 2025 (Psal.cxt.tv).

541 2048 675 2112 Quia
702 2046 942 2102 omnium
971 2044 1095 2101 ﬁnis
1136 2045 1375 2113 quotidie
1423 2043 1846 2114 appropinquat;
1894 2050 1949 2098 et
1999 2056 2120 2111 quae

538 2136 808 2200 videntur,
832 2133 1146 2204 temporalia
1178 2143 1332 2199 sunt;
1356 2149 1476 2204 qua:
1504 2141 1681 2187 autem
1714 2146 1818 2187 non
1850 2131 2117 2198 videntur,

541 2233 763 2279 :eterna.
790 2222 850 2278 Si
877 2221 1124 2278 volumus
1163 2221 1393 2277 evadere
1443 2226 1739 2291 prarsentes
1783 2217 2121 2274 calamitates

542 2322 598 2367 et
622 2312 834 2367 futuras
871 2310 1076 2367 evitare
1119 2298 1391 2376 miserias,
1444 2308 1499 2363 in
1536 2321 1821 2363 commune
1859 2321 1892 2360 a
1919 2306 2123 2362 nostris

610 2455 638 2483 ι
672 2441 1028 2497 Certissimam
1049 2439 1346 2510 perniciem.
1372 2439 1551 2510 Lupus
1583 2438 1645 2510 in_
1662 2433 1887 2510 epistola
1916 2435 2005 2510 5A5,
2036 2436 2123 2510 lo-

542 2528 713 2583 quens
727 2513 792 2567 de
804 2506 1285 2583 Adulplto'comite,
1299 2509 1388 2583 qui
1405 2506 1605 2564 cellam
1617 2506 1803 2562 Judoci
1820 2508 2125 2583 possidebat

553 2577 574 2633 ἑ
602 2584 649 2637 ls
672 2582 924 2652 languere
945 2577 1163 2652 dicitur,
1211 2577 1403 2648 inquit,
1433 2592 1532 2652 nec
1570 2588 1679 2631 tam
1722 2577 2024 2645 periculose
2064 2584 2126 2632 ut

544 2653 629 2707 vel
652 2646 958 2724 adufonitus
995 2646 1489 2724 corrigatur,_quod
1513 2656 1827 2724 optaremus
1846 2661 1861 2710 ;
1883 2660 1991 2724 nec
2013 2656 2122 2701 tam

546 2723 788 2791 graviter
810 2729 867 2773 ut
893 2715 1180 2791 moriatur,
1200 2717 1341 2787 quod
1367 2715 1587 2787 propter
1620 2715 1737 2783 ejus
1762 2715 2124 2771 certissimam

548 2788 947 2847 damnationem
977 2788 1299 2843 doleremus.
1334 2806 1353 2839 ι

622 2862 648 2901 b
679 2859 854 2929 Aliqui
873 2867 1125 2912 nostrum.
1147 2856 1329 2929 Lupus
1348 2854 1574 2929 epistola
1612 2852 1726 2929 εξε-
1751 2853 1821 2908 ad
1866 2853 2125 2929 Hi_ncma_-

550 2945 689 2993 rum,
734 2923 832 2997 pro
888 2923 1293 2997 recuperatioue
1337 2923 1595 2997 ejusdem
1620 2923 1777 2978 Cellae
1817 2936 1879 2976 ε(
1917 2923 2129 2997 Eecerit

551 3002 652 3054 hoc
682 2992 799 3052 mea
836 2992 1057 3050 utilitas.
1088 2996 1199 3050 Cur
1227 3003 1496 3049 tantorum
1545 2992 1812 3058 virorum,
1861 2994 1951 3061 qui
2014 3010 2127 3049 me-

550 3083 672 3123 cum
698 3068 806 3120 Deo
833 3067 1097 3128 serviunt,
1126 3074 1210 3119 est
1238 3071 1544 3134 contempta
1586 3061 1885 3134 sanctitas?
1918 3061 2129 3134 ‘Vestro

553 3136 826 3192 admonitu
854 3150 1011 3190 nosse
1029 3135 1208 3199 debet,
1229 3147 1352 3188 esse
1377 3130 1518 3187 inter
1544 3132 1877 3202 nosaliquos
1899 3130 1967 3187 de
2010 3135 2129 3202 qui-

2211 608 2293 651 tes
2312 612 2342 650 a
2374 595 2537 660 malo,
2564 595 2826 648 faciamus
2847 592 3067 653 bonum,
3102 570 3327 645 ut'bona
3348 592 3560 647 Domini
3588 608 3805 648 merea-

2212 700 2332 740 mur
2356 683 2535 738 videre
2561 683 2614 735 in
2646 690 2788 735 terra
2814 679 3108 733 viventium
3141 677 3313 750 (Psal.
3344 695 3543 745 xxx";
3569 678 3599 733 1
3646 677 3800 735 Petr.

2214 790 2308 838 nt;
2353 770 2503 826 Psal.
2536 771 2706 841 xxvi).
2733 769 2813 823 Tu
2839 776 3042 833 autem,
3070 767 3367 823 clarissime
3393 783 3511 834 rex,
3530 769 3662 838 quia
3712 784 3807 823 ve-

2212 861 2426 917 rissime
2459 860 2718 928 scriptum
2750 866 2835 913 est
2863 875 2875 910 :
2904 856 3259 927 Corrumpunt
3279 858 3448 912 mora
3492 858 3656 913 bonos
3695 858 3806 912 col-

2214 951 2391 1022 loquia
2413 950 2552 1005 mala
2568 948 2620 1020 (Ι
2634 947 2758 1002 Cor.
2787 949 2900 1019 xv),
2924 947 3048 1019 fuge
3071 959 3094 988 ο
3117 963 3502 1017 perversorum
3522 949 3805 1006 consortia

2215 1050 2270 1094 et
2294 1039 2540 1104 consilia,
2573 1052 2673 1093 nec
2695 1054 2724 1092 a
2750 1047 2802 1093 te
2828 1039 3113 1106 quisquam
3140 1036 3167 1077 ἀ
3198 1045 3382 1106 petere
3416 1040 3617 1094 audeat
3658 1041 3807 1110 quod

2216 1130 2552 1200 majestatem
2579 1138 2726 1184 tuam
2746 1137 3004 1199 praestare
3030 1144 3137 1184 non
3158 1129 3366 1185 deceat.
3419 1141 3443 1169 ο
3468 1129 3581 1185 Nec
3611 1132 3809 1185 timeas

2218 1222 2387 1277 iratos
2418 1220 2690 1285 homines,
2726 1220 2829 1274 hoc
2855 1228 2939 1274 est
2964 1225 3166 1273 terram
3192 1227 3247 1273 et
3270 1219 3510 1275 cinerem
3530 1260 3546 1285 ,
3573 1220 3809 1288 amplius

2221 1330 2382 1385 quam
2411 1313 2602 1377 Deum,
2632 1312 2725 1381 qui
2757 1319 2808 1369 te
2834 1311 3062 1376 creavit,
3084 1309 3285 1379 quique
3314 1310 3371 1365 in
3400 1312 3639 1366 veritate
3659 1310 3812 1378 judi«

2220 1402 2397 1467 cabit;
2424 1398 2578 1467 cujus
2621 1400 2958 1455 voluntatem
2987 1399 3031 1453 si
3060 1398 3301 1468 perfecte
3349 1409 3569 1453 secutus
3618 1398 3807 1465 fueris,

2222 1493 2494 1550 credimus
2513 1493 2656 1562 quod
2677 1492 3041 1562 quorumlibet
3062 1492 3341 1546 hominum
3391 1499 3444 1547 te
3473 1491 3494 1531 ί
3525 1502 3812 1547 contuma-

2225 1588 2310 1642 cia
2330 1585 2601 1652 liberabit,
2622 1592 2679 1640 et
2701 1585 2953 1641 omnibus
2977 1585 3240 1655 angustiis
3258 1584 3561 1639 clementer
3587 1584 3808 1654 eripiet,

2227 1692 2293 1732 ac
2319 1677 2570 1747 posthoc
2601 1675 2893 1746 temporale
2920 1691 3146 1745 regnum
3177 1676 3248 1729 ad
3272 1684 3599 1745 perpetuum
3626 1691 3811 1731 cumu-

2227 1767 2337 1823 lata
2362 1766 2623 1822 felicitate
2647 1766 2925 1836 perducet.
2974 1765 3032 1819 In
3070 1763 3177 1820 [ine
3219 1778 3413 1819 omnes
3460 1764 3809 1835 alloquimur,

1354 1865 1688 1920 Voluntatem
1733 1864 2025 1918 timentium
2066 1879 2121 1918 se
2152 1854 2199 1915 Β
2225 1861 2369 1931 quod
2396 1860 2443 1915 si
2494 1860 2694 1917 nostris
2737 1857 3068 1914 salutaribus
3115 1856 3498 1926 acquieveritis
3549 1856 3810 1921 consiliis,

2226 1958 2406 2007 vestro
2428 1948 2691 2021 profectui
2718 1948 3007 2019 plurimum
3030 1946 3543 2017 congratulabimur.
3592 1947 3689 2001 Sin
3721 1962 3813 2002 au-

2224 2052 2333 2100 tem
2357 2057 2476 2107 nos,
2504 2042 2614 2097 imo
2641 2042 2811 2096 Deum
2840 2056 2937 2111 per
2977 2056 3076 2095 nos
3120 2039 3426 2109 loquentem
3470 2048 3813 2109 contempse-

2226 2132 2368 2198 ritis,
2397 2135 2422 2172 ⁸
2441 2131 2764 2188 necessitate
2787 2129 3044 2200 implendi
3062 2129 3346 2185 ministerii
3373 2132 3519 2201 quod
3548 2131 3813 2187 nollemus

2226 2221 2407 2279 facere
2435 2220 2843 2291 compellemur.

2225 2430 2420 2494 caelum
2436 2446 2493 2493 et
2512 2445 2732 2502 terram,
2756 2437 2848 2506 qui
2867 2438 3104 2494 custodit
3119 2438 3403 2493 veritatem
3425 2436 3479 2492 in
3499 2437 3809 2493 smeulum.»

2301 2507 2322 2547 ί
2352 2507 2695 2577 Contumacia
2725 2507 2982 2561 liberabit.
3009 2507 3193 2576 Lupus
3246 2508 3298 2577 in
3348 2509 3543 2562 eadem
3589 2507 3813 2577 epistola

2226 2576 2295 2631 64
2325 2594 2339 2631 :
2375 2596 2394 2629 ι
2426 2575 2820 2649 Htecstudiose
2848 2575 3239 2649 custodientes,
3284 2576 3392 2632 Deo
3417 2586 3470 2630 et
3488 2575 3663 2649 bonis
3691 2579 3809 2648 qni—

2226 2650 2435 2716 busque
2467 2645 2767 2715 placebitis,
2810 2647 3036 2701 rebelles
3066 2648 3216 2717 Deo,
3264 2654 3321 2701 ut
3349 2645 3671 2711 credimus,
3709 2645 3816 2717 pro

2226 2718 2383 2773 vobis
2406 2726 2706 2787 pugnante,
2739 2716 3108 2787 cotnprimetis
3125 2725 3290 2787 atque
3310 2717 3561 2779 vincetis,
3590 2726 3651 2771 et
3697 2716 3814 2787 post

2228 2785 2453 2868 regnum
2483 2785 2776 2868 temporale
2798 2785 2960 2868 alQue
2990 2785 3340 2851 laboriosum,
3390 2785 3809 2856 consequemini

2228 2863 2614 2924 sempiternum
2632 2863 2690 2909 et
2716 2871 2842 2912 vere
2868 2863 3126 2925 quietum.
3160 2872 3178 2906 ι

2304 2928 2330 2967 8
2354 2923 2541 2979 Neces.
2576 2924 2724 2994 impt.
2756 2928 2882 2980 min.
2917 2926 3009 2981 Sic
3032 2925 3220 2980 Patres
3267 2924 3461 2994 synodi
3491 2924 3815 2980 universalis

2229 2994 2429 3051 habitae
2485 2995 2626 3064 apud
2677 2994 3003 3064 Saponarias
3042 3010 3185 3050 anno
3230 2995 3358 3058 859,
3402 2997 3715 3051 scribentes
3751 2994 3810 3049 ad

2231 3063 2818 3135 episcopos’Britonum
2864 3066 2930 3120 de
2977 3065 3281 3120 reverentia
3337 3080 3458 3134 qua:
3501 3065 3572 3119 ab
3624 3065 3807 3135 iisdem

2233 3133 2502 3206 episcopis
2557 3134 2855 3206 debebatur
2908 3134 3319 3206 metropolitano
3360 3133 3681 3206 ’Turonensi
3721 3134 3815 3187 ile-

552 3209 653 3259 bus
693 3206 885 3259 merito
932 3204 1210 3272 Scriptura
1251 3211 1517 3257 testetur:
1562 3201 1893 3256 Voluntatem
1942 3201 2130 3258 timen-
2158 3202 2205 3265 C
2236 3201 2434 3269 tardo;
2450 3203 2600 3258 aiunt
2622 3204 2676 3258 in
2707 3204 2852 3258 fine:
2892 3222 2911 3255 σ
2948 3201 3148 3259 Verum
3179 3204 3249 3267 si,
3300 3205 3444 3272 quod
3497 3220 3605 3258 non
3672 3212 3815 3272 opta-

554 3276 685 3328 tium
713 3291 767 3327 se
791 3273 968 3341 faciet,
1018 3282 1065 3326 et
1119 3272 1528 3341 deprecationem
1583 3287 1765 3325 eorum
1804 3272 2069 3341 esaudiet.
2104 3284 2126 3325 I

622 3354 651 3382 θ
686 3339 1057 3412 Perversorum
1072 3339 1354 3412 consortia.
1380 3340 1556 3411 Lupus
1577 3341 1633 3395 in
1656 3339 1879 3412 epistola
1905 3340 1995 3412 64,
2012 3357 2132 3412 quae

550 3422 638 3467 est
666 3411 971 3468 exhortatio
990 3412 1056 3465 ad
1081 3410 1329 3465 Carolum
1356 3425 1536 3481 regem
1570 3428 1583 3463 :
1612 3428 1632 3461 ι
1662 3410 1842 3481 vitate
1868 3410 2131 3466 malorum

558 3483 895 3546 societatem,
930 3481 1208 3550 quoniam,
1240 3489 1299 3533 ut
1324 3479 1585 3550 scriptum
1604 3479 1860 3544 recolitis,
1895 3496 2132 3535 corrum-

555 3562 681 3621 punt
712 3552 869 3604 bonos
897 3566 1064 3621 mores
1093 3549 1349 3621 coll_oquia
1370 3549 1530 3621 mala.
1573 3568 1592 3601 ι

629 3621 654 3660 ιι
690 3620 875 3674 Petere
921 3620 1131 3673 audeat.
1183 3616 1362 3689 Lupus
1404 3620 1457 3673 in
1504 3619 1692 3674 eadem
1737 3616 1962 3689 epistola
2011 3618 2127 3674 64:

562 3710 580 3741 ι
614 3691 892 3760 Goucipite
920 3690 1200 3744 honestam
1223 3688 1527 3760 veritatem,
1549 3688 1768 3760 utquod
1792 3702 1886 3760 vos
1911 3704 2016 3742 non
2044 3691 2136 3744 de-

556 3768 641 3856 'cet
684 3758 941 3829 praestare
976 3774 1134 3814 nemo
1195 3758 1429 3813 scienter
1462 3773 1493 3811 a
1517 3758 1673 3813 vobis
1718 3758 1914 3813 audeat
1952 3768 2137 3827 postu-

558 3845 690 3886 tare.
727 3848 746 3882 ι

635 3911 658 3938 ο
697 3898 805 3953 Nec
833 3899 1019 3953 timeas
1043 3899 1224 3951 iratos.
1261 3895 1445 3967 Lupus
1470 3897 1523 3951 in
1557 3896 1744 3967 eadem
1764 3896 1991 3965 epistola
2018 3896 2127 3951 64:

564 3989 581 4020 ι
613 3969 693 4023 Ne
715 3969 968 4022 metuatis
1000 3977 1268 4038 potentes,
1293 3966 1429 4037 quos
1454 3967 1554 4036 ipsi
1616 3966 1939 4038 fecistishet
1980 3981 2131 4038 quos

559 4054 682 4119 cum
720 4035 1268 4119 .vultis,.e'xntenttare
1312 4035 1563 4119 potestis.
1612 4035 2023 4119 Ne_eonﬁilatis
2076 4036 2131 4119 in

560 4106 913 4176 principibus,
945 4108 996 4161 in
1026 4107 1149 4161 ﬁliis
1189 4106 1483 4170 hominum,
1537 4106 1589 4160 in
1638 4106 1832 4174 quibus
1879 4120 1986 4176 non
2016 4113 2135 4176 _est

561 4172 725 4231 Salus.
741 4172 849 4230 Sed
865 4176 1149 4231 transferte
1161 4191 1308 4245 spem
1330 4187 1566 4231 vestram
1587 4172 1671 4229 ad'
1690 4177 1858 4229 Deum
1893 4175 1986 4244 qui
2007 4172 2135 4228 fecit

566 4315 2589 4345 Μ

2234 3289 2375 3337 mus,
2408 3274 2478 3328 ab
2494 3273 2742 3344 ejusdem
2766 3274 3161 3344 metropolitani
3188 3273 3556 3329 sollicitudine
3585 3273 3811 3329 ulterius

2232 3343 2554 3405 resilieritis,
2588 3351 2642 3397 et
2664 3344 2865 3399 nostris
2892 3343 2961 3399 ex
2996 3345 3262 3399 charitate
3314 3344 3666 3398 manantibus
3722 3357 3810 3397 ex—

2233 3412 2630 3468 hortationibus
2687 3428 2784 3467 vos
2847 3414 3152 3468 constiterit
3193 3413 3470 3471 reluctari.
3530 3410 3812 3467 ministerii

2233 3483 2560 3538 necessitate
2583 3482 2898 3552 canonicam
2926 3483 2978 3537 in
3005 3498 3101 3537 vos
3126 3497 3380 3552 cogemur
3399 3481 3652 3551 proferre
3701 3496 3812 3535 sen-

2239 3552 2482 3613 tentiam.
2521 3570 2541 3603 ι
2569 3550 2704 3619 Quia
2728 3552 2982 3621 nimirum
3009 3553 3148 3621 ferro
3171 3550 3373 3605 necesse
3398 3550 3474 3604 est
3526 3552 3813 3621 ecciudan-

2239 3632 2327 3674 tur
2354 3618 2680 3691 vulnera,ut
2704 3621 2774 3675 ad
2798 3618 3094 3676 Himerium
3122 3622 3328 3691 scribit
3374 3636 3511 3691 papa
3574 3618 3811 3691 Siricius.

2276 3707 2354 3745 uae
2384 3690 2731 3759 fomentorum
2782 3707 2885 3745 non
2936 3689 3186 3744 senserint
3226 3689 3567 3753 medicinam,
3591 3690 3671 3759 ‘id
3715 3697 3809 3748 est,

2264 3757 2393 3815 'erro
2420 3759 3013 3829 excommunicationis,
3060 3768 3118 3813 ut
3145 3760 3533 3829 interpretatur
3580 3757 3814 3829 Julianus

2241 3829 2542 3907 Pomerius.
2581 3828 2686 3882 Sed
2725 3829 3188 3907 tle_mod_er_atione
3210 3838 3264 3907 et
3286 3827 3552 3899 sapientia
3577 3827 3814 3907 antiquu-

2240 3914 2360 3953 rum
2391 3898 2768 3967 episcoporum
2799 3899 2851 3952 in
2881 3898 3182 3953 adhibendo
3213 3896 3364 3952 ferro
3377 3896 3808 3951 excommunica-

2238 3968 2412 4048 tionis
2430 3982 2527 4048 nos
2542 3967 2672 4048 olim
2695 3967 2940 4048 pluribus
2982 3982 3202 4048 agemus
3234 3968 3286 4048 in
3320 3967 3463 4048 notis
3504 3967 3574 4018 ad
3622 3967 3811 4048 episto-

2240 4037 2320 4091 las
2373 4034 2862 4106 Rurieiiiepiscopi
2910 4034 3361 4106 Leniovicensis.”
3399 4034 3590 4105 Neque
3641 4034 3815 4088 inutile

2241 4115 2353 4161 tum
2376 4105 2537 4160 fuerit
2560 4105 2719 4159 altius
2761 4104 2990 4161 scrutari
3046 4121 3113 4159 an
3165 4120 3263 4174 per
3309 4104 3428 4159 illas
3476 4104 3815 4174 tempestates

2243 4175 2512 4246 explicata
2540 4176 2593 4230 in
2622 4176 2726 4230 hoc
2754 4174 2918 4230 fuerit
2944 4173 3238 4229 auctoritas
3287 4175 3526 4245 episcopi
3572 4173 3811 4228 Rutulam.

2595 4311 3809 4344 Μ

1416 4470 1591 4583 3.
1668 4465 2497 4583 SERVATI
2552 4464 2978 4611 aur:

1771 4675 2062 4731 ABBATIS
2099 4671 2606 4730 FERRARIENSIS

744 4740 1341 4982 “GLIBER
1431 4856 1629 4980 DE
1728 4849 2306 4978 TI’JBUS
2401 4814 3641 5028 QUESTIONIBUS.

1512 5174 1673 5249 205
1712 5174 1993 5236 JACOBI
2037 5173 2425 5236 SIRMONDI
2465 5172 2896 5235 PREFATIO

1236 5341 1325 5401 De
1358 5336 1598 5400 duobus
1627 5333 2017 5415 sequentibus
2053 5334 2374 5412 opusculis
2409 5342 2462 5393 et
2495 5332 2567 5392 de
2597 5332 2843 5394 nomine
2874 5335 3176 5395 auctoris.

650 5570 725 5625 De
747 5565 982 5622 auctoris
1022 5563 1237 5621 nomine
1274 5563 1375 5617 ltoc
1401 5564 1574 5632 primo
1593 5604 1607 5627 ,
1660 5563 1874 5626 Lector,
1915 5570 2155 5618 statuen-
2184 5570 2234 5628 ι)
2261 5562 2562 5617 Trithemio
2589 5561 2834 5632 plerique
2861 5560 3019 5632 hodie
3047 5567 3265 5632 vocant,
3297 5561 3389 5616 sed
3418 5560 3698 5618 Servatum
3721 5558 3816 5614 Lu-

579 5640 707 5698 diun
737 5647 840 5700 est,
873 5650 977 5689 non
1004 5631 1211 5701 Lupum
1241 5631 1541 5698 Servatum,
1563 5642 1619 5687 ut
1640 5649 1764 5689 cum
1799 5634 2079 5704 Sigebcrto
2101 5645 2157 5688 et

651 5766 684 5793 ι
718 5750 966 5819 Magnum
992 5747 1078 5801 his
1117 5744 1423 5815 quindecim
1451 5746 1609 5802 annis
1643 5752 1915 5801 certamen
1949 5745 2048 5801 fuit
2076 5747 2155 5801 in-

2264 5648 2410 5702 pum,
2438 5630 2604 5702 quod
2625 5643 2837 5686 veteres
2863 5630 2983 5685 libri
3009 5640 3065 5685 et
3085 5631 3311 5685 aliorum
3340 5632 3585 5703 exempla
3619 5633 3816 5693 docent,

2266 5754 2345 5799 ter
2365 5744 2623 5811 eruditos,
2654 5742 2861 5814 Lupine
2893 5741 3256 5798 Ferrarieusis
3282 5742 3495 5798 abbatis
3532 5749 3708 5798 essent
3735 5739 3813 5794 Li-
