4034 6298
267 313 362 372 621

1323 313 1448 366 LIB.
1490 311 1576 365 DE
1616 309 1860 364 ἨΠΒεὸ
1898 311 2446 377 ρυίιεδτιοκωυε.

3394 316 3496 372 ωὶ

267 428 376 483 dici
409 433 696 496 oportere.
718 423 1177 496 Quemadmodum
1205 426 1346 496 enim
1380 426 1432 478 in
1471 424 1685 496 Caecilio
1717 423 1829 496 _Cy-
1856 431 1905 486 Α
1933 426 2244 493 scriptione,
2267 425 2652 496 Collectaneum
2676 425 2881 480 Servati
2905 423 3036 493 Lupi
3058 424 3122 478 de
3151 423 3316 481 tribus
3338 425 3498 492 Qum-

267 493 477 567 priano.
509 494 737 547 Eusebio
767 493 1106 567 Hieronymo,
1124 494 1340 547 Aurelio
1354 493 1678 567 Augustino,
1705 494 1831 567 Sul-

266 561 400 636 pilio
424 565 645 625 Severo,
674 572 742 636 _et
768 561 1028 636 similibus
1072 577 1229 636 nemo
1265 563 1486 632 ambigit
1508 563 1637 636 quin
1666 563 1831 636 idve-

268 630 389 688 i-nm
423 649 485 687 ac
507 631 779 701 proprium
795 630 1052 701 cujusque
1073 633 1142 684 sit
1163 646 1356 685 nomen
1383 630 1522 698 quod
1537 634 1832 700 posteriore

270 704 391 758 loco
423 699 656 771 ponitur,
687 701 841 771 sicin
874 701 972 753 hoc
995 699 1124 771 Lupi
1161 715 1351 755 nomen
1396 699 1594 755 idcirco
1620 712 1835 770 postpo—

270 769 506 827 nendum
537 784 656 824 esse
693 769 815 837 quia
864 770 1136 837 pmprium
1167 779 1268 824 est.
1301 771 1414 834 Qua
1452 770 1518 824 de
1547 769 1832 824 redict’um

269 839 560 908 aliquando
583 855 611 891 a
643 837 797 892 nobis
821 847 903 892 est
939 838 989 890 iu
1013 840 1152 894 notis
1181 839 1248 892 ad
1278 837 1574 904 Sidouimn,
1610 855 1708 894 nec
1744 856 1831 894 rc-

267 911 378 980 peti
417 917 499 963 est
533 923 686 976 opus.

344 998 488 1052 Libri
518 1012 644 1066 ergo
667 997 731 1050 de
753 997 922 1067 tribus
939 995 1355 1061 Quaastionibus,
1379 998 1467 1065 qui
1494 997 1721 1067 primum
1749 998 1833 1052 hic

270 1066 449 1121 locum
477 1077 642 1129 tenet,
674 1067 774 1118 tria
813 1066 866 1119 in
905 1081 1097 1118 manus
1131 1075 1344 1121 nostras
1372 1066 1632 1122 venerunt
1652 1075 1834 1120 vetera

271 1137 620 1203 exemplaria,
652 1151 819 1204 unum
845 1133 1196 1204 Virduuense,
1225 1137 1367 1202 quod
1415 1151 1580 1204 penes
1609 1150 1706 1189 nos
1730 1149 1831 1201 est,

270 1206 502 1260 alterum
534 1205 769 1258 Metense
799 1203 855 1256 S.
889 1203 1116 1266 Amulli,
1150 1206 1365 1257 tertium
1393 1203 1450 1259 S.
1491 1204 1716 1259 Victoris
1742 1204 1835 1258 Pa-

273 1275 518 1329 risiensis
542 1291 555 1336 ;
589 1275 765 1341 quarti
789 1274 1152 1341 apographum
1181 1281 1384 1327 tantum
1412 1274 1642 1327 vidimus
1671 1288 1701 1327 e
1733 1273 1835 1327 Sil-

274 1343 567 1397 viuiacensi
592 1341 1021 1411 Cluniacensium
1050 1343 1396 1395 monasterio.
1417 1341 1543 1405 Sed,
1575 1343 1714 1411 quod
1737 1344 1837 1396 mi-

272 1415 436 1477 reris,
469 1414 519 1466 in
547 1411 895 1480 Metensinon
931 1409 1104 1479 Lupo,
1151 1411 1242 1465 sed
1275 1411 1560 1466 llincmaro
1586 1409 1836 1480 episcopo

273 1483 643 1543 tribuebatur;
681 1481 733 1533 in
760 1479 1132 1534 Silviniaccnsi
1174 1481 1466 1548 ascriptum
1496 1479 1833 1534 erat’uomen

270 1551 550 1612 Amalarii,
591 1567 655 1605 ex
689 1565 774 1614 eo,
804 1557 863 1602 ut
887 1549 1077 1618 opinor
1100 1590 1113 1610 ,
1139 1551 1282 1617 quod
1319 1549 1371 1603 in
1421 1550 1613 1604 eodem
1656 1551 1837 1604 codice

271 1631 395 1690 post
420 1619 672 1690 Amalarii
695 1618 866 1690 Opera
887 1619 1255 1690 sequebatur.
1284 1618 1834 1690 ilnAVirdnnensiau-

272 1687 382 1744 tem
405 1699 459 1759 et
489 1690 539 1759 in
569 1688 843 1759 Victorino
873 1688 1034 1757 206
1069 1703 1191 1759 vera
1223 1688 1322 1759 fuit
1367 1688 1662 1759 inscriptio,
1707 1687 1834 1744 Ser-

271 1761 377 1813 vati
405 1758 537 1827 Lupi
557 1758 621 1812 de
647 1759 807 1811 tribus
829 1757 1202 1826 quwstionibus
1239 1757 1386 1810 liber.

345 1847 667 1902 Collectanei
705 1847 772 1900 de
815 1847 1002 1900 iisdem
1052 1847 1444 1913 Quzestionibus
1472 1863 1595 1902 cum
1623 1847 1838 1901 unicum

272 1917 570 1985 exetnplar,
610 1917 768 1984 idque
808 1916 1228 1985 anepigraplnnn
1265 1925 1318 1969 et
1362 1918 1630 1980 mutilum,
1674 1917 1840 1970 habe-

275 1932 570 1985 exemptar,
610 1932 768 1984 mque
808 1932 962 1983 anept
1007 1932 1228 1984 rapnnm
1265 1932 1318 1969 et
1362 1932 1630 1980 nmmum,
1674 1932 1840 1970 naue-

275 2002 461 2041 remus
507 2001 572 2041 ex
614 1985 932 2039 bibliotheca
968 1932 1298 2048 Eorbeiensi,
1349 1987 1490 2054 quod
1531 1985 1842 2054 inﬁcteteris

275 2057 529 2110 omnibus
575 2054 986 2114 desideraretur.
1033 2055 1313 2108 commode
1361 2053 1427 2108 ad
1472 2070 1570 2108 nos
1597 2053 1659 2108 ν.
1689 2055 1749 2108 C.
1786 2061 1844 2108 et

276 2124 700 2179 humanissimus
751 2123 800 2177 J.
851 2123 1170 2187 Bouherus,
1225 2133 1442 2177 senator
1481 2122 1838 2186 Divionensis,

276 2194 546 2264 integrum
578 2193 807 2247 alterum
841 2208 907 2248 ex
937 2208 1034 2247 sua
1060 2193 1430 2262 depromptum
1460 2192 1608 2247 misit
1629 2193 1730 2246 hac
1756 2193 1840 2245 in-

275 2323 378 2377 ber
399 2332 455 2377 et
477 2322 869 2378 Collectaneum
891 2323 957 2378 de
984 2323 1153 2378 tribus
1181 2322 1597 2390 Quzestionibus,
1620 2337 1687 2377 an
1713 2337 1843 2378 vero

279 2391 494 2473 Servati
527 2393 657 2473 Lupi
687 2393 1024 2473 presbyteri,
1048 2393 1163 2473 Osed
1193 2394 1305 2473 qui.
1331 2395 1574 2447 diversus
1594 2393 1756 2473 fuerit
1777 2394 1845 2473 ab

279 2462 478 2514 abbate
529 2461 883 2515 Ferrariensi.
937 2461 1059 2514 Mihi
1116 2461 1245 2517 vero
1291 2463 1393 2516 ista
1457 2461 1845 2530 consideranti,

281 2530 442 2611 plane
478 2540 687 2611 caustat
737 2531 941 2611 haerere
972 2531 1235 2611 interdum
1280 2532 1841 2611 aquamvirisdoctis,

283 2600 339 2654 in
366 2602 523 2674 rebus
546 2601 706 2656 etiam
735 2600 930 2674 nullius
962 2607 1218 2659 momenti
1246 2646 1261 2669 ,
1301 2600 1444 2674 quod
1475 2605 1528 2658 in
1558 2606 1660 2660 hac
1684 2620 1847 2660 causa

283 2671 580 2743 contigisse
633 2682 780 2743 puto.
838 2673 1063 2743 Nattrsi
1114 2677 1197 2728 cui
1235 2671 1428 2730 liberet
1471 2673 1676 2729 libellos
1731 2673 1850 2730 illos

281 2741 530 2816 conferre
557 2741 677 2795 cum
712 2743 950 2811 epistolis
980 2742 1219 2811 Lupinis,
1263 2745 1594 2816 ingerentem
1631 2758 1688 2816 se
1713 2758 1848 2816 ocu-

285 2811 352 2864 lis
386 2812 666 2865 veritatem
697 2827 948 2880 respuere
975 2828 1077 2866 non
1109 2811 1524 2881 possetfneque
1550 2813 1747 2867 invitus
1769 2811 1849 2866 fa-

289 2889 497 2933 teretur
540 2881 677 2950 ston
703 2885 890 2935 eodem
918 2882 1148 2950 scriptos
1179 2898 1298 2938 esse
1321 2882 1546 2944 libellos,
1573 2896 1679 2950 quo
1706 2881 1848 2936 scri-

284 2950 808 3022 pttesuntepistolze.
833 2952 985 3022 Quod
1013 2952 1183 3022 magis
1205 2952 1542 3022 perspicuum
1563 2951 1676 3022 fore
1699 2960 1847 3020 puto,

286 2967 393 3020 pta:
415 2967 808 3019 suntcptswue.
833 2967 985 3018 uuou
1013 2967 1183 3074 magis
1205 2967 1542 3022 perspicuum
1563 2967 1676 3004 tore
1699 2967 1847 3020 puto,

286 3020 331 3071 si
362 3021 586 3089 phrases
602 3019 820 3083 similes,
847 3037 909 3074 ac
934 3020 1080 3089 Lupo
1131 3020 1436 3075 ‘errariensi
1467 3019 1848 3084 familiares,ex

285 3088 530 3156 epistolis
558 3088 1149 3158 tlescripsero,'quibus
1197 3107 1323 3145 usus
1363 3099 1443 3144 est
1485 3098 1670 3144 auctor
1700 3089 1850 3144 libel-
1877 3091 1924 3154 C

286 3158 502 3229 lorum:
539 3158 590 3229 id
623 3159 762 3226 quod
796 3160 987 3213 faciam
1039 3159 1091 3212 in
1141 3161 1283 3214 notis
1309 3159 1674 3229 sequentibus.
1711 3159 1847 3213 Nam

286 3228 432 3297 quod
481 3228 698 3297 quidam
753 3239 1134 3297 permoventur
1173 3228 1493 3284 auctoritate
1539 3228 1844 3293 Trithemii,

288 3295 380 3365 qui
413 3295 620 3368 Lupum
655 3295 938 3368 Seruatum
965 3299 1335 3368 presbyterum
1382 3314 1521 3352 anno
1567 3298 1664 3352 851
1709 3299 1850 3352 diem

289 3381 446 3418 suum
474 3367 686 3437 abiisse
703 3367 910 3431 scribit,
940 3367 1178 3436 atleoqde
1198 3385 1320 3422 eum
1352 3369 1680 3437 distinguere
1696 3368 1850 3437 vide-7

291 3445 381 3489 tnr
413 3451 440 3488 a
471 3435 619 3504 ano
650 3435 1000 3500 Ferraricnsi,
1032 3435 1103 3490 ea
1141 3438 1434 3497 auctoritas
1468 3435 1571 3490 non
1601 3446 1682 3490 est
1716 3435 1848 3490 tanti

288 3506 546 3558 momenti
571 3515 627 3557 ut
656 3521 976 3574 quemquam
1003 3507 1260 3560 remorari
1297 3508 1523 3570 debeat,
1553 3507 1852 3574 praesertim

288 3575 335 3628 si
358 3575 478 3642 quis
509 3591 617 3627 rem
643 3577 799 3629 altius
829 3584 1116 3638 scrutetur,
1142 3579 1361 3644 ipsaque
1381 3576 1664 3629 Trithemii
1686 3575 1847 3628 verba

286 3645 555 3713 expendat
609 3645 840 3708 Etenim,
881 3647 922 3697 si
955 3645 1129 3713 Lupus
1181 3645 1266 3698 ille
1297 3646 1363 3698 ad
1407 3660 1564 3713 quem
1604 3645 1854 3698 [tabanus

288 3714 508 3784 scripsit
532 3723 656 3767 octo
678 3715 842 3767 libros
881 3715 931 3768 in
961 3715 1247 3784 Epistulam
1279 3713 1429 3784 Pauli
1457 3715 1523 3766 ad
1558 3713 1851 3784 Romanos,

289 3783 336 3836 is
365 3784 478 3852 ipse
508 3792 590 3836 est
630 3792 817 3837 auctor
846 3783 965 3836 libri
994 3782 1059 3835 de
1093 3785 1261 3835 tribus
1293 3782 1708 3849 Qumstionibus,
1755 3797 1850 3852 ne-

325 3850 403 3905 ar]
431 3868 534 3906 non
576 3861 750 3921 potest
787 3853 913 3920 quin
966 3869 1027 3906 ea
1077 3852 1375 3906 lucubratio
1417 3850 1856 3921 restituendasit

325 3868 534 3906 annon
576 3868 750 3921 potest
787 3868 913 3920 qum
966 3869 1027 3906 ea
1078 3868 1375 3906 lucubratio
1417 3868 1744 3906 resumenda
1783 3868 1854 3904 su

288 3868 442 3991 ῗιυρο
484 3922 661 3974 abbati
708 3921 1052 3976 Ferrariensi.
1097 3921 1225 3974 Nam
1280 3922 1326 3977 is
1354 3923 1529 3975 adhuc
1559 3920 1854 3974 monachus

288 4001 344 4044 et
378 3992 669 4054 diaconus,
721 3992 788 4045 ab
833 3991 1052 4045 Aldrico
1101 3991 1294 4044 abbate
1338 3991 1637 4046 studiorum
1693 4004 1854 4042 causa

289 4061 494 4114 missus
525 4061 590 4112 ad
615 4059 916 4123 itabauum,
949 4070 1007 4114 ut
1047 4062 1098 4114 in
1141 4076 1416 4114 sacrarum
1455 4059 1854 4128 Scripturarum

289 4131 534 4183 doctrina
564 4130 977 4196 informaretur,
1013 4141 1199 4183 auctor
1230 4131 1450 4183 llabano
1473 4129 1572 4184 fuit
1605 4137 1662 4181 ut
1713 4143 1857 4181 com-

289 4200 613 4252 mentarium
660 4201 842 4254 ederet
894 4202 945 4252 in
994 4199 1257 4268 Epistolas
1309 4199 1494 4262 Pauli,
1547 4207 1605 4251 ut
1646 4213 1712 4250 ex
1741 4198 1855 4267 ipso

291 4268 518 4322 Rabattu
545 4268 719 4339 colligi
764 4278 941 4338 potest
977 4267 1285 4338 in’epistola
1315 4270 1380 4322 ad
1406 4268 1707 4339 Samuelem
1742 4267 1856 4339 epi-

289 4353 534 4409 scopum.
567 4336 780 4409 Lup'um'
827 4348 1005 4392 autem
1047 4336 1193 4392 illum
1227 4340 1381 4409 longo
1424 4337 1704 4392 intervallo
1747 4338 1855 4409 dis-

283 4406 530 4474 junctum
563 4406 729 4462 fuiSse
765 4423 794 4460 a
839 4409 1079 4468 Rabauo,
1135 4425 1256 4462 cum
1310 4406 1395 4462 hic
1436 4407 1856 4461 commentarius

290 4477 526 4548 scriptus
552 4487 657 4541 est,
687 4485 835 4546 patet
883 4493 950 4532 ex
991 4478 1216 4548 epistola
1250 4477 1458 4531 Rabaui
1490 4477 1600 4548 rad‘
1627 4475 1855 4548 Lupum.

289 4547 558 4612 Quoniam
587 4545 712 4601 vero
741 4564 805 4601 ex
835 4563 896 4601 ea
929 4545 1091 4616 quam
1133 4548 1368 4601 diximus
1415 4545 1636 4616 epistola
1667 4548 1732 4598 ad
1765 4546 1862 4597 Sa-

291 4618 525 4669 muelem
561 4617 830 4686 colligitur
863 4617 1069 4685 Lupum
1118 4618 1438 4671 monaclmm
1479 4625 1534 4670 et
1575 4616 1861 4669 diaconum

290 4686 360 4738 ad
408 4685 651 4740 altiorem
685 4685 908 4756 gradum
947 4704 977 4739 a
1023 4687 1308 4740 diacouatu
1347 4687 1511 4740 fuisse
1549 4693 1861 4754 provectum

290 4770 418 4826 cum
449 4770 512 4808 ea
549 4757 781 4826 epistola
832 4757 1028 4826 scripta
1046 4766 1170 4826 gest,
1204 4755 1544 4810 manifestum
1583 4768 1864 4826 esseireor

290 4825 424 4895 hinc
446 4825 683 4894 probari,
733 4828 819 4880 hic
843 4827 928 4895 agi
946 4825 1015 4879 de
1042 4825 1192 4894 Lupo
1217 4826 1485 4895 quondam
1503 4825 1786 4895 Amona_cho
1808 4831 1865 4876 et

291 4892 755 4965 diacoito,_postea
796 4892 923 4950 vero
968 4892 1280 4964 presbytero
1325 4903 1380 4948 et
1431 4893 1625 4946 abbate
1671 4892 1865 4965 Ferra-

293 4965 484 5017 riensi.
515 4962 649 5018 Nam
673 4981 794 5020 eum
845 4962 1009 5018 fuisse
1052 4962 1421 5034 presbyterum
1461 4964 1702 5034 produnt
1723 4963 1862 5034 gela

290 5034 487 5104 synodi
515 5034 916 5089 Suessionensis
937 5031 1067 5104 qua!
1090 5031 1231 5087 anno
1254 5033 1357 5086 855
1386 5031 1567 5086 habita
1590 5039 1688 5085 est.
1723 5031 1858 5084 Tum

1931 495 2199 548 itionibus.
2240 495 2354 560 Quo
2386 511 2482 548 nos
2508 493 2631 549 freti
2657 503 2996 564 argumento,
3027 508 3150 564 cum
3175 504 3300 564 ante
3326 497 3491 564 trien-

1931 564 2076 616 nium
2103 565 2390 618 editionem
2438 565 2574 617 hanc
2617 561 2948 634 curaremns,
2995 563 3083 616 uui
3134 561 3309 618 eidem
3339 563 3489 634 Lupo
3567 593 3572 600 ε

1932 641 2220 713 utrumque
2267 649 2419 700 opus,
2455 635 2556 687 etsi
2597 633 2929 702 exploratum
2959 648 3065 686 non
3108 642 3246 698 erat,
3292 633 3489 689 ascribi

1931 718 2074 772 pas51
2103 717 2308 772 smnus.

2004 772 2085 842 lie
2109 771 2313 825 duabus
2339 772 2575 839 epistolis
2605 787 2722 841 qum
2751 780 2954 842 restant
2974 769 3079 842 (α),
3113 786 3344 842 quarum
3374 789 3496 842 qua;

1933 840 1998 893 ad
2026 839 2371 893 Hincmarum
2401 841 2596 908 scripta
2623 839 2724 903 est,
2763 841 2814 894 in
2861 840 3178 895 Virdunensi
3202 839 3496 896 codice—at-

1932 925 2038 977 que
2065 909 2116 961 in
2138 909 2422 963 Elnonensi
2447 909 2676 977 priorem
2701 911 2872 963 locum
2887 909 3120 972 obtinet;
3151 909 3318 963 altera
3343 927 3492 974 vero,

1932 994 2052 1047 qua:
2069 979 2132 1031 ad
2155 978 2402 1032 Carolum
2425 994 2636 1048 regem,
2663 980 2714 1031 in
2749 979 2933 1032 codice
2963 977 3272 1033 Corbeiensi
3317 980 3495 1036 Colle-

1933 1058 2182 1102 ctaneum
2219 1048 2506 1108 antecedit.
2537 1049 2588 1100 in
2635 1048 2938 1102 Diviouensi
2975 1048 3341 1116 subsequitur,
3371 1067 3496 1104 cum

1934 1117 1986 1170 in
2016 1126 2238 1184 utraque
2265 1127 2452 1170 auctor
2479 1117 2682 1185 Lupum
2729 1117 3096 1170 tantummodo
3144 1131 3202 1170 se
3237 1118 3506 1182 nominet,

1935 1185 1978 1239 si
2007 1185 2126 1253 quis
2152 1187 2248 1239 has
2279 1186 2342 1238 azl
2391 1185 2594 1253 Lupum
2623 1185 3021 1239 Ferrarieusem
3055 1186 3233 1254 potius
3263 1187 3511 1241 referen-

1935 1255 2031 1325 das
2067 1255 2374 1318 c0utendat,
2397 1256 2548 1324 cujus
2569 1256 2635 1308 ad
2663 1256 2877 1325 eosdem
2899 1255 3038 1325 alia:
3066 1264 3278 1310 exstant
3301 1258 3512 1325 episto-

1936 1322 2017 1393 Ite,
2049 1325 2218 1392 prima
2241 1332 2295 1378 et
2318 1322 2583 1393 postrema
2609 1322 3017 1391 compellatione
3049 1339 3156 1379 non
3199 1322 3505 1390 absititiles,

1937 1392 2160 1446 liberum
2187 1407 2280 1461 per
2303 1392 2399 1447 nos
2419 1394 2523 1448 erit
2547 1392 2827 1460 judicium.

2005 1461 2279 1533 Quinimo,
2310 1473 2367 1515 ut
2395 1463 2566 1515 dicam
2591 1463 2730 1530 quod
2769 1462 2939 1533 sentio
2962 1503 2977 1526 ,
3020 1462 3086 1516 ad
3118 1463 3323 1533 Lupum
3352 1481 3502 1520 eum-

1937 1531 2056 1584 dem
2105 1532 2378 1599 superiora
2425 1545 2637 1600 quoque
2689 1532 2943 1600 opuscula
2994 1531 3263 1600 pertinere
3315 1545 3501 1589 nostra

1937 1599 2136 1654 dudum
2163 1601 2469 1669 conjectura
2501 1599 2622 1662 fuit,
2646 1599 2807 1668 quam
2839 1616 2979 1655 nunc
2998 1599 3164 1656 etiam
3189 1604 3240 1656 id
3265 1605 3502 1658 maxime

1937 1669 2220 1740 conﬁrmat
2241 1670 2380 1740 quod
2407 1669 2636 1740 Servato
2663 1670 2787 1724 huic
2815 1686 3119 1740 przenomen
3141 1670 3318 1740 fuisse
3345 1673 3503 1728 docet

1865 1753 1914 1811 Β
1941 1738 2107 1806 ipsius
2145 1739 2238 1819 ad"
2258 1737 2548 1819 Nicolaum
2594 1753 2790 1819 papam
2815 1737 3056 1819 'epistola
3081 1739 3506 1819 Wenilon_is,__ut

1943 1815 2181 1877 apparet,
2207 1808 2533 1871 Senonensis
2559 1809 2792 1877 episcopi
2834 1809 3052 1862 nomine
3083 1811 3286 1876 scripta
3313 1812 3378 1864 de
3399 1809 3506 1863 He-

1942 1877 2190 1931 rimanno
2238 1877 2566 1932 Nevernensi
2595 1895 2607 1930 :
2641 1893 2761 1946 qua:
2789 1878 3042 1931 nimirum
3081 1879 3137 1931 in
3167 1879 3496 1934 Floriacensi

1943 1946 2126 2000 codice
2154 1946 2234 2001 sic
2258 1947 2417 2000 habet
2445 1963 2458 1998 :

2083 2033 2345 2104 Scriptum
2360 2032 2560 2088 Servati
2585 2033 2720 2102 Lupi
2745 2035 2814 2088 ad
2848 2051 3036 2105 papam
3061 2035 3365 2090 Nicolaum.

2020 2141 2039 2174 ι
2077 2123 2424 2196 Suggeri‘mus
2453 2124 2894 2196 mansuetissimtc
2913 2126 3226 2196 paternitati
3259 2136 3502 2193 vestram

1943 2201 2050 2248 etc.
2081 2192 2268 2247 Exstat
2292 2193 2426 2246 inter
2444 2192 2688 2262 epistolas
2713 2233 2728 2259 ,
2759 2192 3062 2250 num—130.

1945 2327 2142 2382 falsum
2173 2337 2257 2382 est
2307 2327 2450 2397 quod
2497 2327 2574 2383 ait
2602 2329 2950 2393 Trithemius,
2982 2328 3424 2384 Gotteschalcum
3449 2330 3504 2384 in

1947 2398 2155 2468 synodo
2202 2397 2509 2467 Moguntina
2540 2398 2738 2456 victum
2785 2408 2841 2456 et
2880 2398 3214 2457 confutatam
3265 2397 3430 2456 fuisse
3473 2416 3504 2454 a

1948 2467 2096 2540 Lupo
2126 2467 2369 2525 Servate.
2420 2471 2553 2525 Nam
2589 2471 2644 2525 bi
2692 2471 2853 2526 libelli
2893 2487 2994 2525 nou
3031 2471 3190 2540 aliam
3231 2469 3510 2540 fermedo-

1949 2539 2176 2595 ctrinam
2232 2549 2528 2604 continent,
2559 2555 2718 2609 quam
2749 2555 2865 2593 eam
2907 2556 3068 2608 quant
3099 2539 3510 2594 Gotteschalcus

1951 2610 2220 2691 tuebatur.
2270 2609 2550 2691 Itaqueex
2583 2623 2649 2689 eo
2679 2609 2853 2691 colligi
2884 2619 3243 2691 potest‘quam
3273 2617 3421 2691 certa
3443 2609 3515 2662 sit

1952 2678 2086 2733 ﬁdes
2107 2694 2284 2748 rerum
2309 2693 2340 2731 a
2361 2677 2656 2748 Trithemio
2681 2677 3034 2748 proditarum.
3054 2677 3192 2748 Nam
3217 2677 3361 2748 quod
3386 2693 3510 2730 eum

1956 2748 2120 2817 tradit
2151 2747 2409 2817 migrasse
2434 2747 2501 2817 ad
2548 2745 2830 2817 Dominum
2875 2762 3016 2800 anno
3042 2746 3165 2809 85!,
3199 2745 3512 2817 conjectura

1951 2816 2066 2884 ejus
2097 2815 2247 2886 haud
2261 2817 2420 2870 dubie
2460 2815 2574 2869 fuit.
2600 2816 2752 2883 Quod
2787 2817 2830 2870 si
2855 2819 2975 2886 quis
3005 2825 3183 2869 tamen
3222 2815 3510 2886 praefracte

1950 2883 2080 2956 velit
2108 2885 2312 2954 Lupum
2336 2886 2620 2956 quemdam
2643 2883 3009 2956 presbyterum
3044 2900 3185 2956 anno
3213 2883 3316 2938 848
3351 2885 3515 2956 inter-

1954 2955 2133 3026 fuisse,
2152 2953 2368 3026 synodo,
2387 2953 2735 3026 Moguntinze,
2765 2953 2890 3024 quid
2927 2963 3072 3008 vetat
3101 2955 3242 3026 quin
3265 2964 3376 3006 tum
3403 2953 3503 3006 Lu-

1993 3041 2054 3080 us
2090 3023 2256 3079 abbas
2283 3023 2646 3078 Ferrariensis
2686 3023 2810 3078 illuc
2850 3023 3147 3080 accessisse
3193 3023 3432 3086 dicatur,
3457 3031 3518 3075 ut

2005 3095 2234 3149 abanum
2280 3094 2553 3157 inviseret,
2596 3104 2975 3162 prteceptorem
3009 3093 3280 3162 quondam
3321 3092 3516 3162 suum?

1953 3164 2021 3218 Et
2063 3163 2179 3216 fieri
2211 3172 2386 3232 potest
2425 3175 2483 3218 ut
2514 3161 2717 3230 legatus
2765 3161 2940 3216 Caroli
2987 3161 3136 3216 Calvi
3183 3161 3341 3215 fuerit
3372 3161 3515 3230 apud

1952 3232 2278 3286 Ludovicum
2333 3247 2515 3298 regem
2570 3232 2890 3286 Germauim.
2941 3233 3210 3286 llabemus
3245 3232 3390 3284 enim
3446 3245 3515 3283 ex

1952 3301 2250 3372 Annalibus
2284 3301 2636 3372 Fuldensibus
2655 3343 2669 3365 ,
2699 3301 2752 3354 in
2780 3317 2852 3372 ea
2878 3302 3081 3372 synodo
3111 3301 3224 3372 sive
3249 3309 3516 3372 conventu

1955 3370 2193 3440 adfuisse
2241 3371 2445 3440 legatos
2491 3370 2718 3424 fratrum
2745 3368 2982 3438 ejusdem
3023 3369 3307 3431 Ludovici,
3341 3368 3519 3440 Cgaroli

1954 3439 2204 3494 videlicet
2245 3437 2593 3502 et'Lotbarii,
2628 3441 2693 3494 ab
2728 3437 2900 3508 eoque
2930 3441 3224 3508 auditos_et
3243 3437 3522 3508 absolutos

1956 3509 2143 3564 fuisse.
2173 3510 2422 3572 Demum,
2475 3525 2542 3563 ne
2571 3525 2730 3578 quem
2764 3505 2978 3563 moveat
3028 3505 3265 3562 insolens
3309 3506 3521 3560 Servati

1957 3578 2090 3649 Lupi
2127 3595 2346 3642 nomen,
2375 3577 2636 3632 habemus
2664 3595 2730 3632 ex
2758 3578 2986 3647 epistola
3017 3577 3118 3630 150
3154 3577 3236 3698 illi.
3261 3577 3522 3629 observa-

1957 3649 2034 3698 vit
2076 3647 2416 3698 Sirmondusl
2465 3647 2517 3698 id
2548 3662 2665 3698 esse
2702 3663 2888 3698 verum
2917 3662 3113 3698 nomen
3199 3647 3287 3698 uni
3316 3644 3522 3696 abbatis

1955 3644 2054 3700 vit'
2076 3647 2439 3767 Sirmondusz‘J
2465 3647 2517 3700 id
2548 3662 2665 3701 esse
2702 3644 2888 3700 verum
2917 3662 3113 3700 nomen
3154 3644 3287 3710 Lupi
3316 3644 3525 3696 abbatis

1955 3716 2341 3767 Ferrariensis.
2445 3716 2592 3767 euari
2630 3716 2774 3767 enim
2820 3730 2924 3767 non
2967 3724 3140 3767 potest
3162 3715 3290 3767 quin
3315 3727 3378 3764 ea
3411 3712 3524 3767 eui-

1955 3716 2341 3770 Ferrariensis.
2397 3712 2592 3784 Negari
2630 3716 2774 3768 enim
2820 3730 2924 3768 non
2967 3715 3290 3784 potestquiu
3315 3727 3378 3764 ea
3411 3712 3524 3784 epi-

1957 3786 2115 3848 stola,
2146 3794 2206 3838 ut
2254 3781 2521 3852 pleneque
2568 3785 2706 3845 aliae,
2738 3785 2954 3838 nomine
2976 3783 3275 3852 Wenilonis
3312 3781 3522 3852 archie-

1957 3853 2160 3924 piscopi
2188 3850 2515 3924 Senoneusis
2536 3868 2600 3907 ac
2622 3852 3083 3924 suﬂragianeorum
3112 3850 3226 3918 ejus
3238 3850 3526 3924 scripta_sit

1957 3918 1988 3976 a
2017 3918 2165 3991 Lupo
2191 3921 2380 3976 abbate
2423 3918 2879 3976 FerrariensifEt
2927 3933 3103 3976 tamen
3151 3929 3304 3991 vetus
3351 3918 3522 3991 codex

1958 3989 2334 4056 Floriacensis,
2387 3994 2528 4046 unde
2572 4007 2662 4061 ea,
2691 3993 2962 4061 descripta
3000 4002 3104 4052 est,
3136 3991 3250 4061 hate
3292 3990 3343 4061 in
3371 3989 3527 4061 titulo

1957 4062 2101 4116 illius
2123 4062 2361 4128 epistola:
2387 4062 2548 4115 habet
2575 4075 2592 4114 τ
2637 4057 2902 4130 Scriptum
2935 4059 3135 4115 Servati
3171 4057 3304 4128 Lupi
3342 4059 3412 4130 ad
3440 4075 3530 4130 pa-

1957 4131 2406 4202 pamrNicolaum.
2441 4130 2511 4186 Ut
2553 4128 2802 4202 deinceps
2831 4130 3184 4202 dubitandum
3226 4144 3331 4183 non
3360 4129 3431 4181 sit
3461 4128 3529 4202 de

1959 4198 2175 4255 nomine
2211 4201 2362 4269 Lupi,
2412 4209 2533 4270 post
2565 4200 2696 4270 tanti
2743 4198 2856 4252 ’viri
2886 4199 3276 4270 conjecturam
3329 4198 3528 4270 vetusti

1960 4271 2163 4324 codicis
2193 4267 2512 4324 auctoritate
2553 4269 2840 4323 firmatam.
2882 4267 3086 4322 Placuit
3132 4277 3390 4336 praeterea
3421 4267 3530 4319 cla-

1962 4341 2179 4394 rissimo
2227 4339 2822 4410 prresidiiMauguino,
2873 4338 3267 4410 Collectaneutn
3313 4336 3531 4404 quidem

1961 4424 2081 4463 esse
2106 4406 2243 4478 Opus
2254 4408 2402 4478 Lupi
2429 4406 2644 4462 abbatis
2661 4409 3040 4472 Ferrariensis,
3064 4407 3157 4460 sed
3189 4406 3383 4459 librum
3409 4418 3533 4478 esse

1965 4478 2094 4548 Lupi
2125 4473 2422 4548 presbyteri
2476 4478 2788 4546 Moguntini.
2844 4477 2950 4532 Sed
2998 4485 3355 4548 praeripiam
3386 4473 3531 4548 quod

1963 4541 2064 4602 nee
2092 4541 2206 4617 ipse
2227 4541 2774 4603 'l‘rithemius'docuit
2801 4541 3072 4601 undenam
3099 4545 3184 4599 hic
3212 4541 3394 4617 Lupus
3423 4541 3536 4593 fue-

1966 4613 2362 4688 ritpresbyter,
2418 4619 2660 4687 adeoque
2707 4621 2923 4688 tametsi
2964 4619 3214 4669 daremus
3261 4613 3535 4667 diversum

1966 4703 2085 4742 esse
2125 4702 2155 4739 a
2200 4687 2347 4757 Lupo
2395 4687 2748 4757 Ferrariensi.
2785 4687 3018 4738 nondum
3047 4689 3539 4757 tamen__con_staret

1971 4757 2139 4812 fuisse
2173 4749 2544 4828 presbyterum
2579 4756 2978 4828 Moguntinum;
3019 4754 3151 4828 adeo
3176 4752 3305 4828 mihi
3329 4749 3533 4804 similes

1971 4822 2220 4880 videntur
2251 4822 2476 4882 inedita:
2499 4822 2914 4896 lucubrationes,
2947 4834 3004 4877 ut
3030 4822 3336 4896 existimem
3366 4833 3527 4873 ovum

1971 4911 2074 4951 ovo
2101 4912 2203 4949 non
2227 4912 2346 4950 esse
2379 4895 2624 4959 similius,
2661 4895 2900 4962 adeoque
2939 4909 3099 4948 unatn
3145 4907 3212 4946 ex
3271 4889 3374 4943 alia
3419 4901 3538 4942 esse

1975 4966 2345 5034 compositam.

2047 5031 2123 5105 (ιί)
2153 5036 2305 5088 Edita
2335 5043 2462 5088 sunt
2487 5049 2647 5102 supra
2673 5049 2820 5086 num.
2854 5031 2977 5097 12³,
3007 5031 3126 5084 129.

1236 5338 1394 5409 207
1455 5295 1986 5411 INCIPIT
2071 5300 2524 5412 LIBER.

367 5585 500 5652 Qua:
551 5584 706 5639 nobis
757 5583 907 5637 utilia
953 5581 1286 5651 iudicamus,
1320 5585 1364 5639 si
1406 5587 1867 5643 communicamus

299 5693 424 5732 cum
465 5676 605 5741 aliis,
637 5674 805 5730 Deum
838 5675 980 5730 nullo
1008 5676 1266 5730 renitente
1291 5692 1680 5750 promeremur,
1714 5681 1867 5752 cujus

1973 5598 2241 5659 praecepto
2269 5589 2463 5644 devoto
2493 5589 2876 5658 respondemus
2921 5587 3208 5658 obsequio;
3238 5595 3292 5641 et
3328 5586 3370 5639 si
3400 5585 3540 5654 quod

1971 5679 2079 5748 jam
2135 5682 2438 5752 accepimus
2489 5681 2700 5736 sincera
2750 5679 3119 5738 benevolentia
3174 5675 3511 5748 imper-timur
