4034 6298
505 296 610 351 623

1525 287 1586 342 Β.
1626 285 1689 340 5.
1731 284 1889 341 LUPI
1926 282 2220 339 ABBATIS
2262 281 2766 341 FERRARIENSIS

3658 286 3775 342 624

498 422 622 478 qua:
651 404 879 466 necdum
907 401 1217 473 accepimus
1253 400 1373 471 ejus
1400 415 1623 454 munere
1663 414 2078 470 consequemur.
2113 402 2157 461 Α
2188 398 2485 469 primordio
2500 396 2814 468 cohibetur;
2855 397 3034 452 omnis
3067 404 3333 451 creatura:
3356 396 3598 453 rationes
3624 414 3777 453 sem-

503 497 628 551 llaec
655 484 866 550 mecum
894 500 1172 563 reputans,
1194 506 1325 545 cum
1341 497 1461 559 post
1481 488 1719 544 devictas
1746 489 2078 559 persecutio-

504 605 602 645 nes
632 597 690 643 et
715 585 881 640 falsas
900 585 1182 655 opiniones
1194 580 1316 652 .jam
1346 582 1470 637 inde
1489 581 1557 637 ab
1580 581 1733 637 initio
1756 581 2082 637 incarnatio-

501 683 588 737 nis
632 679 848 735 Domini
887 684 1127 741 exortas,
1180 673 1685 745 octingentesimum
1733 672 2084 743 quadragesi-

501 788 649 830 mum
672 769 873 827 nonum
903 768 971 823 ab
1007 766 1197 823 eadem
1231 764 1602 820 incarnatione
1641 773 1831 834 agente
1876 778 2080 816 annum

500 865 744 922 Ecclesia
773 863 827 918 in
853 874 986 932 pace
1027 875 1190 930 quam
1219 858 1270 913 ei
1302 856 1519 927 reliquit
1559 854 1831 919 Salvator,
1864 870 1986 909 cum
2014 869 2078 908 ea
2104 920 2105 923 η

444 950 453 955 “
501 959 715 1013 futurus
755 952 908 1023 juxta
964 964 1076 1005 suae
1117 947 1527 1018 pollicitationis
1584 945 1745 999 ﬁdem
1803 958 1972 1012 usque
2009 942 2079 996 ad

499 1042 1020 1104 consummationem
1059 1038 1263 1097 seculi.
1290 1036 1722 1107 comperisseml
1756 1033 1988 1103 prinmm
2023 1032 2078 1085 in

465 1133 887 1201 ‘ltulia,deinde
925 1132 979 1185 in
1022 1128 1216 1193 Gallia,
1268 1128 1314 1182 si
1356 1142 1460 1182 non
1502 1123 1716 1181 concuti
1754 1123 2079 1185 ﬁdem,.tur-

500 1228 617 1285 ικπὶ
642 1234 801 1281 certe
840 1221 1193 1292 quorumdam
1235 1216 1608 1279 intentionem,
1638 1211 1779 1283 quod
1811 1213 1877 1267 de
1907 1211 2079 1265 libero

497 1319 721 1375 arbitrio
745 1323 799 1371 et
833 1315 899 1370 de
924 1309 1394 1382 praidestiuatione
1434 1306 1698 1361 bonorum
1726 1311 1781 1358 et
1814 1302 2076 1356 malorum

497 1428 561 1466 ac
590 1411 655 1465 de
676 1405 954 1477 sanguinis
986 1401 1198 1457 Domini
1234 1398 1508 1453 taxatione
1532 1395 1691 1465 vulgo
1716 1393 1961 1463 qumdam
1994 1392 2077 1446 in-

497 1500 680 1557 audita
721 1499 1081 1568 jactareutur,
1113 1491 1306 1546 harum
1349 1501 1527 1542 rerum
1572 1485 1739 1555 208
1766 1483 1855 1552 qui
1888 1497 1986 1552 per
2016 1495 2074 1536 se

496 1609 604 1648 non
635 1596 874 1661 possent,
905 1583 1085 1654 optavi
1110 1588 1168 1635 ut
1196 1595 1293 1649 per
1329 1593 1415 1632 me
1443 1576 1635 1631 ﬁerent
1660 1574 1942 1630 certiores.
1976 1570 2075 1627 llic

492 1684 555 1737 in
581 1679 839 1736 auxilium
870 1676 1121 1730 invocato
1150 1671 1286 1735 Deo,
1313 1684 1343 1723 a
1375 1682 1481 1737 quo
1506 1682 1611 1723 non
1640 1680 1759 1720 esse
1784 1663 1956 1720 solum
1979 1662 2074 1718 sed

2184 491 2393 559 piterna
2425 490 2565 559 apud
2607 505 2664 545 se
2709 487 3147 543 inimutaliilitate
3181 488 3514 554 custodiens,
3545 489 3771 559 spirita-

2184 578 2288 632 lem
2331 589 2634 633 creaturam
2678 585 2886 632 tantum
2920 577 3165 647 tempori,
3208 578 3545 647 corporalem
3582 588 3771 633 autem

2184 684 2290 724 non
2346 669 2574 740 tempori
2629 669 2809 735 modo,
2864 650 3053 723 verum
3107 669 3276 723 etiam
3318 668 3439 724 loco
3484 668 3613 723 fecit
3670 670 3775 724 ob-

2182 761 2423 816 noxiam.
2454 760 2747 830 ‘Siquidem
2788 761 3087 831 subjectam
3127 775 3183 815 se
3224 760 3452 831 tempori
3505 759 3772 831 spiritalis

2182 859 2373 905 natura
2396 851 2647 913 ostendit,
2680 867 2800 921 qua:
2830 852 2987 915 bene,
3016 859 3199 922 utpote
3237 866 3267 905 a
3293 851 3440 907 bono
3466 853 3599 916 Deo,
3629 867 3766 907 con-

2179 939 2540 1009 dita,,partim
2568 954 2667 994 suo
2694 954 2752 995 se
2781 939 2912 994 vitio
2953 940 3258 1009 depravaus
3286 940 3341 995 in
3378 941 3609 996 veritate
3655 958 3768 995 non

2180 1031 2348 1093 stetit,
2376 1040 2543 1100 atque
2572 1031 2692 1097 ideo
2711 1031 2939 1096 corruit,
2983 1032 3180 1101 partim
3219 1032 3487 1088 conditori
3522 1033 3612 1101 pia
3636 1032 3772 1087 sub-

2171 1119 2751 1189 jectioneadhacrens,
2775 1132 2830 1176 et
2862 1123 3007 1192 quod
3036 1122 3223 1193 lapsus
3255 1133 3402 1179 esset
3430 1140 3606 1195 capax
3630 1140 3766 1194 ape-

2179 1213 2309 1276 ruit,
2338 1220 2393 1265 et
2423 1226 2489 1266 ne
2509 1212 2674 1282 209
2696 1211 2834 1267 ultra
2863 1212 3134 1268 laberetur
3160 1228 3386 1284 compos
3408 1222 3576 1269 tantae
3598 1214 3771 1270 felici-

2179 1302 2305 1355 tatis
2332 1301 2557 1370 accepit.
2591 1299 2833 1371 Namque
2863 1301 3221 1373 Redemptor,
3275 1320 3400 1358 cum
3438 1305 3493 1359 in
3519 1320 3772 1361 resurre-

2176 1392 2402 1447 ctioneb
2432 1392 2741 1460 opinionem
2777 1392 3074 1464 conjugalis
3122 1396 3439 1451 commercii
3490 1384 3771 1452 removis-

2176 1490 2279 1549 set,
2295 1496 2631 1551 nequaquam
2646 1483 2803 1538 nobis
2825 1484 3138 1555 angelorum
3168 1487 3547 1555 spopondisset
3592 1503 3773 1559 aequa-

2174 1573 2405 1639 litatem,
2453 1573 2498 1628 si
2560 1574 2613 1628 in
2651 1574 2732 1629 eis
2774 1575 3031 1644 peccandi
3082 1586 3175 1629 aut
3224 1589 3628 1648 consequenter
3682 1595 3774 1634 ca-

2175 1661 2335 1718 dendi
2388 1662 2635 1733 suspicio
2703 1665 3073 1720 remansisset.
3145 1666 3249 1733 Qui
3293 1668 3439 1723 enim
3517 1669 3775 1726 feliciore

493 1772 658 1826 etiam
687 1782 846 1824 nosse
866 1763 1206 1836 percepimus
1230 1800 1245 1824 ,
1278 1758 1345 1813 ad
1374 1756 1491 1827 ejus
1513 1756 1751 1826 primmn
1773 1753 2069 1810 auctorita-
2098 1745 2146 1803 Β
2173 1768 2333 1823 quam
2356 1770 2497 1810 nunc
2509 1770 2696 1810 sumus
2711 1756 3039 1812 donaremur
3058 1758 3391 1826 conditione,
3412 1760 3518 1817 nisi
3541 1776 3773 1819 emenso

496 1870 602 1923 tes,
632 1857 830 1926 quibus
860 1854 1103 1909 omnium
1152 1862 1452 1905 consensus
1486 1845 1729 1900 ﬁdelium
1756 1842 2072 1914 acquiescit,

500 1967 589 2006 me
614 1948 835 2005 contuli.
874 1944 1079 2000 Deinde
1107 1941 1237 2013 quid
1284 1938 1599 1995 earumdem
1626 1935 1916 1992 clarissimi
1966 1944 2079 1989 tra-

501 2052 736 2099 ctatores
761 2046 816 2094 et
854 2035 1169 2093 defensores
1202 2028 1538 2087 invictissimi
1572 2042 1737 2099 super
1764 2024 2078 2080 memoratis

499 2131 888 2205 quaestionibus
919 2122 1391 2183 sensissentanxie
1412 2122 1612 2191 diuque
1628 2127 1903 2175 scrutatus
1931 2131 2073 2182 sum;

498 2239 728 2297 quorum
756 2222 868 2278 sole
898 2218 1125 2275 clariora
1150 2230 1314 2286 opera
1347 2213 1543 2268 divinis
1565 2211 1824 2267 irradiata
1849 2208 2078 2279 eloquiis

497 2319 541 2372 si
571 2329 763 2370 omnes
799 2311 884 2367 vel
914 2308 1278 2380 intelligerent
1302 2305 1404 2361 avel
1449 2305 1731 2369 baberent,
1772 2301 1895 2371 jure
1920 2303 2077 2358 debe-

492 2423 612 2463 rem
637 2401 1022 2476 superﬁuitatis
1048 2408 1142 2454 aut
1181 2396 1506 2469 arrogantiae
1541 2394 1716 2465 argui,
1741 2394 1833 2463 qui
1874 2393 1957 2448 vel
1978 2406 2074 2449 ea-

492 2500 620 2554 dem
648 2480 832 2552 verbis
872 2492 994 2548 aliis
1037 2489 1402 2561 ingessissem,
1451 2486 1537 2541 vel
1558 2485 1700 2556 quod
1724 2484 1825 2555 ipsi
1856 2499 1963 2539 non
1990 2498 2076 2538 va-

494 2588 721 2644 luissent
758 2600 845 2640 me
898 2581 1123 2652 implere
1164 2595 1323 2651 posse
1359 2576 1713 2633 conﬁderem.
1763 2575 1899 2630 Cum
1948 2589 2074 2630 vero

492 2690 780 2748 utrumque
827 2674 1032 2736 multis,
1066 2672 1387 2728 alterutrum
1434 2668 1779 2740 quibusdam,
1808 2676 2074 2724 neutrum

494 2772 634 2826 forte
663 2766 934 2823 nonnullis
974 2762 1249 2832 obtigerit,
1287 2760 1515 2815 alterum
1567 2758 1651 2814 vel
1699 2766 1952 2814 neutrum
1978 2758 2087 2813 ha-'

490 2860 744 2917 beatibus
786 2857 865 2912 sic
894 2855 1085 2911 adesse
1111 2851 1437 2908 contendam
1477 2858 1535 2903 ut
1577 2858 1870 2917 utrumque
1900 2848 2072 2918 possi-

495 2953 706 3013 dentes,
744 2949 789 3003 si
819 2956 998 3002 tamen
1042 2959 1139 2999 sua
1187 2940 1495 3009 cognitione
1538 2940 1654 2993 hinc
1698 2952 1837 3004 mea,
1865 2937 2073 3009 qualia-

492 3026 708 3109 cunque
745 3045 893 3100 sunt,
917 3034 1079 3104 digna
1113 3030 1385 3094 duxerint,
1418 3044 1527 3082 non
1566 3026 1855 3083 oll‘endam.
1885 3027 2072 3097 Itaque

495 3129 626 3187 mihi
662 3126 820 3190 nihil,
864 3125 975 3180 Deo
1002 3122 1331 3194 plurimum,
1366 3119 1510 3189 quod
1546 3118 1801 3189 proposui
1826 3118 1951 3173 hinc
1974 3134 2072 3174 ex-

484 3218 677 3288 pedire
711 3214 969 3271 conabor.

566 3305 770 3360 lterum
786 3302 1024 3357 omnium
1057 3298 1237 3370 opifex
1264 3298 1428 3362 Deus,
1464 3298 1566 3352 loci
1613 3296 1977 3367 temporisque
2008 3312 2099 3353 ac-

486 3412 588 3469 per
633 3398 738 3452 hoc
784 3394 949 3449 totius
994 3389 1374 3446 mutabilitatis
1432 3402 1626 3457 expers
1664 3388 1879 3458 (neque
1925 3389 2073 3443 enim

493 3486 839 3545 concluditur
873 3483 991 3539 loco
1013 3481 1108 3552 qui
1152 3478 1630 3544 continetonmia,
1678 3493 1780 3533 nec
1820 3493 1949 3533 vero
1982 3494 2074 3534 ac-

494 3595 649 3636 cessu
679 3575 936 3647 temporis
978 3582 1205 3645 augetur
1250 3572 1344 3643 qui
1376 3586 1731 3642 nequaquam
1784 3572 2069 3643 temporali

559 3751 586 3779 ιι
616 3734 855 3791 Primum
906 3734 962 3788 in
1012 3730 1311 3786 ~Itulia.‘Ex
1342 3730 1451 3785 hoc
1490 3729 1856 3787 ‘loco‘eonﬁci
1910 3747 2070 3791 nosse

490 3816 621 3877 puto
643 3806 852 3876 Lupum
883 3804 939 3877 in
966 3802 1171 3857 Italiam
1208 3800 1654 3877 pro'fectttmesse
1680 3816 1827 3877 anno
1863 3800 1987 3868 849,
2008 3811 2071 3858 ut

488 3869 812 3948 legationem
855 3873 1051 3936 obiret,
1076 3869 1246 3995 suam
1288 3870 1441 3939 jussu
1467 3869 1656 3950 .Caroli
1695 3872 1838 3941 regis
1874 3888 2066 3929 susce-

488 3956 664 3995 θέει-ει.
694 3941 1068 3995 ad’Leoneml
1141 3955 1363 3995 canam:
1397 3954 1551 3995 cuius
1576 3941 1817 3995 meminit
1868 3942 1983 3995 inse
2004 3944 2066 3995 in

481 3938 677 4017 perat,
694 3938 1117 4017 ad’Leonetan
1141 3938 1363 4011 papam;
1397 3938 1551 4010 cujus
1576 3938 1817 4016 meminit
1868 3942 2066 4017 ipsein

466 4011 715 4086 .epistcla
740 4014 809 4069 ad
837 4011 1187 4069 Benedictum
1229 4024 1445 4081 papam,
1493 4024 1614 4079 quae
1645 4012 1735 4066 est
1773 4012 2068 4069 centesima

490 4085 674 4140 tertia.
876 4138 884 4147 ,

561 4155 592 4196 ιι
618 4152 929 4224 Opinionem
951 4150 1161 4219 conjug.
1187 4147 1521 4224 _commerci_i.
1556 4147 1797 4218 Respicit
1817 4150 1908 4224 _ad
1940 4151 2067 4206 sub-

490 4217 676 4282 dolam"
716 4217 1134 4277 Sadduceeorum
1185 4217 1706 4288 interrogationem:
1739 4219 1831 4287 qui
1881 4235 2065 4275 resur-

490 4292 750 4351 rectionis
786 4290 991 4346 inimici
1022 4304 1144 4345 cum
1184 4287 1411 4351 essent,’
1435 4303 1597 4351 quam
1633 4287 1882 4343 Christus
1924 4289 2067 4345 inter

489 4362 740 4420 homines
765 4375 930 4429 agens
970 4360 1289 4429 frequenter
1318 4356 1645 4429 inculcabat,
1672 4373 1800 4429 eum
1831 4359 2063 4415 interro-

2177 1843 2422 1898 mortalis
2448 1844 2572 1898 vita:
2601 1844 2916 1900 discrimine
2959 1847 3013 1901 in
3043 1855 3189 1902 tanta
3223 1848 3581 1907 beatitudinis
3613 1855 3773 1915 collo~

2177 1947 2425 1989 caremur
2447 1936 2739 1992 securitate
2785 1946 2847 1992 ut
2884 1937 3024 1993 ultra
3067 1954 3169 1994 nec
3209 1956 3437 2011 peccare
3476 1959 3773 2015 possemus

2175 2040 2280 2081 nec
2309 2026 2442 2081 velle
2471 2031 2741 2098 peccare?
2780 2030 2951 2087 Porro
2976 2035 3241 2102 corporis
3282 2045 3480 2092 natura
3516 2049 3574 2093 et
3603 2041 3772 2110 erepit

2176 2130 2243 2172 ex
2292 2126 2560 2189 tempore,
2618 2129 2672 2176 et
2725 2125 3031 2194 augmentis
3087 2125 3583 2197 decrementisque,
3654 2132 3773 2186 sine

2176 2208 2546 2264 conversionis
2583 2210 2635 2264 in
2677 2210 2779 2265 alia
2834 2211 3110 2279 facultate,
3162 2216 3543 2271 mutabilitatis
3598 2219 3769 2283 vices,

2176 2313 2297 2369 quae
2321 2308 2514 2354 cuncta
2546 2299 2766 2355 ﬁunt-in
2799 2310 3064 2371 tempore,
3104 2304 3415 2361 conﬁtetur.
3446 2307 3603 2363 Loco
3640 2325 3772 2364 vero

2174 2388 2472 2459 subjectam
2499 2406 2605 2446 non
2630 2390 2839 2447 dubitat
2867 2393 2959 2463 qui
2995 2409 3158 2450 omne
3189 2398 3767 2471 corpuslongitudine,

2174 2479 2480 2544 latitudine,
2520 2489 2682 2550 atque
2712 2481 3001 2538 altitudine
3039 2494 3316 2551 constans,
3345 2487 3493 2555 quod
3527 2489 3768 2545 solidum

2175 2568 2497 2640 appellatur,
2543 2584 2647 2625 non
2675 2571 2778 2626 nisi
2816 2571 2932 2627 loco
2956 2587 3175 2643 semper
3214 2576 3483 2632 contineri
3517 2581 3751 2636 conside

2174 2660 2607 2732 rat.-Utriusque
2652 2672 2834 2719 autem
2883 2674 3112 2731 naturae,
3145 2667 3247 2723 hoc
3282 2679 3386 2734 est,
3417 2679 3473 2725 et
3504 2673 3770 2742 spiritalis

2173 2759 2230 2807 et
2256 2753 2579 2822 corporalis,
2624 2754 3047 2824 proprietatibus
3081 2757 3222 2813 Deus
3263 2759 3458 2815 artifex
3500 2763 3769 2818 observa-

2174 2846 2263 2911 tis,
2290 2846 2562 2902 hominem
2597 2865 2663 2904 ex
2701 2849 2881 2904 anima
2910 2852 3195 2920 compegit
3227 2862 3281 2908 et
3326 2869 3583 2925 corpore,
3626 2859 3767 2915 sicut

2174 2936 2360 2992 eodem
2386 2937 2657 2998 revelaute
2678 2940 2770 3009 qui
2792 2940 2923 2996 fecit
2945 2942 3262 3011 accipimus.
3294 2943 3499 3000 Verum
3519 2948 3767 3004 animam

2178 3030 2254 3085 illi
2289 3029 2456 3087 recite
2484 3033 2552 3088 ad
2582 3033 2874 3105 imaginem
2902 3050 3077 3100 suam,
3108 3036 3234 3106 quia
3261 3040 3473 3095 tametsi
3508 3042 3682 3112 coepit
3701 3058 3764 3097 ex

2179 3128 2505 3192 temporeut
2528 3133 2800 3190 creatura,
2844 3124 3173 3194 sempiterna
3202 3135 3380 3182 autem
3410 3137 3470 3183 ut
3497 3129 3650 3186 Deus
3670 3147 3767 3203 pro

2174 3227 2272 3268 suo
2302 3213 2519 3270 modulo
2561 3215 2928 3284 permanebit;
2963 3214 3049 3269 vel
3075 3217 3201 3286 quia
3237 3218 3464 3274 rationis
3510 3222 3563 3274 ei
3590 3229 3651 3275 et
3685 3223 3763 3277 ino

2175 3304 2423 3361 tellectus
2453 3306 2800 3377 participium
2826 3305 3280 3375 quemadmodum
3298 3308 3519 3364 sanctis
3551 3311 3765 3380 angelis

2173 3393 2433 3460 contulit;
2485 3409 2682 3464 corpus
2724 3404 2905 3450 autem
2957 3409 3067 3449 non
3110 3410 3497 3466 usquequaque
3548 3403 3764 3456 caeteris

2173 3481 2493 3537 animalibus
2522 3481 2775 3537 formavit
2795 3482 3075 3548 dissimile,
3108 3482 3209 3538 nisi
3238 3487 3381 3554 quod
3408 3487 3498 3541 illa
3534 3488 3563 3527 ἀ
3598 3490 3655 3544 in
3686 3491 3763 3545 ει-

2171 3589 2295 3629 vum
2320 3589 2511 3644 prona,
2567 3574 2620 3630 id
2669 3583 2849 3630 autem
2894 3581 3139 3630 erectum
3166 3574 3418 3645 instituit,
3460 3577 3624 3649 cujus
3655 3581 3763 3639 ﬁdo

2169 3726 2317 3784 sibus
2351 3727 2417 3782 ad
2457 3726 2918 3798 Quodvultdeum,
2950 3727 3091 3784 inter
3124 3727 3359 3785 haereses
3382 3741 3650 3798 numerat
3672 3748 3762 3789 eo-

2169 3814 2289 3853 rum
2316 3798 2657 3859 sentcntiam,
2695 3797 2975 3866 quiaumt
2991 3814 3177 3866 corpus
3217 3799 3464 3864 hominis,
3496 3797 3605 3856 non
3643 3806 3761 3857 ani-

2168 3883 2330 3932 mum,
2359 3883 2469 3921 esse
2491 3865 2768 3938 imaginem
2796 3865 2912 3938 Dei.
2943 3866 3006 3938 lli
3028 3865 3180 3922 fuere
3206 3866 3663 3935 Homuncionitaz,
3698 3883 3757 3929 tl

2168 3940 2325 3993 docet
2348 3944 2538 3991 auctor
2562 3935 2707 4002 libri,
2732 3936 2818 3992 cui
2841 3935 3256 3992 Prwdestinams
3272 3954 3476 3995 nomen
3505 3940 3761 3999 Sirmono

2168 4008 2269 4080 dus
2282 4006 2440 4080 fecit,
2462 4006 2559 4062 lib.
2575 4023 2641 4080 4,
2656 4021 2777 4076 cap.
2807 4003 3153 4080 76._Videant
3181 4022 3343 4080 porro
3364 4011 3758 4080 sapientissimi

2169 4077 2452 4146 theologia:
2505 4075 2746 4145 magistri
2793 4092 2863 4130 an
2903 4075 3017 4131 haec
3066 4075 3249 4145 opinio
3294 4075 3586 4135 conveniat
3631 4099 3758 4137 cum

2166 4147 2379 4216 placitis
2398 4146 2869 4217 philosophorum,
2897 4146 2991 4217 qui
3013 4148 3164 4200 aiunt
3189 4148 3461 4204 hominem
3491 4153 3756 4208 constitui

2166 4233 2235 4271 ex
2263 4217 2444 4271 anima
2483 4225 2539 4271 et
2583 4230 2850 4285 corpore;
2896 4216 2999 4271 hoc
3028 4225 3131 4282 est,
3167 4218 3407 4273 animam
3432 4219 3607 4275 solam
3643 4239 3755 4278 non

2167 4302 2288 4360 esse
2310 4287 2606 4350 hominem,
2629 4301 2802 4360 neque
2821 4286 2953 4360 item
2975 4301 3171 4357 corpus
3194 4289 3387 4360 solum.
3418 4290 3584 4360 Atqui
3612 4292 3757 4347 Deus

2168 4357 2294 4412 fecit
2320 4372 2561 4411 nomnen
2603 4356 2670 4410 ad
2721 4355 3013 4426 imaginem
3059 4355 3235 4410 suam.
3275 4355 3648 4416 Tertullianus
3678 4371 3757 4416 ta-

490 4377 740 4420 homines
765 4377 792 4415 a
833 4377 930 4417 ens
970 4377 1289 4429 lrequenter
1318 4377 1645 4420 Inculcauat,
1676 4377 1800 4412 eum
1831 4377 2063 4415 111181·Γο-
2168 4377 2294 4412 well.
2320 4377 2561 4411 "omnem
2603 4377 2670 4410 au
2721 4377 3013 4426 Imaginem
3059 4377 3235 4410 suam.
3282 4377 3648 4416 aertuttianus
3678 4377 3750 4416 la-

488 4377 1081 4506 gaveruntdge‘eaquae
1110 4436 1316 4506 septem
1352 4427 1576 4483 maritos
1599 4426 1883 4506 habuerat,
1912 4429 2064 4498 cujus
2090 4439 2143 4500 ι)
2170 4444 2315 4506 men,
2362 4427 2719 4506 virhumauaa
2744 4426 3046 4506 divinaeque
3074 4427 3425 4506 piﬁloSOphize
3445 4433 3750 4506 praeceptis

489 4498 703 4560 tandem
721 4518 792 4558 ex
828 4500 897 4556 iis
922 4498 1103 4555 futura
1123 4505 1272 4553 esset
1290 4511 1424 4551 uxor
1428 4507 1563 4566 post
1584 4499 2059 4566 resurrectionem.

488 4575 694 4642 Quibus
744 4571 937 4642 divine
972 4567 1260 4642 admodum
1311 4565 1585 4642 respondit
1627 4565 1810 4642 Jes_us,
1856 4569 2063 4642 nullum

489 4635 613 4716 post
650 4635 1113 4716 resurrectionem
1148 4635 1850 4716 futurum’m‘atrimonium.
1880 4638 2063 4716 {Veque

489 4705 701 4779 nubent,
734 4711 926 4781 inquit,
954 4707 1413 4781 nequennbentur.
1441 4705 1561 4781 Quo
1574 4705 2061 4781 dicto,opinionem

488 4778 1130 4854 conjugaliscpmmercii
1171 4778 1227 4854 in_
1272 4778 1672 4854 resurrectione
1716 4780 1969 4854 removit,
2004 4789 2063 4833 ut

489 4850 564 4908 ait
589 4845 798 4922 Lupus.
828 4852 1021 4906 Exstat
1041 4847 1267 4906 historia
1292 4847 1431 4917 apud
1458 4845 1794 4914 Matthmum,
1819 4846 2060 4904 Marcum

486 4934 541 4979 ct
570 4923 789 4977 Lucam.
1824 4925 1829 4929 '

562 5007 585 5032 ε
619 4992 999 5062 Ad‘imaginem
1032 5004 1203 5062 suam.
1246 4985 1639 5062 Existimarunt
1684 4986 2059 5062 pleriqueve-

488 5073 684 5125 terum,
719 5055 1004 5130 imaginem
1056 5059 1178 5122 Dei,
1204 5072 1323 5127 qum
1367 5056 1419 5110 in
1451 5055 1670 5130 homine
1690 5055 1818 5111 esse
1838 5056 2056 5130 dicitur,

491 5134 544 5187 iu
576 5133 756 5186 anima
787 5125 1123 5192 collocatam,
1151 5125 1258 5182 non
1292 5134 1474 5180 autem
1502 5125 1555 5179 in
1584 5139 1848 5193 corpore:
1879 5126 2056 5197 imago

484 5203 628 5257 cuitu
681 5199 1026 5269 incorporei,
1071 5210 1433 5269 corpusuesse
1487 5211 1591 5269 non
1643 5204 1847 5269 potest,_
1892 5204 1950 5269 ut
1979 5198 2055 5252 ait

485 5271 813 5328 Claudianus
834 5263 1135 5326 'Mamertus
1163 5263 1216 5322 in
1264 5267 1401 5320 libro
1446 5279 1504 5318 ιιι
1545 5264 1613 5318 de
1648 5272 1795 5319 statu
1819 5263 2048 5327 Animae,

485 5357 605 5411 cap.
635 5341 718 5396 16.
750 5339 903 5411 Unde
922 5338 1192 5411 concludit
1229 5335 1584 5411 Cassiodorus
1611 5334 1662 5411 in
1689 5335 1865 5411 capite
1900 5344 2051 5411 octa-

484 5405 702 5467 vo'libri
737 5412 804 5466 de
830 5410 1045 5475 Anima,
1074 5409 1309 5463 animam
1341 5406 1617 5459 hominum
1651 5406 1769 5461 ideo
1799 5420 1921 5459 esse
1953 5405 2054 5459 im-

465 5483 799 5547 'mortalem,
841 5481 986 5551 quod
1029 5480 1096 5534 ad
1156 5476 1558 5551 similitudinem
1618 5477 1709 5531 Dei
1759 5475 1915 5551 iacta
1962 5476 2048 5529 sit.

487 5553 641 5626 Nam
668 5547 1149 5626 qurentndntodumt
1170 5550 1372 5626 inquit,
1409 5555 1607 5625 poterat
1638 5547 1934 5626 essejmago
1963 5556 2056 5626 aut

481 5617 771 5678 similitudo
806 5621 921 5685 Dei,
966 5622 1011 5674 si
1060 5618 1249 5671 animm
1287 5617 1554 5669 hominum
1606 5618 1785 5669 mortis
1837 5617 2055 5669 termino

480 5684 1059 5758 clauderenturﬂjuin
1088 5698 1141 5743 et
1168 5684 1497 5759 Augustinus
1534 5686 1588 5738 in
1618 5685 1752 5744 libro
1782 5687 1847 5742 tle
1875 5685 2057 5742 lltcrc-

2170 4498 2313 4552 haud
2344 4496 2503 4551 dubie
2533 4496 2788 4558 imbutus,
2820 4495 3090 4550 existimat
3121 4495 3358 4551 animam
3384 4495 3551 4554 etiam
3575 4495 3750 4556 solam

2169 4568 2498 4623 constituere
2523 4575 2692 4621 totum
2720 4566 3014 4621 hominem.
3050 4566 3180 4622 Hzec
3209 4575 3334 4621 sunt
3354 4566 3472 4635 ejus
3497 4572 3663 4625 verba
3684 4586 3752 4628 ex

2169 4638 2345 4706 capite
2374 4637 2550 4705 primo
2597 4635 2720 4691 libri
2764 4636 3178 4706 detestimonio
3205 4637 3399 4692 anima:
3430 4656 3445 4692 :
3481 4658 3500 4690 ι
3539 4639 3749 4695 Novum

2171 4705 2534 4762 testimonium
2583 4706 2807 4769 advoco,
2846 4705 2955 4771 imo
3001 4708 3149 4762 omni
3194 4707 3501 4763 litteratura
3543 4713 3747 4775 notius,

2168 4777 2318 4850 omni
2358 4776 2603 4850 doctrina
2646 4776 2922 4850 agitatius,
2980 4776 3125 4833 omni
3173 4777 3408 4833 editione
3453 4782 3747 4850 vulgatius,

2173 4854 2283 4902 toto
2306 4846 2524 4900 homine
2554 4846 2745 4916 majus,
2784 4847 2839 4902 id
2877 4854 2979 4911 est,
3007 4856 3172 4916 totum
3193 4850 3340 4916 quod
3365 4858 3452 4902 est
3478 4846 3735 4906 hominis.

2169 4916 2419 4990 consiste
2441 4916 2500 4970 in
2525 4915 2925 4990 medioanimg,
2948 4928 3099 4990 rete.
3123 4915 3258 4973 Vide
3283 4918 3445 4989 paulo
3460 4918 3603 4975 infra
3629 4937 3750 4990 quae

2165 4987 2464 5042 aﬁ‘eruntur
2483 5002 2552 5041 ex
2585 4985 2821 5044 Maximo
2858 4984 3043 5055 Tyrio.
3283 4984 3303 4989 ⁷
3648 4984 3663 4990 ’
3760 5040 3763 5045 .

2235 5057 2262 5097 ά
2295 5056 2363 5110 1η
2415 5056 2589 5111 alvum
2632 5073 2820 5126 prona.
2871 5056 3094 5114 Ovidius
3136 5057 3231 5113 lib.
3276 5073 3293 5111 ι
3343 5057 3746 5132 Μοιξιιηοιτριιοι

2162 5142 2291 5183 86011
2312 5145 2325 5181 Ξ

2314 5235 2572 5300 Pronaque
2595 5247 2703 5287 cum
2728 5243 2954 5300 spectent
2978 5236 3196 5286 animalia
3219 5245 3400 5290 cetera
3424 5244 3629 5300 terram,

2312 5298 2381 5350 Us
2404 5300 2585 5349 homini
2612 5298 2821 5348 sublime
2844 5299 3000 5349 dedit.

2162 5400 2477 5457 Lactantius
2504 5401 2596 5457 lib.
2630 5417 2670 5455 ιι
2699 5401 3003 5456 divinarum
3030 5401 3296 5467 lnstitut.,
3321 5417 3442 5472 cap.
3481 5404 3529 5457 l.
3566 5421 3587 5453 ι
3609 5402 3742 5459 Nam

2162 5488 2284 5528 cum
2315 5479 2525 5527 uetera:
2545 5472 2857 5543 animantes
2880 5472 3066 5542 pronis
3093 5474 3414 5543 corporibus
3436 5473 3491 5527 in
3516 5473 3741 5528 humum

2162 5554 2427 5614 spectent,
2452 5541 2588 5614 quia
2631 5541 2895 5598 rationem
2927 5557 2991 5598 ac
3031 5541 3352 5614 sapientiam
3383 5557 3492 5614 non
3520 5558 3741 5613 accepe-

2163 5622 2306 5674 runt,
2341 5613 2494 5667 nobis
2531 5621 2711 5666 autem
2756 5622 2928 5667 status
2959 5613 3161 5678 rectus,
3190 5613 3438 5668 sublimis
3467 5614 3648 5671 voltus
3667 5614 3737 5667 ab

2165 5682 2371 5738 artiﬁce
2422 5683 2528 5737 Deo
2581 5683 2735 5739 datus
2786 5684 2876 5749 sit,
2908 5703 2928 5737 ι
2974 5694 3079 5740 etc.
3138 5683 3401 5739 Maximus
3434 5681 3645 5754 Tyrius
3684 5683 3740 5737 in
