4034 6298
225 405 332 461 625

1284 402 1412 457 LIB.
1454 403 1541 458 DE
1579 404 1829 461 TRIBUS
1865 405 2443 473 QUIESTIONIBUS.‘

3390 404 3494 463 626

226 524 456 586 servitio
476 522 544 577 ad
563 519 896 591 capesstnda
920 531 1196 590 superiora
1238 520 1444 574 auctori
1477 521 1556 575 sui
1586 522 1804 575 nutibus
1833 527 1882 586 Α
1910 523 2243 593 permisisset
2306 521 2692 592 promiscuum.
2777 520 3155 591 Respondente
3226 519 3454 575 muliere
3477 559 3494 584 ,

224 616 491 675 obedieus
530 613 711 667 anima
759 617 1021 666 uteretur.
1077 609 1349 677 Quantum
1406 626 1538 666 vero
1588 619 1809 681 praestet

226 705 448 776 corpori
478 704 659 758 anima
684 703 847 757 etiam
872 714 898 743 ι
930 700 1147 772 gentilis
1167 711 1356 755 auctor
1377 711 1606 757 conatur
1632 703 1812 772 expri-

229 814 411 864 mere,
433 813 562 852 cum
579 796 646 851 de
667 804 899 864 utroque
921 794 1165 863 loquens,
1192 793 1416 847 alterum
1433 794 1601 859 nobis,
1618 794 1810 863 inquit,

232 908 356 947 cum
376 890 499 952 diis,
549 887 769 942 alterum
820 903 939 939 cum
967 885 1150 940 bellicis
1185 902 1457 940 commune
1494 896 1590 940 est.
1630 888 1713 941 ita
1741 887 1815 941 fa-

230 991 387 1037 ctum
415 980 686 1035 hominem
738 978 902 1047 210
932 978 1165 1046 primum
1197 976 1366 1030 Adam
1397 994 1519 1032 cum
1547 979 1653 1033 Eva
1683 993 1815 1033 con~

228 1073 383 1143 juge,
420 1087 606 1142 quam,
634 1069 879 1124 mirabile
906 1069 1083 1134 dictu,
1123 1068 1195 1123 de
1235 1077 1386 1123 costa
1426 1069 1502 1123 illi
1526 1070 1817 1125 dormienti

231 1165 516 1218 subtracta
559 1159 701 1214 Deus
730 1158 1005 1229 produxit,
1040 1158 1093 1212 in
1118 1160 1373 1228 paradiso
1421 1160 1732 1231 voluptatis,
1756 1169 1817 1216 ut

234 1268 414 1309 sacrae
435 1253 630 1307 littera:
676 1259 966 1316 testantur,
996 1250 1582 1322 constituit,.eumque,
1623 1268 1817 1322 suppe-

234 1343 484 1398 tentibus
499 1341 755 1395 omnibus
775 1340 844 1396 ad
872 1355 1028 1395 usum
1077 1341 1420 1404 necessariis,
1451 1358 1555 1398 non
1587 1341 1817 1399 molesto

234 1432 423 1495 labore
448 1431 740 1492 damnavit,
766 1429 866 1485 sed
892 1429 1099 1485 otiandi
1127 1431 1345 1486 taedium
1372 1431 1550 1486 ablata
1572 1433 1620 1488 ei
1648 1431 1818 1493 facul-

236 1531 352 1576 tate
375 1520 635 1590 operandi
679 1519 928 1574 removit.
969 1517 1048 1573 Ne
1072 1528 1253 1573 autem
1299 1520 1535 1576 nesciret
1578 1522 1741 1576 homo
1767 1521 1817 1575 ei

232 1625 299 1666 se
331 1609 529 1664 debere
576 1606 926 1676 subiectionis
972 1617 1030 1662 et
1056 1607 1375 1663 obedientiae
1413 1609 1611 1675 vicem,
1653 1626 1683 1665 a
1712 1625 1819 1680 quo

231 1711 292 1757 et
310 1714 434 1755 esse
456 1707 766 1769 acceperat,
813 1705 870 1753 et
895 1697 1035 1754 bene
1071 1714 1191 1754 esse
1217 1698 1379 1754 nullis
1409 1709 1595 1755 contra
1629 1709 1814 1755 votum

234 1786 635 1843 reluctantibus
687 1787 883 1841 animae
932 1787 1248 1856 corporisve
1297 1788 1532 1843 motibus
1582 1788 1819 1845 feliciter

1898 628 2074 682 quam
2142 611 2440 668 faciliorem
2493 611 2604 666 falli
2661 610 2885 665 callidus
2933 609 3243 681 explorator
3299 610 3496 681 depre-

1900 701 2197 768 henderat,
2234 715 2338 759 .ne
2385 700 2524 757 forte
2585 710 2948 766 morerentur,
3004 701 3281 758 incautam
3310 717 3343 757 a
3365 717 3495 757 vera

1897 792 2357 863 ~211sententia
2378 792 2618 857 deduxit,
2641 791 2770 846 etin
2795 791 2983 846 falsam
3007 791 3148 862 quod
3179 807 3286 847 non
3314 802 3499 847 essent

1915 885 2162 940 morituri
2185 885 2431 955 protinus
2456 886 2664 939 induxit
2691 902 2704 939 :
2735 884 2946 954 adjecto
2969 900 3058 951 eo,
3099 894 3122 924 ο
3147 885 3290 940 scire
3324 884 3494 939 Deum

1899 977 2058 1046 quod
2106 977 2152 1030 si
2199 976 2561 1031 comedissent
2608 976 2748 1030 unde
2792 975 3052 1044 prohibiti
3105 985 3317 1040 essent,
3371 990 3494 1030 mox

1916 1067 2257 1137 aperirentur
2285 1066 2425 1121 oculi
2458 1080 2672 1131 eorum,
2700 1066 3013 1135 similesque
3043 1066 3146 1121 diis
3178 1066 3491 1122 existerent.

1919 1157 2138 1213 Scilicet
2163 1168 2221 1211 ut
2240 1158 2629 1231 numerositate
2650 1157 2873 1212 deorum
2897 1158 3088 1212 saltent
3115 1172 3302 1213 eorum
3337 1157 3497 1211 fidem

1918 1236 2309 1318 corrumperet,
2338 1248 2384 1302 si
2416 1248 2482 1303 ad
2507 1247 2925 1303 inobedientiam
2957 1248 3145 1303 tentati
3185 1246 3324 1319 gulae
3362 1247 3498 1302 vitio

1918 1355 2025 1394 non
2060 1340 2373 1394 cessissent.
2400 1338 2426 1378 ἀ
2464 1339 2631 1409 Capta
2676 1337 2867 1394 mulier
2895 1379 2908 1405 ,
2955 1353 3079 1395 eum
3137 1339 3309 1394 hostis
3358 1337 3500 1393 male

1919 1428 2214 1483 dulcoratis
2239 1428 2506 1499 alloquiis,
2539 1437 2652 1484 tum
2683 1429 2848 1484 etiam
2886 1429 3160 1485 interdicti
3207 1429 3351 1500 pomi
3395 1428 3496 1484 im-

1906 1518 2129 1573 modica
2164 1527 2469 1583 venustate,
2500 1519 2649 1588 prior
2696 1520 2953 1587 comedit,
2994 1529 3049 1577 et
3087 1521 3207 1577 viro
3233 1529 3292 1574 ut
3317 1535 3498 1576 come-

1906 1608 2073 1663 deret
2097 1609 2385 1678 persuasit.
2410 1609 2544 1671 Mox,
2571 1620 2798 1683 uterque
2822 1627 2930 1667 non
2969 1613 3147 1668 anima
3169 1611 3366 1676 solum,
3404 1613 3503 1666 sed

1920 1703 1977 1751 et
2012 1712 2238 1767 corpore
2291 1699 2517 1768 occidit,
2563 1705 2780 1773 quando
2826 1703 3190 1759 inevitabilem
3235 1700 3501 1758 moriendi

1921 1789 2301 1857 necessitatem
2350 1795 2639 1849 contraxit.
2689 1793 2756 1848 Et
2798 1795 2924 1864 quia
2988 1793 3196 1863 peccati
3246 1800 3497 1854 mortem,

232 1879 503 1948 capiebat,
525 1878 802 1934 concessis
829 1877 881 1932 ei
920 1879 1064 1933 Deus
1104 1878 1173 1931 ad
1200 1893 1384 1933 escam
1417 1880 1688 1936 universis
1716 1897 1818 1952 po-
1845 1865 1895 1926 Β
1921 1880 2064 1937 unde
2088 1876 2316 1938 liberum
2344 1884 2396 1939 ei
2422 1883 2600 1938 fuerat
2638 1884 2930 1948 abstinere,
2962 1900 3076 1938 non:
3093 1882 3398 1945 exhorruit,
3430 1881 3501 1935 ad

234 1983 451 2023 morum
499 1966 737 2037 paradisi
786 1967 1076 2038 generibus
1105 2007 1122 2033 ,
1169 1981 1280 2022 uno
1319 1968 1598 2037 prohibuit
1646 1969 1815 2041 ligno,

232 2059 383 2127 quod
423 2057 666 2112 scientiae
695 2057 823 2112 boni
854 2065 910 2111 et
944 2057 1069 2111 mali
1112 2058 1430 2113 nominavit.
1466 2060 1533 2115 Et
1560 2062 1820 2130 quoniam

232 2163 363 2217 spes
408 2147 744 2218 impunitatis
803 2161 995 2216 magna
1043 2157 1131 2202 est
1162 2148 1190 2191 ὶδ
1221 2150 1484 2218 peccandi
1528 2151 1819 2217 illecebra,

230 2244 510 2307 prmeepto
542 2234 1039 2290 interminationein
1080 2251 1254 2306 paena:
1285 2238 1526 2305 addidit,
1573 2242 1818 2297 morien~

235 2326 369 2379 dum
399 2325 481 2379 eis
509 2323 840 2380 confirmans
866 2340 975 2395 qua
1004 2324 1091 2381 dic
1131 2341 1198 2383 ex
1229 2327 1377 2399 ligno
1403 2331 1545 2399 quod
1575 2339 1823 2386 vetuerat

234 2420 620 2474 comedissent.
654 2417 879 2475 Summa
918 2429 1041 2477 erat
1069 2422 1391 2477 observandi
1423 2422 1637 2492 iussum
1685 2424 1819 2479 faci-

236 2511 399 2576 iitas,
431 2511 647 2581 quando
674 2510 741 2567 ad
769 2512 825 2567 id
872 2513 1178 2569 violandum
1232 2529 1335 2570 nec
1364 2515 1475 2570 ulla
1524 2517 1824 2572 necessitas

238 2598 546 2663 invitabat,
575 2616 676 2657 nec
709 2602 881 2657 hostis
909 2643 924 2668 ,
959 2603 1050 2673 qui
1083 2603 1230 2659 solus
1269 2604 1511 2659 diabolus
1541 2614 1680 2670 erat,
1710 2605 1822 2660 vim

240 2690 413 2746 ullam
443 2691 730 2747 inferendo
773 2694 1053 2763 impellere
1094 2703 1326 2764 poterat.
1357 2693 1475 2749 Jam
1498 2695 1613 2765 ipse
1638 2709 1826 2764 super-

240 2781 445 2837 hiendo
489 2783 781 2847 ceciderat,
806 2781 919 2850 iam
945 2784 1087 2853 quod
1125 2784 1241 2852 ipse
1285 2785 1481 2839 merito
1517 2785 1827 2854 perdiderat

243 2874 559 2929 hominibus
580 2889 738 2945 posse
766 2877 1090 2949 contingere
1114 2876 1408 2932 invidebat.
1457 2876 1595 2944 Quid
1621 2876 1825 2932 faceret

240 2960 342 3030 qui
367 2975 475 3016 nec
492 2961 674 3016 semel
691 2968 1008 3031 conceptam
1029 2962 1290 3016 malitiam
1316 2964 1582 3032 deponere
1604 2977 1702 3019 nec
1730 2965 1827 3019 ho-

239 3051 451 3105 minem
481 3051 585 3106 nisi
611 3052 1067 3120 acquiesccntem,
1097 3051 1202 3105 nisi
1241 3052 1689 3119 consentientem,
1720 3052 1825 3107 nisi

236 3142 515 3197 volentem
540 3151 723 3211 posset
740 3142 1219 3212 dejicere?Auctor
1244 3142 1369 3196 mali
1390 3143 1617 3212 proprii,
1645 3158 1824 3213 reper-

1912 1970 2328 2043 -persolvendam
2377 1982 2607 2029 mortem
2653 1975 2896 2042 Corporis
2944 1973 3134 2028 nolens
3174 1970 3499 2042 quandoque

1921 2063 2185 2134 pervenit.
2216 2062 2483 2118 Mortuum
2505 2077 2635 2118 sane
2679 2063 2952 2118 hominem
2982 2064 3165 2118 statim
3192 2070 3251 2116 ut
3277 2062 3503 2131 vetitum

1912 2153 2267 2223 praisumpsit
2284 2167 2390 2207 non
2420 2153 2704 2207 mirabitur
2722 2152 2812 2222 qui
2837 2151 2990 2207 ferali
3017 2152 3236 2207 vulnere
3257 2152 3500 2206 saucium

1924 2242 2014 2297 vel-
2044 2241 2512 2298 irremediabiliter
2541 2242 2732 2296 veneni
2763 2243 3014 2313 contagio
3049 2240 3161 2311 jam
3193 2250 3507 2311 corruptum

1924 2350 2031 2390 non
2076 2349 2359 2406 perperam
2390 2334 2494 2391 dici
2537 2342 2808 2389 mortuum
2865 2335 3181 2389 recordetur
3220 2342 3505 2404 propterea

1925 2424 2069 2493 quod
2132 2433 2240 2478 tam
2289 2432 2438 2479 certa
2495 2438 2644 2478 mors
2708 2424 3014 2493 impendeat
3069 2424 3147 2479 sic
3199 2422 3395 2477 affecto
3449 2433 3508 2476 ut

1925 2514 2070 2570 nulla
2109 2530 2232 2585 spes
2253 2513 2434 2585 elfugii
2470 2515 2647 2569 valeat
2675 2514 2924 2568 inveniri.
2952 2513 3113 2569 Istius
3140 2527 3354 2582 quoque
3381 2528 3475 2566 seu
3502 2542 3506 2545 Α

1927 2605 2109 2658 tentia:
2132 2604 2423 2674 Apostolus
2452 2613 2644 2659 auctor
2688 2611 2773 2658 est
2816 2603 2907 2673 qui
2941 2605 3021 2659 ait
3064 2624 3077 2658 :
3118 2602 3321 2675 Corpus
3365 2621 3507 2657 mor-

1927 2700 2079 2745 tuum
2107 2701 2182 2746 est
2210 2702 2420 2762 propter
2442 2699 2709 2761 peccatum
2735 2689 2913 2760 (Rom.
2937 2692 3079 2761 vui).
3103 2691 3276 2748 Habet
3300 2693 3509 2748 scilice'
3530 2744 3543 2756 ,

1928 2780 2197 2836 moriendi
2224 2780 2622 2845 necessitatem,
2651 2794 2816 2850 quam
2859 2793 2965 2834 non
2996 2781 3187 2836 habuit
3214 2792 3339 2838 ante
3382 2796 3508 2851 pec-

1928 2882 2128 2929 catum.
2172 2872 2250 2927 lta
2275 2873 2474 2943 quippe
2519 2872 2769 2928 conditus
2801 2873 2978 2929 fuerat
3012 2873 3182 2929 Adam
3218 2882 3276 2928 ut
3326 2882 3511 2944 posset

1928 2977 2037 3017 non
2060 2976 2308 3032 peccare,
2339 2963 2384 3017 si
2409 2961 2589 3027 vellet,
2617 2970 2673 3016 et
2712 2974 2896 3033 posset
2925 2979 3031 3019 non
3062 2964 3223 3029 mori,
3256 2964 3357 3019 nisi
3387 2974 3499 3033 pec-

1930 3061 2126 3107 casset.
2152 3052 2351 3108 Verum
2376 3053 2467 3108 ubi
2493 3053 2541 3108 ei
2564 3054 2738 3108 solum
2770 3069 2874 3109 non
2906 3054 3124 3110 suffecit
3157 3058 3378 3119 bonum,
3407 3054 3510 3109 nisi

1932 3142 2095 3197 etiam
2124 3142 2249 3197 mali
2278 3150 2503 3211 caperet.
2519 3144 2973 3213 experimentum,
3007 3154 3062 3200 et
3084 3145 3411 3200 voluntatem
3442 3145 3510 3197 ad

236 3235 548 3301 tor-alieni,
576 3244 825 3307 serpente
872 3237 1131 3302 induitur,
1176 3245 1385 3303 etcum
1416 3238 1610 3293 divinae
1627 3239 1828 3310 jnssio-
1856 3228 1901 3291 C
1932 3233 2264 3303 peccandum
2292 3234 2585 3301 convertit.
2608 3249 2766 3305 posse
2795 3251 2900 3291 non
2925 3236 3062 3291 mori
3087 3236 3292 3301 amisit.
3317 3231 3371 3291 ei
3403 3252 3508 3290 non

240 3327 336 3381 riis
356 3342 462 3381 non
478 3342 638 3382 causa
662 3328 950 3383 scrutanda
965 3328 1055 3393 sit,
1080 3328 1172 3383 sed
1196 3329 1471 3385 exsecutio
1485 3331 1821 3397 maturanda,

241 3420 395 3490 quod
426 3434 485 3474 se
536 3435 781 3490 quairere
817 3419 1074 3486 simulat,
1108 3421 1269 3477 rudes
1317 3437 1562 3491 quaerere
1587 3420 1825 3493 instigat,

243 3527 352 3566 cur
381 3508 633 3566 videlicet
661 3510 741 3566 eis
764 3510 1004 3566 omnium
1033 3524 1315 3580 pomorum
1353 3511 1495 3567 Deus
1537 3527 1693 3567 usum
1720 3528 1828 3568 non

242 3640 633 3711 dissertatione
662 3640 771 3711 38.7:
832 3659 851 3692 ι
887 3638 997 3695 Nec
1027 3639 1438 3711 improbandum
1475 3658 1661 3697 eorum
1689 3643 1833 3701 vide-

248 3722 346 3765 tur
366 3710 649 3781 consilium
670 3710 761 3781 qui
789 3711 1078 3781 humanam
1107 3711 1330 3765 deorum
1359 3712 1682 3781 imaginibus
1723 3715 1832 3770 for-

247 3796 400 3853 mam
433 3779 701 3853 amgunt.’
724 3780 927 3853 Anima
960 3779 1103 3834 enim
1153 3781 1430 3853 hominum
1475 3779 1593 3838 Deo
1630 3785 1828 3853 vicina,

248 3850 370 3904 Deo
408 3850 684 3904 simillima
729 3858 831 3904 est.
882 3848 994 3904 Nec
1022 3863 1235 3917 aequum
1261 3851 1473 3907 videtur
1503 3869 1619 3908 rem
1658 3856 1741 3910 sui
1768 3848 1837 3911 si;

249 3918 540 3992 millimani
568 3917 794 3992 deformi
822 3920 1097 3992 includere
1118 3919 1334 3992 corpori
1363 3922 1598 3979 voluisse
1626 3924 1831 3992 Deum;

251 3987 356 4042 sed
385 3988 531 4056 quod
558 3988 792 4042 animam
834 3987 1090 4043 facillime
1132 3987 1510 4048 circumferret
1553 3987 1836 4051 immorta-

250 4057 385 4120 lem,
408 4057 556 4131 leve,
600 4059 766 4112 motui
809 4068 1028 4128 aptum,
1068 4062 1316 4131 quodque
1370 4063 1542 4117 solum
1593 4066 1835 4122 omnium

253 4142 384 4196 qtae
405 4127 460 4180 in
482 4135 627 4182 terra
650 4136 776 4201 sunt
800 4127 1280 4201 cdrporum'caput
1314 4132 1367 4186 in
1395 4132 1589 4188 caelum
1621 4136 1835 4191 attolle-

250 4205 363 4271 ret,
392 4206 701 4271 venustum,
726 4198 932 4266 alacre,
953 4210 1076 4271 apte
1102 4198 1480 4271 compositum.
1505 4222 1524 4256 ο
1560 4203 1831 4269 Ruricius,

249 4265 606 4343 Lemovicum
656 4265 1271 4343 meorumpcpiscopusf,
1301 4271 1393 4327 lib.
1441 4274 1696 4343 Πιερίδι.
1720 4265 1830 4331 42Ξ

230 4348 279 4385 ·‹
314 4337 390 4389 De
415 4337 668 4393 omnibus
696 4337 1020 4396 animalibus
1051 4337 1196 4396 solus
1223 4341 1386 4398 homo
1413 4337 1658 4399 sublimis
1685 4359 1840 4401 crea-

252 4415 348 4459 tus
363 4414 452 4460 est
487 4415 544 4462 et
572 4407 817 4465 effectus.
855 4431 874 4463 i
1351 4442 1369 4455 ν

238 4510 246 4523 ι
330 4486 373 4553 ﬁ
395 4474 620 4553 Gentilia
648 4489 852 4553 auctor.
887 4480 1048 4553 idest
1080 4479 1398 4553 Sallustius,
1429 4484 1586 4553 cujus
1612 4500 1674 4539 ea
1710 4494 1840 4539 sunt

254 4547 429 4601 verba
469 4547 521 4601 in
549 4547 702 4622 initio
725 4547 847 4622 libri
871 4551 934 4605 de
958 4550 1343 4622 Conjuratione
1361 4547 1645 4609 Catilinas:
1680 4574 1695 4605 ι
1728 4554 1835 4609 Sed

257 4626 450 4689 nostra
481 4617 659 4689 omnis
694 4618 776 4672 vis
806 4618 859 4673 in
886 4617 1087 4675 animo'
1108 4627 1163 4674 et
1192 4628 1416 4689 corpdre
1440 4624 1542 4677 sita
1569 4633 1677 4678 est.
1698 4624 1833 4678 Ani-

258 4686 338 4741 mi
378 4686 624 4754 imperio,
674 4689 916 4754 corporis
964 4691 1187 4744 servitio
1231 4686 1404 4754 magis
1448 4693 1838 4748 utimur.Alte—

260 4771 387 4810 rum
418 4756 575 4810 nobis
604 4772 727 4812 cum
753 4756 879 4819 diis,
907 4758 1135 4814 alterum
1173 4774 1296 4814 cum
1326 4756 1524 4816 belluis
1547 4777 1838 4818 commune

257 4833 370 4879 est.
410 4843 431 4897 ξ
475 4824 629 4897 Hunc
659 4842 822 4897 porro
848 4828 1088 4887 Sallustii
1122 4829 1298 4884 locum
1332 4829 1517 4885 laudat
1547 4833 1709 4887 etiam
1735 4833 1837 4887 La-

258 4894 621 4980 cmiitiu‘snlib.
660 4894 711 4980 :11
748 4895 934 4980 [divite
974 4898 1333 4980 ln'stitqtcap.
1361 4899 1474 4980 12L
1473 4910 1527 4954 et
1570 4903 1837 4980 in_cap_i_tc

256 4964 443 5033 primo
477 4963 598 5035 libri
645 4964 973 5035 deOpificio
1015 4963 1132 5032 Dei',
1171 4963 1405 5034 itemque
1436 4963 1833 5028 Ennodins'lib.

256 5047 317 5107 Il
342 5073 364 5107 ,Δ
407 5034 582 5107 epist._
614 5034 668 5088 5.
715 5034 1068 5107 imitatusqne
1109 5046 1195 5092 est
1239 5036 1553 5107 Stillustium
1604 5040 1835 5096 Faustus

258 5102 524 5157 Reiensis
569 5103 622 5184 in
652 5105 878 5173 epistola
921 5102 991 5184 6,
1020 5122 1140 5175 qua:
1169 5107 1238 5160 ad
1280 5106 1561 5163 Ruricium
1587 5109 1841 5165 Lemovi-

258 5186 487 5246 censgm
509 5176 820 5246 episcopum
840 5176 1054 5246 scripta
1081 5186 1182 5231 cst.

335 5238 653 5322 ὶξΡεςσὰηᾷὶ
682 5238 941 5322 ἶιιεεςὸζα.
963 5238 1226 5322 Ἀςροδρο
1246 5246 1516 5317 ingenium
1551 5247 1683 5317 Lupi
1716 5249 1842 5304 Fer-

259 5313 546 5386 rariensis,
569 5313 734 5386 __(_lum_
769 5314 845 5367 ait
870 5313 1205 5386 impunitatis
1232 5313 1381 5386 spent
1421 5334 1541 5373 esse
1590 5313 1838 5386 magnam

258 5381 527 5447 peccandi
568 5380 1033 5456 illecebram_._Sic
1088 5386 1141 5440 in
1189 5380 1414 5456 epistola
1458 5388 1559 5442 126
1608 5380 1745 5441 dixit
1772 5390 1839 5444 ad

259 5457 620 5529 tantamsua
668 5463 825 5529 aetate
875 5453 1179 5529 libertatem
1222 5453 1357 5529 vitia
1405 5458 1735 5529 prorupisse,
1783 5468 1842 5513 ut

258 5520 538 5596 vindicata
586 5521 906 5589 impunitate
947 5526 1148 5593 apertis
1196 5520 1496 5596 quibusque
1542 5520 1643 5583 n'ec
1669 5520 1837 5582 Deum

259 5602 576 5664 quusquam,
608 5606 707 5664 nec
729 5606 928 5664 regem,
963 5610 1063 5664 nec
1099 5596 1379 5664 episcopos
1408 5598 1642 5663 timeret,
1678 5598 1842 5653 itaut

262 5658 747 5737 (ignemathnoduiii
767 5658 920 5737 idem
965 5658 1147 5737 Lupus
1172 5666 1247 5718 ait
1284 5658 1345 5721 in
1370 5682 1576 5723 canone
1602 5658 1839 5723 secundo

262 5726 490 5806 concilii
519 5725 835 5799 Vernensis)
868 5732 1023 5803 longa
1049 5725 1272 5790 licentia
1305 5738 1590 5793 assuefacti
1632 5747 1834 5794 morta-

261 5794 351 5850 les
375 5796 594 5868 impunc
640 5815 698 5856 se
736 5794 1146 5874 mecarevposse
1175 5807 1519 5864 continerent.
1556 5808 1617 5862 Et
1651 5809 1702 5862 in
1726 5811 1838 5878 cpi-

1864 4594 1917 4655 D

1915 4676 2500 4757 'statesibiconccssa,
2525 4676 2810 4747 absolvens
2831 4676 3179 4760 quoscunque
3206 4704 3306 4760 pro
3336 4676 3512 4760 libitu,
3578 4676 3589 4699 ’

1915 4764 2026 4819 ρνυΙ
2076 4765 2612 4823 excommunicatos,
2670 4771 2726 4816 et
2785 4759 3100 4823 falsidioos,’
3141 4759 3513 4829 et’pcrjnros,

1931 3340 2089 3396 posse
2117 3340 2225 3381 non
2258 3326 2398 3381 mori
2445 3326 2692 3384 incurrit.
2738 3328 2813 3383 lta
2865 3344 2987 3383 sero
3040 3329 3328 3385 scientiam
3382 3329 3510 3383 boni

1930 3414 2249 3472 obedientia:
2271 3432 2434 3489 quam
2458 3428 2649 3488 sponte
2676 3418 2918 3474 deseruit
2941 3418 3132 3483 sensit,
3155 3427 3210 3473 et
3229 3418 3510 3472 scientiam

1931 3504 2096 3574 mali,
2141 3521 2305 3577 quam
2350 3507 2515 3579 impia
2563 3507 2880 3563 curiositate
2928 3506 3233 3572 affectavit,
3285 3507 3507 3561 invenit.

1892 3684 1893 3687 η
1935 3651 2070 3708 stola
2098 3651 2166 3706 64
2188 3650 2263 3705 ait
2288 3648 2551 3703 malorum
2578 3646 2948 3716 impunitatem
2996 3658 3210 3716 semper
3234 3643 3511 3716 peperisse

1936 3721 2191 3775 vitiorum
2223 3720 2634 3774 incrementum.
2653 3712 2775 3770 'Sic
2807 3715 3027 3769 Tacitus
3053 3715 3113 3767 in
3136 3713 3274 3766 libro
3299 3729 3367 3764 xv
3396 3712 3511 3764 An-

1938 3790 2144 3844 nalium
2167 3789 2301 3843 dixit
2341 3785 2677 3856 impunitatis
2727 3784 3515 3856 cupidinem:magnisseuipcr

1939 3859 2223 3915 conatibus
2249 3852 2531 3911 adversam
2560 3854 2746 3909 fuisse.
2795 3852 2999 3909 Cicero.
3031 3852 3170 3907 libro
3200 3867 3237 3905 ιι
3263 3852 3330 3906 de
3361 3852 3512 3905 Fini—

1937 3929 2042 3985 bus
2069 3946 2082 3981 :
2122 3946 2142 3979 ι
2171 3928 2300 3994 Quae
2330 3926 2495 3981 libido
2519 3940 2578 3980 se
2601 3939 2706 3979 non
2734 3924 3084 3995 proripictqac
3112 3920 3389 3995 projiciet,
3418 3933 3511 3975 aut

1939 3991 2297 4054 occultatione
2350 3995 2641 4064 proposita,
2674 3991 2768 4047 au't
2810 3991 3150 4064 impunitate,
3203 4000 3298 4064 aut
3349 3991 3514 4064 liccn-

1939 4013 2297 4054 occultatione
2388 4013 2641 4064 rOpOSIta,
2674 4013 2768 4047 alit
2814 4013 3148 4062 Itnpunlttue,
3203 4013 3296 4045 aut
3349 4013 3510 4046 ttt'cn-

1939 4069 2059 4123 tia?
2089 4068 2311 4147 influgo
2350 4013 2659 4147 g‘alcandus
2705 4063 2757 4117 in
2808 4061 3047 4147 lill‘iro‘de
3078 4062 3242 4147 rebus
3268 4060 3468 4117 Siculis
3495 4102 3510 4121 ,

1937 4153 2065 4209 pag.
2098 4137 2221 4201 122,
2247 4132 2535 4209 insurgens
2561 4134 2819 4188 adversus
2833 4132 3072 4209 Gaytum
3089 4132 3329 4209 Petrum,
3354 4148 3515 4209 quem

1941 4202 2042 4263 ait'
2062 4208 2282 4277 impune
2339 4202 2582 4275 reginam
2621 4202 2927 4277 totamque
2960 4203 3165 4277 curiam
3198 4202 3514 4277 offendisse,

1940 4272 2307 4348 perturbasse,
2352 4272 2425 4329 et'
2457 4273 2668 4348 magnis
2705 4272 2970 4348 obiecisse
3006 4272 3511 4348 periculis,_addit:

1948 4342 1975 4429 ἱ.
1999 4346 2182 4429 Neque
2208 4342 2604 4429 .miruinl,"c'uin
2635 4344 2752 4429 ipsa
2776 4342 3080 4429 facinorum
3102 4342 3403 4429 .ii‘npnujnitas
3427 4356 3517 4393 au-

1942 4411 2109 4471 dendi
2131 4415 2391 4485 quidquid
2426 4413 2633 4467 libitum
2657 4411 3175 4485 f’uerit_pr;estetAilli
3205 4411 3510 4467 fiduciam.»

1944 4482 2227 4541 Matthaius
2254 4483 2495 4538 Parisius
2532 4499 2675 4538 anno
2723 4482 2862 4537 1265
2907 4482 3222 4537 describens
3275 4495 3511 4549 quonam

1944 4558 2106 4611 modo
2133 4555 2350 4626 quidam
2376 4554 2545 4626 frater
2564 4553 2771 4626 ordinis
2800 4552 3087 4626 Minorum,
3125 4548 3343 4605 nomine
3373 4548 3518 4603 Man-

1941 4621 2234 4700 suetusii‘n
2262 4624 2509 4693 Angliam
2550 4624 2749 4700 missus
2789 4637 2993 4699 aOpapa
3025 4621 3511 4700 abuteretttr_pqt_e-

1947 4854 1966 4886 ι
2012 4836 2174 4899 unde,
2206 4834 2404 4900 inquit,
2451 4832 2604 4886 multi
2637 4832 2713 4886 rei
2735 4830 3019 4885 audaciam
3046 4837 3400 4900 sumpserunt
3425 4830 3519 4885 de-

1942 4904 2238 4987 linquendi.
2266 4898 2402 4957 Nam
2431 4901 2665 4957 facilitas
2692 4901 2864 4955 venia:
2884 4898 3146 4971 peccandi
3174 4898 3315 4969 parit
3348 4914 3510 4979 ocea-

1940 4989 2168 5030 sronem.
2211 4992 2229 5023 ι

2018 5054 2042 5082 ε
2070 5041 2217 5096 Scire
2251 5040 2436 5097 Deum.
2471 5040 2777 5108 Legendum
2826 5038 3081 5103 arbitror,
3130 5038 3265 5092 scire
3291 5054 3430 5103 eum,
3464 5040 3516 5093 id

1944 5121 2029 5168 est
2053 5111 2343 5167 diabolum.
2374 5111 2512 5165 Eum
2565 5126 2663 5179 pro
2689 5126 2764 5165 se.
2812 5109 2915 5179 Sic,
2941 5109 3087 5162 enim
3135 5109 3369 5179 postulat
3398 5125 3519 5165 seu-

1945 5198 2057 5237 sus.
2108 5182 2272 5249 Quasi
2320 5181 2526 5235 diceret
2568 5178 2588 5232 Ξ
2631 5179 2841 5247 Adiecit
2889 5178 3174 5244 diabolus,
3226 5180 3367 5234 scire
3414 5196 3513 5245 se,

1945 5251 2086 5322 quod
2116 5253 2159 5305 si
2188 5251 2361 5304 Adam
2403 5260 2459 5322 et
2508 5249 2617 5304 Eva
2666 5249 3012 5322 comederent
3053 5250 3382 5322 prohibitum
3419 5266 3514 5320 po-

1943 5319 2279 5444 infirmarum:
2309 5320 2654 5390 aperirentur
2681 5319 2821 5376 oculi
2865 5334 3075 5386 eorum,
3121 5319 3521 5390 lierentque’si-

1944 5406 2098 5444 nues
2171 5406 2257 5444 us.

1944 5406 2098 5445 miles
2130 5406 2257 5445 (IIIS.

2016 5459 2044 5499 ἀ
2085 5460 2250 5524 Capta
2278 5458 2726 5515 mulier._lmitata
2772 5460 2983 5516 videtur
3030 5461 3147 5517 huic
3197 5462 3522 5518 narrationis

1947 5530 2115 5601 istius
2129 5530 2306 5601 portio
2329 5545 2401 5601 ex
2446 5528 2723 5596 Petronio,
2765 5532 2904 5601 apud
2948 5546 3109 5600 quem
3138 5532 3217 5588 sic
3248 5532 3513 5587 habetur:

1945 5599 2153 5672 Ancilla
2174 5599 2277 5672 uini
2305 5598 2507 5672 cibique
2530 5602 2689 5655 odore
2714 5598 2982 5671 corrupta,
3011 5602 3237 5672 primunt
3258 5604 3370 5672 ipsa
3391 5618 3513 5669 por-

1947 5670 2080 5724 rexit
2129 5669 2197 5722 ad
2247 5669 2626 5726 humanitatem
2684 5669 2952 5726 invitantis
3009 5669 3194 5726 uictam
3254 5669 3468 5725 manum
3499 5686 3518 5723 :

1945 5739 2132 5794 deinde
2179 5739 2374 5811 refecta
2426 5742 2634 5810 potione
2682 5752 2729 5798 et
2778 5743 2913 5809 cibo,
2952 5757 3252 5811 expugnare
3296 5739 3522 5796 dontith

1945 5810 2282 5879 pertinacium
2318 5812 2488 5883 coepit.
