4034 6298
592 389 691 444 627

1602 386 1667 441 B.‘
1708 388 1765 444 S.
1809 387 1967 442 LUPI
2006 384 2298 444 ABBATIS
2332 390 2834 449 FERRARIENSIS

3731 403 3822 459 6‘28

590 499 744 567 Quod
769 513 1040 569 nunquam
1082 498 1224 553 enim
1267 497 1470 552 veritus
1494 497 1693 564 fuerat,
1721 501 1967 555 ultricem
1997 502 2158 570 212
2186 507 2233 565 Α
2263 519 2583 574 recuperare
2627 521 2727 560 nec
2754 514 2956 574 posset,
2985 507 3236 564 habituro
3266 511 3480 575 invidit,
3515 522 3573 569 et
3613 516 3821 572 fortasse

591 590 953 659 comitemque
983 589 1185 658 peccati
1229 589 1717 657 concupiscentiam
1749 591 1945 654 sensit,
1991 607 2159 645 mem-

589 681 812 735 brorum
863 679 1069 734 scilicet
1113 677 1422 745 genitalium
1487 679 1823 749 appetitum,
1871 695 2032 750 quem
2083 683 2156 736 ita

591 770 870 824 exhorruit
917 778 973 823 ut
999 769 1064 822 ad
1095 769 1317 837 pudoris
1361 771 1655 824 remedium
1687 771 1926 826 velamen
1951 787 2158 841 quaere-

590 870 674 914 ret
699 858 964 924 foliorum,
991 860 1064 914 ita
1090 861 1359 914 adamavit
1384 868 1444 913 ut
1473 860 1538 913 ad
1557 861 1762 927 justum
1793 861 2155 925 damnationis

579 950 842 1017 judicium
889 949 1250 1019 importunam
1301 948 1417 1016 ejus
1471 949 1778 1005 illecebram
1833 967 1933 1006 nec
1971 952 2016 1006 si
2045 952 2155 1006 vel-

584 1037 658 1091 let
683 1050 707 1078 8
735 1038 909 1094 vitare
938 1026 1231 1093 sufficeret.
1258 1040 1410 1106 Quod
1437 1041 1619 1109 itaque
1649 1055 1876 1110 peccare
1901 1051 2084 1111 posset
2107 1042 2151 1096 si

583 1127 778 1190 vellet,
807 1129 1080 1197 peccando
1110 1130 1432 1200 publicavit;
1461 1131 1604 1199 quod
1629 1146 1758 1186 vero
1785 1139 1964 1201 posset
1988 1133 2152 1186 etiam

564 1230 687 1269 .non
719 1233 946 1286 peccare
987 1219 1031 1272 si
1065 1219 1252 1284 vellet,
1282 1220 1528 1275 conditor
1569 1219 1850 1289 patefecit,
1894 1221 1982 1289 qui
2013 1237 2152 1276 corn-

579 1307 818 1361 minatus
873 1322 1108 1377 pcnnam,
1162 1326 1230 1365 ne
1275 1319 1527 1380 peccaret
1575 1313 1914 1380 pra-monuit.
1954 1311 2151 1366 Habuit

575 1411 703 1465 ergo
725 1397 894 1450 Adam
921 1398 1146 1452 liberum
1175 1400 1464 1454 voluntatis
1491 1401 1770 1455 arbitrium
1792 1409 1846 1456 et
1864 1402 1930 1456 ad
1952 1401 2148 1456 bonum

576 1493 630 1537 et
657 1484 723 1537 ad
757 1485 991 1550 malum;
1034 1487 1126 1541 sed
1158 1488 1224 1540 ad
1255 1488 1452 1542 bonum
1495 1490 1674 1544 divino
1731 1505 1953 1544 munere
2004 1491 2149 1560 adju-

577 1574 832 1637 vandum,
865 1575 932 1628 ad
963 1573 1160 1628 malum
1204 1584 1385 1629 autem
1429 1577 1610 1630 divino
1646 1578 1848 1646 judicio
1894 1578 2150 1632 deseren-

576 1663 723 1716 dum.
753 1662 1212 1730 Quemadmodum
1238 1663 1380 1718 enim
1409 1680 1514 1718 non
1550 1665 1896 1733 adjuvaretur
1925 1667 1978 1720 in
2005 1666 2146 1721 bono

575 1755 644 1808 ab
668 1770 734 1808 eo
766 1755 857 1824 qui
888 1756 994 1809 vita
1026 1764 1170 1810 esset
1199 1755 1393 1808 anima:
1415 1755 1550 1820 ejus,
1582 1764 1644 1808 ut
1681 1757 1859 1810 anima
1900 1758 2142 1826 corporis

2261 597 2573 667 priusquam
2623 599 2789 652 verba
2837 600 3056 663 ederet,
3117 601 3387 656 incautum
3439 620 3543 672 qua
3607 609 3821 676 perierat

2259 695 2410 753 peste
2437 687 2696 756 corrupit.
2723 687 3002 753 Quomodo
3033 691 3176 744 enim
3211 693 3278 746 ad
3311 695 3634 761 capiendum
3662 698 3819 751 cibum

2259 773 2502 827 exterius
2528 782 2633 827 tam
2667 776 2778 829 cito
2821 777 3200 845 acquievisset,
3234 781 3333 834 nisi
3385 783 3451 836 ad
3489 783 3818 838 obtinendam

2256 862 2529 930 propriam
2597 863 2960 918 libertatatem
3030 869 3318 924 tumuisset
3379 881 3504 924 ante
3568 873 3818 928 interius?

2256 950 2756 1022 Quomodocunque
2805 957 3130 1025 contigerit,
3185 968 3374 1014 auctor
3401 964 3571 1017 nostri
3620 967 3816 1033 generis

2255 1057 2375 1108 suo,
2407 1054 2467 1098 ut
2487 1045 2662 1114 palam
2693 1057 2815 1113 est,
2849 1050 2981 1104 vitio
3028 1052 3242 1107 cecidit.
3273 1056 3339 1108 Et
3385 1059 3640 1126 quoniam
3669 1060 3718 1113 in
3760 1077 3816 1116 eo

2253 1149 2443 1189 omnes
2471 1139 2833 1204 peccavimus.
2851 1155 3042 1197 omnes
3070 1159 3169 1198 nos
3199 1145 3251 1198 in
3287 1146 3496 1215 lapsum
3527 1149 3647 1217 ejus
3677 1153 3814 1206 ruina

2261 1226 2445 1293 procul
2471 1228 2633 1282 dubio
2659 1245 2838 1284 secum
2871 1233 3053 1286 traxit.
3091 1234 3268 1305 Atque
3298 1238 3517 1292 cuilibet
3540 1241 3679 1294 sicut
3702 1257 3814 1310 pos-

2251 1314 2408 1370 sibile
2439 1326 2523 1371 est
2570 1333 2691 1371 cum
2723 1319 2954 1375 voluerit
2999 1323 3051 1375 in
3099 1322 3307 1378 foveam
3355 1342 3414 1380 se
3463 1329 3813 1398 praecipitare,

2250 1417 2369 1471 qua}
2393 1406 2464 1458 sit
2494 1407 2667 1475 ampla
2697 1423 2794 1462 nec
2818 1410 3006 1462 scabra
3031 1419 3207 1466 tamen
3236 1415 3673 1484 erepidine,cum
3701 1434 3815 1471 vero

2249 1496 2431 1560 egredi
2467 1497 2696 1551 voluerit
2723 1513 2827 1552 non
2855 1499 3074 1564 valebit,
3104 1502 3206 1554 nisi
3237 1503 3267 1542 b
3313 1505 3571 1559 extrariis
3621 1507 3816 1561 nisibus

2247 1582 2547 1648 adjuvetur,
2597 1586 2670 1639 ita
2720 1587 2927 1656 primus
2958 1590 3118 1643 homo
3163 1601 3352 1660 sponte
3397 1594 3561 1665 214
3608 1596 3813 1664 quidem

2247 1672 2460 1736 cecidit,
2496 1673 2547 1727 in
2585 1689 2692 1743 quo
2744 1675 2843 1745 ipsi
2891 1678 3227 1747 originaliter
3279 1681 3414 1750 lapsi
3465 1699 3688 1747 sumus,
3729 1685 3813 1738 sed

2247 1771 2406 1814 emno
2439 1763 2646 1830 peccati
2676 1778 2796 1827 nos,
2849 1765 3059 1821 etiamsi
3097 1768 3362 1833 volumus,
3416 1772 3670 1839 expedire
3718 1789 3811 1826 non

575 1843 728 1911 ejusft
756 1845 995 1914 Denique
1019 1845 1063 1899 si
1100 1845 1275 1897 anima
1303 1860 1418 1909 qua:
1437 1845 1738 1912 peccaverit,
1761 1846 1874 1912 ipsa
1896 1837 2220 1930 morieturB
2250 1862 2533 1916 possumus
2569 1859 2627 1904 ut
2676 1867 3043 1923 resurgamus,
3075 1857 3176 1910 nisi
3226 1837 3526 1926 prostratos
3573 1862 3815 1913 extrahat

576 1933 792 2002 (Eucti.
837 1933 1010 2002 xvm),
1046 1941 1103 1986 ut
1130 1933 1440 2003 prophetica
1487 1933 1789 2001 praescribit
1829 1935 2141 1999 auctoritas,

574 2037 912 2090 consequens
933 2031 1016 2076 est
1045 2033 1104 2076 ut
1130 2023 1274 2075 vivat
1292 2037 1413 2090 quae
1438 2022 1573 2076 bene
1593 2023 1821 2091 gesserit
1840 2023 2145 2078 vivificante

573 2108 686 2164 Deo
707 2112 818 2163 vita
853 2111 1043 2180 ipsius.
1086 2111 1338 2166 Liberum
1370 2119 1548 2165 autem
1578 2112 1814 2167 hominis
1859 2114 2142 2168 arbitrium

572 2205 628 2256 in
667 2203 812 2258 malo
857 2203 1060 2258 idcirco
1095 2202 1272 2258 fuerat
1312 2202 1495 2257 divino
1517 2201 1722 2270 judicio
1751 2205 2140 2270 deserendum;

574 2293 699 2360 quia
726 2307 850 2347 cum
881 2293 955 2346 illi
987 2309 1138 2362 aequa
1167 2292 1393 2347 facultas
1428 2293 1552 2347 boni
1583 2293 1818 2363 malique
1845 2302 2141 2358 constaret,

572 2381 719 2435 nulla
767 2381 1056 2452 indigentia
1085 2422 1101 2447 ,
1163 2382 1307 2435 milia
1361 2382 1652 2448 violentia,
1707 2383 2036 2438 voluntatem
2075 2385 2144 2439 ad

573 2469 776 2524 malum
819 2470 1041 2536 inﬂexit,
1068 2472 1194 2525 dum
1226 2481 1552 2541 praeceptum
1593 2473 1687 2527 Dei
1729 2474 1811 2528 sui
1858 2474 2142 2528 observato

571 2562 908 2628 facillimum,
938 2579 967 2617 a
997 2579 1103 2633 quo
1132 2578 1189 2618 se
1217 2571 1362 2617 tanta
1390 2564 1526 2618 bona
1561 2565 1864 2634 percepisse
1907 2565 2139 2630 videbat,

505 2717 517 2732 .
575 2655 840 2725 sacrilega
866 2657 1146 2727 impietate
1186 2659 1337 2726 quasi
1371 2667 1676 2728 suspectum
1722 2662 2062 2729 contempsit,
2088 2668 2144 2714 et

572 2750 746 2806 hostis
777 2753 966 2821 ignoti,
992 2751 1144 2820 cujus
1174 2754 1228 2807 in
1265 2752 1408 2806 nullo
1437 2753 1658 2822 penitus
1707 2752 2011 2822 indigebat,
2063 2752 2144 2806 in-

573 2840 950 2905 citamentum,
978 2859 1082 2897 non
1133 2843 1305 2898 solum
1333 2843 1399 2897 ad
1429 2858 1654 2897 examen
1685 2843 1777 2897 Dei
1809 2859 1912 2898 non
1941 2843 2140 2907 retulit,

571 2946 761 2985 verum
793 2933 981 2987 audaci
1015 2934 1320 2988 temeritate
1347 2935 1503 3002 quasi
1544 2933 1882 3002 profuturum
1908 2934 2138 3003 excepit.

573 3021 876 3077 Justissime
906 3023 1064 3092 igitur
1097 3024 1149 3076 in
1199 3024 1288 3078 illo
1334 3024 1490 3078 haesit
1533 3026 1674 3093 quod
1728 3033 1920 3094 sponte
1955 3024 2137 3094 elegit.

575 3111 640 3162 Et
665 3112 810 3178 quia,
834 3120 893 3166 ut
920 3113 1206 3182 Apostolus
1233 3114 1442 3172 asserit,
1475 3113 1528 3166 in
1573 3131 1630 3167 eo
1677 3131 1852 3168 omnes
1896 3131 2139 3183 peccave-

577 3207 696 3251 runt
739 3199 914 3269 (Rom.
949 3201 1024 3271 v),
1060 3202 1112 3254 in
1138 3202 1386 3256 omnibus
1407 3203 1522 3272 ejus
1545 3205 1726 3258 vitiata
1749 3212 1832 3258 est
1860 3213 2050 3258 natura
2073 3219 2141 3259 ex

575 3300 803 3359 utroque
829 3308 958 3346 sexu
983 3294 1292 3363 progenitis,
1334 3303 1393 3347 ut
1423 3295 1488 3348 ad
1532 3297 1669 3351 male
1696 3297 1982 3366 agendum,
2011 3312 2143 3365 qua-

586 3389 738 3434 tenus
767 3391 942 3435 tamen
970 3383 1218 3452 progredi
1250 3382 1610 3450 permittimur
1634 3425 1647 3448 ,
1692 3386 1762 3439 sit
1799 3386 1955 3441 nobis
1983 3396 2039 3440 ut
2067 3386 2141 3440 illi

576 3469 801 3523 liberum
825 3470 985 3540 213
1029 3471 1346 3534 arbitrium,
1382 3472 1448 3526 ad
1487 3473 1632 3527 bene
1678 3483 1858 3529 autem
1911 3491 2138 3545 operan-

574 3561 700 3614 dum
740 3577 1076 3630 nequaquam
1110 3563 1179 3616 sit
1211 3563 1460 3626 liberum,
1490 3563 1593 3617 nisi
1643 3563 1803 3618 luerit
1829 3565 1923 3620 Dei
1968 3565 2140 3635 gratia

573 3652 878 3705 liberatum.
934 3652 989 3706 ln
1039 3654 1214 3722 primo
1261 3661 1485 3722 parente
1515 3662 1738 3720 nostro,
1788 3655 1878 3724 qui
1932 3655 2139 3708 utinam

572 3744 849 3798 stetisset.
909 3759 1098 3798 omnes
1147 3729 1421 3814 peccando
1466 3745 1799 3810 cecidimus,
1839 3754 1895 3799 et
1951 3761 2141 3799 omnes

573 3833 844 3886 communi
903 3833 1098 3886 merito
1154 3832 1488 3886 atrocissima
1548 3833 1763 3902 quidem
1818 3848 2004 3888 sumus
2047 3834 2142 3888 sed

564 3922 862 3990 justissima
889 3940 1046 3993 pruna
1070 3924 1331 3978 damnati.
1362 3923 1478 3977 Non
1505 3923 1694 3979 fuisset
1717 3927 1879 3980 homo
1901 3926 2142 3996 ingratus

574 4012 624 4065 ei
666 4013 754 4079 qui
793 4028 852 4066 se
907 4013 1140 4075 fecerat,
1197 4015 1624 4083 obtemperasset
1669 4014 1970 4077 conditori,
2033 4028 2141 4067 non

573 4101 873 4164 seductori,
903 4101 1160 4158 noluisset
1188 4117 1307 4158 esse
1349 4104 1451 4158 nisi
1500 4105 1642 4172 quod
1687 4105 1849 4159 vellet
1877 4105 1968 4173 qui
2017 4121 2141 4160 eum

573 4190 810 4260 potentia
844 4190 1077 4256 fecerat,
1117 4192 1402 4247 clementia
1433 4192 1785 4263 gubernabat.
1819 4191 1996 4246 Verba
2045 4193 2142 4246 ho-

571 4282 689 4342 stis,
714 4296 834 4350 quae
863 4281 1159 4335 forinsecus
1186 4299 1283 4352 per
1311 4291 1615 4352 serpentem
1641 4291 1955 4346 sonuerunt,
1987 4297 2141 4336 sacra

569 4372 840 4427 revelante
880 4373 1183 4441 Scriptura,
1210 4373 1557 4442 cognovimus
1587 4389 1600 4426 :
1645 4388 1764 4441 quae
1791 4386 1919 4426 vero
1949 4373 2142 4426 intrin-

570 4477 730 4518 secus
760 4461 930 4516 menti
977 4462 1224 4516 humana:
1259 4462 1620 4531 suggestionis
1649 4461 1922 4516 molimina
1953 4463 2137 4517 admo-

567 4553 728 4618 verit,
756 4552 970 4607 tametsi
996 4552 1361 4606 indubitanter
1388 4568 1494 4607 non
1521 4552 1760 4606 valemus
1779 4553 2135 4621 comprehen-

537 4646 719 4716 jdere,
773 4653 949 4698 tamen
1003 4641 1266 4713 probabili
1305 4643 1616 4712 conjectura
1655 4658 1941 4713 possumus
1991 4643 2136 4698 testi-

567 4748 738 4788 mare.
791 4732 1067 4801 Siquidem
1111 4731 1351 4786 diabolus
1399 4731 1545 4786 misit
1583 4731 1636 4784 in
1666 4746 1762 4786 cor
1801 4740 1860 4786 ut
1896 4732 2135 4786 traderet

568 4823 852 4877 Dominum
892 4820 1079 4885 Judas,
1109 4837 1212 4875 non
1244 4821 1420 4891 palam
1469 4821 1693 4876 vocibus
1725 4821 2132 4890 perstrependo,

568 4927 756 4966 verum
779 4911 1126 4966 clandestinis
1147 4913 1384 4966 avaritim
1409 4911 1614 4967 facibus
1641 4915 1896 4966 miserum
1937 4927 2131 4965 accen-

568 4999 763 5052 dendo.
796 4999 1193 5058 ,Celsitudinem
1235 5001 1602 5055 similitudinis
1629 5000 1724 5054 Dei
1775 4999 2132 5068 superbiendo

569 5087 814 5142 diabolus
843 5091 1219 5158 concupierat;
1261 5089 1482 5159 jamque
1523 5089 1682 5142 alieni
1715 5100 2004 5158 appetens,
2049 5089 2131 5142 sui

567 5179 764 5250 gradus
794 5181 1050 5250 dignitate
1077 5182 1367 5235 deciderat.
1401 5181 1644 5250 Dumque
1673 5181 1811 5233 hanc
1845 5195 1942 5234 nec
1972 5180 2132 5235 vellet

639 5328 663 5355 ιι
704 5315 898 5369 Vitare
954 5314 1236 5384 sufﬁceret.
1287 5312 1532 5368 Valerius
1578 5312 1840 5384 Maximus
1888 5312 1978 5365 lib.
2036 5329 2126 5376 Ix,

566 5401 687 5455 cap.
725 5387 748 5440 i
784 5403 798 5439 ε
836 5404 853 5437 ι
883 5385 1141 5438 Blandum
1174 5384 1365 5455 etiam
1401 5383 1601 5437 malum
1649 5383 1860 5455 luxuria
1906 5398 1918 5433 :
1968 5397 2128 5455 qn_am

570 5451 828 5510 accusare
859 5455 1136 5524 aliquanto
1167 5451 1516 5524 facilius_est,
1544 5467 1705 5524 quam
1733 5452 1928 5524 vitare.
1968 5470 1986 5502 ι
2021 5451 2131 5524 Bu-

568 5526 734 5579 rieius
763 5526 855 5578 lib.
887 5521 965 5585 ll,‘
988 5521 1147 5591 epist.
1182 5522 1248 5575 12
1273 5540 1287 5575 :
1316 5542 1333 5572 ι
1369 5522 1436 5575 Εῑ
1468 5523 1589 5577 ideo
1618 5522 1736 5575 vide
1763 5523 1903 5591 quod
1935 5521 2131 5574 malum

571 5595 662 5655 sit,
693 5593 858 5647 frater
888 5591 1239 5653 eharissime,
1287 5593 1466 5658 quod,
1511 5593 1635 5645 dum
1681 5591 1998 5653 detestatur,
2047 5591 2135 5642 ad-

569 5665 829 5723 mittitur;
861 5663 986 5730 dum
1033 5659 1312 5730 refugitur,
1342 5660 1426 5712 vix
1453 5661 1668 5714 vitatur.
1703 5679 1720 5709 ι
1755 5661 1884 5730 Eam
1915 5660 1984 5730 ob
2013 5675 2133 5730 can-

570 5747 684 5786 sam
714 5729 1169 5787 Pseudo-Plautus
1211 5730 1344 5782 dixit
1400 5730 1449 5781 in
1497 5729 1754 5795 Querolo,
1807 5729 2126 5781 adulterium

2246 1945 2302 1990 et
2328 1939 2503 2006 erigat
2547 1941 2718 2010 gratia
2752 1943 2846 1996 Dei
2875 1957 2974 2012 per
3000 1944 3181 1999 Jesum
3211 1945 3490 2002 Christum
3535 1948 3812 2002 Dominum

2246 2041 2511 2086 nostrum.
2539 2035 2840 2089 Voluntarii
2862 2035 3086 2089 erimnis
3124 2045 3332 2091 tantum
3362 2037 3562 2091 malum
3590 2054 3696 2092 non
3731 2039 3815 2093 ho-

2245 2119 2443 2174 minem
2494 2123 2728 2190 primum
2781 2123 2959 2188 modo,
2997 2123 3092 2178 sed
3143 2125 3451 2179 universam
3487 2127 3651 2180 etiam
3706 2128 3814 2194 ejus

2245 2209 2502 2274 sobolem,
2535 2226 2696 2267 sexus
2722 2214 3004 2282 utriusque
3034 2214 3225 2284 c0pula
3261 2224 3596 2280 manantem,
3631 2219 3815 2271 merito

2245 2297 2605 2355 damnationis
2633 2301 2953 2366 obstrinxit;
2988 2317 3170 2370 quam,
3199 2318 3320 2357 cum
3348 2303 3536 2358 eadem
3565 2319 3725 2358 causa
3753 2307 3816 2357 sit

2245 2388 2508 2454 omnium,
2529 2390 2892 2444 communiter
2917 2403 3105 2444 omnes
3132 2398 3482 2459 paterentur,
3509 2393 3708 2462 quippe
3731 2393 3814 2461 qui

2247 2491 2356 2530 non
2391 2479 2516 2543 Deo,
2549 2480 2643 2534 sed
2693 2478 2906 2534 diabolo
2970 2481 3395 2537 auscultaverint
3451 2498 3662 2537 omnes.
3714 2483 3816 2539 Nec

2245 2568 2371 2623 hinc
2423 2568 2658 2623 oriretur
2705 2570 2852 2639 justa
2915 2572 3236 2639 conquestio
3283 2573 3540 2641 aequitate
3607 2585 3814 2628 servata

2245 2669 2604 2727 prmterquam
2655 2659 2796 2729 quod
2843 2670 3179 2714 mererentur
3220 2661 3383 2717 nullis
3411 2664 3813 2730 recipientibus,

2245 2748 2352 2803 nisi
2403 2758 2551 2803 esset
2597 2750 2739 2803 Deus
2768 2790 2783 2814 ,
2823 2750 3271 2818 quemadmodum
3320 2750 3814 2820 incomparabiliter

2239 2838 2439 2907 justus,
2475 2840 2548 2893 ita
2573 2839 2907 2894 ineﬂ‘abiliter
2928 2841 3066 2909 pius,
3090 2839 3198 2894 imo
3229 2849 3288 2895 ut
3321 2842 3488 2896 verbo
3513 2851 3814 2897 nostrarum

2248 2925 2648 2996 Scripturarum
2700 2938 2935 2993 utamur,
2986 2944 3092 2998 quo
3135 2929 3456 3000 colligimur,
3509 2947 3618 3000 quo
3651 2933 3815 2985 salva-

2243 3032 2386 3080 mur,
2420 3017 2749 3072 misericors.
2778 3018 2910 3071 Cum
2941 3018 3118 3087 itaque
3149 3034 3249 3072 suo
3272 3021 3465 3074 merito
3486 3022 3812 3089 pereundum

2249 3116 2392 3162 esset
2429 3108 2700 3170 omnibus,
2725 3107 2907 3177 plures
2933 3107 3110 3162 divina
3147 3109 3387 3164 bonitate
3431 3109 3729 3162 salvantur.
3760 3109 3809 3162 lu

2171 3170 2215 3232 C
2250 3198 2332 3252 his
2347 3214 2704 3268 agnoscamus
2731 3207 2786 3251 et
2810 3198 3196 3266 amplectamur
3221 3200 3646 3254 misericordiam
3673 3198 3808 3266 ejus;

2245 3296 2299 3342 et
2327 3298 2387 3343 ut
2420 3290 2504 3343 his
2535 3289 2813 3358 aggregari
2855 3304 3160 3343 mereamur
3205 3289 3427 3359 supplici
3475 3290 3811 3344 observantia

2245 3379 2616 3433 mandatorum
2667 3378 2833 3446 ipsius
2861 3386 2915 3431 et
2964 3377 3212 3446 precibus
3261 3379 3491 3432 assiduis
3535 3379 3808 3445 ﬂectamus

2242 3471 2628 3540 indulgentiam
2654 3469 2788 3536 ejus.
2816 3469 2948 3524 Cum
2976 3484 3102 3523 vero
3127 3470 3310 3524 itidem
3342 3471 3524 3539 plures
3550 3471 3807 3524 damnan-

2241 3570 2358 3624 tur,
2410 3577 2515 3614 uon
2569 3560 3043 3630 reprehendamus,
3094 3562 3220 3628 quia
3271 3561 3468 3615 merito
3518 3577 3617 3613 suo
3666 3560 3808 3627 justo

2243 3651 2597 3715 damnantur;
2637 3652 2729 3706 sed
2768 3652 3212 3720 pertimescamus
3249 3650 3511 3719 judicium
3568 3651 3686 3720 ejus
3716 3653 3802 3721 qui

2241 3751 2326 3797 est
2374 3743 2626 3798 terribilis
2680 3744 2734 3797 in
2790 3743 3029 3798 consiliis
3093 3759 3255 3812 super
3310 3742 3449 3796 filios
3495 3743 3807 3805 hominum,

2242 3847 2447 3900 nosque
2467 3834 2618 3901 paria
2646 3841 2914 3888 merentes
2940 3835 3198 3888 miremur
3222 3833 3463 3902 potuisse
3484 3833 3686 3886 salvari
3715 3849 3730 3886 :
3756 3840 3810 3883 ut

2241 3922 2432 3975 horum
2480 3922 2906 3977 consideratione
2965 3921 3261 3976 ferventius
3317 3921 3684 3974 accendamur
3745 3920 3809 3972 ad

2242 4009 2550 4075 amandam,
2598 4011 2932 4075 laudandam,
2959 4011 3351 4079 praedicandam
3379 4009 3810 4062 misericordiam

2243 4099 2380 4168 ejus.
2410 4101 2508 4155 llis
2535 4099 2842 4154 constitutis
2871 4107 2926 4152 et
2951 4099 3090 4152 fideli
3115 4113 3338 4153 assensu
3369 4099 3628 4158 retentis,
3656 4112 3812 4150 nemo

2242 4196 2422 4250 sobrie
2469 4193 2790 4262 sapientium
2843 4193 2947 4247 erit
2997 4192 3242 4246 nesciens
3298 4207 3402 4245 non
3457 4205 3582 4244 esse
3644 4190 3811 4242 Deum

2241 4292 2514 4337 auctorem
2558 4295 2884 4349 causamque
2933 4280 3248 4350 perditionis
3288 4280 3514 4343 homini,
3549 4294 3715 4346 quem
3761 4287 3816 4331 et

2241 4385 2449 4429 rectum
2476 4374 2738 4437 condidit,
2761 4380 2815 4424 et
2841 4385 3013 4440 posse,
3045 4371 3088 4424 si
3115 4369 3273 4422 vellet
3296 4371 3348 4423 in
3373 4385 3469 4423 suo
3507 4379 3649 4423 statu
3694 4384 3812 4422 ma-

2243 4479 2375 4519 nere
2414 4463 2682 4517 mouendo
2727 4459 3070 4515 monstravit.
3100 4457 3262 4527 215
3304 4458 3548 4526 Namque
3585 4457 3818 4510 necdum

2241 4562 2357 4608 erat
2404 4555 2518 4623 ejus
2563 4554 2749 4609 vitiata
2799 4561 2990 4606 natura
3045 4560 3105 4604 ut
3154 4550 3239 4604 vel
3286 4549 3500 4603 scienda
3542 4549 3813 4610 nesciret,

2239 4643 2324 4698 vel
2363 4643 2686 4712 impediente
2714 4639 3019 4695 ditlicultate
3043 4638 3254 4708 cognita
3285 4637 3508 4707 implere
3537 4653 3644 4690 non
3693 4651 3816 4704 pos-

2239 4739 2338 4784 set.
2366 4729 2634 4784 Nimirum
2675 4727 2990 4796 sibimetipsi
3022 4727 3213 4789 homo,
3245 4733 3337 4778 aut
3380 4739 3446 4778 ex
3481 4724 3688 4792 seipso,
3722 4730 3815 4775 aut

2238 4836 2305 4874 ex
2337 4821 2568 4884 diabolo,
2595 4821 2796 4874 malum
2824 4819 3073 4887 concepit
3101 4825 3156 4869 et
3174 4815 3402 4884 peperit,
3425 4814 3554 4868 dum
3589 4831 3618 4868 a
3647 4830 3710 4868 se
3732 4815 3817 4866 di-

2236 4911 2418 4964 vinam
2447 4911 2750 4964 amoliendo
2779 4908 3130 4962 reverentiam
3159 4905 3429 4974 deceptori
3456 4905 3729 4966 credidit,
3761 4912 3815 4956 et

2244 5000 2421 5055 cibum
2477 4999 2785 5068 usurpando
2838 4997 3078 5052 illicitum
3115 4995 3344 5064 capitale
3395 4995 3602 5048 crimen
3663 5009 3818 5048 com-

2241 5091 2405 5143 misit.
2445 5089 2608 5152 Istud,
2650 5089 2786 5142 istud
2825 5087 2978 5155 plane
3019 5084 3324 5139 mortalium
3354 5083 3538 5151 generi
3571 5082 3814 5136 omnium

2243 5196 2403 5234 causa
2432 5179 2533 5233 fuit
2563 5179 2844 5232 malorum.
2867 5190 2888 5215 υ
2909 5175 3192 5229 Peccatum
3222 5174 3486 5241 siquidem
3512 5187 3672 5240 paena
3691 5186 3817 5224 con-

2243 5311 2445 5366 crimen
2479 5324 2582 5362 non
2613 5323 2752 5361 esse.
2803 5306 2937 5359 Tum
2968 5304 3153 5358 addit:
3191 5321 3208 5353 ‹
3247 5302 3359 5357 Hoc
3407 5312 3494 5356 est
3531 5299 3672 5371 quod
3714 5313 3810 5352 nec

2239 5381 2477 5451 permitti
2511 5394 2614 5451 nec
2645 5376 2916 5451 prohiberi
2948 5383 3142 5451 potest.
3172 5391 3190 5451 ξ

2310 5451 2337 5489 b
2381 5438 2661 5501 Extrariis'.
2705 5446 2796 5498 Sic
2848 5445 2898 5496 in
2948 5438 3108 5510 epist.
3161 5441 3297 5495 dixit
3347 5440 3565 5495 σπίναήὶ
3616 5438 3798 5488 hostes.

2238 5520 2520 5572 Extrarius
2564 5525 2741 5569 autem
2772 5514 2910 5568 idem
2943 5521 3025 5565 est
3062 5511 3154 5579 qui
3184 5520 3508 5572 extraneus,
3542 5517 3595 5562 et
3630 5515 3796 5558 exter-

2240 5603 2358 5693 nus.
2386 5655 2663 5708 Permtum
2713 5669 2860 5722 poma
2891 5651 3244 5722 certequitur.
3271 5646 3558 5722 Salvianus
3588 5644 3636 5697 in
3666 5642 3788 5716 libro

2239 5726 2411 5794 primo
2443 5727 2505 5778 dc
2537 5709 2938 5777 Guberuatioue
2978 5709 3069 5773 Dei
3103 5733 3116 5770 :
3153 5735 3170 5767 ι
3209 5717 3364 5782 Quod
3411 5717 3581 5785 potuit
3628 5709 3784 5774 majus
