4034 6298
1680 196 1694 221 \

310 292 415 345 629

1368 290 1493 344 LIB.
1531 288 1626 344 ne
1663 288 1912 345 ramus
1948 287 2503 356 QUESTIONIBUS.
3128 272 3163 307 '

3448 284 3553 357 uso

309 400 925 473 sequitur;etqnidquid
960 416 1064 457 non
1087 401 1355 457 consumit
1382 401 1707 457 remittendo
1736 417 1876 473 prte-
1905 404 1953 462 Α
1981 411 2331 467 comternum,
2366 403 2674 472 aequalitate
2698 402 2987 458 voluntatis
3015 410 3069 456 et
3113 398 3392 469 potestatis
3420 415 3549 452 conv

309 504 440 546 scus
475 490 868 561 misericordia,
897 490 1146 561 rependit
1178 504 1206 533 ι
1232 491 1541 546 ulciscendo
1561 494 1882 562 quandoque

307 588 694 650 repraesentata
710 579 942 649 justitia.
962 580 1066 637 Sed
1088 582 1331 652 insurgat
1356 582 1549 652 aliquis
1576 595 1643 637 ex
1658 592 1883 639 numero

312 669 640 725 mordaciter
664 671 1015 741 querulorum
1039 679 1093 728 et
1118 672 1264 728 dicat
1307 691 1320 728 :
1348 672 1462 728 Non
1492 674 1709 731 fecisset
1742 676 1883 730 Deus

312 758 607 821 hominem,
628 774 790 828 quem
818 769 1165 829 peccaturum
1197 762 1422 817 sciebat.
1453 764 1663 828 Quanto
1684 765 1884 818 rectius

310 848 557 905 diceret:
588 848 703 903 Non
742 848 959 906 fecisset
994 853 1155 907 homo
1194 852 1337 921 quod
1380 867 1591 907 summa
1628 852 1885 909 facilitate

313 938 484 992 vitare
513 947 728 1007 poterat
754 949 1058 1009 peccatum,
1086 956 1193 1011 quo
1221 957 1247 996 s
1272 963 1305 1006 ·,
1338 942 1381 997 si
1407 942 1585 997 verbis
1605 942 1699 997 Dei
1723 942 1881 997 fidem

312 1028 568 1094 habebat,
617 1042 940 1100 c0gnoverat
988 1034 1307 1090 moriturum
1347 1049 1695 1104 :quanquam
1742 1042 1886 1089 esset

308 1119 507 1174 divina:
535 1120 763 1175 bonitati
792 1137 898 1177 non
937 1138 1242 1192 congruens
1274 1123 1570 1189 hominem,
1600 1140 1759 1195 quem
1790 1126 1883 1180 bo-

310 1224 439 1265 num
471 1220 592 1281 post
610 1210 838 1281 lapsum,
867 1223 962 1268 aut
1003 1215 1166 1269 etiam
1206 1230 1273 1269 ex
1316 1230 1424 1284 quo
1455 1215 1653 1270 bonum
1707 1214 1885 1270 facere

309 1310 516 1371 posset,
545 1317 650 1357 non
698 1306 950 1360 condere.
997 1306 1105 1360 Aut
1143 1306 1302 1361 talem
1332 1306 1567 1373 fecisset,
1607 1305 1883 1375 subjiciat,

309 1391 402 1459 qui
439 1405 667 1459 peccare
722 1407 829 1447 non
874 1403 1072 1462 posset.
1114 1395 1250 1462 Quid
1303 1397 1374 1451 ita
1425 1412 1530 1451 non
1582 1407 1879 1467 queratur:

309 1481 421 1535 Cur
442 1482 625 1546 homo,
652 1498 776 1537 cum
798 1484 921 1539 talis
950 1483 1127 1541 factus
1154 1496 1296 1542 esset
1318 1495 1378 1541 ut
1406 1498 1591 1557 posset
1615 1503 1721 1543 non
1754 1503 1881 1559 pec-

308 1584 438 1623 care
464 1570 509 1625 si
535 1571 713 1637 vellet,
744 1573 800 1627 in
841 1574 946 1630 hoc
973 1583 1113 1630 statu
1161 1591 1384 1632 manere
1430 1579 1601 1633 noluit
1627 1586 1687 1633 ut
1714 1595 1885 1649 quan-

309 1659 488 1728 doque
516 1668 722 1716 tantum
746 1662 813 1717 de
843 1664 952 1720 Deo
974 1676 1276 1722 mereretur
1312 1667 1611 1724 obediendo
1640 1684 1710 1725 ne
1750 1685 1882 1741 pec-

1984 493 2250 557 similem,
2299 510 2404 547 non
2433 511 2500 550 ex
2538 509 2686 548 mare
2729 502 2786 547 et
2815 492 3033 556 femina,
3082 490 3175 545 sed
3223 505 3284 544 ex
3344 488 3549 557 Spiritu

1983 592 2170 637 sancto
2206 590 2261 637 et
2288 582 2452 637 Maria
2483 584 2709 654 virgine,
2753 597 2892 637 novo
2945 581 3196 635 nascendi
3248 579 3552 650 privilegio,

1984 673 2255 728 hominem
2281 673 2484 742 absque
2516 682 2735 743 peccato
2783 673 3036 734 instituit,
3074 679 3129 724 ut
3174 686 3269 739 per
3302 684 3423 724 cum
3462 668 3551 736 qui

1984 763 2337 817 obumbrante
2380 762 2580 832 Spiritu
2628 772 2816 818 sancto
2873 777 2979 817 non
3024 760 3215 815 fuisset
3264 767 3554 828 conceptus

1984 860 2116 906 testu
2148 842 2609 917 libidinis,eornm
2649 853 2738 923 qui
2763 853 2814 907 in
2843 852 3078 922 peccatis
3108 852 3347 917 concepti
3376 859 3555 904 essent

1974 939 2225 995 aboleret
2248 954 2407 995 omne
2436 952 2733 1010 peccatum.
2760 942 2893 996 llinc
2916 942 3122 1011 virgine
3152 950 3320 1005 satus,
3349 941 3555 1009 virgine

1986 1038 2161 1092 natus,
2191 1037 2249 1084 ut
2271 1030 2473 1099 absque
2501 1030 2694 1085 delicto
2715 1039 3003 1101 conceptus
3027 1042 3082 1085 et
3102 1042 3253 1085 ortus
3271 1071 3285 1094 ,
3326 1031 3405 1084 sic
3432 1029 3553 1083 abs-

1985 1136 2088 1191 que
2126 1120 2233 1176 ulla
2278 1121 2493 1177 offensa:
2545 1122 2786 1188 macula,
2834 1132 3216 1188 conversatus,
3265 1132 3549 1192 postquam

1985 1213 2145 1284 217
2183 1213 2210 1253 ι)
2238 1213 2691 1284 dispensationem
2723 1225 2922 1293 nostra:
2958 1216 3145 1270 salutis
3174 1216 3414 1270 docendo
3446 1215 3557 1270 suf-

1986 1303 2227 1360 ﬁcienter
2257 1307 2522 1369 exercuit,
2556 1306 2694 1360 Deus
2723 1321 2904 1372 verus,
2942 1307 3102 1360 homo
3134 1322 3311 1371 verus,
3349 1315 3555 1360 utrum-

1985 1410 2087 1464 que
2117 1412 2275 1460 unus,
2300 1397 2401 1453 hoc
2441 1406 2523 1453 est
2554 1397 2606 1450 in
2658 1406 2882 1466 utroque
2910 1384 2975 1450 tet
3026 1412 3091 1450 ex
3133 1404 3359 1465 utroque
3388 1413 3547 1456 unus.

1985 1484 2292 1554 dignatione
2320 1486 2583 1549 mirabili,
2612 1494 2837 1540 mortem
2871 1500 2990 1554 qurc
3039 1494 3259 1553 peccato
3308 1484 3549 1547 debetur,

1974 1573 2153 1641 “totius
2190 1589 2384 1645 expers
2412 1575 2642 1643 contagii
2670 1585 2860 1644 sponte
2889 1575 3128 1643 pertulit,
3153 1582 3207 1627 et
3246 1590 3343 1626 nos
3368 1589 3558 1643 perca-

1984 1670 2132 1718 tores
2174 1673 2373 1719 :eterna
2420 1673 2589 1719 morte
2615 1664 2880 1719 liberavit.
2936 1662 3071 1717 Tum
3127 1664 3264 1717 intra
3325 1663 3555 1715 triduum

308 1764 438 1804 care
465 1749 624 1805 vellet
654 1760 748 1806 aut
777 1768 886 1808 non
912 1758 1129 1824 posset?
1158 1757 1357 1812 verum
1400 1772 1498 1813 cur
1546 1759 1749 1813 homini
1780 1774 1878 1814 ne-
1911 1741 1955 1801 Β
1986 1768 2298 1823 resurgens,
2324 1769 2471 1824 spem
2500 1763 2737 1808 nostrain
2776 1753 2829 1807 in
2860 1752 3055 1808 cmlum
3090 1752 3325 1816 sustulit,
3350 1762 3403 1806 et
3428 1767 3559 1822 pau-

310 1846 534 1908 garetur
561 1840 650 1895 illa
683 1841 949 1909 voluntas,
966 1861 1073 1916 qua
1094 1847 1179 1901 vel
1203 1846 1343 1902 bene
1364 1856 1523 1904 utens
1545 1856 1885 1919 exspectaret

309 1929 611 1997 praemium,
656 1931 743 1988 vel
789 1933 933 1990 male
964 1936 1232 1993 excedens
1273 1948 1742 2007 praemonstratum
1768 1941 1882 2011 pati

309 2030 596 2092 cogeretur
620 2027 982 2080 tormentum?
1023 2026 1353 2084 Constanter
1380 2029 1635 2095 dixerim,
1680 2030 1885 2087 nullam

312 2111 482 2167 Deum
509 2124 839 2182 creaturam,
868 2132 988 2187 quae
1023 2120 1163 2175 mala
1212 2122 1485 2190 peccando
1509 2121 1692 2177 futura
1718 2132 1884 2189 esset,

309 2200 580 2257 facturum
610 2202 795 2270 fuisse,
828 2207 931 2263 nisi
963 2216 1056 2263 aut
1089 2223 1212 2263 eam
1239 2210 1435 2264 iterum
1478 2211 1675 2266 bonam
1702 2220 1796 2266 aut
1821 2226 1887 2267 ea

196 2309 215 2314 -
313 2290 443 2345 boni
502 2291 705 2363 aliquid
754 2294 935 2351 facere
982 2297 1574 2355 decrevisset..Maluit
1619 2300 1765 2355 enim
1820 2315 1888 2354 ex

274 2394 281 2403 ·
313 2379 472 2434 malis
503 2381 673 2437 bonos
708 2383 793 2437 vel
826 2384 966 2438 bona
997 2383 1179 2441 facere
1209 2401 1371 2455 quam
1406 2386 1547 2440 mala
1590 2386 1736 2441 nulla
1766 2402 1888 2442 esse

320 2468 659 2537 permittere.
679 2470 748 2525 Et
768 2472 1047 2528 hominum
1077 2475 1242 2545 216
1266 2476 1481 2543 quidem
1501 2475 1789 2545 plerosque
1804 2475 1886 2531 vel

317 2558 569 2628 originali
605 2560 691 2614 vel
719 2562 938 2630 proprio
967 2563 1101 2617 vitio
1135 2563 1306 2619 malos
1328 2563 1588 2619 reformat
1619 2564 1671 2617 in
1694 2564 1884 2627 bonos,

312 2649 460 2703 nulla
497 2649 579 2704 eis
621 2650 885 2718 imputata
909 2653 1215 2722 iniquitate,
1242 2670 1360 2719 sua,
1394 2655 1538 2722 quod
1581 2654 1889 2710 firmissime

317 2739 612 2792 tenendum
656 2748 773 2806 est,
805 2743 1038 2811 gratuita
1066 2743 1326 2799 bonitate.
1380 2744 1678 2814 Spirituum
1708 2753 1887 2799 autem

315 2828 718 2883 immundorum
746 2832 1018 2887 neminem
1041 2834 1142 2888 hac
1169 2835 1419 2904 dignatur
1441 2836 1635 2905 gratia,
1659 2850 1887 2905 quorum

314 2917 582 2986 pertinaci
613 2922 877 2989 superbia:
918 2923 1066 2980 nullo
1111 2926 1281 2980 venite
1327 2926 1617 2981 subvenire
1646 2928 1889 2983 decrevit

314 3011 575 3066 remedio.
618 3010 816 3067 Horum
844 3023 1045 3083 tamen,
1084 3031 1384 3088 eorumque
1430 3018 1753 3088 participum
1794 3019 1890 3075 ho-

314 3099 523 3154 minum
588 3102 961 3171 perditorum,
1024 3121 1331 3178 quanquam
1390 3108 1520 3177 ipsis
1559 3108 1886 3176 nolentibus,

314 3187 455 3244 bene
494 3191 666 3246 utitur
689 3191 972 3260 famulatu,
1002 3196 1128 3252 dum
1169 3199 1254 3255 his
1293 3198 1374 3253 vel
1404 3207 1587 3268 aperte
1617 3201 1887 3255 saevienti-

315 3278 420 3333 bus
461 3278 543 3333 vel
592 3282 799 3338 occulte
842 3285 1223 3344 insidiantibus
1250 3329 1265 3353 ,
1312 3298 1530 3345 exercet
1577 3299 1887 3347 sanctorum

313 3368 634 3436 patientiam
664 3373 995 3443 sempiterno
1032 3379 1301 3445 quondam
1352 3378 1575 3448 praemio
1623 3394 1887 3435 coronan-

315 3457 464 3511 dam.
493 3458 603 3515 Nec
626 3462 803 3517 minus
830 3479 897 3518 ex
942 3466 1100 3521 malis
1139 3466 1336 3521 bonum
1363 3468 1495 3536 agit,
1521 3483 1644 3524 cum
1670 3469 1891 3539 singulis

317 3548 400 3603 eis
431 3550 679 3605 meritum
721 3562 974 3621 repensat
1017 3556 1355 3625 supplicium.
1387 3557 1591 3610 Bonum
1636 3558 1781 3612 enim
1807 3568 1891 3613 est

315 3640 491 3696 malos
513 3656 619 3696 non
649 3658 938 3700 conversos
972 3646 1172 3715 puniri,
1206 3656 1266 3701 ut
1292 3647 1679 3717 comprimatur
1700 3663 1887 3717 super-

318 3732 513 3785 borum
542 3732 725 3799 elatio,
772 3745 985 3791 crescat
1034 3737 1313 3791 humilium
1341 3737 1591 3801 devotio,
1634 3748 1894 3807 augeatur

319 3837 390 3877 ex
413 3825 658 3893 utrisque
679 3825 860 3881 divina
890 3826 1145 3905 laudatio.
1176 3828 1402 3894 Invicta,
1420 3838 1481 3883 ut
1499 3830 1713 3898 opinor,
1732 3844 1893 3899 supe-

321 3910 529 3965 riorum
558 3913 765 3968 ratione
791 3914 1060 3985 colligitur
1079 3917 1350 3971 hominem
1382 3926 1489 3971 tam
1522 3917 1702 3972 anima
1725 3932 1888 3986 quam

319 4014 549 4068 corpore
565 4002 730 4058 fuisse
746 4003 1081 4070 damnatum,
1096 4020 1197 4060 nec
1222 4005 1574 4060 infortunium
1589 4006 1888 4061 damnatio-

320 4090 410 4144 nis
424 4088 540 4157 ejus
568 4091 660 4145 alii
687 4107 848 4161 quam
883 4093 1004 4162 ipsi'
1025 4101 1082 4150 et
1107 4094 1377 4149 seductori
1404 4093 1520 4161 ejus
1540 4094 1895 4163 'aliquatenus

321 4177 717 4247 imputandum.
744 4179 876 4234 illud
911 4182 1073 4236 etiam
1103 4183 1318 4248 claruit,
1348 4184 1589 4253 potuisse
1627 4184 1739 4238 suis
1766 4184 1893 4238 viri.

320 4267 425 4322 bus
450 4269 719 4324 hominem
736 4273 1009 4341 peccando
1032 4275 1246 4340 cadere,
1268 4290 1455 4329 verum
1485 4291 1591 4330 non
1622 4290 1777 4345 posse
1798 4293 1895 4330 un-

236 4353 241 4357 ’
319 4370 485 4423 quam
518 4372 613 4412 sua
646 4358 846 4414 virtute
880 4374 1185 4431 resurgere.
1236 4361 1469 4418 Proinde
1512 4363 1632 4432 pius
1673 4363 1891 4427 artifex,

323 4445 468 4514 quod
496 4445 656 4501 homo
682 4463 787 4502 non
818 4459 1000 4519 posset
1024 4459 1083 4505 ut
1112 4452 1227 4521 ipse
1251 4451 1555 4522 perficeret,
1580 4452 1750 4507 filium
1791 4454 1892 4509 sibi

323 4582 383 4628 et
408 4575 709 4633 evidentius
742 4579 816 4650 de
842 4581 1216 4649 peccatoribus
1258 4582 1401 4637 Deus
1432 4583 1574 4636 ferre
1609 4581 1897 4650 judicium,

325 4659 490 4722 quam
520 4656 581 4701 ut
626 4649 1280 4722 statim__con_sequeretur
1317 4666 1478 4722 paena
1517 4649 1846 4721 peccantes?
1875 4673 1893 4705 ι

328 4711 464 4768 Vide
489 4729 608 4781 quae
635 4733 734 4771 nos
764 4717 873 4771 illic
900 4711 1297 4774 adno'tavimus.

400 4794 427 4822 ι
465 4781 772 4859 Ulciscendo
797 4789 1124 4857 quandoque.
1148 4788 1203 4842 Id
1228 4799 1321 4859 gest
1348 4803 1363 4841 :
1396 4788 1548 4843 Licet
1582 4790 1635 4843 in
1664 4805 1900 4859 praesens

328 4850 471 4906 Deus
498 4868 600 4927 non
628 4850 820 4924 puniat
844 4850 1099 4911 nocentes
1136 4866 1191 4911 et
1218 4858 1433 4927 flagitiis
1460 4850 1900 4921 commaculatos,

328 4936 435 4995 non
492 4923 716 4978 abibunt
773 4934 951 4995 tamen
1007 4927 1254 4995 impune,
1292 4923 1370 4981 wet
1405 4927 1641 4981 sentient
1688 4929 1901 4981 tandem

328 4990 584 5045 virtutem
612 5008 804 5048 manus
834 4994 1047 5064 divinm.
1082 4990 1111 5046 ἰ
1164 4995 1230 5048 Ει
1269 4996 1390 5049 ideo
1419 4995 1714 5064 intelligere
1744 4995 1903 5051 debe-

314 5074 487 5123 mus,
534 5080 553 5112 ι
596 5070 656 5115 ιιι
699 5064 776 5117 ait
825 5061 1109 5119 Salvianus
1156 5066 1207 5117 in
1255 5064 1390 5119 libro
1423 5079 1495 5117 vn
1528 5061 1903 5120 de'Guberna-

328 5132 490 5204 t_i_one_
505 5130 633 5204 Dei,
672 5149 691 5182 ι
724 5132 849 5204 quia
876 5135 1096 5204 pietatis
1123 5133 1317 5204 divinae.
1355 5133 1476 5199 fuit,
1505 5134 1646 5201 quod
1687 5149 1904 5204 pmnam

328 5198 420 5251 diu
457 5198 693 5255 debitam
718 5198 968 5271 distulit;
1021 5201 1351 5271 piaculorum
1394 5198 1572 5257 autem
1617 5198 1903 5257 et'crimi-

328 5282 481 5341 nium,
511 5271 654 5338 quod
684 5269 975 5341 aliquando
1015 5269 1265 5339 peccator
1301 5273 1527 5341 populus
1563 5284 1683 5341 qua:
1726 5286 1896 5326 mere-

326 5335 491 5390 batur
514 5335 744 5410 excepit.
775 5335 803 5410 ἢ
836 5339 973 5395 Hinc
1003 5335 1091 5395 illa
1120 5335 1319 5396 Valerii
1343 5335 1555 5395 Maximi
1576 5335 1701 5406 vox,
1741 5356 1904 5409 quam

327 5419 429 5460 nos
464 5409 748 5478 perperam
777 5409 977 5465 Caesari
1020 5412 1309 5468 tribuimus
1339 5413 1393 5465 in
1426 5411 1567 5465 notis
1593 5410 1659 5464 ad
1701 5409 1907 5464 Salvia-

326 5490 457 5530 num
488 5494 565 5551 ιη(
599 5479 770 5551 Lento
795 5480 937 5551 enim
985 5481 1151 5551 gradu
1183 5483 1249 5537 ad
1283 5481 1574 5536 vindictam
1607 5480 1687 5534 sui
1727 5479 1905 5533 divina

326 5546 576 5612 procedit
605 5548 705 5620 ira,
732 5546 1151 5620 tarditatemque
1180 5551 1424 5620 supplicii
1470 5550 1736 5620 gravitate
1760 5563 1907 5620 com-

327 5623 540 5683 pensat.
573 5633 595 5672 ι
630 5618 785 5687 Apud
831 5617 1097 5675 Caesarem
1139 5621 1193 5676 in
1249 5617 1386 5676 libro
1436 5617 1610 5680 primo
1652 5619 1718 5673 de
1769 5617 1905 5673 bello

1985 1844 2135 1897 latim
2157 1844 2366 1914 pristini
2398 1844 2579 1914 lapsus
2606 1843 2884 1898 veritatem
2907 1852 2962 1897 et
2986 1853 3182 1897 nostra:
3213 1843 3560 1897 instauratio—

1986 1933 2072 1987 nis
2102 1933 2466 2004 integritatem
2490 1933 2757 2002 exposuit,
2783 1948 2887 1988 non
2913 1931 3025 1987 suis
3045 1932 3223 1986 verbis
3246 1932 3438 1995 solum,
3468 1947 3561 1983 ve-

1987 2039 2105 2078 rum
2130 2024 2291 2077 etiam
2321 2022 2706 2092 discipulorum
2734 2031 2787 2076 et
2812 2021 2992 2077 verbis
3027 2030 3081 2076 et
3117 2022 3350 2092 scriptis.
3380 2021 3560 2088 Quan-

1987 2131 2147 2187 quam
2172 2125 2228 2172 et
2250 2123 2449 2171 sanctae
2472 2115 2687 2179 litterzn,
2711 2129 2830 2185 quae
2864 2114 3115 2171 dicuntur
3143 2112 3351 2167 Veteris
3375 2112 3561 2165 Testa-

1989 2208 2178 2273 menti,
2209 2207 2435 2263 alterum
2466 2206 2602 2261 mira
2634 2204 2965 2274 proprietate
2993 2211 3389 2272 expresserunt,
3425 2203 3559 2255 alte-

1990 2316 2110 2355 rum
2140 2301 2366 2370 mystica
2402 2299 2840 2370 praefiguratione
2864 2297 3160 2368 signarunt.
3187 2294 3321 2347 Nam
3366 2302 3420 2346 et
3454 2293 3563 2362 pri-

1989 2392 2062 2446 mi
2094 2392 2334 2461 parentis
2364 2400 2645 2461 peccatum
2688 2392 2816 2461 ipsae
2844 2388 3209 2459 prodiderunt,
3239 2396 3291 2441 et
3325 2385 3559 2439 futurum

1988 2490 2050 2535 ut
2085 2496 2182 2551 per
2222 2482 2505 2536 Dominum
2550 2480 2731 2535 Jesum
2770 2488 3115 2549 repararetur
3164 2493 3331 2547 genus
3372 2477 3560 2529 huma-

1990 2586 2116 2625 num
2136 2609 2150 2634 ,
2194 2585 2314 2624 cum
2346 2570 2528 2625 multis
2564 2570 2684 2625 aliis
2712 2569 2862 2633 locis,
2893 2578 3003 2623 tum
3032 2569 3083 2621 in
3118 2567 3210 2621 illo
3243 2581 3449 2619 summe
3477 2575 3559 2617 at—

1989 2675 2094 2728 que
2118 2658 2416 2713 clarissime
2441 2675 2453 2710 :
2484 2657 2851 2711 Dominabitur
2885 2675 2917 2710 a
2953 2656 3091 2710 mari
3114 2672 3275 2725 usque
3300 2656 3367 2706 ad
3398 2670 3564 2715 mare,

1990 2757 2037 2800 et
2060 2765 2091 2799 ιι
2113 2748 2327 2815 [lumine
2352 2764 2512 2818 usque
2550 2749 2618 2799 ad
2659 2748 2905 2802 terminos
2937 2746 3074 2800 orbis
3104 2755 3360 2797 terrarum
3390 2741 3561 2806 (Paul.

1991 2836 2163 2904 Lxxl).
2192 2835 2476 2890 Subtiliter
2514 2836 2679 2907 igitur
2719 2836 2987 2906 expendat
3025 2833 3198 2888 fidelis
3228 2833 3565 2886 examinator

1993 2933 2047 2981 et
2080 2926 2201 2995 pius
2242 2934 2441 2995 quanta
2492 2925 2657 2979 fuerit
2682 2925 2914 2978 hominis
2962 2923 3236 2991 iniquitas,
3267 2937 3426 2989 quam
3468 2935 3566 2972 nec

1995 3015 2281 3084 quisquam
2313 3013 2587 3067 hominum
2622 3028 2721 3067 nec
2747 3013 2973 3082 quilibet
3000 3009 3307 3080 angelorum
3338 3008 3435 3061 nisi
3469 3007 3563 3060 Dei

1994 3102 2162 3157 solius
2211 3102 2429 3170 sanguis
2473 3100 2641 3155 valuit
2684 3102 2930 3171 expiare;
2964 3116 3062 3155 nec
3100 3114 3157 3153 se
3193 3098 3384 3153 mereri
3420 3097 3567 3150 aliud

1994 3208 2155 3262 quam
2179 3192 2496 3262 supplicium
2520 3190 2704 3246 credat
2732 3194 2913 3254 homo,
2935 3190 3026 3259 qui
3052 3198 3171 3259 post
3194 3188 3565 3258 purgationem

1995 3281 2352 3351 baptismatis,
2378 3296 2481 3350 qua
2513 3280 2673 3334 etiam
2701 3279 2937 3351 parvulis
2967 3278 3114 3349 regni
3142 3277 3382 3353 omlestis
3401 3276 3565 3346 janua

1996 3371 2236 3441 aperitur
2267 3370 2479 3424 tametsi
2523 3369 2767 3440 quaedam
2792 3369 2947 3438 digna
2980 3367 3132 3420 venia
3173 3366 3473 3435 suspicatur
3506 3379 3567 3417 se

1996 3460 2228 3531 gessisse
2258 3460 2427 3527 magis
2462 3473 2622 3528 quam
2656 3457 2824 3522 novit,
2852 3456 3018 3510 nmito
3047 3464 3170 3510 sunt
3200 3464 3376 3508 tamen
3416 3454 3565 3525 plura

1997 3566 2157 3620 super
2196 3551 2389 3620 quibus
2437 3549 2602 3603 divini
2653 3547 2841 3618 judicii
2892 3547 3235 3601 severitatem
3293 3544 3566 3597 formidet.
3656 3564 3661 3569 ι

1998 3642 2311 3711 Quanquam
2359 3641 2521 3694 etiam
2572 3641 2706 3693 bene
2754 3638 2916 3708 gestis
2963 3636 3255 3690 timendum
3293 3645 3404 3699 est,
3445 3653 3569 3689 cum

1998 3737 2178 3782 tantus
2205 3728 2288 3781 vir
2310 3726 2486 3781 dicat:
2517 3725 2708 3782 Omnes
2728 3725 2952 3795 justitiw
2975 3733 3164 3777 nostra:
3187 3723 3340 3792 quasi
3364 3738 3568 3791 pannus

1997 3828 2332 3872 menstruam
2366 3816 2500 3887 (lsa.
2539 3819 2704 3884 utv).
2747 3813 2961 3869 Justitia
3013 3814 3154 3867 enim
3201 3821 3412 3875 nostra,
3445 3811 3569 3865 licet

1999 3908 2265 3963 interdum
2297 3922 2478 3961 coram
2509 3907 2819 3961 hominibus
2852 3903 3127 3974 splendeat
3161 3918 3325 3972 opere
3364 3908 3417 3955 et
3455 3916 3570 3955 ser-

1998 4012 2179 4061 mone,
2206 3997 2257 4051 in
2296 4002 2585 4064 conspectu
2620 3994 2713 4047 Dei
2744 3992 3001 4047 sordescit
3028 4005 3193 4060 prava
3225 3990 3567 4057 cogitatione.

1998 4084 2271 4141 Habemus
2311 4092 2512 4149 autem,
2550 4084 2716 4154 218
2758 4092 2817 4135 ut
2865 4097 3023 4151 supra
3047 4081 3299 4161 .relatum
3352 4088 3464 4142 est,
3504 4096 3566 4132 ex

1996 4180 2166 4235 Adam
2207 4178 2435 4233 liberum
2466 4176 2765 4239 arbitrium,
2796 4189 2901 4228 non
2936 4173 3002 4227 ad
3036 4174 3232 4227 bonum
3262 4181 3317 4226 et
3346 4171 3569 4235 malum,

1999 4270 2156 4349 quale
2186 4270 2300 4338 ipse
2331 4284 2360 4321 a
2390 4266 2677 4320 Conditore
2705 4264 2930 4329 accepit,
2962 4263 3057 4318 sed
3087 4262 3245 4332 quale
3274 4263 3387 4330 ipse
3415 4277 3569 4349 spon-

2002 4348 2053 4413 te
2103 4357 2153 4410 in
2202 4356 2307 4410 ima
2346 4366 2573 4423 vergens
2616 4353 2777 4422 elegit
2817 4360 2871 4406 et
2912 4351 3184 4421 peccando
3226 4348 3569 4408 commeruit,

2001 4448 2103 4502 hoc
2145 4454 2226 4500 est
2263 4445 2330 4498 ad
2376 4444 2573 4498 malum
2618 4442 2880 4507 liberum;
2933 4441 2996 4493 ad
3042 4440 3243 4493 bonum
3290 4446 3493 4499 autem,
3524 4437 3568 4489 si

2001 4566 2203 4639 Gallico
2223 4582 2479 4651 scriptum
2507 4587 2590 4651 est
2612 4578 2789 4651 ipsum
2806 4576 3070 4651 firmarent
3091 4570 3279 4643 legatis
3304 4566 3577 4651 Helvetio-

2002 4636 2163 4714 rum,
2192 4636 2417 4720 quorum
2462 4636 2713 4720 princeps
2765 4644 2863 4720 fuit
2916 4642 3101 4698 Divico
3123 4636 3170 4704 ,⁷
3190 4636 3567 4720 respondisse:

2010 4741 2028 4773 ι
2055 4709 2352 4777 Consuesse
2379 4709 2507 4772 deos
2551 4709 2904 4775 immortales,
2933 4726 3040 4781 quo
3083 4709 3302 4775 gravius
3329 4709 3575 4781 homines

2005 4774 2083 4845 cx'
2108 4774 2545 4860 commutatione
2575 4798 2756 4860 rerum
2805 4774 3019 4860 doleant
3066 4774 3200 4857 quos
3231 4791 3344 4860 _pro_
3372 4774 3576 4860 scelere

2006 4874 2192 4915 eorum
2237 4857 2423 4912 ulcisci
2446 4855 2632 4917 velint,
2665 4852 2749 4905 his
2783 4845 3128 4917 secundiores
3172 4845 3439 4900 interdum
3488 4858 3575 4897 res

2005 4938 2060 4983 ct
2089 4927 2477 4996 diuturniorem
2505 4915 2870 4991 impunitatem
2901 4915 3219 4996 concedere.
3248 4933 3271 4996 ι
3331 4982 3344 4996 ⁸

2079 4998 2107 5038 δ
2146 4984 2593 5065 Dispensationem
2635 4997 2829 5065 nostra:
2861 4985 3066 5065 salutis.
3108 4984 3162 5065 ιιι
3195 4992 3299 5064 est,
3330 4984 3579 5065 incarna-

2011 5068 2209 5121 tionem
2238 5053 2473 5118 'Christi~
2498 5058 2728 5129 Domini.
2774 5054 3165 5129 lncarnationis
3199 5053 3344 5129 enim
3376 5059 3572 5129 myste-

2012 5138 2148 5190 rium
2179 5135 2395 5204 passim_
2422 5130 2559 5198 apud
2597 5127 2813 5204 Grai-cos
2853 5126 3107 5204 ιιὶκᾳχομία
3133 5123 3218 5204 vel
3260 5123 3576 5204 dispensatio

2010 5188 2227 5263 dicitur,
2250 5210 2309 5256 ut
2348 5188 2526 5253 Mar'ca
2556 5195 2830 5251 adnotavit
2859 5194 2911 5247 in
2939 5188 3081 5263 libro
3102 5208 3161 5247 ιιι
3186 5192 3253 5246 de
3278 5188 3574 5263 Concordia

2011 5258 2131 5351 «eai-
2157 5258 2246 5351 15.
2281 5271 2309 5351 ι
2342 5272 2394 5351 ιε
2421 5268 2512 5321 δίο
2529 5272 2719 5351 ιιεειοτ
2739 5258 3581 5351 fuerit“.a,,§ire°'léaséi'_2?:

2012 5333 2103 5410 qui
2156 5333 2648 5410 Breviariumtidei
2680 5333 3214 5410 _adversus_Arianos
3257 5333 3579 5410 composuit,

2012 5400 2088 5464 ait
2132 5410 2185 5463 in
2233 5405 2578 5478 ipsorstatim
2621 5402 2775 5478 initio
2820 5420 2833 5455 :
2883 5422 2900 5452 ι
2948 5403 3024 5478 De
3076 5416 3134 5455 se
3170 5400 3579 5478 ipsoDorninus

2011 5466 2305 5534 secundum
2353 5473 2804 5545 dispensationem
2849 5471 3031 5528 carnis
3073 5466 3366 5539 assumpta:
3411 5466 3582 5534 loqui-

2012 5558 2117 5603 lttl‘.
2156 5567 2174 5599 ι
