4034 6298
570 297 668 352 631

950 264 987 301 ⁹
1582 304 1643 358 n.
1686 302 1743 358 s.
1785 302 1942 359 LUPI
1978 297 2268 358 seems
2305 297 2807 360 FERRARIENSIS

3706 313 3796 370 652

568 422 749 469 tamen
783 413 835 468 id
868 413 1021 469 nobis
1064 412 1245 469 divino
1286 431 1505 471 munere
1545 419 1848 489 contigerit,
1879 427 1937 472 ut
1979 433 2141 486 supra
2170 421 2219 480 Λ
2243 414 2401 478 mine,
2425 416 2547 484 quia
2573 433 2674 470 non
2701 418 2767 470 sit
2794 418 3024 473 hominis
3054 419 3135 474 via
3160 419 3296 492 ejus,
3328 436 3420 476 nec
3443 433 3517 477 est
3550 432 3603 479 ut
3629 429 3793 481 ambu-

561 516 677 585 jam
725 518 988 581 diximus,
1030 519 1122 571 Dei
1169 518 1343 587 gratia
1378 520 1729 575 liberandum.
1769 522 1996 576 Mentior
2040 523 2143 577 nisi

566 607 673 662 hoc
720 606 928 675 primus
972 607 1109 662 liber
1158 608 1352 663 divinae
1404 612 1746 666 auctoritatis
1788 613 2021 666 ostendit
2059 614 2153 677 his

564 696 748 751 verbis
777 713 790 749 :
827 696 1024 752 Sensus
1055 706 1103 750 et
1130 698 1373 765 cogitatio
1405 699 1623 753 humani
1651 702 1821 756 cordis
1852 702 1921 755 ad
1944 703 2143 757 malum

563 803 730 855 prona
759 796 880 841 sunt
916 790 980 841 ab
1016 786 1365 842 adolescentia
1410 806 1508 843 sua
1539 788 1691 860 (Gen.
1720 791 1862 863 vin).
1896 805 1922 832 ιι
1954 791 2144 851 Secre-

568 889 745 931 torum
776 877 937 931 etiam
966 876 1265 932 cmlestium
1312 879 1451 934 ﬁdus
1493 881 1758 951 interpres
1786 881 2003 946 Paulus,
2028 880 2140 949 jam

560 965 885 1033 baptizatus,
906 963 1019 1034 jam
1046 966 1269 1021 forsitan
1305 968 1374 1022 ad
1416 970 1632 1023 tertium
1666 970 1862 1025 cadum
1889 980 2138 1027 evectus:

560 1058 588 1096 ι’
619 1055 978 1122 Condelector,
1008 1059 1210 1129 inquit,
1243 1058 1345 1130 legi
1384 1060 1480 1114 Dei
1506 1062 1792 1117 secundum
1840 1063 2137 1117 interiorem

558 1149 842 1213 hominem,
873 1149 948 1203 illi
976 1149 1216 1219 profecto
1237 1167 1357 1221 qua:
1384 1154 1589 1208 sanxit:
1614 1152 1729 1207 Non
1761 1155 2136 1223 concupisces,

557 1238 704 1291 video
735 1247 909 1292 autem
932 1239 1094 1292 aliam
1130 1238 1291 1310 legem
1327 1242 1383 1294 in
1426 1242 1668 1296 membris
1696 1244 1820 1297 meis
1845 1260 2139 1314 repugnan-

555 1337 655 1379 tem
682 1326 785 1397 legi
810 1329 996 1382 mentis
1025 1346 1154 1383 mea:
1183 1339 1231 1383 et
1255 1333 1514 1400 captivum
1540 1349 1620 1387 me
1647 1332 1917 1387 ducentem
1946 1333 2000 1386 in
2028 1332 2137 1402 lege

552 1423 777 1488 peccati,
804 1438 923 1492 quae
949 1432 1026 1476 est
1065 1423 1120 1477 in
1160 1425 1404 1479 membris
1432 1426 1560 1479 meis
1589 1424 1763 1495 (Rom.
1790 1424 1910 1497 vn).
1938 1424 2135 1496 Legem

554 1508 611 1563 in
645 1511 905 1565 membris
934 1512 1425 1582 concupiscentiam
1452 1521 1630 1578 vocat,
1667 1528 1826 1583 quam
1853 1522 1975 1584 post
2012 1529 2135 1584 pec-

550 1607 732 1654 catum
776 1600 828 1654 in
876 1602 1136 1657 membris
1164 1602 1489 1673 genitalibus
1528 1604 1691 1673 primi
1726 1611 2009 1659 senserunt
2038 1617 2135 1672 pa-

549 1701 754 1755 rentes,
787 1706 949 1761 quam
982 1692 1081 1747 sibi
1111 1693 1487 1749 adversantem
1533 1693 1716 1750 divino
1754 1691 1879 1749 freti
1916 1692 2130 1762 adjuto-

548 1780 633 1835 rio
662 1781 824 1835 etiam
872 1783 1212 1838 continentes
1243 1784 1442 1854 quique
1477 1784 1763 1855 repellunt,
1794 1784 1887 1848 sed
1916 1787 2130 1856 penitus

546 1884 826 1941 nunquam
853 1886 1193 1927 reversurum
1215 1875 1340 1929 dum
1372 1874 1460 1929 hic
1498 1875 1800 1930 mortaliter
1822 1876 2011 1931 vivunt
2036 1891 2131 1931 ex-

549 1957 768 2013 cludere
812 1969 1106 2029 nequeunt.
1140 1962 1401 2029 Dominus
1439 1978 1655 2033 quoque
1682 1963 1860 2030 Jesus,
1889 1964 1980 2035 qui
2020 1965 2130 2019 sin-

549 2047 812 2128 gulariter
855 2057 915 2102 ut
951 2050 1197 2106 conditor
1225 2053 1434 2107 sciebat
1458 2052 1585 2122 quid
1618 2062 1764 2110 esset
1797 2054 1851 2108 in
1887 2055 2124 2121 homine,

548 2137 939 2195 imbecillitatis
979 2149 1177 2197 nostrae
1212 2157 1311 2198 nos
1340 2144 1675 2199 admonens:
1702 2155 1725 2184 ο
1757 2143 1882 2199 Sine
1913 2161 2015 2210 me,
2046 2145 2128 2199 in-

546 2228 684 2299 quit,
731 2230 863 2284 nihil
905 2232 1118 2300 potestis
1166 2233 1337 2303 facere
1380 2230 1562 2306 (Joan.
1604 2234 1717 2306 xv),
1748 2234 1884 2291 nihil
1922 2235 2127 2292 scilicet

545 2321 697 2385 boni,
733 2322 867 2376 nihil
897 2321 1056 2378 saluti
1084 2324 1441 2380 conducibile.
1471 2324 1582 2382 Nec
1621 2326 1927 2398 indignetur
1953 2326 2125 2382 salva-

546 2422 637 2464 tus
658 2419 713 2466 et
739 2411 1027 2468 salvandus
1054 2414 1170 2469 sine
1194 2413 1471 2471 Salvatore
1497 2431 1557 2473 se
1579 2416 1713 2471 nihil
1737 2431 1894 2487 posse
1919 2417 2119 2484 facere,

535 2502 629 2570 qui
676 2502 960 2572 pollicetur
989 2521 1000 2557 :
1031 2503 1093 2560 Si
1138 2522 1225 2559 vos
1253 2504 1429 2561 Filius
1468 2507 1781 2574 liberaverit,
1818 2525 1934 2564 vere
1972 2510 2123 2565 liberi

538 2590 685 2645 eritis
724 2589 905 2661 (Joan.
953 2592 1097 2663 viii).
1148 2593 1212 2648 Et
1249 2609 1368 2660 cur,
1413 2595 1558 2650 dicat
1605 2595 1823 2666 aliquis,
1861 2598 2120 2668 possibile

535 2679 854 2748 praecipitur
898 2682 1041 2749 quod
1084 2690 1268 2751 postea
1309 2684 1641 2753 impossibile
1686 2687 2120 2744 demonstratur?

533 2765 734 2838 Diliges
778 2766 1057 2823 Dominum
1102 2770 1268 2825 Deum
1308 2783 1456 2828 tuum
1498 2791 1564 2829 ea:
1603 2784 1711 2830 toto
1746 2777 1902 2831 corde
1936 2788 2027 2833 tuo
2067 2788 2115 2833 et

535 2872 602 2911 ea:
632 2866 739 2911 tota
769 2859 946 2913 animo
974 2869 1066 2915 tua
1096 2869 1144 2915 et
1174 2878 1238 2916 ea:
1265 2872 1373 2917 tota
1395 2874 1562 2919 mente
1588 2875 1681 2919 tua
1710 2864 1922 2936 (Matth.
1951 2868 2110 2936 uti);

541 2954 598 3000 et
621 2963 634 2995 :
654 2946 848 3016 Diliges
866 2950 1161 3018 proximum
1190 2961 1334 3006 tuum
1364 2962 1612 3025 tanquam
1635 2964 1683 3009 te
1706 2956 1874 3026 ipsum
1899 2956 2108 3027 (Ibid);

527 3045 586 3090 et
610 3054 623 3090 :
648 3035 861 3107 Diligite
888 3038 1052 3110 219
1080 3041 1318 3096 inimicos
1353 3054 1564 3110 vestros,
1606 3045 1996 3116 benefaciteﬂhis
2021 3049 2115 3118 qui

531 3142 622 3179 ros
645 3095 865 3180 oder'unt
888 3095 1115 3196 Triuiae
1147 3132 1223 3199 v);
1253 3140 1343 3186 et:
1373 3132 1476 3200 Qui
1512 3119 1618 3188 vult
1663 3095 1776 3207 post
1808 3153 1890 3191 me
1914 3095 2105 3204 venivre,
2138 3095 2183 3159 C

538 3214 755 3284 abneget
782 3217 1127 3287 semetipsum,
1161 3229 1208 3274 et
1238 3222 1386 3276 tollat
1415 3241 1619 3279 crucem
1647 3243 1821 3293 suam,
1850 3238 1899 3282 et
1925 3246 2111 3299 sequa—

530 3313 621 3357 tur
646 3322 728 3358 me
753 3305 904 3377 (Luc.
944 3310 1041 3376 ix);
1074 3319 1130 3364 et
1175 3312 1280 3366 alia
1320 3314 1507 3382 multa,
1547 3333 1667 3387 qua:
1708 3334 1851 3375 nunc
1888 3331 2109 3391 peccata

527 3395 842 3464 prohibent,
890 3415 1031 3454 nunc
1069 3400 1342 3458 instruunt
1373 3405 1551 3474 ﬁdem,
1583 3424 1723 3464 nune
1758 3405 2105 3467 vires'infor-

525 3494 702 3561 mant.
724 3487 974 3544 Profecto
996 3498 1054 3545 ut
1083 3492 1207 3545 dum
1235 3505 1462 3549 conatur
1481 3499 1625 3566 quis,
1648 3514 1747 3553 nec
1771 3499 1964 3555 sulIieit
1986 3518 2106 3571 qua:

517 3572 780 3641 jubentur
809 3578 1057 3650 implere,
1089 3580 1213 3637 illuc
1242 3582 1555 3654 fatigatione
1585 3588 1897 3644 humiliatus
1925 3608 2106 3647 recur-

525 3675 611 3720 rat
637 3667 775 3722 unde
796 3671 1046 3739 petendo,
1071 3676 1380 3742 quaerendo,
1402 3677 1683 3746 pulsando,
1706 3681 1934 3751 accipiat
1958 3685 2102 3754 quod

522 3757 815 3827 desiderat,
846 3774 900 3817 et
937 3778 1041 3817 non
1074 3763 1130 3819 in
1168 3781 1247 3832 se,
1285 3768 1377 3821 sed
1413 3768 1466 3821 in
1495 3767 1721 3824 Domino
1755 3771 1821 3825 de
1849 3774 2101 3829 omnibus

519 3845 637 3915 ejus
661 3848 938 3907 beneﬁciis
964 3852 1241 3923 glorietur.
1277 3856 1385 3911 Nec
1409 3858 1511 3912 sibi
1543 3874 1738 3915 nervos
1768 3858 2099 3917 fortitudinis

524 3936 733 3992 detrahi
777 3941 1027 4009 opinetur
1067 3942 1305 4013 subjecte
1340 3946 1448 4002 Deo
1477 3947 1724 4015 devotus,
1765 3967 1887 4006 cum
1917 3969 2016 4022 per
2040 3970 2098 4009 se

521 4026 659 4087 nihil
686 4027 809 4081 boni
840 4044 997 4098 posse
1043 4032 1222 4090 facere
1273 4045 1381 4090 tam
1421 4038 1761 4095 evidentibus
1801 4041 2098 4098 instruatur

526 4116 868 4171 testimoniis.
900 4118 1011 4174 Nec
1035 4137 1165 4177 vero
1200 4124 1449 4178 meritum
1484 4126 1651 4180 minui
1685 4145 1697 4181 :
1723 4129 1978 4197 quoniam
2009 4146 2098 4185 so-

516 4202 629 4256 lum
679 4204 953 4261 hominem
1006 4213 1350 4277 praestantius
1399 4206 1577 4283 quam°
1612 4217 1723 4271 Deo
1770 4227 2095 4288 cooperante

518 4309 678 4362 posse
705 4294 907 4365 aliquid
934 4313 1116 4368 agere,
1146 4317 1215 4357 ne
1244 4302 1418 4357 dicam
1447 4304 1655 4375 opinari
1683 4306 1767 4362 vel
1797 4309 2089 4375 somniare,

515 4399 623 4438 non
666 4392 773 4439 tam
812 4388 1172 4455 superbientis
1206 4401 1291 4446 est
1321 4393 1552 4450 hominis
1577 4394 1605 4434 ά
1642 4411 1803 4464 quam
1833 4400 2085 4468 amentis,

510 4482 567 4527 et
609 4474 677 4529 de
721 4474 874 4543 cujus
909 4476 1240 4547 plenitudine
1279 4495 1467 4538 omnes
1510 4486 1821 4554 accepimus
1859 4489 2089 4557 gratiam

504 4577 609 4631 pro
665 4564 861 4634 gratia,
909 4580 1009 4636 pro
1054 4568 1228 4636 gratia
1280 4584 1441 4638 quam
1494 4571 1756 4642 impendit
1805 4575 2090 4634 laboriosas

2119 4436 2169 4496 D

2248 502 2314 557 let
2343 514 2388 557 et
2415 506 2609 574 dirigat
2638 521 2844 576 gressus
2871 523 2993 562 suos
3032 508 3164 579 (Jer.
3198 510 3274 581 x).
3307 512 3539 566 Proinde
3567 530 3682 570 mox
3712 518 3795 572 ad-

2239 592 2499 661 jutorium
2544 594 2749 665 flagitat
2783 612 2798 651 :
2827 594 3041 667 Corripe
3070 615 3169 663 me,
3202 600 3441 667 Domine,
3468 614 3797 661 verumtamen

2246 677 2299 730 in
2313 680 2540 747 judicio,
2569 691 2616 735 et
2644 698 2747 736 non
2773 685 2827 737 in
2852 685 3032 750 furore
3061 696 3151 740 tuo
3174 688 3369 759 (ibid.).
3398 690 3513 745 Hoc
3537 702 3620 745 est
3643 711 3656 746 :
3677 695 3799 761 Quia
3882 730 3901 745 ..

2245 781 2352 821 non
2382 778 2467 822 est
2492 785 2624 824 mete
2652 771 2869 827 virtutis
2900 782 2961 827 ut
2994 791 3171 831 meam
3199 780 3523 847 pravitatem
3551 784 3798 853 corrigam

2246 870 2300 915 et
2334 862 2557 931 justitia:
2598 872 2705 920 tuae
2741 868 3139 936 appreliendam
3179 882 3238 925 et
3281 879 3488 928 teneam
3536 876 3797 930 rectitudi-

2242 964 2388 1015 nem,
2424 960 2477 1005 tu
2506 952 2699 1008 adhibe
2742 957 3138 1013 correctionem
3174 959 3391 1029 iudicii,
3422 962 3579 1031 cujus
3610 973 3798 1020 terrore

2241 1040 2528 1096 salubriter
2563 1057 2724 1097 sanas
2765 1044 3030 1112 inﬁrmos,
3070 1059 3184 1103 non
3214 1052 3637 1120 correptiouem,
3663 1054 3801 1120 cujus

2242 1132 2528 1186 severitate
2558 1133 3140 1194 horribiliterdamnas
3182 1142 3462 1211 superbos,
3504 1154 3565 1197 ut
3612 1155 3798 1201 mutata

2240 1226 2298 1273 et
2325 1220 2640 1276 conﬁrmata
2670 1224 2945 1281 voluntate
2971 1225 3188 1294 faciam,
3219 1239 3270 1284 te
3299 1245 3647 1303 cooperante,
3672 1238 3800 1305 quin!

2238 1308 2376 1363 meis
2402 1310 2609 1366 viribus
2633 1313 2858 1383 implere
2886 1331 2993 1370 non
3025 1318 3194 1373 valeo.
3226 1318 3387 1375 Vates
3422 1334 3681 1391 pneterea
3709 1327 3803 1380 cla-

2237 1396 2486 1453 rissimus
2522 1400 2689 1455 Isaias
2717 1411 2883 1457 totum
2913 1405 3043 1470 Deo,
3069 1407 3234 1477 220
3258 1409 3389 1463 nihil
3421 1413 3579 1466 nobis
3604 1415 3801 1483 penitus

2238 1485 2583 1541 tribuendum
2618 1490 2981 1558 confirmans,
3007 1493 3248 1562 Domine,
3283 1498 3479 1568 inquit.
3526 1518 3702 1570 pacem
3738 1504 3800 1557 da

2236 1573 2383 1628 nobis
2415 1588 2434 1626 :
2462 1577 2637 1631 omnia
2681 1580 2815 1633 enim
2859 1598 3017 1651 opera
3067 1595 3244 1639 nostra
3287 1599 3535 1656 operatus
3580 1608 3634 1644 es
3668 1595 3800 1647 nobis

2237 1660 2371 1732 (Isa.
2394 1672 2580 1734 (xxvi).
2618 1665 2860 1739 Nantque
2896 1671 2945 1725 si
2987 1674 3142 1728 nobis
3181 1683 3391 1731 temere
3421 1680 3713 1735 sanitatem
3742 1682 3799 1735 li-

2158 1760 2205 1820 B
2232 1751 2349 1808 beri
2390 1756 2599 1811 arbitrii
2651 1772 2988 1830 arrogamus,
3026 1761 3231 1818 frustra
3274 1766 3367 1820 diu
3405 1768 3578 1823 multa
3614 1772 3799 1835 conati,

2229 1844 2309 1899 sic
2336 1845 2765 1916 impossibilitate
2811 1859 2869 1905 ut
2909 1852 3064 1909 hoste
3095 1856 3364 1911 acerrimo
3396 1858 3797 1926 confundimur,

2227 1936 2563 2007 molesteque
2606 1940 2746 1996 bello
2789 1940 3117 2011 laboramus,
3157 1961 3440 2019 quousque
3488 1950 3691 2006 defessi
3736 1953 3799 2007 ad

2231 2027 2470 2083 divinum
2515 2045 2862 2089 recurramus
2895 2036 3175 2091 auxilium.
3208 2037 3326 2104 Quo
3365 2040 3676 2111 impetrato,
3713 2059 3798 2113 ps-

2228 2133 2346 2174 cem
2378 2120 2446 2175 de
2486 2136 2593 2190 qua
2635 2123 2856 2190 dicitur,
2896 2124 3015 2179 Pax
3056 2126 3223 2182 multa
3258 2129 3601 2199 diligentibus
3646 2131 3799 2202 legent

2229 2219 2375 2264 tuam
2406 2211 2581 2282 (-Psal.
2615 2216 2823 2286 cxvin),
2855 2218 3270 2288 consequimur;
3300 2221 3427 2276 dum
3465 2239 3568 2293 per
3608 2224 3797 2279 bonum

2227 2300 2479 2357 affectum
2527 2304 2580 2357 in
2608 2294 2735 2359 ’Deo
2783 2320 2937 2361 mens
2984 2318 3169 2363 nostra
3211 2310 3358 2365 velut
3403 2312 3457 2365 in
3503 2314 3799 2369 munitione

2228 2392 2498 2449 tutissima
2538 2395 2851 2465 requiescit,
2882 2407 2938 2453 et
2977 2397 3090 2467 jam
3135 2400 3395 2455 salutaria
3432 2414 3705 2473 precepts
3744 2403 3798 2457 li-

2224 2480 2507 2539 ducialiter
2531 2494 2809 2555 operatur,
2832 2488 3264 2558 quandoquidem
3300 2504 3362 2545 ea
3390 2491 3510 2560 ipse
3541 2494 3643 2563 qui
3671 2507 3796 2562 pne-

2223 2575 2352 2645 cipit
2377 2583 2614 2632 exercet.
2648 2577 2871 2633 Miretur
2892 2578 3087 2648 aliquis
3113 2594 3183 2634 ne
3201 2593 3369 2648 parva
3392 2582 3617 2652 quidem
3638 2598 3794 2654 opera

2219 2667 2376 2723 nobis
2425 2683 2457 2723 a
2503 2670 2678 2737 nobis,
2727 2673 2821 2727 sed
2869 2673 2983 2744 ipsa
3031 2688 3245 2745 quoque
3287 2689 3317 2730 a
3347 2672 3459 2733 Deo
3496 2692 3650 2746 esse,
3695 2678 3793 2733 nisi

2220 2760 2534 2828 cognoverit
2577 2762 2719 2831 ipsas
2763 2764 3120 2834 cogitationes
3160 2768 3332 2823 bonas
3369 2777 3424 2824 et
3473 2770 3697 2825 initium
3733 2783 3792 2824 ac

2217 2849 2601 2919 perfectionem
2633 2853 2755 2909 ﬁdei
2781 2871 2886 2910 non
2915 2872 2946 2910 a
2975 2859 3131 2914 nobis
3156 2861 3470 2930 procedere,
3500 2864 3598 2918 sed
3626 2880 3658 2919 a
3687 2866 3789 2922 Deo

2216 2940 2465 3011 inspirari
2495 2942 2819 3001 habentibus
2847 2954 3009 3018 atque
3039 2948 3263 3005 ﬁrmari.
3292 2951 3493 3006 Doctor
3519 2952 3642 3009 haec
3668 2972 3790 3026 gen-

2216 3031 2373 3097 tium,
2416 3043 2440 3072 ο
2479 3033 2586 3089 ἰιιιο
2626 3050 2722 3105 per
2760 3051 2883 3092 eum
2919 3038 3012 3092 Dei
3054 3041 3287 3110 Spiritus
3323 3042 3634 3112 publicans.
3669 3045 3787 3099 Non

2214 3122 2367 3191 quasi
2414 3124 2719 3193 suﬁicientes
2763 3126 2944 3193 simus,
2992 3129 3184 3198 inquit,
3234 3132 3461 3200 cogitare
3512 3132 3719 3202 aliquid
3757 3153 3787 3189 a

2216 3213 2383 3278 nobis,
2425 3215 2576 3284 quasi
2612 3232 2677 3269 ea:
2715 3218 2880 3281 nobis,
2912 3219 3006 3273 sed
3030 3220 3348 3289 sufﬁcientia
3377 3233 3557 3277 nostra
3584 3229 3660 3279 ετ
3681 3225 3783 3279 Deo

2212 3312 2285 3356 est
2314 3301 2399 3373 (ΙΙ
2427 3300 2549 3357 Cor.
2582 3305 2686 3375 ut).
2719 3306 2833 3361 Hoc
2865 3315 2970 3372 est,
2998 3310 3141 3377 quod
3178 3310 3246 3364 ad
3280 3310 3630 3366 sanctitatem
3665 3313 3787 3367 reli-

2211 3382 2386 3464 gionis
2423 3394 2711 3462 pertineat,
2754 3411 2853 3451 nos
2888 3398 3103 3465 quidem
3141 3400 3275 3454 nihil
3306 3400 3609 3457 sufﬁcimus
3649 3404 3782 3474 cogi-

2213 3491 2359 3549 tare;
2406 3485 2500 3538 sed
2541 3494 2600 3538 ut
2642 3485 2989 3553 sufﬁciamus,
3033 3489 3178 3559 ipsas
3210 3505 3240 3543 a
3275 3489 3390 3546 Deo
3429 3493 3783 3562 cogitationes

2208 3574 2379 3630 bonas
2428 3577 2740 3646 accipimus.
2787 3576 2919 3632 Item
2956 3579 3025 3634 de
3060 3580 3216 3635 initio
3251 3581 3414 3635 ﬁdei:
3443 3580 3549 3636 Sed
3583 3584 3784 3638 miseri-

2208 3664 2442 3718 cordiam
2476 3678 2781 3722 consecutus
2806 3684 2944 3735 sum,
2976 3669 3072 3735 ait,
3103 3679 3161 3722 ut
3189 3670 3361 3739 ﬁdelis
3387 3688 3551 3724 essem
3582 3672 3636 3743 (l
3661 3673 3779 3726 Cor.

2204 3754 2325 3823 vn).
2360 3756 2475 3810 Non
2521 3759 2662 3811 enim
2706 3759 2806 3824 ait,
2844 3760 2971 3830 quia
3018 3758 3190 3837 ﬁdelis
3233 3758 3308 3813 fui
3351 3761 3780 3817 misericordiam

2203 3856 2528 3901 consecutus
2558 3864 2700 3915 sum,
2734 3851 2828 3905 sed
2856 3850 3284 3906 misericordiam
3310 3861 3635 3907 consecutus
3661 3868 3778 3908 sum

2202 3942 2262 3988 ut
2289 3935 2460 3991 ﬁdelis
2486 3954 2679 3993 essein.
2711 3941 2785 3995 De
2824 3941 3155 4011 perfectione
3184 3949 3365 3994 autem
3394 3940 3520 3995 fidei
3551 3959 3564 3994 :
3593 3940 3776 3996 Gratia

2200 4027 2332 4081 salvi
2356 4029 2484 4098 [neti
2514 4032 2637 4083 estis
2674 4048 2767 4100 per
2789 4033 2968 4101 ﬁdem,
2999 4042 3046 4086 et
3092 4033 3188 4085 hoc
3228 4047 3331 4086 non
3372 4041 3448 4086 est
3487 4034 3650 4097 vobis,
3682 4032 3775 4086 Dei

2198 4116 2337 4169 enim
2374 4116 2569 4169 donum
2612 4129 2687 4170 est
2730 4118 2946 4188 (Ep/tes.
2991 4119 3074 4191 ii).
3125 4120 3364 4188 Itemque
3408 4133 3518 4173 non
3565 4120 3634 4176 de
3678 4119 3777 4172 ﬁde

2199 4205 2391 4269 solum,
2421 4208 2512 4261 sed
2535 4207 2601 4261 de
2628 4207 2743 4275 ipsa
2774 4208 2914 4262 bona
2943 4208 3218 4261 voluntate
3246 4225 3259 4261 :
3286 4208 3428 4262 Deus
3454 4209 3766 4279 est,'inquit,

2196 4298 2285 4366 qui
2317 4306 2564 4365 operatur
2592 4298 2645 4350 in
2679 4297 2820 4351 vobis
2848 4308 2895 4350 et
2930 4296 3055 4351 velle
3085 4307 3134 4350 et
3161 4297 3409 4367 perﬁcere
3440 4297 3662 4368 (Philip.
3688 4299 3763 4367 tl).

2197 4386 2351 4454 Quod
2372 4401 2502 4441 vero
2529 4387 2582 4440 in
2607 4387 2759 4441 bonis
2783 4388 2995 4442 actibus
3029 4387 3424 4457 perseverantia
3468 4388 3562 4441 Dei
3613 4388 3760 4459 221

2195 4477 2393 4531 donum
2424 4491 2487 4530 ac
2515 4490 2612 4545 per
2640 4476 2741 4531 hoc
2761 4477 2930 4545 gratia
2957 4477 3052 4531 Dei
3080 4478 3171 4541 sit,
3200 4476 3357 4531 facile
3378 4477 3469 4532 illo
3487 4482 3624 4533 satis
3656 4485 3760 4533 ido-

2193 4582 2297 4622 neo
2329 4567 2634 4622 testimonio
2669 4568 3051 4635 comprobatur
3074 4565 3427 4634 :Conﬁdintus
3463 4569 3520 4621 in
3543 4568 3760 4622 Domino

510 4651 789 4718 bonitatis,
820 4655 1051 4724 gratiam
1082 4658 1329 4726 rependit
1355 4658 1526 4714 beata:
1552 4662 1942 4720 retributionis.
1971 4666 2089 4722 Non
2190 4657 2339 4722 J98":
2377 4659 2501 4727 qui“
2539 4658 2629 4726 (Ιαί
2673 4660 2820 4726 "(BPil
2862 4659 2916 4709 θη
2945 4656 3085 4709 "ab"
3123 4674 3251 4725 θυαε
3290 4658 3503 4723 bunum»
3541 4661 3758 4729 Per/5‘5“

514 4740 715 4796 habere
748 4742 1020 4798 hominem
1069 4745 1122 4799 in
1166 4744 1307 4802 bono
1338 4746 1565 4804 liberum
1604 4752 1886 4807 arbitrium
1925 4746 2121 4809 etiam.

506 4831 775 4889 Jeremias
798 4837 1064 4904 propheta
1105 4853 1213 4893 non
1252 4840 1504 4899 dubitans
1534 4860 1547 4896 :
1575 4843 1723 4911 Scio,
1754 4846 1948 4915 inquit,
1982 4847 2089 4902 Do-

583 4960 1128 5045 ‘O‘Selil‘elor2ﬂ218ﬂ.
1160 4968 1231 5023 F.
1260 4987 1278 5025 ι
1308 4970 1534 5045 Paulus.
1569 4974 1661 5031 Sic
1686 4975 1745 5029 in
1770 4977 1995 5045 epistola
2020 4979 2083 5034 41

504 5031 666 5095 dixit,
701 5042 747 5085 et
765 5035 928 5132 ‘guod
970 5049 1288 5094 secretorum
1329 5042 1612 5098 caelestium
1661 5031 1897 5101 consc'ius
1924 5031 2091 5103 docet

517 5099 716 5132 ΒΜΔ...
815 5104 898 5132 ςιιη
926 5106 1059 5132 :..r_..
1093 5108 1156 5132 ..Α
1185 5124 1287 5132 --_
1336 5111 1442 5132 nan
1467 5113 1525 5132 ιη

509 5099 735 5210 Pabulus.
765 5099 898 5159 Vide
925 5106 1064 5162 infra
1092 5108 1159 5189 ad
1185 5124 1307 5182 pag.
1336 5111 1442 5165 220
1824 5099 1827 5100 ν
1877 5099 1889 5101 -
1931 5186 1943 5199 .

560 5239 574 5255 ι
612 5169 1130 5255 “Condeleclprlegt.
1172 5178 1325 5255 Hune
1355 5180 1504 5235 Paui
1546 5182 1818 5255 locumiex
1847 5185 2085 5255 Epistula

504 5239 580 5330 ad
612 5239 885 5330 Romanos
928 5239 1209 5330 integrum
1233 5248 1430 5330 refert,
1446 5259 1501 5305 et
1536 5267 1603 5306 ex
1635 5254 1831 5330 senilem
1866 5239 2082 5325 quidem

507 5319 971 5435 intergretatione,
998 5319 1051 5397 in
1078 5319 1301 5440 eﬁiswla
1329 5319 1452 5380 128.
1477 5335 1597 5391 pag.
1626 5321 1749 5403 18_8.
1881 5319 1900 5325 ’

507 5449 519 5460 _
567 5388 775 5468 __tne
802 5400 883 5468 me
912 5386 1062 5468 nihil.
1091 5455 1104 5468 _
1148 5404 1257 5468 unc
1306 5391 1489 5468 locum
1519 5390 1743 5468 Jgannis
1778 5396 2078 5468 exkeadem

506 5454 1271 5549 §.'.'.‘.‘:r.?.79:2§°9?_'istatin-
1291 5457 1643 5549 minus}?
1671 5463 1910 5549 Pili-.63;
1942 5468 2077 5549 at"

501 5520 724 5588 cp'stola
746 5522 861 5585 128,
880 5540 1001 5595 pag.
1018 5526 1137 5587 187.
1155 5526 1274 5579 etin
1290 5520 1650 5594 collectanea,
1809 5520 1936 5599 762,
1951 5534 2073 5590 270.

574 5589 597 5627 ά
634 5590 803 5654 Quam
852 5596 1091 5648 amentis.
1136 5595 1320 5665 Lupus
1344 5597 1502 5665 epist.
1534 5600 1623 5666 50,
1649 5618 1767 5673 pag.
1799 5604 1867 5659 58
1899 5622 1911 5657 :
1943 5625 1960 5655 ι
1993 5604 2076 5659 Si-

2193 4763 2355 4818 usque
2381 4748 2433 4798 in
2460 4746 2595 4799 diem
2616 4747 2806 4800 Christi
2827 4746 2952 4800 Jesn
2979 4744 3232 4817 (Philipp.
3257 4752 3319 4817 ι).
3345 4745 3459 4802 Hoc
3479 4756 3592 4812 est,
3608 4747 3755 4809 Deus,

2175 4836 2285 4906 qui
2314 4836 2500 4905 coepit
2545 4837 2601 4891 in
2647 4838 2795 4892 vobis
2840 4851 3000 4905 agere
3049 4830 3192 4905 quod
3234 4838 3530 4930 pnncepit,
3588 4838 3758 4892 taudiu

2194 4964 2412 5044 quidem
2451 4962 2658 5045 futuras
2688 4981 2883 5047 carum
2930 4982 3111 5021 rerum
3156 4967 3415 5047 imagines
3452 4967 3756 5047 aliquantis

2195 5035 2390 5114 tuentis
2438 5036 2734 5115 acrimonia
2788 5035 3399 5117 posse.appreliendere
3452 5035 3573 5117 quae
3611 5038 3756 5117 illius

2196 5104 2327 5176 tanti
2359 5107 2597 5159 auctoris
2622 5104 2896 5176 ingenium
2938 5104 3045 5159 sint
3069 5104 3438 5174 transgressae
3468 5104 3515 5161 si
3542 5109 3623 5161 vel
3654 5107 3754 5176 opi-

2190 5175 2309 5228 nari
2338 5188 2637 5243 possemus,
2660 5185 2805 5229 esset
2829 5175 2882 5228 id
2908 5186 3165 5229 extremae
3193 5178 3496 5230 dementia).
3532 5195 3550 5226 ι

2266 5253 2289 5314 9
2328 5242 2447 5297 tino
2493 5242 2586 5313 per
2627 5261 2746 5297 eum
2797 5242 3022 5312 Spiritus
3066 5244 3185 5297 Dei.
3224 5244 3405 5314 Lupus
3448 5250 3607 5314 epist.
3646 5243 3750 5297 64:

2196 5333 2215 5366 ι
2253 5312 2556 5368 Secundum
2591 5316 2839 5366 eumdem
2868 5314 3201 5383 Aposmluni,
3239 5312 3447 5384 in'quo
3482 5312 3752 5369 evidenter

2190 5385 2296 5461 Dei.
2326 5384 3213 5461 Spiritus.luqu_ebattir,_evacuate
3235 5399 3355 5452 qua:
3386 5385 3616 5461 fuerunt
3642 5397 3749 5461 par-

2188 5454 2320 5508 vuli.
2359 5472 2376 5503 I
2410 5453 2539 5507 lteui
2573 5452 2875 5524 inepistola
2899 5453 2966 5506 9-5
2994 5471 3007 5505 :
3046 5472 3065 5504 ι
3095 5458 3328 5509 Sanctus
3370 5456 3671 5524 Apostolus,
3700 5455 3746 5505 in

2187 5539 2295 5595 quo
2322 5523 2598 5576 eVi_tt':tllet'
2628 5522 2719 5577 Dei
2744 5522 2978 5595 Spiritus
3007 5525 3345 5594 loquebatur.
3378 5545 3396 5578 ι

567 5703 643 5762 (tt)
668 5703 758 5755 llic
783 5715 828 5755 et
859 5707 906 5755 in
932 5707 1251 5766 sequentibus
1274 5716 1526 5764 revocatur
1550 5711 1727 5769 Lector
1750 5716 1807 5767 ad
1833 5730 2060 5770 numeros
2084 5719 2342 5771 crassiores
2365 5714 2523 5766 textui
2550 5713 2775 5765 insertos.
2801 5710 2932 5762 Εοιτ.
