4034 6298
236 337 333 392 635

1277 331 1403 386 LIB.
1444 333 1532 388 DE
1569 331 1818 390 TBIBUS
1855 332 2403 400 QUAESTIONIBUS.

3355 337 3459 396 63L

228 451 528 523 operabitur
558 464 838 519 quousque
879 447 1265 503 excedentibus
1293 448 1400 501 vita
1435 448 1660 517 singulis
1689 445 1785 501 ad-
1810 452 1861 510 Α
1887 447 2100 504 brosius
2127 459 2307 506 autem
2336 451 2599 518 scribens,
2631 466 2737 506 non
2772 460 2856 507 est
2893 453 2946 507 in
2982 442 3161 507 nostra
3190 462 3459 525 potestate

226 542 439 599 veniens
478 541 700 610 incipiat
736 540 959 594 reddere
1001 539 1143 608 quod
1185 539 1449 608 promisit’.
1482 538 1576 592 His
1614 537 1787 592 omni—

224 633 322 689 bus
346 630 623 686 erudimur
652 645 719 684 ne
749 645 896 698 spem
921 629 974 683 in
1005 629 1162 683 nobis
1187 629 1510 684 collocemus
1538 628 1789 698 opinione

224 721 433 791 gravius
458 719 860 788 delinquentes;
901 718 995 773 sed
1026 726 1223 772 statum
1263 726 1508 773 nostrum
1545 718 1790 772 munien-

224 819 322 874 tes,
353 808 519 863 totius
562 817 761 862 nostra:
806 807 920 877 spei
967 806 1353 877 plenitudinem
1399 805 1787 861 transferamus

225 902 277 957 in
304 900 471 964 illum,
500 900 591 969 qui
633 908 918 969 propterea
962 914 1063 954 nos
1101 899 1167 953 ad
1198 914 1256 953 se
1284 906 1444 954 vocat
1483 907 1543 953 ut
1580 897 1783 962 fulciat,

222 992 420 1047 idcirco
441 991 723 1060 profutura
756 1005 854 1045 nos
882 1001 1069 1060 petere
1099 989 1296 1044 invitat
1328 999 1388 1043 ut
1417 989 1633 1053 tribuat,
1663 988 1785 1043 ideo

220 1097 286 1138 ne
330 1083 481 1137 nobis
527 1082 863 1137 confidamus
908 1091 1102 1144 terret,
1154 1096 1223 1136 ue
1269 1081 1501 1136 deserat.
1541 1078 1784 1149 Namque

184 1176 531 1231 .maledictus
577 1178 738 1231 homo
779 1185 864 1231 est
909 1176 1000 1244 qui
1053 1190 1201 1245 spem
1253 1175 1404 1245 ponit
1441 1175 1493 1228 in
1544 1173 1780 1228 homine.

220 1268 316 1336 Qui
354 1277 533 1322 autem
576 1283 693 1321 eam
739 1268 791 1321 in
837 1267 1014 1335 seipso
1052 1266 1223 1335 ponit,
1260 1267 1313 1320 in
1352 1265 1568 1320 homine
1608 1264 1778 1334 ponit.

216 1356 526 1411 Haledictus
576 1356 737 1426 igitur
783 1367 888 1410 est.
934 1354 1077 1409 Sane
1123 1355 1216 1409 Dei
1267 1353 1480 1409 bonitas
1524 1352 1780 1424 praeclare

214 1445 636 1509 commendatur,
683 1460 805 1499 cum
858 1444 1175 1499 benedictus
1224 1458 1345 1497 esse
1397 1443 1481 1495 vir
1520 1443 1781 1497 asseritur

212 1534 298 1604 qui
328 1533 551 1589 conlidit
574 1534 626 1587 in
659 1532 905 1596 Domino,
941 1540 999 1588 et
1025 1531 1171 1586 solus
1210 1528 1479 1585 interdum
1509 1529 1782 1585 conﬁden-

210 1627 277 1680 tis
304 1624 527 1679 affectus
558 1623 835 1693 praemium
867 1618 980 1689 jam
1015 1619 1405 1675 benedictionis
1448 1620 1776 1688 assequitur.

1888 557 1983 596 cor
2006 552 2249 597 nostrum
2273 553 2327 598 et
2354 553 2552 600 nostra:
2575 545 2950 614 cogitationes,
2975 545 3138 599 etiam
3168 545 3281 615 ipsa
3315 544 3456 602 facta

1887 641 1943 687 et
1975 633 2116 688 dicta
2154 634 2594 703 comprehendit,
2639 650 2760 704 qua:
2803 633 3049 705 profecto
3091 652 3160 690 ex
3201 636 3364 690 corde
3402 647 3458 692 et

1888 724 2209 795 cogitatione
2245 727 2558 794 procedunt.
2597 726 2954 798 Hieronymus
2989 728 3169 783 divina
3212 737 3267 782 et
3304 728 3334 768 ιι
3372 744 3457 783 se-

1885 815 2054 870 culari
2090 817 2333 871 doctrina
2372 818 2673 887 prmcipuus
2714 826 2769 872 et
2810 818 2957 872 velut
2999 819 3216 888 quidam
3258 834 3457 889 parens

1885 922 2008 962 cum
2035 908 2335 977 Augustino
2372 906 2753 961 ecclesiasticae
2794 905 3169 976 philosophiae,
3198 916 3316 976 Qua:
3353 908 3455 962 hu-

1883 1013 2098 1054 manam
2139 1012 2240 1052 nec
2271 996 2497 1050 multum
2547 997 2770 1066 appetit,
2810 996 3003 1069 nec'in
3044 997 3293 1053 omnibus
3322 1013 3453 1052 con-

1884 1088 2094 1151 temnit,
2122 1086 2463 1157 Pelagianam
2492 1087 2721 1140 haaresin
2762 1100 2948 1140 recens
2984 1095 3227 1140 exortam
3261 1095 3453 1156 poten-

1884 1189 1968 1234 ter
2006 1177 2303 1237 debellans.
2343 1177 2420 1241 Si,
2455 1177 2651 1246 inquit,
2683 1176 2736 1230 in
2782 1190 2847 1230 eo
2893 1184 3099 1231 tantum
3148 1176 3240 1231 Dei
3279 1178 3452 1246 gratia

1880 1276 1984 1331 est,
2009 1266 2149 1335 quod
2190 1267 2422 1338 propria:
2450 1266 2610 1336 223
2642 1281 2739 1320 nos
2777 1266 3019 1320 condidit
3053 1266 3364 1331 voluntatis,
3399 1277 3455 1323 et

1881 1354 2050 1410 libero
2077 1355 2303 1408 arbitrio
2342 1354 2577 1408 contenti
2621 1369 2841 1419 sumus,
2861 1368 2960 1408 nec
2990 1354 3129 1408 ultra
3165 1354 3283 1424 eius
3314 1356 3454 1410 iudi-

1880 1462 2085 1518 gemus,
2119 1462 2188 1500 ne
2215 1446 2259 1499 si
2300 1444 2688 1516 indiguerimus
2721 1444 2948 1498 liberum
2987 1443 3266 1515 frangatur
3310 1444 3455 1499 arbi-

1882 1537 2065 1600 trium,
2092 1534 2220 1606 ei‘go
2268 1549 2441 1604 neque
2474 1533 2616 1587 ultra
2657 1548 2814 1587 orare
2861 1532 3119 1587 debemus
3165 1548 3264 1587 nec
3312 1533 3454 1587 illius

1879 1628 2217 1683 clementiam
2247 1627 2505 1695 precibus
2531 1626 2746 1681 ﬂectere
2774 1634 2834 1680 ut
2861 1625 3186 1695 accipiamus
3211 1625 3453 1697 quotidie

206 1719 400 1771 Amant
421 1725 603 1770 autem
629 1715 890 1769 immundi
917 1713 1138 1783 spiritus
1157 1710 1453 1782 decipiendi
1477 1720 1596 1765 astu
1627 1726 1775 1780 spem
1810 1783 1845 1787 _
1880 1717 2022 1787 quod
2056 1715 2220 1771 seutel
2244 1724 2522 1783 acceptum
2550 1715 2602 1768 in
2633 1722 2815 1769 nostra
2843 1724 2927 1768 est
2949 1722 3231 1784 potestate.

207 1808 482 1864 hominum
519 1807 570 1861 in
603 1821 662 1861 se
697 1803 1011 1870 transferre,
1044 1804 1188 1873 quod
1226 1802 1279 1857 in
1330 1803 1443 1858 suis
1479 1802 1779 1858 cultoribus
1807 1783 1858 1845 Β
1896 1783 1912 1787 ⁷
1950 1808 2079 1861 item
2104 1816 2233 1876 post
2254 1806 2527 1875 aliquanta
2562 1821 2577 1859 :
2614 1806 2853 1875 Agamus
2880 1783 3093 1874 semper
3120 1806 3320 1875 gratias
3346 1805 3454 1859 lar-

205 1898 517 1963 ell‘ecerunt,
542 1897 624 1952 vel
650 1912 717 1951 ex
759 1899 992 1966 quodam
1027 1894 1258 1949 colludio
1297 1892 1461 1948 falsas
1498 1894 1778 1964 opiniones

204 1988 474 2043 tuentibus
531 1978 717 2042 ebrium
766 1987 1041 2049 inserere,
1090 1984 1245 2054 Quasi
1298 1991 1516 2053 propter
1571 1990 1776 2037 natu-rte

202 2078 515 2148 dignitatem
549 2086 710 2146 atque
740 2074 1109 2145 praestantiam
1145 2073 1474 2127 tutissimum
1507 2073 1578 2127 sit
1610 2073 1691 2127 eis
1719 2072 1774 2126 in

199 2182 256 2221 se
302 2167 432 2236 ipsis
475 2181 623 2235 Spem
676 2165 1017 2233 aliquatenus
1056 2161 1340 2218 collocare.
1379 2162 1532 2229 Quod
1574 2170 1660 2217 est
1703 2176 1772 2216 ex

199 2271 381 2312 eorum
423 2255 642 2324 scriptis
684 2254 967 2309 ostendere
1006 2253 1099 2323 qui
1141 2253 1333 2307 divina:
1374 2253 1547 2317 vacui,
1578 2252 1772 2307 notitia

198 2348 480 2402 mundanae
531 2347 807 2415 sapientiae
852 2345 1186 2401 claruerunt.
1233 2344 1439 2400 Tullius
1481 2343 1640 2410 facit,
1664 2360 1772 2400 non

199 2436 416 2491 Laelium
454 2436 535 2490 vel
565 2435 892 2506 Scipionem,
932 2450 1051 2504 quae
1085 2441 1267 2503 posset
1298 2449 1419 2489 esse
1458 2433 1643 2497 dubia,
1675 2433 1773 2490 sed

197 2525 263 2579 Μ.
290 2526 550 2581 Catonem
594 2541 777 2580 senem
821 2534 966 2579 certa
984 2564 1006 2590 ,
1032 2524 1135 2578 hoc
1168 2535 1252 2578 est
1279 2538 1401 2588 sua,
1428 2524 1607 2579 dicere
1648 2512 1772 2579 sen-

199 2616 387 2669 tentia.
421 2634 442 2666 t
473 2614 678 2681 Quibus
707 2615 843 2677 nihil
862 2623 945 2669 est
974 2615 1029 2669 in
1062 2615 1201 2684 ipsis
1219 2615 1337 2685 opis
1373 2615 1440 2669 ad
1468 2616 1606 2671 bene
1643 2616 1770 2670 bea-

199 2716 352 2772 teque
382 2705 694 2769 vivendum,
725 2704 807 2758 bis
835 2705 1011 2759 omnis
1036 2712 1171 2759 tetas
1200 2705 1380 2773 gravis
1408 2713 1511 2760 est.
1543 2705 1642 2772 Qui
1672 2720 1769 2767 au-

198 2802 299 2847 tem
343 2794 528 2848 'omnia
566 2793 711 2848 bona
759 2810 789 2847 a
830 2794 1026 2863 seipsis
1055 2802 1263 2864 petunt,
1291 2794 1378 2849 his
1408 2796 1538 2849 nihil
1567 2795 1768 2850 malum

194 2890 368 2950 petest
394 2882 558 2951 222
587 2883 755 2937 videri
777 2883 920 2953 quod
948 2892 1152 2937 naturae
1176 2885 1471 2940 necessitas
1496 2884 1703 2940 aderat.
1741 2905 1761 2938 ι

196 2971 382 3027 Omnia
414 2972 554 3027 bona
580 2987 611 3025 a
635 2988 762 3027 vero
787 2974 898 3028 Deo
920 2988 1026 3027 non
1052 2988 1081 3027 a
1104 2989 1162 3028 se
1191 2975 1321 3044 ipsis
1346 2984 1558 3045 petunt,
1589 2977 1766 3033 Marce

195 3064 351 3132 Tulli,
390 3065 640 3131 dixisses,
673 3072 728 3120 et
765 3064 919 3119 nobis
958 3078 1062 3118 non
1102 3073 1210 3118 tam
1253 3066 1535 3135 splendore
1570 3069 1764 3122 verbo-

1878 1895 2060 1969 gitori,
2092 1896 2435 1964 sciamusque
2465 1908 2566 1948 nos
2597 1893 2730 1947 nihil
2775 1908 2894 1948 esse
2936 1893 3037 1948 nisi
3069 1894 3212 1962 quod
3234 1892 3456 1947 donavit

1879 1986 1934 2040 in
1966 1986 2121 2040 nobis
2148 1985 2261 2053 ipse
2291 1984 2603 2038 servaverit.
2635 1983 2766 2037 ltem
2806 1982 2932 2036 alibi
2958 1983 3010 2037 in
3036 1983 3455 2037 Deuteronomio

1875 2074 2158 2145 perspicue
2191 2074 2593 2128 demonstratur
2624 2086 2729 2125 non
2759 2071 3013 2140 operibus
3041 2071 3244 2125 nostris
3292 2080 3454 2140 atque

1869 2160 2103 2230 justitia,
2154 2161 2248 2216 sed
2286 2160 2381 2215 Dei
2411 2175 2510 2215 nos
2546 2160 2917 2215 misericordia
2956 2161 3285 2216 conservari.
3329 2161 3453 2215 Non

1866 2255 2081 2325 justitia
2133 2262 2226 2306 tua
2271 2251 2528 2306 Dominus
2586 2252 2729 2305 Deus
2776 2262 2896 2305 tuus
2948 2252 3093 2306 dabit
3134 2252 3227 2306 tibi
3257 2262 3451 2306 terram

1876 2347 2124 2415 optimam
2152 2352 2207 2396 ut
2243 2343 2508 2412 possideas
2552 2359 2666 2396 eam
2692 2381 2708 2407 ,
2759 2343 2881 2412 quia
2907 2341 3129 2412 populus
3159 2344 3306 2397 dura:
3336 2359 3451 2396 cer-
3544 2350 3557 2358 '

1873 2435 1998 2488 vicis
2052 2449 2106 2486 es
2150 2443 2206 2485 tu
2247 2432 2433 2501 (Deut.
2494 2448 2548 2486 Ix
2568 2432 2609 2502 ).
2649 2432 2780 2507 Item
2824 2442 2947 2501 post
2992 2433 3307 2501 aliquanta:
3343 2430 3455 2485 Pro

1876 2526 2037 2580 nihilo
2088 2526 2259 2581 salvos
2305 2527 2468 2594 {acies
2513 2543 2599 2580 eos
2631 2525 2803 2589 (Psal.
2838 2526 2961 2596 LV),
2994 2536 3016 2564 ο
3049 2526 3192 2580 haud
3231 2522 3449 2580 dubium

1873 2616 2223 2688 quinjustos,
2255 2618 2379 2687 quia
2414 2632 2517 2672 non
2561 2617 2780 2686 proprio
2828 2617 3053 2682 merito,
3093 2618 3188 2672 sed
3220 2616 3312 2671 Dei
3342 2615 3452 2671 sal-

1872 2715 2067 2760 vantur
2117 2706 2422 2761 clementia.
2476 2705 2607 2760 Item
2662 2704 2787 2759 alibi
2839 2706 2891 2759 in
2943 2706 3273 2773 expositione
3321 2719 3446 2757 seu-

1874 2797 2094 2851 tentiae:
2132 2796 2256 2850 Non
2302 2796 2555 2865 glorietur
2590 2796 2797 2865 sapiens
2826 2795 2882 2849 in
2926 2796 3184 2865 sapientia
3213 2811 3309 2848 sua
3334 2834 3350 2858 ,
3398 2805 3446 2847 et

1873 2902 1978 2940 non
2004 2885 2257 2956 glorietur
2282 2884 2433 2954 fortis
2464 2886 2517 2938 in
2546 2884 2855 2954 fortitudine
2887 2878 2982 2938 sua
3007 2924 3022 2950 ,
3055 2894 3101 2937 et
3133 2901 3234 2937 non
3258 2882 3450 2952 glorie-

1872 2987 1960 3030 tur
2000 2976 2140 3030 dives
2169 2977 2223 3030 in
2254 2976 2449 3030 divitiis
2496 2976 2645 3039 suis,
2699 2976 2789 3029 sed
2836 2976 2890 3028 in
2941 2976 3038 3028 hoc
3080 2973 3331 3043 glorietur
3357 2974 3449 3043 qui

1871 3065 2158 3135 gloriatur,
2197 3065 2331 3118 scire
2363 3074 2411 3118 et
2454 3064 2740 3133 intelligere
2783 3073 2830 3117 et
2885 3079 3032 3116 nosse
3060 3078 3163 3122 me,
3193 3062 3315 3132 quia
3353 3078 3445 3130 ego

193 3171 307 3210 rum
352 3172 517 3227 quam
562 3156 844 3211 sententiae
890 3154 1117 3210 veritate
1158 3154 1471 3222 placuisses.
1507 3153 1762 3225 Virgilius
1790 3125 1838 3189 θ
1866 3125 1982 3216 sum
2007 3159 2263 3214 Dominus
2286 3200 2302 3223 ,
2332 3160 2422 3229 qui
2448 3159 2586 3227 facio
2611 3156 3025 3210 misericordiam
3052 3165 3098 3209 et
3114 3155 3376 3225 judicium
3397 3163 3445 3207 et

193 3249 378 3312 etiam,
405 3256 466 3302 ut
497 3248 766 3302 hominem
796 3246 977 3302 decuit
999 3246 1207 3317 poetica
1238 3246 1494 3318 ﬁgmenta
1522 3255 1759 3301 tractan-
1853 3252 2124 3322 justitiam
2154 3252 2211 3304 in
2237 3260 2376 3304 terra
2406 3248 2539 3319 (Jer.
2565 3247 2664 3314 rx).
2699 3247 2799 3302 Ubi
2828 3256 2974 3308 sunt,
3004 3247 3206 3315 inquit,
3231 3246 3323 3315 qui
3365 3246 3445 3299 di-

193 3346 317 3402 tem,
348 3336 494 3389 aliud
532 3351 697 3406 ageus
729 3337 831 3390 tale
868 3333 995 3405 quid
1033 3336 1354 3404 signiﬁcavit
1385 3337 1565 3407 potius
1600 3352 1761 3407 quam

192 3428 479 3496 expressit,
509 3426 639 3496 Spes
664 3427 762 3481 sibi
795 3428 1029 3498 quisque.
1054 3427 1098 3482 Ο
1132 3427 1335 3482 utinam
1378 3428 1618 3491 dixisset,
1650 3428 1764 3482 cui-

189 3534 291 3588 que
323 3519 471 3573 Deus
509 3533 668 3573 verus
712 3533 851 3588 spes,
893 3526 948 3571 et
986 3516 1321 3583 credidisset,
1353 3533 1451 3572 nec
1476 3517 1541 3571 de
1567 3516 1757 3571 Maece-

191 3617 313 3661 nate
332 3608 622 3672 adulando,
653 3608 747 3662 sed
777 3608 841 3663 de
872 3608 1060 3661 eodem
1083 3622 1211 3661 vero
1236 3616 1292 3661 et
1318 3594 1433 3662 solo
1463 3608 1572 3662 Deo
1594 3607 1761 3677 probe

189 3715 504 3769 summeque
551 3699 795 3753 canendo
842 3698 1150 3769 protulisset
1185 3717 1198 3752 :
1242 3697 1312 3753 Te
1348 3702 1458 3754 sine
1494 3699 1569 3754 nil
1595 3700 1756 3753 altum

189 3805 327 3842 mens
356 3790 588 3842 inchoat.
621 3788 801 3844 Nostri
843 3800 1024 3843 autem
1064 3797 1334 3854 auctores,
1366 3788 1521 3843 facile
1550 3790 1755 3859 sapien-

190 3879 257 3931 tia
287 3880 620 3948 superiores,
660 3879 784 3948 quia
830 3880 1007 3934 divina
1049 3879 1352 3949 eloquentia
1387 3895 1568 3950 pares,
1595 3896 1756 3950 quam

187 3984 304 4022 cum
346 3969 534 4022 volunt
576 3978 819 4030 exerunt,
859 3984 982 4023 cum
1034 3970 1221 4023 volunt
1257 3970 1611 4033 abscondunt,
1654 3969 1759 4041 Cy-

188 4059 431 4127 prianum
464 4057 674 4127 loquor,
698 4057 1081 4128 Augustinum,
1103 4056 1508 4129 Hieronymum,
1534 4059 1758 4112 Ambro-

189 4149 322 4201 sium
367 4157 421 4203 et
470 4149 730 4222 quosdam
761 4147 915 4212 alios,
948 4155 1005 4202 et
1038 4155 1271 4201 mentem
1313 4148 1613 4203 divinorum
1648 4149 1759 4203 elo-

188 4237 432 4305 quiorum
462 4238 677 4307 penitus
712 4237 1075 4306 inspexerunt,
1098 4244 1155 4291 et
1176 4237 1330 4291 nobis
1350 4237 1638 4293 salubriter
1657 4253 1754 4293 ex-

187 4335 519 4392 presserunt.
546 4327 767 4382 Scilicet
801 4341 960 4397 egere
987 4341 1086 4380 nos
1127 4328 1179 4380 in
1214 4328 1411 4381 bonum
1440 4330 1664 4384 arbitrio
1685 4330 1753 4384 li-

185 4414 439 4480 berando,
466 4428 520 4471 et
540 4418 634 4471 Dei
654 4417 883 4487 gratiam
909 4431 1016 4471 non
1037 4418 1328 4472 secundum
1352 4419 1541 4473 merita
1570 4429 1751 4475 nostra

189 4504 317 4559 dari.
357 4505 547 4576 Itaque
587 4518 615 4547 ι
656 4505 1073 4576 gloriosissimus
1119 4515 1325 4578 martyr
1364 4507 1664 4579 Cyprianus
1701 4519 1757 4565 et

188 4593 369 4648 doctor
397 4595 750 4650 suavissimus
786 4594 967 4649 omnia
1001 4596 1204 4649 nostris
1243 4596 1444 4650 viribus
1485 4598 1751 4666 adimens,

188 4680 293 4737 Deo
324 4683 630 4754 assignans,
658 4683 974 4737 brevissime
1002 4685 1180 4738 omnia
1210 4698 1407 4753 genera
1435 4688 1752 4742 meritorum

188 4773 512 4840 complexus,
536 4774 612 4827 ait
640 4774 692 4827 in
720 4773 866 4827 nullo
892 4772 1250 4841 gloriandum,
1272 4774 1487 4842 quando
1507 4784 1751 4832 nostrum

187 4860 312 4914 nihil
337 4862 410 4916 sit
430 4862 636 4932 (Cypra,
666 4861 757 4915 lib.
786 4877 846 4916 ιιι
882 4860 1093 4916 Testim.
1111 4862 1179 4915 ad
1204 4844 1598 4935 Quirini,c.t).
1623 4865 1753 4920 Am-

252 5006 279 5034 ι
314 4994 612 5068 Gloriosiss.
670 5004 869 5065 martyr
908 4993 1067 5068 Cgpr.
1092 4996 1297 5068 _Lupus
1322 4994 1596 5068 _ep_ist._5,
1639 4998 1753 5068 glo-

186 5064 348 5134 riosus
400 5066 635 5119 videlicet
704 5064 906 5133 martyr
945 5064 1258 5134 Cyprianus.
1303 5064 1561 5134 Epistola
1614 5064 1750 5134 1'28,

188 5131 404 5215 Sanctus
434 5134 749 5205 Cyprianus,
782 5131 1003 5202 marter
1022 5131 1449 5215 gloriosissimus,
1479 5144 1527 5188 et
1569 5131 1752 5191 doctor

186 5205 534 5257 suavissimus.
1290 5205 1309 5224 '

254 5270 281 5343 Ρ
319 5271 575 5343 Singulari
608 5272 864 5343 doctrina.
902 5271 963 5343 _ld
1002 5279 1102 5336 est,
1133 5272 1375 5328 szeculari
1420 5272 1745 5343 litteratura,

186 5338 264 5393 vel
296 5342 615 5413 eruditione,
649 5353 710 5397 ut
738 5342 873 5413 dixit
901 5341 1083 5413 Lupus
1109 5342 1161 5396 in
1180 5344 1345 5413 epist.
1374 5342 1444 5397 50
1471 5351 1527 5397 et
1548 5345 1636 5400 68.

256 5420 277 5448 ε
310 5409 469 5463 "and
508 5412 722 5465 dubiant
766 5412 892 5481 quin
928 5411 1121 5481 justas.
1176 5409 1623 5468 Familiarissitua
1661 5423 1746 5469 est

191 5478 393 5553 phrasis
434 5478 805 5553 isthzechupo
830 5478 1035 5553 nost_ro.
1074 5480 1131 5553 lu
1172 5482 1394 5552 epistola
1443 5484 1641 5553 quippe
1666 5484 1738 5549 4,

192 5546 606 5620 ΙξιιΑιιΙειηεῇμοριιιη
642 5546 801 5604 istum
827 5565 893 5605 ex
928 5550 1162 5620 Epistola
1199 5546 1431 5605 secunda
1460 5546 1743 5607 ad'CoriuL

193 5615 324 5690 tltios
350 5637 363 5670 :
400 5618 633 5673 Tristitia
659 5620 838 5676 swcnli
862 5615 1075 5673 mortem
1103 5633 1366 5690 operatur.
1401 5621 1568 5685 addit,
1597 5623 1739 5677 haud

193 5687 396 5742 dubium
429 5690 552 5759 quin
573 5690 877 5762 8};it'llttlettt.
922 5690 985 5743 Et
1018 5691 1069 5743 in
1101 5687 1324 5760 epistola
1366 5691 1463 5757 50,
1497 5707 1620 5764 pag.
1647 5692 1737 5760 60,

1783 4471 1835 4532 D

1863 3348 1991 3396 cunt
2028 3338 2256 3408 prbprio
2295 3336 2569 3392 hominem
2625 3336 2737 3405 regi
2798 3335 3061 3398 arbitrio,
3114 3335 3193 3389 sic
3249 3334 3432 3387 datam

1860 3430 2015 3486 liberi
2051 3431 2259 3485 arbitrii
2287 3436 2613 3499 potestatem
2645 3436 2703 3481 ut
2733 3427 2825 3480 Dei
2870 3426 3239 3480 misericordia
3272 3425 3427 3506 tolle-

1860 3530 2011 3578 retur
2038 3530 2198 3592 atque
2218 3521 2464 3590 justitia?
2504 3520 2619 3589 Ipse
2657 3528 2836 3571 autem
2868 3517 3228 3587 Augustinus,
3279 3532 3440 3585 quem

1863 3612 2079 3673 nescias
2107 3619 2286 3665 utrum
2320 3625 2500 3664 rerum
2547 3607 2859 3662 inventione
2894 3607 3064 3675 magis
3105 3621 3172 3658 an
3225 3605 3438 3659 dicendi

1860 3701 2121 3756 felicitate
2171 3700 2389 3754 mireris
2415 3739 2430 3764 ,
2484 3700 2550 3753 de
2595 3697 2767 3752 libero
2808 3696 3033 3749 arbitrio
3061 3703 3116 3749 et
3139 3694 3310 3765 gratia
3345 3695 3439 3748 Dei

1863 3800 2013 3846 tanta
2050 3790 2309 3844 disseruit
2336 3797 2396 3843 ut
2426 3789 2634 3859 possint
2661 3789 2749 3842 vix
2776 3787 2844 3841 ab
2874 3786 3052 3855 aliquo
3076 3785 3177 3856 legi
3207 3825 3222 3851 ,
3257 3786 3435 3839 omnia

1858 3898 2011 3947 vero,
2040 3889 2099 3935 ut
2125 3896 2243 3935 mea
2276 3880 2381 3935 fert
2431 3880 2613 3950 opinio
2637 3920 2652 3945 ,
2699 3878 2733 3918 ἀ
2755 3892 3062 3948 quanquam
3099 3878 3207 3932 sint
3248 3876 3439 3931 claris-

1858 3974 1994 4030 sima
2040 3982 2095 4028 et
2146 3972 2460 4037 utilissima,
2498 3987 2527 4025 a
2564 3956 2779 4025 nemine
2834 3970 3094 4023 memoria
3146 3968 3433 4023 contineri.

1859 4064 1996 4132 Quid
2022 4064 2166 4119 enim
2196 4064 2538 4118 sentiendum
2588 4064 2659 4117 sit
2692 4064 2759 4116 de
2787 4062 2957 4116 libero
2985 4061 3210 4116 arbitrio
3236 4068 3285 4114 et
3315 4076 3438 4131 gra-

1860 4157 1932 4210 tia
1963 4155 2077 4221 Dei,
2109 4156 2249 4211 sicut
2291 4169 2450 4209 nemo
2486 4163 2594 4207 tam
2650 4152 2921 4207 laboriosa
2969 4152 3219 4222 indagine
3268 4151 3433 4205 vcsti-

1857 4246 2021 4317 gavit,
2054 4260 2213 4307 nemo
2246 4254 2305 4298 ut
2335 4244 2424 4299 ille
2472 4244 2655 4297 tandiu
2701 4242 2864 4315 224¹
2904 4244 3171 4306 versavit,
3222 4243 3293 4296 ita
3323 4281 3337 4304 ,
3378 4248 3437 4294 ut

1856 4350 1990 4404 pace
2038 4343 2355 4389 cunctorum
2402 4326 2627 4388 dixerim
2659 4373 2675 4397 ,
2722 4334 2897 4387 nullus
2950 4341 3238 4400 utrumque
3288 4339 3433 4382 tanta

1861 4424 2103 4480 veritatis
2120 4424 2451 4494 proprietate
2480 4421 2907 4487 invenit,nullus
2931 4429 3078 4474 tanta
3108 4417 3429 4486 eloquentia:

1862 4516 2106 4571 ubertate
2132 4515 2383 4577 asseruit,
2422 4513 2598 4567 nullus
2625 4509 3113 4581 inexpugnabilium
3142 4519 3430 4575 argumen-

1857 4612 2034 4660 torum
2077 4605 2229 4675 c0pia
2277 4612 2422 4657 tanta
2470 4601 2728 4657 defendit.
2787 4599 3020 4654 Proinde
3075 4612 3195 4651 cum
3250 4601 3432 4649 essent

1859 4697 1999 4753 illius
2028 4700 2208 4752 omnia
2235 4699 2440 4768 optima
2490 4707 2547 4752 et
2592 4710 2726 4766 pene
2757 4696 3061 4756 innumera,
3092 4693 3427 4745 haesitarem-

1859 4800 1964 4854 que
1990 4785 2117 4854 quid
2143 4786 2481 4855 potissimum
2510 4793 2656 4839 esset
2699 4782 3001 4852 eligendum
3036 4818 3050 4844 ,
3100 4778 3263 4832 statui
3315 4785 3429 4828 stu-

1860 4874 2070 4930 diosum
2100 4874 2167 4928 ad
2195 4874 2410 4929 illorum
2451 4874 2681 4929 invitare
2730 4872 3050 4933 lectionem,
3081 4882 3207 4937 quae
3228 4864 3428 4920 nostris

2972 5001 3104 5054 idem
3118 5004 3424 5061 suam,ctc.,

1856 5004 2213 5058 citanslocum
2233 5004 2378 5059 illum
2397 5004 2691 5073 Augustini,
2707 5003 2883 5064 vitam,

2946 5072 2991 5124 ic
3025 5071 3076 5123 in
3121 5069 3227 5123 line
3267 5067 3424 5120 istius

1858 5074 2023 5143 addit,
2055 5074 2197 5127 haud
2236 5075 2449 5127 dubium
2479 5074 2604 5143 quin
2634 5073 2865 5143 spiritus.

1857 5142 1951 5196 lib.
1964 5136 2100 5212 pag.
2130 5143 2227 5196 241
2260 5136 2686 5212 αἰΐετεηε]οουιὶι
2712 5140 2857 5194 illum
2888 5155 2951 5193 ex
2984 5155 3100 5212 cap.
3130 5153 3225 5212 vui
3251 5136 3422 5212 Epist.

1856 5205 2187 5281 adllofnan.
2229 5210 2621 5281 proprio‘Filio
2656 5226 2759 5281 non
2795 5205 3062 5281 pepercit;
3085 5205 3424 5281 atldi_t,_lmnd

1855 5280 2070 5350 dubium
2100 5276 2411 5350 qnin'De'us.
2437 5279 2537 5350 Sic
2568 5281 2619 5333 in
2654 5280 2772 5333 Vita
2796 5276 2970 5350 sancti
3000 5276 3273 5350 Maximini
3301 5290 3419 5344 cap.

1852 5347 1906 5414 ⁴’
1922 5347 2443 5456 iii.‘.373.:.’.‘.“iﬁ.."
2448 5350 2779 5456 93311331"
2799 5348 3203 5456 ξξῗτῗὶῗέῗξῖῗῗῗρρῖ

1979 5366 1996 5401 3
2040 5389 2052 5402 .
2085 5366 2212 5415 xw,
2240 5366 2381 5414 (caua
2408 5366 2623 5402 auorum
2649 5366 2779 5419 quin
2799 5366 3138 5401 arnxammns.
3198 5376 3203 5382 ι

1979 5366 2763 5489 ἇυαηιιυαηισὶηρσιαήοεὶοηα.
2795 5418 3076 5489 Augustini
3108 5414 3265 5489 verba
3299 5427 3421 5489 esse

1850 5484 2158 5541 clarissima
2182 5488 2390 5542 scribit.
2424 5487 2513 5542 Sic
2540 5489 2590 5541 in
2617 5487 2840 5557 epistula
2883 5488 2973 5550 5t),
3005 5488 3069 5540 de
3094 5484 3383 5557 codetuAu

1849 5560 2062 5625 gustin
2085 5558 2326 5626 loquens,
2351 5559 2423 5611 ait
2452 5577 2465 5610 :
2488 5554 2750 5611 Hactenus
2774 5559 2899 5626 quid
2924 5558 3034 5610 Ita’c
3064 5556 3212 5609 rcrba
3240 5554 3420 5606 altsrn-

1850 5627 2018 5678 ritntis
2061 5630 2267 5694 pariant
2320 5644 2420 5680 non
2472 5628 2636 5681 video.
2689 5627 2890 5697 Quippe
2952 5626 3272 5679 clarissimus
3320 5636 3418 5672 an-

1849 5705 1981 5762 rtor,
2008 5705 2113 5750 etc.
