4034 6298
581 326 687 381 655

1608 309 1669 363 Β.
1708 307 1766 363 S.
1808 304 1964 361 LUPI
2002 300 2294 357 ABBATIS
2334 298 2836 355 FEBRARIENSIS

3723 294 3809 352 636

580 437 927 512 prmcognitis
964 434 1174 490 facilius
1209 430 1409 501 poterit
1437 435 1745 499 penetrare,
1779 440 1940 493 quam
1972 422 2160 491 paucis
2189 422 2235 477 A
2264 417 2406 469 unde
2434 415 2689 469 inﬂentur
2728 413 2970 476 liberati,
3018 413 3143 482 quia
3193 388 3338 482 quod
3387 427 3490 466 non
3533 424 3815 465 meruerant

583 532 796 604 positis,
824 528 1089 585 similibus
1116 523 1491 579 melioribusve
1536 517 1807 572 fraudare.
1858 513 1970 567 Hoc
1998 526 2162 565 unum

587 601 768 676 tamen
801 617 1073 673 occultare
1116 629 1220 667 non
1272 626 1463 681 passus
1491 624 1609 663 sum
1639 605 1779 675 quod
1807 604 1945 657 inter
1968 601 2070 655 alia
2098 601 2164 655 de

587 710 762 764 libero
819 705 1044 761 arbitrio
1088 701 1401 756 acutissime
1453 693 1825 766 deprehendit.
1862 692 2114 746 Liberum
2146 731 2161 755 ,

590 800 766 869 inquit
788 839 803 864 ,
861 795 1141 852 arbitrium
1189 791 1529 862 congenitum
1561 795 1615 842 et
1648 786 1869 841 omnino
1898 781 2165 836 inamissi-

587 892 697 949 bile
734 889 1103 958 si'quaerimus
1131 926 1145 949 ,
1196 883 1325 938 illud
1370 890 1452 937 est
1503 895 1609 950 quo
1647 877 1791 932 beati
1830 890 1950 930 esse
1982 872 2167 926 volunt

591 983 755 1037 etiam
779 979 833 1033 hi
856 977 947 1048 qui
978 992 1040 1031 ea
1062 975 1252 1029 nolunt
1279 987 1401 1043 qua:
1428 971 1494 1025 ad
1522 968 1909 1025 beatitudinem
1940 964 2162 1019 ducunt.

593 1072 705 1128 Nec
736 1071 1035 1127 arbitretur
1061 1065 1259 1136 aliquis
1283 1072 1377 1119 aut
1405 1070 1586 1117 tantos
1609 1061 1756 1114 viros
1778 1065 1869 1111 aut
1893 1070 1994 1111 nos
2028 1055 2168 1108 bona

590 1177 712 1232 qua:
736 1161 878 1214 dono
912 1158 1010 1212 Dei
1058 1154 1445 1223 consequimur
1470 1152 1548 1205 sic
1578 1151 1715 1202 dona
1759 1148 1877 1216 ejus
1920 1156 2165 1197 asserere

590 1231 650 1305 ut
680 1264 786 1304 non
814 1248 926 1303 sint
949 1247 1111 1301 etiam
1132 1251 1341 1299 nostra.
1369 1242 1506 1295 Sunt
1530 1237 1772 1308 profecto
1803 1235 1916 1300 Dei,
1940 1248 2002 1287 ac
2023 1231 2170 1301 prin-

593 1338 844 1409 cipaliter
865 1375 882 1402 ,
919 1335 1043 1405 quia
1080 1333 1146 1387 ab
1171 1332 1262 1386 illo
1291 1330 1579 1384 donantur.
1609 1326 1747 1381 Sunt
1775 1328 2170 1389 consequenter

590 1438 647 1485 et
672 1430 809 1484 bona
838 1436 1023 1483 nostra
1048 1466 1064 1490 ,
1100 1425 1227 1494 quia
1266 1422 1423 1476 nobis
1449 1422 1516 1473 ab
1547 1419 1639 1472 illo
1668 1431 1790 1471 esse
1832 1413 2165 1475 creduntur;

593 1530 797 1576 etcum
831 1518 1032 1587 aliquid
1076 1516 1203 1571 boui
1253 1514 1505 1568 molimur
1562 1508 1648 1563 vel
1694 1508 1942 1576 agimus,
1989 1511 2074 1557 est
2115 1504 2167 1555 in

594 1611 752 1665 nobis
785 1608 1012 1663 liberum
1052 1604 1361 1665 arbitrium,
1410 1600 1535 1669 quia
1574 1596 1780 1668 peccati
1831 1593 2024 1647 affectu
2075 1589 2171 1643 Dei

2268 514 2610 573 acceperunt.
2643 503 2755 558 Non
2787 512 2868 558 est
2898 504 3041 557 unde
3065 510 3369 571 querantur
3409 500 3641 555 damnati
3667 540 3680 564 ,
3706 502 3813 569 quia

2268 594 2400 648 nihil
2432 594 2531 647 nisi
2566 594 2705 663 quod
2736 601 3048 647 meruerant
3075 590 3320 662 perferre
3348 590 3523 644 coacti
3565 599 3702 643 sunt.
3727 589 3817 642 Cur

2269 692 2448 736 autem
2476 682 2607 736 istos
2639 697 2744 735 non
2777 680 2898 734 illos
2922 681 3094 735 salvet
3117 680 3280 743 Deus,
3300 686 3395 732 aut
3412 693 3512 733 cur
3531 692 3637 730 non
3665 677 3819 746 potius

2270 773 2404 827 istos
2454 788 2616 842 quam
2674 771 2834 834 illos,
2881 771 2991 840 jam
3042 770 3145 824 hoc
3197 783 3358 838 supra
3419 767 3690 821 hominem
3732 777 3820 828 est,

2267 876 2369 915 nec
2398 861 2425 900 δ
2457 861 2652 915 secreti
2685 861 2796 925 Dei,
2831 860 3130 930 praesertim
3163 859 3316 923 tanti,
3354 872 3518 912 causa
3544 857 3820 924 exspectari

2270 953 2428 1009 debet
2465 955 2533 1007 ab
2567 953 2802 1006 homine.
2853 951 2983 1016 Quis
3015 952 3256 1021 cognovit
3293 965 3497 1003 sensum
3535 948 3694 1017 226
3735 946 3822 999 Do-

2269 1043 2440 1107 mini,
2492 1052 2582 1095 aut
2632 1043 2748 1113 quis
2791 1041 3127 1095 consiliarius
3178 1039 3290 1109 ejus
3343 1038 3496 1108 fuit?
3531 1035 3701 1107 (Rom.
3738 1036 3823 1103 Ix).

2270 1135 2458 1203 Igitur,
2489 1144 2546 1187 ut
2582 1134 2722 1188 idem
2764 1133 2873 1196 ait,
2918 1144 2941 1172 ο
2975 1132 3127 1201 cujus
3161 1130 3266 1184 uult
3297 1131 3594 1191 miseretur,
3627 1136 3672 1180 et
3698 1142 3829 1194 quem

2270 1226 2376 1280 vult
2412 1227 2625 1279 indurat
2659 1224 2838 1294 (llam.
2874 1223 2976 1292 ιχ).
3009 1223 3296 1277 Miseretur
3329 1220 3663 1275 exuberante
3700 1216 3829 1269 boui-

2273 1326 2414 1381 tate,
2468 1317 2687 1371 indurat
2713 1315 2860 1369 nulla
2898 1313 3267 1368 intercedente
3298 1310 3609 1379 iniquitate.
3638 1306 3834 1361 Indurat

2272 1415 2452 1460 autem
2481 1446 2495 1469 ,
2543 1420 2647 1459 non
2702 1405 2769 1457 ad
2816 1411 3096 1472 peccatum
3145 1400 3500 1471 impellendo,
3543 1397 3683 1451 Deus
3716 1398 3834 1449 enim

2271 1497 2557 1549 intentator
2586 1493 2844 1547 malorum
2869 1503 2944 1546 est
2969 1492 3109 1563 (Jac.
3143 1492 3184 1562 ι)
3210 1533 3225 1556 ,
3260 1492 3355 1546 sed
3392 1490 3444 1543 iu
3490 1496 3716 1558 peccato
3753 1487 3833 1539 de-

2274 1587 2521 1647 serendo.
2549 1587 2673 1655 quia
2703 1585 2818 1654 ipse
2850 1600 3078 1653 quorum
3103 1582 3215 1636 vult
3249 1580 3422 1637 solum
3455 1580 3712 1633 liberator
3747 1585 3832 1630 est.

595 1702 770 1772 gratia
801 1701 1108 1754 liberatum.
1144 1696 1398 1762 Idemque
1424 1706 1559 1762 opus
1586 1698 1642 1743 et
1673 1689 1764 1742 Dei
1793 1693 1896 1752 est,
1922 1684 2013 1753 qui
2044 1697 2172 1751 ope-
2201 1675 2343 1772 “Et
2382 1675 2569 1742 utique
2607 1682 2667 1725 ut
2693 1682 2776 1727 est
2800 1672 3180 1741 quorumdam,
3213 1671 3261 1725 si
3300 1669 3567 1724 voluisset
3613 1680 3728 1720 esse
3764 1680 3837 1734 po-

599 1753 752 1846 :atur
782 1791 835 1845 in
866 1790 1049 1855 nobis;
1080 1795 1137 1842 et
1167 1753 1410 1840 nostrum
1439 1753 1545 1844 est,
1573 1780 1697 1849 quia
1730 1777 2005 1832 voluntate
2035 1772 2171 1828 faci-
2201 1753 2249 1814 Β
2279 1767 2472 1821 luisset
2512 1773 2568 1820 et
2604 1764 2866 1819 omnium.
2897 1762 3089 1819 Omnia
3120 1764 3264 1816 enim
3317 1773 3659 1831 quwcunque
3694 1757 3839 1811 voluit

598 1897 718 1935 mus
744 1880 888 1949 quod
926 1886 1253 1949 praaceptum
1302 1882 1384 1929 est
1412 1872 1591 1928 nobis.
1631 1869 1995 1940 Cogitationes
2021 1866 2177 1921 bonas

600 1970 695 2024 Dei
727 1977 893 2033 sunt,
923 1968 1047 2038 quia
1078 1966 1235 2020 nobis
1259 1964 1531 2019 donantur
1554 1961 1622 2016 ab
1647 1959 1769 2024 illo,
1800 1953 2178 2027 utapostolico

599 2060 850 2130 superius
873 2057 1113 2113 constitit
1140 2056 1462 2110 documento
1498 2069 1512 2105 :
1552 2048 1676 2104 Non
1704 2049 1842 2120 quod
1870 2047 2178 2117 sufﬁcientes

600 2152 766 2205 simus
805 2150 1045 2220 cogitare
1084 2147 1285 2217 aliquid
1322 2163 1355 2199 a
1396 2144 1542 2199 nobis
1573 2143 1727 2214 quasi
1756 2158 1820 2197 ea:
1849 2141 1994 2194 nobis
2020 2179 2035 2204 ,
2089 2139 2180 2197 sed

602 2240 911 2310 sumdentia
936 2246 1114 2292 nostra
1141 2253 1207 2291 ex
1234 2235 1344 2289 Deo
1383 2244 1457 2288 est
1488 2232 1574 2304 (II
1598 2230 1722 2287 Cor.
1751 2230 1869 2303 tu);
1897 2237 1953 2283 et
1980 2227 2180 2282 eaedem

603 2339 804 2386 nostrae
836 2336 990 2394 sunt,
1020 2328 1147 2398 quia
1170 2326 1405 2396 Spiritus
1426 2323 1521 2378 Dei
1555 2324 1806 2377 admonet
1848 2338 1862 2373 :
1893 2317 2049 2373 Jacta
2097 2333 2156 2370 co

602 2421 826 2491 gitatum
856 2428 1003 2471 tuum
1032 2417 1088 2471 in
1127 2416 1353 2473 Domino
1379 2454 1392 2479 ,
1440 2423 1488 2468 et
1517 2412 1624 2481 ipse
1671 2422 1721 2466 te
1750 2411 1973 2465 enutriet
2007 2407 2179 2478 (Psal.

605 2508 738 2578 uv).
787 2508 1085 2563 Couversio
1122 2514 1306 2560 nostra
1353 2504 1446 2559 Dei
1486 2512 1614 2567 est,
1668 2501 1755 2557 cui
1808 2499 2181 2571 supplicatur:

605 2595 855 2652 Converte
901 2613 1015 2662 nos,
1045 2596 1186 2652 Deus
1217 2595 1471 2649 salutaris
1502 2602 1676 2647 noster
1702 2590 1876 2661 (Psal.
1930 2590 2140 2657 Lxxxn)
2167 2606 2182 2655 ;

605 2696 660 2741 et
684 2687 871 2742 eadem
914 2696 1100 2743 nostra
1129 2685 1289 2756 225
1316 2693 1432 2750 est,
1462 2683 1589 2753 quia
1629 2682 1889 2736 divinitus
1925 2680 2183 2749 jubetur:

608 2777 979 2831 Convertimini
1023 2775 1093 2830 ad
1120 2793 1202 2830 me
1231 2777 1286 2829 in
1334 2784 1440 2829 toto
1493 2773 1648 2827 corde
1698 2782 1865 2827 vestro
1916 2770 2074 2840 (Joel.
2103 2768 2184 2839 tt).

608 2864 891 2920 Inclinatio
915 2866 1096 2920 cordis
1126 2864 1297 2919 nostri
1338 2865 1406 2918 ad
1435 2871 1706 2933 prmcepta
1743 2862 1882 2927 Dei,
1923 2870 1978 2917 et
2021 2862 2189 2932 ipsius

611 2957 705 3010 Dei
728 2966 830 3021 est,
845 2972 1003 3026 quem
1026 2956 1302 3025 placamus
1323 2955 1412 3009 his
1437 2954 1505 3007 ab
1526 2955 1712 3009 eodem
1737 2954 1878 3008 docti
1902 2954 2185 3023 precibus:

613 3045 822 3099 lnclina
864 3062 954 3099 cor
1002 3062 1174 3098 meum
1204 3047 1261 3098 in
1290 3045 1582 3098 testimonia
1619 3052 1711 3097 tua
1748 3040 1923 3113 (Psal.
1958 3042 2184 3114 cxvm);
2216 3090 2262 3152 Ο

613 3135 874 3189 eteadem
898 3136 1175 3190 inclinatio
1201 3144 1385 3190 nostra
1424 3146 1532 3199 est,
1553 3135 1678 3204 quia
1708 3135 2011 3190 volentibus
2034 3135 2189 3189 nobis

539 3268 543 3272 .
614 3232 716 3277 est.
750 3222 902 3279 Unde
928 3241 1035 3279 non
1068 3224 1202 3279 falso
1243 3223 1573 3293 gloriamur:
1599 3224 1857 3278 Inclinavi
1887 3241 1979 3277 cor
2018 3240 2190 3277 meum

616 3317 686 3370 ad
719 3317 988 3386 faciendas
1024 3318 1434 3387 justiﬁcationes
1479 3328 1596 3371 tuas
1638 3318 1693 3370 in
1727 3327 1979 3370 (etet-num
2014 3313 2188 3381 (Psal.

618 3407 771 3473 εχει).
795 3405 1075 3460 Postremo
1096 3408 1274 3461 omnia
1298 3420 1463 3475 opera
1490 3414 1674 3459 nostra
1703 3405 1844 3459 bona
1870 3414 1924 3457 et
1953 3405 2042 3459 Dei
2066 3411 2193 3458 sunt

617 3495 712 3565 qtti
742 3495 912 3549 dicit:
947 3494 1070 3550 Sme
1105 3512 1186 3549 me
1217 3495 1349 3550 nihil
1378 3495 1587 3566 potestis
1618 3496 1789 3564 facere
1830 3493 2011 3566 (Joan.
2061 3493 2188 3563 xv)’;

618 3593 674 3639 et
701 3585 886 3638 eadem
920 3594 1104 3639 nostra
1134 3593 1281 3651 sunt,
1309 3585 1436 3653 quia
1481 3585 1554 3639 illi
1591 3584 1904 3653 prophetice
1951 3585 2187 3639 dicitur:

618 3672 874 3738 Domine,
904 3690 1083 3742 pacem
1123 3674 1191 3727 da
1227 3674 1405 3739 nobis,
1438 3674 1613 3727 omnia
1648 3674 1786 3726 enim
1812 3688 1966 3742 opera
2015 3680 2195 3725 nostra

618 3772 861 3831 operatus
892 3779 945 3816 es
976 3764 1122 3817 nobis
1150 3762 1284 3832 (Isa.
1311 3763 1482 3834 xxvi).
1522 3762 1839 3818 Nostrorum
1869 3771 2051 3815 autem
2072 3776 2191 3815 om-

582 3887 587 3892 ~
619 3852 766 3905 nium
795 3852 1060 3906 honorum
1091 3853 1183 3907 Dei
1212 3854 1384 3920 gratia
1433 3863 1624 3907 auctor
1656 3860 1712 3907 et
1739 3867 1901 3907 causa
1927 3861 2029 3906 est.
2057 3850 2190 3904 Nam

619 3950 741 4007 post
770 3950 1049 4008 peccatum
1083 3942 1211 3994 AdiB
1236 3981 1251 4005 ,
1302 3942 1356 3994 in
1396 3956 1504 4011 quo
1540 3955 1730 3995 omnes
1754 3940 2098 4010 peccavimus
2139 3946 2195 3994 et

616 4030 762 4098 juste
821 4030 1059 4084 damnati
1112 4047 1296 4085 sumus
1343 4032 1569 4100 (rectus
1621 4039 1707 4086 est
1757 4031 1901 4085 enim
1936 4030 2197 4085 Dominus

622 4119 766 4173 Deus
795 4130 998 4183 noster,
1018 4130 1073 4175 et
1098 4137 1202 4176 non
1223 4132 1306 4176 est
1331 4122 1587 4192 iniquitas
1608 4122 1662 4176 in
1688 4121 1808 4193 eo);
1837 4121 1964 4190 quid
1986 4134 2197 4174 merea-

626 4217 717 4261 tur
751 4209 917 4263 totius
947 4212 1162 4280 generis
1211 4213 1430 4267 humani
1477 4213 1646 4267 series
1691 4214 1874 4266 vitiata
1899 4220 1953 4266 et
1980 4219 2198 4281 propter

622 4297 885 4367 originale
919 4309 1198 4367 peccatum
1238 4302 1492 4356 damnata
1521 4311 1576 4355 et
1604 4310 1823 4371 pr0pter
1845 4302 2062 4371 pr0pria
2106 4303 2200 4356 ad-

622 4386 756 4450 dita,
796 4388 842 4441 si
874 4389 941 4441 ad
973 4390 1200 4443 activam
1246 4400 1458 4445 :ctatem
1504 4391 1813 4456 accesserit,
1849 4390 2151 4444 damnanda
2178 4432 2193 4456 ,

2277 1855 2538 1909 Dominus
2586 1853 2713 1908 fecit
2758 1853 2812 1907 in
2844 1852 2984 1907 cmlo
3023 1859 3078 1906 et
3118 1851 3170 1905 in
3211 1859 3378 1905 terra.
3424 1847 3534 1904 Sed
3581 1849 3654 1900 ita
3695 1844 3840 1899 voluit

2277 1958 2533 1999 exercere
2581 1942 3049 2002 misericordiam,
3100 1956 3167 1995 ne
3219 1941 3272 1995 in
3322 1940 3505 2008 aliquo
3567 1938 3842 1992 inﬁrmam

2271 2032 2556 2102 justitiam.
2582 2031 2717 2086 Nam
2744 2031 2885 2102 quod
2910 2030 3230 2085 venerabilis
3259 2030 3458 2085 Paulus
3487 2029 3602 2084 ait:
3631 2027 3731 2094 Qui
3754 2026 3841 2080 vult

2280 2140 2459 2179 omnes
2491 2123 2724 2177 homines
2767 2122 2938 2177 salvos
2978 2121 3094 2189 ﬁeri
3125 2120 3175 2189 (1
3221 2120 3357 2174 Tim.
3386 2119 3481 2191 ll),
3516 2134 3626 2173 non
3664 2117 3739 2171 sic
3771 2131 3847 2169 ac-

2282 2214 2588 2284 cipiendum
2612 2220 2697 2268 est
2725 2211 2881 2283 quasi
2903 2226 3024 2266 cum
3043 2209 3847 2281 Deusvelitgeneraliteromnes

2284 2301 2402 2358 fieri
2427 2302 2624 2367 salvos,
2670 2301 2993 2371 quibusdam
3029 2299 3451 2370 impedientibus
3479 2297 3846 2362 immteutissi-

2284 2390 2407 2453 mis,
2455 2404 2560 2444 non
2604 2387 2785 2442 valeat
2832 2386 3394 2456 omnipotentissimus
3452 2384 3684 2452 implere
3722 2382 3847 2450 quod

2285 2479 2447 2544 velit,
2485 2478 2577 2533 sed
2604 2479 2678 2533 ita
2706 2478 2904 2548 potius.
2936 2477 3078 2546 quod
3106 2477 3211 2531 illis
3237 2476 3352 2531 sive
3390 2474 3719 2535 volentibus,
3752 2472 3846 2525 sive

2289 2571 2596 2626 nolentibus
2636 2569 2785 2641 (nam
2826 2570 3008 2639 plures
3045 2569 3095 2622 in
3132 2565 3362 2622 iul‘antili
3399 2574 3562 2620 aetate
3591 2562 3844 2631 baptisati.

2289 2662 2481 2717 horum
2511 2677 2615 2715 non
2639 2662 2898 2715 habentes
2918 2659 3227 2722 discrimen,
3255 2674 3376 2712 mox
3402 2658 3515 2710 vita
3545 2656 3848 2712 excedemus

2290 2754 2691 2809 transferuntur
2709 2754 2774 2807 ad
2800 2750 3071 2822 gloriam),
3089 2751 3370 2806 salvantur
3384 2763 3580 2803 omnes
3603 2762 3847 2817 quoscun-

2293 2860 2397 2915 que
2446 2845 2534 2901 ille
2563 2846 2773 2900 salvare
2796 2842 3048 2898 voluerit.
3097 2840 3308 2897 Omnes
3351 2855 3483 2909 ergo
3530 2838 3646 2893 vult
3694 2836 3847 2891 salvos

2292 2934 2410 2989 ﬁeri
2433 2935 2700 2999 homines,
2724 2934 2819 2988 sed
2841 2947 2945 2987 non
2973 2932 3108 2987 alios
3131 2946 3294 3000 quam
3321 2930 3412 2999 qui
3439 2929 3735 2983 salvantur.
3750 2926 3849 2991 Quo

2292 3025 2611 3080 elocutionis
2665 3037 2862 3095 genere
2891 3038 3021 3077 usus
3052 3029 3138 3076 est
3162 3019 3494 3089 evangelista
3524 3017 3757 3071 Joannes
3781 3015 3849 3068 his

2293 3116 2473 3170 verbis
2501 3132 2515 3168 :
2550 3113 2654 3179 Qui
2679 3112 2946 3166 illuminat
2970 3125 3173 3165 omnem
3201 3111 3461 3163 hominem
3504 3108 3776 3161 venientem
3805 3106 3850 3154 in

2292 3209 2429 3262 hunc
2454 3206 2707 3260 mundum
2731 3204 2912 3273 (Joan.
2937 3202 3010 3274 ι),
3044 3218 3148 3256 nou
3191 3217 3297 3271 quo
3343 3200 3465 3254 ﬁdei
3514 3199 3639 3253 luce
3678 3210 3847 3252 omnes

2294 3297 2348 3351 in
2380 3297 2520 3350 hunc
2548 3296 2804 3350 mundum
2835 3294 3117 3348 venientes
3161 3291 3433 3345 illuminet
3470 3289 3641 3359 (quod
3675 3289 3849 3342 sentire

2295 3400 2557 3455 perquam
2588 3384 2881 3437 absurdum
2917 3391 3019 3446 est,
3048 3382 3265 3452 quando
3290 3380 3505 3450 quidem
3534 3379 3718 3448 plures
3745 3375 3849 3429 iuli-

2294 3472 2530 3527 delitatis
2559 3470 2798 3525 tenebris
2823 3470 3226 3539 obscurentur),
3256 3469 3348 3523 sed
3385 3483 3482 3521 eos
3508 3467 3756 3521 videlicet
3774 3464 3847 3531 qui

2296 3562 2683 3626 illuminantur,
2712 3562 2837 3615 dum
2851 3575 2957 3615 non
2986 3561 3055 3614 ab
3084 3560 3188 3614 alio
3221 3560 3325 3614 nisi
3356 3560 3424 3612 ab
3452 3558 3547 3612 illo
3572 3557 3847 3612 illuminari.

2297 3665 2404 3710 tur.
2436 3652 2637 3709 Omnes
2666 3660 2846 3707 autem
2887 3667 2994 3705 nou
3025 3666 3238 3721 semper
3266 3650 3678 3704 universitatem
3713 3661 3847 3715 gene-

2295 3745 2503 3809 raliter,
2524 3758 2713 3798 verum
2735 3742 3027 3811 aliquando
3052 3741 3422 3810 exceptionem
3437 3740 3726 3809 quamdam
3748 3752 3846 3804 par-

2296 3836 2600 3891 ticulariter
2636 3833 3113 3903 comprehendere,
3164 3832 3328 3886 etiam
3380 3832 3496 3900 ipse
3544 3828 3845 3899 Apostolus,

2297 3927 2363 3981 de
2391 3925 2544 3994 cujus
2582 3924 2911 3979 deliberatur
2936 3921 3221 3984 sententia,
3247 3921 3469 3975 idoneus
3488 3920 3653 3988 227
3683 3926 3847 3971 auctor

2297 4027 2383 4072 est
2425 4018 2513 4071 ubi
2560 4017 2679 4070 ait:
2714 4013 2859 4071 Sicut
2911 4030 3003 4084 ego
3055 4030 3147 4080 per
3187 4012 3362 4066 omnia
3410 4012 3653 4065 omnibus
3692 4009 3845 4078 placeo

2300 4109 2351 4179 (l
2384 4107 2506 4161 Cor.
2539 4108 2636 4178 vr).
2665 4105 2907 4174 Namque
2936 4111 2994 4157 ut
3025 4113 3231 4158 taceam
3260 4104 3326 4157 de
3350 4103 3557 4172 majore
3586 4101 3754 4155 adhuc
3785 4099 3828 4151 in

2301 4197 2538 4251 ﬁdelium
2567 4202 2742 4265 parte,
2771 4194 2966 4262 quibus
2994 4192 3236 4263 profecto
3261 4192 3475 4262 placere
3504 4207 3614 4244 nou
3639 4195 3843 4259 poterat.

2301 4304 2407 4342 non
2430 4288 2675 4357 placebat
2702 4286 2784 4339 his
2809 4300 2838 4339 a
2870 4285 3062 4352 quibus
3092 4283 3430 4346 ctradebatur,
3480 4296 3586 4335 non
3629 4276 3845 4349 placebat

2302 4380 2386 4433 his
2416 4394 2444 4430 a
2477 4377 2671 4446 quibus
2696 4375 3024 4429 obruebatur
3050 4373 3332 4442 lapidibus,
3381 4388 3484 4426 non
3513 4368 3752 4438 placebat
3774 4365 3843 4419 bis

622 4475 725 4529 nisi
757 4477 1086 4546 sempiterna
1115 4479 1374 4548 supplicia
1400 4480 1423 4532 ?
1450 4478 1573 4533 "me
1599 4479 1757 4547 plane
1784 4442 1890 4542 ’,ιιι
1916 4494 2076 4548 supra
2107 4442 2192 4534 re:
2225 4442 2270 4501 ί)
2299 4470 2530 4538 denique
2572 4482 2600 4521 a
2645 4467 2840 4536 quibus
2892 4460 3025 4518 urbe
3071 4462 3217 4516 velut
3274 4470 3519 4515 mortuus
3547 4459 3839 4529 pellebatur.

623 4563 790 4619 latum
816 4577 922 4630 est,
951 4577 1174 4637 peccato
1195 4568 1383 4621 vitiata
1414 4576 1524 4621 tota
1555 4569 1720 4635 stirps
1768 4568 2044 4621 hominum
2074 4583 2196 4637 per-

621 4657 729 4724 peti
757 4669 1058 4727 cogeretur,
1085 4658 1184 4713 uisi
1209 4674 1273 4711 ex
1305 4657 1492 4711 eadem
1528 4657 1694 4725 stirpe
1716 4659 1957 4711 eamdem
1979 4673 2194 4712 causam

627 4745 990 4799 damnationis
1030 4748 1285 4811 habente,
1337 4746 1427 4799 alii
1476 4758 1503 4787 ιι
1554 4746 1764 4799 occulto
1806 4746 2009 4816 judicio
2058 4746 2191 4811 Dei,

623 4850 932 4906 quanquam
964 4838 1298 4902 rectissimo,
1334 4853 1429 4907 per
1449 4838 1711 4908 justitiam
1739 4838 1855 4907 ejus
1891 4838 1944 4891 in
1975 4839 2196 4892 damna-

629 4929 774 4982 tione
823 4930 1001 4984 debita
1053 4931 1515 5000 relinquerentur,
1571 4930 1660 4984 alii
1723 4945 1849 4985 vero
1912 4929 2196 4985 manifesta

627 5020 799 5088 gratia
832 5036 928 5090 per
968 5023 1083 5092 ejus
1122 5024 1544 5079 miscricordiam
1573 5023 1934 5079 salvarentur.
1966 5022 2083 5078 Non
2115 5030 2201 5077 est

700 5166 725 5193 ιι
746 5152 968 5225 Occulta
987 5156 1190 5225 judicio
1224 5157 1338 5210 Dei.
1383 5157 1451 5210 Et
1475 5158 1589 5211 haec
1615 5170 1831 5225 quoque
1857 5155 2071 5225 phrasis
2116 5163 2201 5211 est

631 5222 1042 5296 familiarissima
1072 5226 1242 5296 Lupo.
1269 5228 1437 5295 Epist.
1485 5242 1559 5285 tv.
1590 5222 1714 5294 pag.
1746 5222 1840 5296 ‘l_l_.
1864 5222 2198 5296 Quanquam

630 5293 852 5365 occulto.
882 5296 1092 5350 minime
1119 5293 1291 5350 tamen
1318 5293 1514 5364 injusto
1527 5293 1754 5365 judicio.
1779 5294 1946 5361 Epist.
1975 5307 2195 5355 Lxxxtv,

630 5377 751 5435 pag.
786 5364 905 5418 ηδ.
940 5365 1045 5419 Diu
1081 5375 1153 5419 est
1196 5365 1333 5435 quod
1366 5363 1504 5418 Deus
1529 5363 1757 5435 voc-culto
1786 5402 1801 5427 ,
1837 5364 1983 5435 justo
2026 5372 2199 5435 tamen

622 5430 848 5511 judicio.
890 5435 1054 5511 Epist.
1089 5430 1333 5511 causa",
1371 5449 1489 5511 pag.
1544 5434 1665 5495 183,
1692 5430 2155 5511 qttaniriancculto
2182 5470 2196 5492 ,

622 5500 770 5573 justo
814 5500 987 5557 tamen
1022 5504 1252 5569 judicio.
1295 5500 1463 5571 Epist:
1513 5500 1851 5573 cxstx,‘pag.
1887 5500 2004 5573 l9l_,
2032 5514 2201 5567 quan-

668 5588 789 5624 uam
838 5568 1072 5633 occulto,
1106 5573 1252 5638 justo
1292 5568 1466 5624 tamen
1512 5568 1743 5639 judicia.
1780 5568 1869 5625 Sic
1905 5568 2040 5623 infra
2071 5584 2194 5637 pag.

668 5640 754 5696 59.
787 5641 952 5710 Cujus
978 5657 1273 5710 quanquam
1305 5643 1369 5695 sit
1400 5642 1615 5694 subinde
1637 5640 1916 5705 occultum,
1934 5655 2197 5706 nunquam

2300 4559 2556 4613 Placebat
2578 4566 2755 4610 autem
2783 4554 2911 4609 solis
2937 4551 3210 4613 fidelibus,
3245 4551 3334 4620 qui
3368 4559 3445 4605 tot
3475 4559 3633 4605 erant
3668 4556 3723 4599 ιιι
3751 4558 3842 4596 ηιοο

2302 4654 2407 4706 rito
2432 4651 2535 4705 dici
2565 4657 2783 4719 possent
2811 4658 2999 4715 omnes
3018 4684 3031 4707 ,
3062 4645 3260 4712 quique
3286 4643 3338 4695 in
3367 4642 3459 4694 illo
3496 4636 3839 4710 gloriﬁcabant

2302 4743 2469 4796 Deum
2513 4741 2655 4809 quod
2688 4735 3121 4807 persecutionem
3168 4731 3548 4801 prtcdicatione
3588 4730 3835 4782 mutasset.

2302 4834 2594 4888 Possumus
2622 4830 2806 4888 etiam,
2836 4826 2925 4896 qui
2952 4823 3057 4877 vult
3086 4838 3261 4877 omnes
3286 4821 3518 4874 homines
3560 4819 3721 4872 salvos
3745 4812 3838 4883 ﬁcti

2304 4921 2354 4992 (Ι
2388 4922 2522 4976 Tim.
2555 4922 2640 4990 tt),
2668 4920 2747 4975 sic
2776 4932 2908 4971 sano
2936 4930 3096 4970 sensu
3123 4912 3447 4981 intelligere,
3471 4911 3611 4980 quod
3634 4925 3694 4964 es
3716 4903 3834 4960 omni

2303 5025 2500 5081 genere
2530 5008 2807 5064 hominum
2834 5005 3052 5072 colligat
3075 5003 3142 5056 ad
3169 5000 3421 5065 salutem,
3450 5000 3555 5054 hoc
3580 5006 3680 5060 est,
3703 5006 3836 5064 quos-

2306 5165 2480 5207 tamen
2508 5160 2579 5204 est
2604 5150 2858 5219 injustam
2878 5146 3161 5219 judicium.

2382 5203 2792 5276 l{Secreti'DeL
2823 5203 3030 5283 Quippe
3055 5221 3265 5268 secreta
3292 5211 3388 5265 Dei
3419 5210 3730 5283 investigare
3755 5203 3833 5255 bo-

2310 5294 2510 5347 minem
2535 5306 2638 5343 non
2670 5290 2823 5341 decet
2840 5279 2864 5351 ;’
2881 5279 2941 5339 ut
2961 5279 3196 5354 graviter
3219 5289 3408 5354 monet
3430 5279 3702 5334 Salvianus
3735 5284 3832 5354 pag:

2307 5363 2396 5423 Η.
2427 5359 2676 5417 editionis
2701 5349 2915 5414 nostras,
2948 5349 3072 5423 nam
3109 5351 3345 5423 salviani
3396 5349 3545 5403 locus
3589 5349 3833 5409 corruptus

2306 5420 2719 5487 acdeuravatus
2743 5436 2826 5479 est
2866 5425 2918 5477 in
2954 5422 3074 5476 aliis
3103 5420 3450 5474 editiouibus.

2379 5512 2401 5538 π
2434 5487 2734 5568 Cujusivult
2761 5496 3053 5568 miseretur.
3102 5489 3301 5544 Eadem
3347 5488 3520 5568 verba
3561 5487 3831 5554 repetuntur

2306 5570 2358 5624 iu
2388 5556 2541 5638 epist.
2574 5567 2693 5632 1‘28,
2726 5564 2857 5620 etin
2881 5560 3240 5623 Collectaueo,
3270 5572 3389 5627 pag.
3414 5556 3541 5610 252.
