4034 6298
276 359 378 418 6.31

1334 353 1459 406 LIB.
1505 351 1592 406 DE
1631 349 1881 407 TRIBUS
1919 345 2465 418 QUAESTIONIBUS.

3412 347 3517 404 638

276 471 401 524 dam
423 465 729 519 Judaeornm
759 471 917 532 atque
950 462 1248 531 gentilium,
1280 463 1536 530 quosdam
1567 461 1845 530 utriusque
1872 469 1921 528 Α
1948 468 2006 514 ut
2035 459 2287 516 salutaria
2313 460 2479 515 velint
2501 499 2517 524 ,
2563 466 2618 513 et
2649 458 2701 512 in
2728 458 2806 512 eis
2830 456 3146 528 proficiant;
3178 468 3434 525 operatur
3461 463 3515 516 in

277 571 460 617 sexus,
494 551 777 606 nonnullos
823 552 1227 620 magistratuum
1271 559 1326 602 et
1368 549 1719 618 privatorum,
1751 549 1848 601 ali-

276 660 413 712 quos
444 641 779 695 dominorum
821 648 980 708 atque
1025 653 1299 693 servorum
1325 677 1340 700 ,
1370 638 1501 690 alios
1545 637 1847 707 ingenioso-

279 747 399 786 rum
433 739 592 797 atque
617 729 901 791 hebetum,
942 735 996 782 et
1034 741 1473 796 quarumcunque
1515 723 1848 778 dilferentia-

276 837 398 876 rum
444 821 687 875 homines
723 829 945 888 possunt
989 834 1017 872 a
1055 818 1323 872 subtiliter
1367 817 1851 886 contemplantibus

279 911 649 980 deprehendi,
699 911 786 978 qui
830 910 1067 962 omnium
1114 907 1372 962 vocabulo
1427 923 1531 961 non
1583 907 1850 981 immerito

279 1009 625 1054 censeantur.
674 998 948 1068 Siquidem
987 1000 1176 1053 eadem
1219 999 1434 1052 notione
1477 997 1614 1050 idem
1658 1012 1848 1050 nomen

279 1088 336 1142 in
387 1086 673 1155 Evangelio
713 1085 883 1140 Lucas
941 1086 1119 1154 posuit
1161 1103 1173 1138 :
1212 1085 1302 1138 Vw
1349 1085 1518 1144 vobis,
1571 1082 1849 1145 Pharisa’i,

279 1178 371 1246 qui
424 1176 690 1229 decimatis
757 1175 1016 1227 ment/tam
1075 1183 1123 1226 et
1191 1185 1360 1226 rutam
1419 1183 1465 1225 et
1526 1188 1672 1224 onme
1740 1169 1852 1223 olus

283 1264 439 1333 (Luc.
469 1263 567 1334 χι).
616 1263 800 1331 Neque
843 1263 986 1316 enim
1041 1262 1278 1316 omnium
1324 1275 1582 1330 generum
1613 1259 1730 1313 olus
1757 1274 1853 1328 per

279 1369 497 1409 onmem
533 1363 690 1407 terra:
732 1351 1138 1420 amplitudinem
1174 1349 1431 1404 Pharisaei
1474 1350 1848 1403 decimabant:

281 1445 378 1498 sed
407 1459 565 1497 omne
590 1442 708 1496 olus
731 1483 746 1505 ,
781 1457 938 1496 omne
961 1457 1127 1510 genus
1148 1441 1354 1496 olerum
1387 1441 1529 1508 quod
1559 1439 1850 1502 habebant,

283 1545 368 1590 est
412 1536 613 1602 absque
661 1533 914 1602 scrupulo
960 1531 1316 1586 sentiendum.
1380 1529 1490 1584 Nec
1535 1529 1621 1583 ille
1665 1545 1855 1583 sensus

282 1623 540 1676 abhorret
559 1636 588 1674 a
620 1636 767 1683 vero,
791 1629 849 1673 ut
875 1621 964 1688 qui
993 1619 1104 1672 vult
1123 1618 1366 1672 homines
1390 1617 1562 1672 salvos
1589 1617 1724 1680 fieri,
1763 1616 1854 1684 qui

284 1712 422 1766 velle
451 1727 548 1765 nos
575 1711 720 1774 facit,
748 1726 934 1765 omnes
952 1710 1196 1764 homines
1217 1710 1393 1763 salvos
1416 1708 1528 1762 fieri
1553 1708 1856 1777 significare

1950 551 2218 604 mentibus
2251 551 2536 620 impiorum
2563 547 2882 612 deserendo,
2929 563 2996 602 ne
3036 548 3136 602 nisi
3169 549 3326 602 noxia
3356 550 3519 604 velint

1948 646 2003 692 et
2031 638 2083 691 in
2113 637 2293 706 pejora
2324 637 2592 691 labantur.
2624 636 2679 690 Id
2716 635 2982 704 Propheta
3013 637 3316 706 intelligens
3355 648 3513 693 orat:

1949 728 2152 798 Adjuva
2192 746 2289 789 me,
2315 738 2362 782 et
2391 729 2561 782 salvus
2591 744 2677 782 ero
2707 725 2878 798 (Psal.
2921 728 3132 799 cxvm).
3181 727 3252 782 De
3279 731 3520 796 reprobis

1948 833 2078 870 vero
2107 827 2297 887 sponte
2321 818 2674 887 peccantibus
2699 827 2754 870 et
2789 818 3069 873 deserente
3089 819 3292 887 judicio
3329 818 3420 872 Dei
3452 819 3520 872 ad

1951 909 2216 964 deteriora
2253 911 2530 964 rucntilms
2569 911 2645 962 ait
2679 909 2966 980 Apostolus
2993 927 3006 962 :
3035 909 3172 974 Quia
3201 926 3303 962 non
3327 910 3519 978 proba-

1950 1011 2130 1054 verunt
2162 999 2326 1053 Deum
2371 1001 2558 1054 habere
2598 1002 2650 1052 in
2687 1000 2954 1063 notitiam,
2993 1000 3206 1052 tradidit
3236 999 3351 1052 illos
3382 998 3522 1051 Deus

1952 1092 2006 1143 in
2036 1090 2306 1159 reprobum
2336 1107 2539 1144 sensum
2564 1130 2577 1151 ,
2619 1099 2672 1142 ut
2705 1089 2901 1157 faciant
2932 1105 3048 1157 qua:
3081 1105 3182 1142 non
3217 1089 3525 1142 conveniunt

1951 1179 2128 1250 (Rom.
2163 1180 2222 1247 ι).
2243 1179 2504 1246 Utrosque
2535 1178 2790 1232 discernit
2816 1178 3081 1241 voluntas,
3110 1177 3192 1230 vel
3220 1177 3526 1230 misericor-

1954 1269 2039 1322 dia
2072 1267 2162 1320 Dei
2195 1267 2397 1334 adjuta,
2425 1267 2506 1322 vel
2527 1266 2732 1334 judicio
2754 1283 2858 1320 non
2897 1267 3097 1335 adjuta.
3124 1268 3289 1320 Deum
3322 1267 3522 1334 itaque,

1956 1357 2044 1425 qui
2071 1357 2286 1425 adjuvat
2311 1365 2369 1409 ut
2392 1359 2525 1409 bona
2552 1357 2624 1409 sit
2651 1355 2916 1418 voluntas,
2948 1364 3002 1409 et
3042 1355 3328 1408 voluntatis
3359 1355 3527 1424 ipsius

1955 1455 2009 1500 et
2035 1447 2272 1498 omnium
2303 1461 2420 1514 quae
2451 1461 2515 1499 ex
2544 1461 2606 1500 ea
2641 1445 2906 1514 prodeunt
2948 1444 3210 1498 bonorum
3241 1460 3445 1498 necnon
3473 1453 3529 1499 et

1955 1550 2074 1602 quae
2097 1534 2213 1587 haec
2243 1533 2388 1586 nullo
2418 1534 2695 1588 dubitante
2725 1543 3127 1602 consequuntur
3160 1534 3527 1601 praemiorum,

1955 1635 2116 1674 nemo
2146 1628 2229 1674 est
2261 1629 2368 1673 tam
2395 1621 2634 1691 ingratus
2662 1622 2750 1690 qui
2778 1637 2883 1674 non
2915 1622 3100 1675 credat
3130 1630 3185 1675 et
3209 1621 3530 1676 conﬁteatur

1959 1717 2254 1762 auctorem.
2308 1709 2644 1764 Perditorum
2697 1725 2828 1764 vero
2883 1709 3036 1764 mala:
3072 1709 3366 1763 voluntatis
3406 1726 3528 1764 eum

282 1802 536 1855 voluerit.
572 1801 642 1856 Ut
677 1801 767 1870 qui
798 1815 984 1855 sumus
1013 1799 1209 1854 multos
1245 1807 1498 1863 vocatos,
1533 1813 1733 1868 paucos
1757 1813 1856 1851 au-
1886 1805 1933 1863 B
1960 1816 2080 1854 esse
2109 1809 2380 1854 auctorem
2412 1817 2568 1854 nemo
2600 1801 2701 1855 nisi
2729 1801 2948 1856 insanus
2973 1810 3027 1854 et
3051 1802 3292 1870 perditus
3322 1801 3530 1870 opinari

284 1899 393 1944 tem
436 1891 634 1944 electos
657 1929 670 1949 ,
721 1888 864 1942 nullo
891 1889 1203 1943 discrimine
1249 1902 1502 1957 separare
1541 1887 1814 1942 valeamus
1841 1927 1856 1950 ,

283 1991 474 2030 omnes
523 1974 890 2030 indiﬂ‘erenter
939 1975 1169 2029 velimus
1213 1975 1328 2029 ﬁeri
1377 1975 1573 2030 salvos.
1622 1974 1756 2029 Nam
1805 1984 1859 2030 ct

284 2063 342 2116 in
363 2064 607 2117 eumdem
641 2064 1172 2118 moduminvenimus
1192 2064 1330 2134 apud
1355 2064 1666 2132 Apostolum
1696 2081 1708 2116 :
1741 2063 1862 2132 Ipse

284 2153 500 2218 spiritus
534 2152 762 2221 postulat
802 2168 895 2222 pro
931 2153 1076 2206 nobis
1111 2153 1384 2222 gemitibus
1423 2151 1860 2205 inenarrabilibus

287 2240 468 2310 (Rom.
499 2242 558 2310 ιι)
583 2281 598 2306 ,
634 2243 735 2295 hoc
777 2251 898 2306 est,
940 2241 1211 2311 postulare
1233 2257 1331 2296 nos
1355 2241 1499 2296 facit.
1525 2240 1674 2296 Hanc
1699 2242 1864 2311 228

286 2336 470 2382 autem
520 2329 773 2399 gratiam,
802 2345 907 2398 qua
938 2344 1037 2383 nos
1063 2344 1251 2384 omnes
1279 2329 1370 2398 qui
1399 2329 1668 2384 salvamur
1698 2332 1864 2400 gratis

285 2417 571 2485 eripimur,
595 2418 838 2486 pluribus
882 2419 1083 2474 relictis
1109 2419 1162 2473 in
1189 2420 1550 2482 damnatione,
1580 2435 1740 2489 quam
1767 2436 1865 2476 nos

286 2521 503 2575 quoque
552 2509 847 2562 meruimus
881 2549 895 2572 ,
954 2508 1340 2563 commendans
1389 2524 1484 2562 vas
1534 2509 1859 2563 electionis:

289 2595 439 2649 Sicut
469 2596 617 2664 elegit
647 2613 758 2656 nos,
791 2597 988 2666 inquit,
1024 2599 1080 2651 in
1109 2599 1219 2666 ipso
1247 2607 1366 2651 ante
1394 2597 1575 2650 mundi
1615 2599 1866 2652 constitu-

289 2684 509 2745 tionem,
531 2694 585 2735 ut
610 2700 836 2737 essemus
862 2686 1029 2738 sancti
1075 2695 1123 2739 et
1154 2683 1475 2737 immaculati
1508 2685 1560 2736 in
1590 2695 1865 2754 conspectu

289 2773 407 2839 ejus
435 2774 488 2825 in
513 2775 766 2827 claaritate
785 2814 800 2838 ,
827 2777 912 2845 qui
941 2776 1324 2845 pra'destinavit
1347 2791 1438 2827 nos
1460 2774 1513 2827 in
1534 2775 1864 2843 adoptionem

290 2860 525 2925 [illorum
569 2879 660 2929 per
687 2861 868 2915 Iesum
919 2863 1184 2916 Christum
1224 2865 1279 2916 in
1324 2863 1493 2923 ipsum
1525 2862 1749 2932 (Ephes.
1800 2863 1862 2931 ι).

293 2948 376 3001 Ne
405 2950 662 3022 adversus
691 2951 854 3004 Deum
881 2967 946 3004 ex
969 2952 1082 3020 ejus
1113 2965 1332 3005 munere
1356 2951 1680 3026 inllaremur,
1718 2960 1866 3006 ante-

291 3053 457 3105 quant
498 3039 730 3092 oriretur
775 3041 1038 3108 superbiae
1086 3041 1326 3104 morbus,
1355 3055 1516 3107 quam
1552 3037 1739 3093 ellicax
1783 3049 1867 3094 est

1963 1891 2198 1944 audebit.
2230 1890 2343 1943 Non
2373 1891 2515 1943 enim
2558 1891 2709 1960 cujus
2742 1889 2988 1944 voluntas
3033 1905 3238 1945 summe
3280 1891 3418 1943 bona
3450 1899 3534 1943 est

1963 1980 2160 2034 malam
2193 1994 2311 2033 esse
2339 1979 2467 2033 facit
2495 1979 2737 2033 alterius.
2772 1978 2978 2033 Auctor
3024 1979 3203 2046 itaque
3243 1978 3382 2031 sicut
3424 1992 3532 2030 nou

1963 2076 2047 2122 est
2075 2066 2228 2120 malae
2264 2067 2555 2121 voluntatis
2584 2067 2889 2136 impiorum,
2920 2066 2993 2118 ita
3020 2081 3120 2120 nec
3146 2066 3372 2120 aliorum
3402 2080 3535 2132 quo-

1966 2155 2217 2210 rumlibet
2265 2165 2607 2223 peccatorum
2652 2169 2770 2222 qua:
2797 2167 2863 2208 ex
2893 2168 2956 2207 ea
2983 2152 3299 2222 procedunt.
3333 2150 3534 2205 Verum

1965 2245 2056 2315 qui
2107 2259 2212 2297 non
2262 2251 2346 2296 est
2374 2251 2567 2296 auctor
2593 2241 2752 2296 ullius
2781 2242 3000 2296 omnino
3031 2249 3234 2305 reatus,
3280 2249 3364 2294 est
3408 2255 3534 2309 pro-

1965 2335 2107 2391 fecto
2145 2348 2336 2390 censor
2384 2343 2439 2388 ct
2480 2333 2665 2404 judex.
2719 2331 2791 2386 Ut
2839 2340 3016 2385 autem
3065 2345 3192 2385 reus
3240 2329 3535 2398 majestatis

1965 2426 2252 2479 damnatus
2278 2439 2382 2477 non
2413 2433 2559 2477 recte
2587 2422 2688 2476 nisi
2722 2421 2825 2475 sibi
2855 2428 2948 2473 aut
2980 2420 3140 2474 sociis
3161 2418 3405 2474 criminis
3431 2419 3532 2470 im-

1965 2526 2118 2586 putat
2154 2515 2296 2584 quod
2325 2515 2566 2583 punitur,
2620 2512 2692 2566 ita
2732 2511 2937 2578 judicio
2978 2510 3073 2564 Dei
3117 2510 3398 2564 damnatus
3431 2523 3534 2560 non

1967 2617 2112 2661 recte
2138 2615 2316 2675 potest
2344 2605 2396 2658 in
2421 2619 2542 2658 eum
2568 2603 2812 2673 supplicii
2839 2602 2919 2654 sui
2944 2609 3258 2670 retorquere
3281 2599 3535 2653 invidiam

1966 2696 2053 2751 cui
2104 2709 2441 2763 nequaquam
2481 2692 2620 2746 valet
2669 2692 2884 2745 obicere
2923 2691 3130 2761 peccati
3179 2698 3368 2759 sponte
3408 2705 3436 2742 a
3479 2704 3536 2743 se

1967 2784 2241 2841 commissi
2282 2783 2442 2851 230
2470 2780 2810 2835 calumniam.
2852 2779 3080 2847 imputet
3119 2778 3283 2849 igitur
3309 2777 3409 2831 sibi
3443 2778 3539 2830 ho-

1968 2893 2077 2940 mo,
2114 2875 2197 2930 vel
2248 2877 2292 2930 si
2341 2875 2514 2944 placet
2545 2871 2787 2930 Diabolo,
2827 2872 2912 2924 cui
2963 2879 3164 2925 temere
3211 2870 3454 2931 credidit,
3486 2877 3542 2922 ct

1967 2975 2248 3037 peccatum
2290 2973 2344 3017 et
2381 2964 2667 3017 vindictam
2701 2963 2930 3031 peccati,
2959 2961 3059 3015 hoc
3101 2969 3203 3024 est,
3234 2970 3288 3015 et
3322 2974 3540 3013 causam

1971 3055 2353 3118 damnationis,
2391 3062 2446 3108 et
2486 3053 2654 3122 ipsam
2700 3051 3122 3113 damnationem,
3156 3049 3266 3102 Deo
3309 3063 3439 3101 vero
3484 3055 3539 3099 et

293 3127 592 3181 remedium
631 3138 994 3197 procuratum.
1026 3130 1198 3197 Elegit
1236 3145 1335 3184 nos
1362 3130 1501 3183 Deus
1528 3140 1652 3183 ante
1681 3130 1861 3183 mundi
1894 3153 1941 3215 ο
1971 3149 2172 3202 bonum
2201 3162 2335 3214 opus
2357 3155 2409 3198 ει
2439 3145 2610 3214 ipsum
2647 3143 2772 3198 boni
2802 3143 2978 3212 operis
3005 3141 3302 3212 pmmium,
3332 3140 3411 3192 Ad
3439 3140 3541 3193 hoc

293 3216 760 3282 constitutionem,
807 3234 911 3271 non
956 3220 1080 3287 quia
1122 3234 1338 3274 eramus
1377 3219 1546 3273 sancti
1578 3228 1632 3273 et
1674 3219 1865 3273 imma-

293 3304 483 3368 culati,
517 3315 606 3358 aut
635 3307 759 3375 quia
791 3307 954 3361 futuri
982 3323 1198 3362 eramus
1228 3309 1399 3363 sancti
1423 3316 1476 3360 et
1513 3308 1863 3373 immaculati,

295 3395 536 3464 alioquin
564 3413 668 3450 non
705 3407 813 3452 tam
837 3413 945 3452 sure
965 3400 1150 3468 gratia:
1171 3398 1368 3452 donum
1398 3398 1682 3468 largiretur
1705 3414 1870 3466 quam

296 3497 488 3542 nostro
513 3489 707 3542 merito
729 3489 812 3542 vel
836 3489 1087 3556 przesenti
1114 3489 1197 3541 vel
1221 3488 1400 3542 futuro
1424 3488 1701 3557 praemium
1726 3487 1873 3541 velut

297 3593 368 3631 ex
401 3578 582 3632 debito
624 3576 887 3642 referret“,
933 3578 1026 3632 sed
1057 3577 1220 3647 elegit
1249 3593 1344 3631 nos
1370 3585 1495 3631 ante
1529 3577 1870 3643 constitutio-

298 3683 424 3722 nem
454 3668 661 3732 mundi,
691 3677 750 3722 ut
779 3683 1021 3722 essemus
1061 3669 1233 3722 sancti
1277 3676 1335 3722 et
1370 3667 1698 3722 immaculati
1724 3707 1737 3730 ,
1781 3666 1873 3735 qui

299 3760 409 3814 nisi
435 3759 612 3822 vellet,
636 3774 734 3814 nec
756 3759 846 3812 ulli
872 3759 1088 3828 quidem
1121 3773 1241 3812 esse
1272 3773 1573 3826 possemus.
1603 3757 1872 3810 Cmterum

301 3848 608 3916 ubicunque
636 3848 702 3902 de
749 3848 1032 3913 electione,
1069 3847 1154 3902 vel
1189 3847 1545 3916 przescientia,
1585 3845 1696 3905 sive
1742 3859 1876 3914 pra:-

300 3938 666 3992 destinatione
699 3937 937 4006 Apostoli
978 3938 1307 4008 loquuntur,
1359 3937 1666 4005 quicunque
1709 3936 1876 3988 Deum

301 4037 588 4096 propterea
667 4025 892 4094 elegisse
955 4027 1232 4095 przescisse
1306 4033 1398 4078 aut
1465 4023 1878 4093 praedestinasse

304 4115 576 4182 quoslibet
626 4123 887 4169 asserunt-
925 4115 1066 4183 quod
1141 4115 1437 4184 praescierit
1496 4130 1590 4170 eos
1655 4115 1879 4168 devotos

304 4206 410 4259 sibi
440 4204 646 4258 futuros
665 4214 719 4259 et
743 4205 794 4258 in
819 4206 1004 4259 eadem
1028 4206 1309 4260 devotione
1332 4196 1636 4267 mansuros,
1662 4204 1878 4257 tametsi

306 4295 421 4348 sint
461 4295 514 4346 in
548 4294 668 4348 aliis
703 4309 908 4363 magna!
953 4295 1292 4349 auctoritatis
1319 4333 1335 4359 ,
1379 4295 1432 4348 in
1467 4294 1569 4347 hac
1617 4293 1883 4347 sententia

309 4398 417 4436 non
455 4390 582 4436 sunt
627 4383 842 4450 penitus
891 4383 1178 4447 audiendi,
1235 4398 1300 4436 ne
1345 4390 1637 4435 evacuetur
1692 4380 1884 4434 divinae

1966 3237 2164 3292 bonum
2196 3250 2354 3289 nemo
2385 3234 2555 3287 malus
2584 3233 2684 3287 nisi
2713 3233 3053 3286 discessurus
3074 3230 3322 3291 accessit,
3351 3229 3417 3282 ad
3440 3229 3545 3282 hoc

1969 3326 2169 3380 bonum
2199 3340 2355 3378 nemo
2377 3325 2549 3378 bonus
2577 3323 2679 3377 nisi
2719 3331 2921 3376 tractus
2968 3321 3228 3390 pervenit.
3261 3319 3538 3388 Siquidem

1973 3429 2133 3484 quam
2161 3429 2347 3467 verum
2379 3421 2492 3476 est,
2539 3429 2604 3465 ex
2649 3411 2794 3464 nobis
2824 3411 3080 3472 exierunt,
3119 3409 3208 3461 sed
3256 3424 3357 3462 non
3391 3415 3538 3460 erant

1973 3523 2037 3560 ea:
2060 3505 2207 3558 nobis
2236 3503 2282 3573 (1
2310 3502 2469 3556 Joan.
2500 3503 2580 3571 ιι),
2613 3511 2718 3554 tam
2750 3514 2936 3553 verum
2965 3538 2978 3561 ,
3027 3514 3174 3550 nemo
3208 3499 3340 3549 venit
3371 3495 3438 3547 ad
3465 3511 3545 3546 me

1974 3595 2074 3648 nisi
2109 3591 2268 3645 Pater
2295 3593 2382 3661 qui
2413 3591 2552 3643 misit
2583 3606 2664 3642 me
2696 3590 2913 3641 traxerit
2947 3602 3060 3638 eum
3095 3584 3276 3654 (Joan.
3311 3584 3406 3651 vi).
3447 3582 3548 3636 Ubi

1973 3683 2217 3752 pravitas
2267 3689 2466 3733 nostra:
2502 3687 2726 3740 naturae,
2760 3691 2921 3745 quam
2952 3683 3130 3727 tamen
3161 3672 3421 3725 translato
3449 3687 3548 3723 vo-

1977 3770 2167 3827 cabulo
2191 3810 2205 3831 ,
2269 3769 2321 3822 id
2370 3776 2483 3829 est,
2537 3766 2828 3836 improprio
2854 3772 3099 3826 utentes,
3125 3772 3370 3815 naturam
3395 3761 3546 3830 juxta

1976 3856 2292 3928 Apostolum
2336 3855 2586 3917 dicimus,
2621 3853 2710 3922 qui
2744 3854 2818 3906 ait
2848 3869 2861 3904 :
2891 3851 3122 3904 Eramus
3147 3865 3238 3901 nos
3266 3846 3549 3917 aliquando

1977 3957 2168 4002 natura
2218 3945 2318 4013 ﬁlii
2355 3945 2484 4007 ἔντη,
2525 3943 2657 3996 sicut
2691 3951 2734 3996 et
2760 3941 2932 3995 σαντενί
2971 3938 3184 4009 (Ephes.
3231 3937 3552 4007 n),-vocans

1979 4044 2225 4089 naturam
2263 4045 2381 4100 qum
2405 4031 2602 4083 habeat
2622 4027 2732 4094 jam
2779 4037 3058 4094 peccatum
3091 4023 3232 4091 quod
3264 4023 3335 4076 sit
3362 4029 3547 4075 contra

1981 4133 2250 4187 naturam,
2279 4137 2400 4177 cum
2430 4135 2555 4174 vere
2582 4127 2636 4173 et
2661 4117 2873 4188 proprie
2916 4124 3107 4168 natura
3135 4114 3345 4167 dicatur
3375 4112 3550 4164 incor-

1980 4225 2156 4285 rupta,
2191 4215 2241 4268 in
2272 4228 2376 4282 qua
2403 4211 2649 4265 conditus
2669 4217 2750 4263 est
2770 4207 2958 4261 Adam.
2999 4204 3273 4265 Pravitas,
3306 4203 3547 4270 inquam,

1981 4314 2182 4360 nostr:e
2227 4315 2431 4356 natura:
2481 4299 2784 4354 ostenditur
2805 4338 2820 4362 ,
2849 4312 2967 4365 quae
2995 4304 3054 4347 ut
3093 4294 3216 4347 alibi
3250 4293 3556 4346 declaratur

1983 4412 2137 4449 sensu
2167 4403 2213 4447 et
2246 4392 2559 4461 cogitatione
2600 4388 2770 4442 cordis
2817 4387 2885 4439 ad
2920 4386 3114 4438 malum
3143 4399 3305 4453 prona
3335 4381 3398 4433 ab
3430 4381 3558 4431 ado-

309 4471 498 4540 gratiae
523 4472 719 4526 donum
747 4511 761 4536 ,
810 4473 856 4526 si
907 4475 1199 4526 secundum
1243 4474 1533 4526 humanum
1578 4485 1868 4540 quanquan

1989 4483 2254 4545 lescentia,
2279 4482 2382 4534 hoc
2413 4487 2517 4541 est,
2551 4493 2616 4531 ex
2648 4492 2754 4546 quo
2780 4483 2958 4544 potest
2987 4469 3326 4526 discretionis
3359 4468 3558 4521 habere

309 4562 551 4616 futurum
587 4564 834 4617 meritum
873 4563 1230 4632 dispensetur.
1275 4563 1384 4617 Nec
1410 4563 1754 4632 indignentur
1793 4561 1879 4616 his

309 4652 548 4722 pneponi
580 4653 892 4722 Apostolum
923 4655 1227 4720 quicunque
1253 4668 1358 4707 non
1398 4653 1647 4706 nesciunt
1688 4652 1739 4704 in
1780 4652 1883 4705 hoc

310 4743 458 4811 loqui
489 4743 666 4810 potius
696 4743 992 4805 Christum,
1021 4743 1111 4811 qui
1143 4757 1219 4805 se,
1267 4743 1718 4811 quemadmodum
1761 4750 1843 4795 est
1866 4781 1882 4804 ,

311 4834 594 4888 veritatem
627 4848 747 4888 esse
778 4843 1024 4888 testatur.
1063 4834 1125 4887 lli
1161 4834 1272 4888 sola
1313 4834 1483 4904 gratia
1522 4830 1883 4902 praedestinati

312 4933 442 4979 sunt
463 4940 674 4988 omnes,
703 4926 767 4979 de
792 4925 985 4993 quibus
1017 4926 1091 4978 ait
1123 4924 1372 4978 Salvator
1399 4937 1414 4974 :
1447 4923 1631 4976 Omnis
1660 4921 1748 4991 qui
1784 4937 1885 4972 au—

313 5020 441 5073 divit
474 5037 506 5071 (ι
549 5017 707 5072 Patre
729 5030 774 5072 et
799 5020 1005 5081 didicit,
1033 5021 1193 5074 veniet
1223 5019 1289 5071 ad
1318 5035 1399 5072 me
1426 5017 1607 5087 (Joan.
1639 5017 1736 5085 vt).
1766 5015 1889 5070 ﬂare

315 5118 498 5161 autem
553 5109 741 5164 salutis
804 5111 1065 5170 doctrina,
1124 5125 1227 5178 qua
1277 5109 1492 5161 venitur
1539 5107 1606 5160 ad
1662 5106 1889 5176 gratiam

316 5199 600 5259 salvantis,
632 5198 785 5253 valde
813 5199 976 5268 229
1013 5207 1214 5252 remota
1241 5207 1323 5251 est
1349 5214 1378 5251 a
1408 5196 1653 5251 sensibus
1699 5209 1892 5262 corpo-

320 5287 418 5340 ris.
473 5286 589 5340 Non
625 5287 858 5340 auribus
887 5276 1306 5356 apprehenditur
1341 5285 1654 5340 sonantibus
1688 5283 1887 5347 verbis,

317 5378 414 5432 sed
444 5378 713 5432 mentibus
736 5377 1010 5432 Creatoris
1033 5378 1478 5441 instinctu,etiam
1503 5376 1555 5428 in
1587 5375 1666 5428 eis
1692 5373 1891 5442 absque

319 5468 548 5535 strepitu
573 5469 714 5537 quod
744 5469 1006 5538 placuerit
1031 5470 1322 5540 operantis,
1360 5469 1443 5523 vel
1463 5467 1889 5522 misericordiam

321 5568 381 5611 ut
401 5559 578 5612 vocati
605 5558 918 5622 liberentur,
950 5557 1312 5625 veljudicium
1344 5567 1402 5611 ut
1431 5557 1602 5612 relicti
1631 5557 1890 5609 damnen-

322 5655 430 5699 tur.
463 5645 729 5715 Operatur
756 5647 912 5716 plane
945 5648 997 5701 in
1026 5648 1293 5702 mentibus
1321 5649 1557 5718 piorum,
1593 5647 1892 5715 adjuvando

1980 4572 2266 4640 judicium,
2319 4570 2386 4622 ad
2413 4569 2666 4621 virtutem
2700 4567 2968 4620 reluctans
3001 4562 3234 4616 trahitur
3271 4566 3326 4610 et
3369 4555 3555 4609 invita.

1987 4660 2092 4716 Sed
2122 4669 2180 4713 ut
2205 4659 2272 4712 ad
2304 4658 2634 4728 propositum
2681 4663 3019 4708 revertamur
3041 4691 3056 4714 ,
3088 4649 3152 4702 ad
3185 4650 3378 4702 bonum
3410 4653 3458 4696 el
3493 4644 3559 4696 ad

1986 4752 2109 4806 boni
2135 4750 2413 4819 praemium
2446 4761 2605 4801 nemo
2635 4745 2736 4797 nisi
2770 4751 2894 4795 ante
2923 4739 3104 4794 mundi
3129 4735 3560 4791 constitutionem

1991 4843 2162 4913 gratia
2195 4841 2418 4903 electus,
2475 4837 2649 4907 gratia
2679 4833 2977 4904 prtescitns,
3015 4827 3182 4898 gratia
3219 4822 3564 4893 praedestina-

1993 4941 2098 4992 tus,
2129 4929 2472 4982 intromissus
2509 4935 2593 4979 est
2619 4965 2633 4987 ,
2667 4924 2807 4976 sicut
2832 4920 3015 4973 divino
3061 4916 3250 4984 spiritu
3302 4913 3564 4982 pandente

1992 5020 2372 5089 comperimus.
2410 5017 2612 5070 Electio
2659 5028 2761 5066 non
2805 5009 3064 5070 omnium,
3095 5006 3187 5060 sed
3212 5004 3561 5073 quorumdam

1995 5108 2279 5163 confitetur
2301 5107 2546 5160 salutem.
2564 5099 2908 5157 Przescientia
2929 5096 3253 5157 futurorum,
3272 5092 3424 5146 nobis
3441 5092 3562 5144 dun-

1995 5209 2164 5263 taxat,
2186 5215 2308 5252 nam
2324 5199 2432 5251 Deo
2450 5196 2604 5250 simul
2619 5201 2811 5264 prmsto
2829 5191 3166 5251 suntomuia,
3183 5184 3564 5258 pramotionem

1996 5290 2249 5344 insinuat.
2291 5285 2824 5340 Przedestinationem
2863 5290 3041 5334 autem
3082 5280 3134 5332 in
3172 5279 3312 5332 bono
3341 5272 3567 5342 positam

1995 5377 2224 5431 dicimus
2245 5376 2527 5428 ostendere
2545 5374 2596 5426 in
2622 5371 2822 5426 sanctis
2848 5369 3045 5424 litteris
3087 5367 3272 5436 gratiae
3303 5374 3571 5432 prmpara~

1995 5464 2192 5518 tionem
2216 5481 2229 5528 ;
2269 5463 2495 5532 gratiam
2523 5476 2651 5516 vero
2680 5461 2849 5530 ipsam
2873 5459 3175 5528 exprimere
3201 5451 3564 5509 donationem.

1993 5553 2218 5606 Prmscit
2247 5553 2389 5605 Deus
2409 5564 2742 5620 quzeznnquc
2766 5557 2858 5603 aut
2883 5549 3320 5602 facturusestaut
3345 5539 3573 5612 permis-

1991 5649 2404 5708 surus,utraquc
2420 5640 2560 5693 nulla
2579 5635 3312 5705 necessitate,231altcrum
3334 5641 3574 5683 commu-
