4034 6298
534 293 638 352 659

1558 294 1621 347 Β.
1663 293 1722 349 S.
1761 290 1920 349 LUPI
1954 291 2245 350 ABBATIS
2282 293 2790 351 FERRABIENSIS
3178 297 3185 304 ’
3673 274 3759 353 640

529 409 989 481 nioneinjustitim
1013 408 1903 480 nulla.Prmdestinatqu:ecunque
1933 410 2126 464 immu-
2154 416 2202 474 Α
2230 412 2454 475 stitisse,
2520 412 2688 466 Deum
2746 421 2923 467 autem
2991 428 3097 469 non
3155 412 3358 469 homini
3420 414 3763 472 necessitatem

530 504 772 559 tabiliter
802 503 983 558 facere
1003 503 1207 557 statuit.
1242 502 1355 557 lmo
1378 503 1558 557 omnia
1585 517 1705 571 quae
1734 500 1974 556 facturus
1998 500 2119 556 erat

531 603 660 651 tunc
675 594 1093 664 praedestinavit,
1108 594 1322 663 quando
1341 602 1534 648 cuncta
1547 608 1667 662 quae
1684 591 1858 646 futura
1871 600 2031 647 erant
2044 591 2120 647 fe-

533 685 630 739 cit.
659 684 893 738 Proinde
916 683 1319 753 pmdestinatio
1354 699 1630 752 nunquam
1676 692 1759 737 est
1803 682 1921 737 sine
1977 698 2119 752 prae-

533 774 783 830 scientia.
827 771 968 827 Nihil
998 773 1141 828 enim
1171 774 1313 842 quod
1354 774 1563 828 nesciat
1590 789 1649 827 se
1676 772 1947 832 facturum
1978 773 2120 828 Deus

533 865 904 935 praedestinat.
931 864 1279 919 Praescientia
1305 880 1434 919 vero
1470 873 1555 919 est
1578 873 1633 919 et
1658 864 1979 934 plerumque
2002 864 2119 918 sine

532 956 1009 1026 praedestinatione
1041 974 1052 1009 :
1086 956 1213 1025 quia
1242 956 1469 1012 crimina
1496 960 1875 1026 perversorum
1906 956 2120 1024 praescit

535 1046 699 1108 Deus,
727 1061 847 1115 quae
869 1048 1057 1117 utique
1083 1055 1143 1100 ut
1171 1062 1228 1102 se
1260 1046 1529 1101 facturum
1560 1063 1667 1100 non
1690 1046 2116 1117 prmdestinavit,

533 1135 610 1189 ita
634 1149 733 1191 nec
754 1134 902 1191 fecit.
934 1136 1414 1191 V’erumenimvero
1445 1136 1672 1206 praeﬁxit
1702 1150 1987 1190 numerum
2011 1135 2122 1190 ele-

536 1234 769 1292 ctorum,
798 1228 883 1283 cui
912 1228 1089 1282 nullus
1116 1228 1286 1297 possit
1325 1229 1533 1299 augeri,
1574 1227 1857 1296 nullusque
1909 1228 2122 1282 subtra-

536 1317 615 1382 hi,
665 1333 733 1372 ne
763 1319 1043 1374 videretur
1083 1319 1246 1382 Deus,
1295 1321 1439 1387 quod
1480 1318 1634 1373 nefas
1668 1327 1752 1372 est
1784 1319 2017 1386 opinari,
2066 1318 2119 1371 in

536 1411 769 1466 veritate
807 1426 918 1465 sure
947 1411 1437 1480 przedestinatiouis
1481 1425 1717 1465 errasse.
1763 1406 1970 1478 Siquis
1994 1421 2123 1462 vero

539 1502 668 1556 hinc
703 1501 841 1555 forte
868 1501 1178 1556 confirmari
1209 1501 1501 1566 desiderat,
1529 1501 1826 1554 instruetur
1870 1498 2123 1568 Baptistae

537 1589 762 1647 Joannis
800 1607 922 1661 quze
952 1591 1004 1645 in
1052 1592 1342 1661 Evangelio
1387 1590 1622 1646 refertur
1670 1590 1759 1644 illa
1811 1591 2122 1645 sententia:

541 1679 727 1734 Facile
766 1681 995 1750 fructum
1046 1682 1262 1751 dignum
1305 1682 1640 1751 paenitentiae,
1673 1690 1723 1734 et
1767 1680 1924 1733 nolite
1952 1681 2122 1733 dicere

2227 519 2385 558 casus
2417 503 2679 567 intulisse,
2703 512 3025 571 potestatem
3057 514 3236 561 tamen
3263 506 3588 574 permisisse,
3617 508 3765 576 ipsum

2225 608 2376 655 vere,
2427 601 2611 663 utpote
2643 594 2730 662 qui
2762 592 2889 649 fecit
2919 613 3038 666 qua:
3071 596 3250 651 futura
3280 607 3423 662 sunt,
3450 606 3505 653 et
3529 599 3613 670 qui
3638 612 3770 655 vocat

2225 697 2344 751 qua!
2376 698 2479 737 non
2511 693 2636 738 sunt
2673 695 2927 756 tanquam
2956 704 3018 742 ea
3049 704 3169 759 qua:
3190 698 3337 755 sunt,
3363 698 3416 744 et
3442 704 3623 745 casum
3654 708 3769 762 pne.

2226 773 2396 827 scisse
2424 775 2626 843 etquid
2671 791 2855 830 casum
2887 790 3208 848 sequeretur
3233 781 3597 845 constituisse,
3622 792 3677 836 ut
3707 784 3767 838 vi‘

2224 864 2422 918 delicet
2442 881 2612 935 genus
2640 867 2935 922 humanum
2967 885 3064 924 sua
3109 879 3301 941 sponte
3331 878 3657 942 corruptum,
3691 888 3773 927 nec

2226 963 2395 1010 totum
2468 966 2687 1027 prepter
2747 959 3180 1015 miscricordiam
3237 962 3625 1027 damnaretur,
3688 979 3773 1017 nec

2224 1054 2395 1100 totum
2426 1056 2647 1116 propter
2670 1049 2935 1118 justitiam
2988 1051 3309 1117 salvaretur,
3340 1051 3541 1106 nullam
3585 1053 3768 1122 patien-

2226 1143 2313 1188 tur
2337 1135 2497 1206 233
2529 1135 2834 1206 caliginem,
2868 1139 3035 1194 Deum
3060 1156 3196 1210 quos
3223 1150 3400 1197 rectos
3425 1142 3630 1209 origine
3668 1158 3778 1196 con-

2225 1223 2381 1289 didit,
2432 1224 2680 1280 voluntas
2727 1228 2945 1297 pr0pria
2991 1230 3223 1294 vitiavit,
3275 1245 3411 1299 quos
3462 1245 3570 1284 non
3611 1230 3780 1301 liberat

2226 1311 2528 1375 clementia,
2575 1314 2654 1368 sic
2694 1317 2884 1384 punire
2920 1315 3125 1383 judicio
3181 1327 3240 1371 ut
3274 1333 3381 1372 non
3425 1319 3561 1388 ipse,
3614 1334 3777 1372 verum

2225 1400 2326 1468 ipsi
2384 1403 2774 1457 convincantur
2822 1419 2933 1458 sua:
2978 1405 3342 1459 damnationis
3390 1416 3655 1459 auctores.
3701 1404 3783 1459 llic

2227 1493 2444 1562 aliquis,
2472 1494 2614 1548 unde
2646 1494 2849 1565 placari
2879 1495 3082 1562 debuit,
3116 1497 3301 1551 forsan
3327 1497 3594 1551 irritatior
3622 1496 3780 1549 dicat:

2227 1584 2294 1639 Et
2316 1585 2359 1637 si
2384 1586 2513 1639 mihi
2547 1586 2709 1653 semel
2738 1588 3069 1656 pereundum
3101 1599 3204 1652 est,
3244 1603 3341 1642 cur
3364 1586 3525 1655 hujus
3550 1587 3668 1641 vita:
3686 1600 3785 1654 pero

2229 1675 2297 1730 do
2334 1677 2684 1744 compendia?
2712 1693 2808 1731 cur
2838 1693 2958 1732 cum
3001 1679 3133 1732 mihi
3163 1678 3291 1732 alibi
3326 1691 3543 1745 semper
3572 1675 3785 1729 futurum

541 1769 684 1837 apud
730 1785 816 1822 vos
848 1785 866 1822 :
908 1766 1121 1821 Patrem
1156 1768 1404 1821 habemus
1456 1768 1767 1832 Abraham;
1814 1778 1993 1836 potens
2049 1777 2126 1821 est
2157 1757 2200 1815 B
2229 1773 2313 1818 est
2342 1763 2507 1829 male,
2533 1780 2637 1818 non
2690 1767 2762 1820 sit
2788 1767 2895 1835 hic
2944 1767 3259 1836 aliquandiu
3282 1766 3463 1821 bene?
3493 1780 3658 1836 quare
3698 1780 3787 1818 non

541 1858 679 1911 enim
708 1858 845 1911 Dens
874 1858 938 1910 de
969 1857 1230 1926 lapidibus
1274 1859 1389 1911 istis
1426 1858 1687 1911 suscitare
1725 1856 1865 1925 ﬁlios
1902 1856 2127 1911 Abralue

543 1947 697 2015 (an.
730 1954 833 2017 ut).
875 1947 988 2014 Qua
1020 1948 1155 2002 satis
1185 1948 1421 2002 ostendit
1466 1949 1545 2002 sic
1580 1948 1714 2002 istos
1756 1947 1859 2000 nisi
1891 1945 2127 2001 fructum

545 2036 775 2091 fecerint
819 2038 1189 2107 pnecidendos
1226 2047 1284 2090 ut
1311 2037 1708 2091 subslituantur
1754 2035 1844 2090 alii
1873 2037 1959 2091 vel
2005 2052 2127 2091 car-

544 2140 614 2180 ne
654 2125 736 2179 vel
765 2134 970 2179 tantum
1012 2126 1312 2179 imitatione
1361 2125 1453 2179 filii
1500 2125 1754 2190 Abrahae,
1782 2141 1849 2179 ne
1902 2134 2130 2180 nutante

544 2212 919 2282 promissionis
966 2213 1059 2267 Dei
1103 2212 1207 2267 lidc
1252 2213 1425 2282 possit
1469 2213 1664 2283 aliquis
1707 2221 1869 2268 certa:
1906 2229 2130 2269 summa:

547 2301 756 2354 deesse.
791 2301 858 2355 Et
904 2302 1078 2355 adhuc
1123 2303 1361 2370 apertius
1403 2303 1455 2356 in
1484 2302 1823 2373 Apocalypsi,
1855 2303 1945 2357 ubi
1986 2320 2126 2373 prte-

546 2393 742 2461 cipitur
771 2409 784 2447 :
818 2393 952 2447 Tene
975 2395 1114 2464 quod
1154 2406 1315 2461 tenes,
1363 2412 1425 2449 ne
1458 2395 1598 2449 alius
1633 2397 1855 2464 accipiat
1882 2413 2129 2450 coronam

546 2493 689 2535 tuam
717 2485 897 2553 (Apoc.
932 2485 1036 2555 ιιι).
1070 2482 1126 2539 Si
1166 2485 1308 2538 enim
1344 2485 1482 2552 alius
1527 2501 1634 2540 non
1661 2492 1745 2539 est
1784 2494 2129 2556 accepturus,

548 2570 656 2623 nisi
682 2571 782 2624 iste
807 2572 1082 2641 perdendo
1112 2576 1287 2628 locum
1312 2588 1540 2628 vacuum
1572 2572 1767 2628 fecerit
1788 2588 2129 2657 successurq,

546 2669 728 2716 certus
752 2671 834 2716 est
868 2679 1125 2718 numerus
1150 2664 1470 2719 electorum.
1499 2664 1572 2719 Ut
1602 2674 1783 2720 autem
1815 2666 1979 2721 etiam
2008 2681 2134 2736 per-

547 2754 873 2808 severaturis
913 2755 1135 2825 perinde
1179 2757 1282 2810 ista
1312 2757 1585 2821 dicantur,
1634 2756 1783 2811 velut
1820 2772 1917 2813 eos
1944 2773 2132 2828 perse-

549 2853 830 2899 veraturos
886 2844 1150 2899 habeatur
1196 2847 1482 2911 incertum,
1517 2847 1633 2901 ιιιεο
1666 2846 1808 2900 ratio
1844 2855 1957 2911 est,
1988 2846 2133 2916 quod

2230 1868 2421 1907 omnes
2465 1854 2757 1923 voluptatis
2784 1854 3001 1910 eﬂ‘undo
3039 1856 3299 1921 habenas,
3348 1862 3628 1923 totumque
3667 1853 3789 1922 quod

2230 1940 2459 1995 delectat
2512 1941 2769 2012 perﬁcio?
2826 1944 3097 1997 Averterit
3152 1944 3296 1998 Deus
3346 1943 3494 1997 hanc
3546 1943 3614 1997 ab
3663 1941 3789 1994 omni

2229 2031 2539 2087 Christiano
2588 2034 2852 2088 insaniam
2896 2043 2955 2089 ut
2982 2050 3040 2089 se
3083 2033 3280 2104 aliquis
3322 2034 3390 2088 de
3438 2046 3665 2101 nurnero
3687 2046 3790 2101 pcr-

2230 2124 2463 2179 ditorum
2491 2126 2699 2189 credat,
2746 2141 2805 2181 se
2836 2141 2869 2178 a
2895 2126 3035 2179 malo
3064 2125 3282 2199 reverti
3315 2140 3421 2180 non
3475 2138 3641 2194 posse
3677 2137 3790 2176 con-

2224 2213 2395 2283 jiciat,
2445 2229 2504 2268 se
2540 2215 2901 2270 inaestimabili
2934 2214 3026 2269 Dei
3072 2214 3359 2270 clementia
3408 2213 3607 2268 salvari
3656 2226 3791 2282 posse

2231 2302 2452 2358 difﬁdat.
2488 2302 2603 2358 Hoc
2647 2318 2834 2357 eorum
2881 2304 3081 2373 estqui
3124 2311 3410 2357 transeunt
3462 2303 3517 2356 in
3565 2301 3790 2355 attactum

2230 2397 2432 2462 cordis,
2455 2396 2558 2450 hoc
2585 2404 2682 2458 est,
2709 2397 2799 2465 qui
2823 2396 3018 2449 malum
3041 2409 3226 2449 amore
3248 2393 3542 2449 insatiabili
3566 2393 3789 2463 diligunt.

2231 2487 2361 2541 etin
2393 2500 2458 2540 eo
2498 2485 2695 2539 durare
2742 2484 3163 2539 obstinatissima
3215 2482 3523 2537 intentione
3565 2482 3793 2535 decreveo

2233 2583 2392 2639 runt,
2433 2584 2490 2629 et
2530 2575 2582 2628 in
2624 2585 2646 2614 ε
2679 2574 3067 2642 desperationis
3108 2572 3426 2627 barathrum
3478 2569 3790 2626 irrevocabili

2237 2680 2296 2720 se
2349 2664 2624 2733 impietate
2671 2672 2992 2719 merserunt.
3040 2663 3142 2731 Qui
3194 2676 3324 2716 vero
3372 2676 3432 2716 se
3477 2662 3789 2729 redemptum

2233 2755 2432 2811 Christi
2475 2754 2736 2825 sanguine
2790 2763 2940 2809 tanto
2983 2754 3156 2823 pretio
3202 2752 3489 2817 meminit,
3545 2752 3790 2805 initiatum

2233 2845 2557 2915 baptismate
2594 2854 2743 2899 tanto
2796 2852 2914 2899 sato
2958 2850 3300 2899 sacramento
3337 2857 3444 2897 non
3479 2843 3667 2901 nescit.
3697 2855 3793 2909 pte-

550 2941 727 2985 metns
762 2940 846 2986 est
895 2934 1235 2988 necessarius
1284 2935 1481 3003 quibus
1519 2934 1696 2989 adhuc
1723 2942 1904 3004 potest
1958 2934 2137 2989 subri-
2236 2934 2480 2989 nitentite
2510 2934 2714 2989 aditum
2744 2950 2857 2989 sua:
2881 2934 3069 2989 salutis
3099 2941 3475 3003 argumentum
3501 2942 3681 3002 patere
3701 2946 3790 2983 non

549 3034 678 3089 pere
728 3021 994 3089 superbia:
1042 3022 1285 3087 morbus,
1319 3030 1376 3075 et
1408 3015 1558 3075 tanta
1587 3021 1774 3076 subest
1821 3020 1906 3075 his
1958 3021 2135 3077 adlmc

2236 3022 2469 3089 dubitat,
2507 3040 2628 3089 cur,
2656 3040 2857 3093 quaeso,
2888 3025 3091 3095 potitus
3135 3023 3302 3101 tantis
3349 3023 3626 3078 beneﬁciis
3671 3021 3793 3075 nullo

551 3112 861 3173 infirmitas,
888 3112 1008 3179 q‘uze
1049 3126 1153 3164 non
1185 3111 1478 3167 securitate
1522 3110 1774 3177 fovenda,
1809 3104 1902 3166 sed
1928 3094 2032 3165 alia
2065 3111 2134 3166 sit
2161 3099 2207 3163 C
2237 3125 2337 3165 suo
2361 3112 2554 3167 merito
2585 3113 2689 3167 nisi
2718 3094 2901 3177 malo,
2936 3128 3043 3167 non
3096 3096 3400 3168 indefessus
3457 3111 3720 3181 implorat,
3747 3119 3795 3161 ιιι

552 3199 870 3252 inﬁrmitate
900 3199 1155 3253 sedanda.
1192 3200 1385 3254 Veniat
1415 3200 1568 3255 nobis
1600 3201 1652 3254 in
1702 3208 1937 3254 mentem
1970 3198 2132 3271 232

550 3289 858 3358 Apostolus,
907 3291 993 3344 cui
1018 3291 1262 3359 corporis
1294 3291 1557 3345 incertum
1586 3308 1652 3345 an
1684 3291 1883 3345 mentis
1926 3290 2134 3345 incom-

552 3380 714 3433 muzlo
742 3380 1008 3434 laboranti
1040 3389 1093 3435 et
1123 3381 1419 3435 remedium
1449 3381 1715 3452 ﬂagitanti
1744 3382 1986 3437 cmlestis
2015 3397 2129 3435 me-

552 3471 727 3535 dicus,
764 3472 852 3540 qui
876 3472 1038 3527 sciret
1064 3488 1226 3542 quam
1259 3473 1374 3543 ipse
1414 3474 1607 3529 melius
1653 3474 1785 3544 quid
1823 3477 1873 3528 ei
1919 3490 2133 3544 compe-

551 3569 709 3625 teret,
752 3560 1082 3616 inﬁrmitatis
1122 3563 1420 3618 antidotum
1472 3564 1767 3618 convenire
1815 3565 2134 3619 monstravit

550 3653 692 3706 hanc
720 3653 1276 3722 praedestinationem,
1304 3655 1430 3725 quia
1464 3654 1608 3710 Deus
1626 3654 1882 3710 evolvens
1902 3656 2130 3725 gratiam

550 3754 574 3781 ι
598 3741 724 3796 facit
750 3754 985 3808 sanctos,
1018 3760 1122 3800 non
1141 3747 1365 3810 invenit,
1393 3755 1448 3800 et
1469 3753 1591 3815 post
1611 3761 1902 3801 excursum
1923 3747 2133 3802 inStan-

550 3832 619 3886 tis
644 3834 779 3915 vitae.
810 3833 1024 3902 perﬁcit
1047 3845 1102 3889 et
1136 3844 1377 3889 coronat.
1411 3834 1584 3899 Hanc,
1630 3836 1877 3905 inquam,
1921 3835 2127 3904 praede-

548 3923 927 3987 stinationem,
960 3940 1079 3993 qua:
1112 3925 1410 3979 illustribus
1436 3925 1604 3979 divini
1644 3925 1841 3995 eloquii
1881 3926 2127 3980 testimo-

548 4013 655 4065 niis
680 4021 732 4065 et
773 4014 1282 4084 inexpugnabilibus
1313 4016 1651 4087 argumentis
1692 4016 1972 4078 astruitur,
2004 4016 2134 4070 lide-

548 4101 628 4155 les
659 4102 858 4173 quique
888 4104 1089 4173 passim
1118 4107 1436 4175 suscipiunt,
1469 4114 1785 4161 constanter
1815 4105 2129 4171 defendunt,

551 4193 604 4247 in
639 4194 740 4247 hac
788 4203 846 4247 nt
880 4210 978 4264 par
1025 4205 1110 4250 est
1152 4199 1396 4266 suspensi
1449 4213 1600 4266 spem
1652 4212 1763 4251 suae
1814 4196 2004 4251 salutis
2041 4197 2131 4265 pio

546 4298 812 4337 consensu
848 4294 1145 4354 reponunt,
1188 4284 1287 4341 nec
1326 4288 1617 4342 immerito.
1662 4285 1941 4356 Siquidem
1985 4287 2130 4341 nulla

548 4376 631 4426 via
694 4374 885 4429 salutis
938 4376 1186 4430 humanae
1236 4386 1411 4446 potest
1463 4376 1691 4431 inveniri
1742 4385 1939 4446 przeter
1989 4377 2129 4431 hanc

2236 3199 2399 3254 etiam
2431 3208 2487 3254 et
2522 3201 2721 3255 bonum
2762 3202 3010 3254 meritum
3038 3216 3067 3253 a
3099 3201 3208 3255 Deo
3228 3209 3283 3254 et
3310 3216 3428 3270 qua:
3458 3201 3653 3255 bonum
3698 3214 3792 3253 mc-

2236 3289 2398 3344 ritum
2459 3300 2864 3359 consequuntur
2919 3290 3189 3359 accipiat?
3241 3290 3351 3344 Cur
3400 3305 3460 3345 se
3515 3303 3791 3361 regressum

2236 3379 2440 3434 habere
2468 3380 2593 3434 dum
2624 3381 2714 3435 hic
2757 3381 2892 3440 vivit
2936 3383 3208 3450 desperat,
3238 3396 3361 3436 cum
3408 3383 3592 3451 potius
3626 3380 3688 3435 de
3710 3380 3788 3435 bo-

2235 3471 2408 3524 nitate
2436 3470 2530 3524 Dei
2580 3485 2910 3540 praesumere
2940 3471 3158 3536 debeat,
3207 3472 3350 3541 quod
3397 3472 3524 3528 ideo
3568 3473 3705 3526 vivat
3743 3478 3792 3522 ιιι

2236 3558 2584 3628 semetipsum
2635 3561 2849 3616 tandem
2878 3561 3167 3630 aliquando
3211 3563 3497 3633 corrigat?
3525 3563 3652 3631 Quis
3672 3564 3790 3617 inte-

2235 3664 2332 3719 gre
2369 3663 2603 3716 unquam
2655 3667 2880 3720 sperare
2904 3651 2958 3706 in
3003 3653 3229 3707 Domino
3271 3654 3464 3722 potuit,
3496 3670 3595 3710 nec
3642 3653 3788 3723 potuit

2236 3739 2305 3793 ad
2356 3739 2570 3793 veniam
2621 3742 2937 3808 pervenire?
2998 3741 3113 3796 lino
3170 3757 3277 3796 suo
3341 3743 3573 3811 quisque
3611 3741 3789 3810 judicio

2235 3827 2522 3881 damnatus
2546 3827 2717 3899 fugiat
2744 3845 2773 3883 a
2814 3830 2923 3884 Deo
2952 3829 3019 3883 ad
3048 3829 3237 3893 Deum,
3280 3831 3350 3883 ab
3376 3830 3518 3905 irato
3541 3831 3660 3885 dum
3684 3844 3787 3898 pee-

2234 3927 2342 3982 cat,
2379 3918 2447 3971 ad
2492 3917 2759 3985 placatum
2816 3918 2941 3971 dum
3002 3918 3252 3988 pmnitet.
3314 3917 3539 3972 Revelet
3590 3917 3787 3971 Domino

2233 4009 2373 4061 viam
2402 4023 2576 4072 suam,
2603 4018 2658 4062 et
2682 4015 2863 4077 speret
2904 4008 2957 4062 in
2982 4023 3128 4072 cum,
3169 4015 3225 4061 et
3271 4009 3385 4077 ipse
3431 4007 3608 4067 faciet.
3648 4002 3784 4074 235

2232 4099 2439 4154 scilicet
2463 4108 2520 4152 ut
2540 4099 2679 4152 mala
2705 4100 2860 4168 plena
2906 4100 3145 4163 deserat,
3171 4108 3228 4154 et
3257 4101 3395 4153 bona
3419 4097 3535 4167 jam
3562 4096 3785 4153 ardenter

2232 4203 2295 4243 ac
2330 4188 2723 4243 delectabiliter
2771 4188 3139 4258 apprehendat
3202 4188 3295 4243 Ille
3342 4203 3448 4244 non
3498 4195 3664 4257 potest
3705 4181 3779 4235 Del

2231 4277 2656 4332 misericordiam
2692 4277 2948 4347 consequi
2995 4277 3165 4345 quiin
3197 4276 3290 4330 illo
3310 4291 3545 4345 sperare
3560 4290 3659 4329 non
3696 4286 3777 4339 po-

2233 4374 2355 4419 test.
2404 4364 2537 4418 Nam
2592 4375 2881 4433 sperantem
2929 4367 2985 4419 in
3034 4365 3283 4428 Domino,
3343 4372 3404 4419 ut
3459 4365 3571 4434 ipse
3614 4359 3775 4431 aperit.

546 4478 706 4532 quam
735 4480 856 4534 qtae
879 4467 1130 4534 praestitit
1164 4442 1345 4520 divina
1373 4469 1547 4536 gratia
1579 4442 1984 4523 demonstravit.
2013 4467 2126 4523 Hac

2233 4454 2590 4509 misericordia
2634 4455 2998 4509 circumdabit.
3032 4454 3256 4523 Oquam
3307 4463 3483 4508 tutum
3525 4462 3608 4508 est
3649 4449 3776 4505 nobis

542 4555 779 4609 exclusis
822 4556 999 4611 nullus
1040 4558 1261 4611 onmiao
1300 4566 1446 4626 patet
1501 4558 1704 4612 reditus
1756 4559 1823 4613 ad
1871 4557 2120 4612 salutem.

542 4645 620 4699 De
647 4646 733 4700 his
773 4648 1302 4715 praedestinationem
1336 4648 1430 4701 Dei
1474 4647 1577 4701 dici
1622 4648 1845 4701 horrent
1883 4643 2126 4717 plerique

500 4746 511 4777 ἰ
543 4746 707 4803 atque
750 4735 1041 4805 refugiunt,
1086 4739 1138 4791 in
1188 4739 1386 4807 quibus
1431 4750 1485 4792 et
1530 4739 1770 4813 quaedam
1798 4739 1826 4778 1³
1866 4739 2123 4808 prmclara

542 4823 838 4878 I’raesulum
864 4826 1087 4886 lumina.
1118 4829 1325 4883 scilicet
1356 4844 1421 4883 ne
1449 4830 1703 4884 credatur
1728 4829 1868 4884 Deus
1900 4829 2122 4884 libiditte

541 4914 795 4982 puniendi
824 4916 1034 4987 aliquos
1058 4921 1360 4976 condidisse
1403 4930 1458 4976 et
1492 4919 1694 4989 injuste
1734 4925 1993 4978 damnare
2030 4938 2124 4978 eos

542 5008 633 5074 qui
671 5022 776 5059 non
823 4996 1088 5063 valuerint
1122 5020 1398 5079 peccatum
1437 5028 1502 5065 ac
1535 5026 1630 5081 per
1657 5012 1758 5065 hoc
1799 5026 1899 5066 nec
1924 5012 2123 5082 suppli-

541 5094 685 5147 cium
720 5095 1010 5151 declinare.
1044 5101 1143 5166 ριιί
1191 5102 1235 5154 si
1267 5102 1630 5166 attenderem,
1672 5102 1814 5156 sicut
1857 5103 1907 5155 in
1952 5102 2122 5156 Adam

544 5185 637 5240 illo
660 5185 932 5242 voluntate
958 5178 1217 5257 peccante
1246 5206 1436 5247 omnes
1460 5202 1841 5262 peccaverunt,
1874 5193 1945 5261 ita
1970 5193 2122 5263 prius

545 5277 636 5331 illo
670 5280 874 5349 absque
903 5282 1037 5336 vitio
1080 5285 1348 5341 existente
1376 5301 1564 5342 omnes
1602 5286 1810 5357 absque
1851 5285 1986 5341 vitio
2026 5301 2121 5340 ex-

615 5400 641 5428 ι
672 5387 824 5443 Facit
875 5403 1103 5457 sanctos,
1147 5412 1249 5448 non
1302 5396 1511 5449 invenit.
1541 5395 1814 5452 Imitatum
1860 5395 2002 5451 istud
2044 5394 2124 5449 vi-

544 5458 787 5535 deturcx
830 5459 1017 5535 Tacito
1056 5464 1108 5516 in
1132 5462 1577 5535 AYitaAgricolaa:
1622 5487 1639 5517 ι
1679 5466 1979 5524 Rarissima
2009 5481 2127 5535 mo-.

546 5528 829 5610 iteratione
860 5530 1048 5586 maluit
1094 5532 1264 5587 videri
1307 5528 1577 5591 invenisse
1623 5538 1812 5604 bonos,
1842 5552 2004 5608 quam
2045 5534 2123 5591 fe-

541 5614 699 5654 eisse.
737 5618 754 5649 ι

617 5669 644 5710 ι)
672 5668 943 5725 Pra'clara
970 5670 1253 5740 pra’sulnm
1282 5674 1500 5729 .umina.
1520 5674 1773 5744 lnlclligit
1793 5676 1933 5732 haud
1963 5674 2123 5732 dubie

2234 4544 2288 4598 in
2319 4545 2412 4598 Dei
2466 4546 2664 4617 pietate
2712 4544 3059 4614 perfugium!
3101 4545 3332 4600 Paratus
3378 4554 3465 4600 est
3501 4545 3636 4599 Deus
3663 4555 3775 4608 par-

2233 4648 2357 4687 cere
2387 4634 2642 4702 subjectis
2685 4642 2740 4687 et
2779 4634 3050 4698 debellare
3086 4636 3366 4703 superbos.
3394 4634 3489 4689 llis
3507 4635 3596 4704 qui
3643 4630 3775 4684 relin-

2231 4731 2404 4791 quunt
2429 4723 2663 4791 culpant,
2691 4731 2747 4776 et
2784 4723 3209 4793 lacrymabiliter
3256 4724 3527 4792 postulant
3572 4721 3769 4777 veniam.

2233 4811 2406 4865 facilis
2430 4819 2512 4865 cst
2556 4820 2817 4881 praestare
2866 4811 3278 4881 indulgentiam.
3333 4812 3465 4880 Quis
3518 4827 3621 4865 non
3656 4810 3771 4863 hunc

2232 4901 2456 4954 multum
2484 4900 2691 4971 diligat,
2734 4910 2791 4954 ut
2818 4900 2918 4955 sibi
2969 4901 3166 4955 dimitti
3214 4910 3436 4969 peccata
3466 4899 3625 4953 multa
3657 4894 3772 4948 obii:

2229 4990 2397 5043 neat?
2423 4988 2672 5043 Festinus
2713 5004 2844 5057 ergo
2869 4989 3097 5057 quisque
3136 4989 3201 5040 ad
3236 4989 3565 5056 paenitentia:
3591 4993 3768 5055 portum

2230 5075 2527 5147 confugiat,
2556 5091 2779 5130 securus
2818 5077 3189 5145 apprehendat
3216 5085 3274 5130 et
3307 5084 3504 5131 teneat.
3540 5075 3770 5140 Proponit!

2230 5167 2331 5220 sibi
2361 5167 2589 5235 quisque
2619 5165 2807 5219 aemula
2847 5166 3046 5236 pietate
3076 5165 3239 5219 David
3284 5180 3465 5234 regem
3505 5174 3569 5220 eL
3588 5161 3767 5215 Petrum

2231 5258 2533 5329 apostolum
2560 5274 2574 5323 ;
2598 5273 2825 5327 quorum
2852 5273 2991 5312 unus
3023 5258 3088 5311 de
3125 5256 3392 5312 adulterio
3420 5264 3474 5311 et
3519 5248 3769 5313 homicidio

2229 5394 2575 5449 llincmarum
2628 5391 2988 5448 Rhemensem
3013 5432 3030 5456 ,
3077 5390 3355 5444 Babanum
3403 5388 3765 5459 Moguntinunn

2230 5464 2521 5536 Pardulum
2542 5462 2980 5536 Laudunensem,
3010 5453 3077 5517 ac
3097 5459 3325 5536 fortasse
3347 5453 3764 5536 alios‘nmuntlloa.

2304 5544 2325 5573 ε
2359 5532 2746 5602 Desperationis
2766 5520 3324 5602 barathr_nm.Epist._5
3354 5547 3367 5582 :
3393 5548 3410 5579 ι
3446 5529 3610 5602 Etiam
3636 5520 3766 5602 inde

2235 5591 2556 5673 sperationis
2574 5602 2888 5673 barathrum
2908 5600 3140 5673 dejicere
3151 5591 3473 5668 potuissent.
3489 5597 3665 5665 »Ειιίει.
3685 5591 3737 5644 ‘Jt
3752 5604 3769 5639 ι

2242 5671 2278 5727 ι’
2300 5674 2355 5729 ιιι
2378 5672 2770 5745 desperationis
2794 5671 3108 5727 barathrum
3138 5683 3471 5724 corruamus.
3508 5687 3525 5721 ι
