  <div class='ocr_page' id='page_1' title='image "/cluster/home/n/w/nwhite01/storage/ocr_20150623/119/hvd.32044015466915/326.png"; bbox 0 0 4034 6298; ppageno 0'>
   <div class='ocr_carea' id='block_1_1' title="bbox 188 366 1789 435">
    <p class='ocr_par' dir='ltr' id='par_1_1' title="bbox 188 366 1788 430">
     <span class='ocr_line' id='line_1_1' title="bbox 188 366 1788 430; baseline -0.004 0"><span class='ocrx_word' id='word_1_1' title='bbox 188 366 191 371; x_wconf 6' lang='grc' dir='ltr'>ἱ</span> <span class='ocrx_word' id='word_1_2' title='bbox 215 372 318 430; x_wconf 68' lang='grc'><strong>641</strong></span> <span class='ocrx_word' id='word_1_3' title='bbox 1259 396 1264 401; x_wconf 77' lang='lat'><strong><em>-</em></strong></span> <span class='ocrx_word' id='word_1_4' title='bbox 1285 371 1413 426; x_wconf 86' lang='lat' dir='ltr'><strong>LIB.</strong></span> <span class='ocrx_word' id='word_1_5' title='bbox 1453 370 1542 426; x_wconf 91' lang='lat' dir='ltr'><strong>DE</strong></span> <span class='ocrx_word' id='word_1_6' title='bbox 1582 366 1788 424; x_wconf 81' lang='lat' dir='ltr'><strong>TRIBU</strong></span> 
     </span>
    </p>
   </div>
   <div class='ocr_carea' id='block_1_2' title="bbox 1891 366 3475 435">
    <p class='ocr_par' dir='ltr' id='par_1_2' title="bbox 1891 367 3475 435">
     <span class='ocr_line' id='line_1_2' title="bbox 1891 367 3475 435; baseline 0.004 -12"><span class='ocrx_word' id='word_1_7' title='bbox 1891 367 2422 435; x_wconf 63' lang='lat' dir='ltr'><strong>IUA&#39;ZSTIONIBUS.</strong></span> <span class='ocrx_word' id='word_1_8' title='bbox 3369 372 3475 431; x_wconf 61' lang='grc' dir='ltr'><strong>διε</strong></span> 
     </span>
    </p>
   </div>
   <div class='ocr_carea' id='block_1_3' title="bbox 213 480 3467 558">
    <p class='ocr_par' dir='ltr' id='par_1_3' title="bbox 213 480 3467 558">
     <span class='ocr_line' id='line_1_3' title="bbox 213 480 3467 558; baseline -0 -16"><span class='ocrx_word' id='word_1_9' title='bbox 213 488 548 558; x_wconf 86' lang='lat' dir='ltr'><strong>increpatus,</strong></span> <span class='ocrx_word' id='word_1_10' title='bbox 575 495 636 541; x_wconf 91' lang='lat' dir='ltr'><strong>ut</strong></span> <span class='ocrx_word' id='word_1_11' title='bbox 662 500 763 556; x_wconf 88' lang='lat' dir='ltr'><strong>par</strong></span> <span class='ocrx_word' id='word_1_12' title='bbox 798 485 920 550; x_wconf 84' lang='lat' dir='ltr'><strong>fuit,</strong></span> <span class='ocrx_word' id='word_1_13' title='bbox 953 486 1148 556; x_wconf 83' lang='lat' dir='ltr'><strong>insigni</strong></span> <span class='ocrx_word' id='word_1_14' title='bbox 1190 484 1396 548; x_wconf 88' lang='lat' dir='ltr'><strong>dolore,</strong></span> <span class='ocrx_word' id='word_1_15' title='bbox 1421 483 1629 551; x_wconf 83' lang='lat' dir='ltr'><strong>peccavi</strong></span> <span class='ocrx_word' id='word_1_16' title='bbox 1690 480 1793 534; x_wconf 90' lang='lat' dir='ltr'><strong>Do-</strong></span> <span class='ocrx_word' id='word_1_17' title='bbox 1826 486 1876 546; x_wconf 80' lang='grc' dir='ltr'><strong>Α</strong></span> <span class='ocrx_word' id='word_1_18' title='bbox 1902 481 2065 552; x_wconf 78' lang='lat'><strong>236</strong></span> <span class='ocrx_word' id='word_1_19' title='bbox 2108 482 2324 547; x_wconf 88' lang='lat' dir='ltr'><strong>debeat,</strong></span> <span class='ocrx_word' id='word_1_20' title='bbox 2373 481 2671 538; x_wconf 89' lang='lat' dir='ltr'><strong>malitiosus</strong></span> <span class='ocrx_word' id='word_1_21' title='bbox 2700 498 2806 539; x_wconf 90' lang='lat' dir='ltr'><strong>non</strong></span> <span class='ocrx_word' id='word_1_22' title='bbox 2850 483 3089 539; x_wconf 74' lang='lat' dir='ltr'><strong>inveniat</strong></span> <span class='ocrx_word' id='word_1_23' title='bbox 3133 483 3189 539; x_wconf 92' lang='lat' dir='ltr'><strong>in</strong></span> <span class='ocrx_word' id='word_1_24' title='bbox 3235 499 3301 540; x_wconf 90' lang='lat' dir='ltr'><strong>eo</strong></span> <span class='ocrx_word' id='word_1_25' title='bbox 3323 486 3467 555; x_wconf 91' lang='lat' dir='ltr'><strong>quod</strong></span> 
     </span>
    </p>
   </div>
   <div class='ocr_carea' id='block_1_4' title="bbox 212 570 3469 647">
    <p class='ocr_par' dir='ltr' id='par_1_4' title="bbox 212 570 3469 647">
     <span class='ocr_line' id='line_1_4' title="bbox 212 570 3469 647; baseline -0.001 -17"><span class='ocrx_word' id='word_1_26' title='bbox 212 577 358 630; x_wconf 82' lang='lat' dir='ltr'><strong>mino</strong></span> <span class='ocrx_word' id='word_1_27' title='bbox 406 577 543 631; x_wconf 80' lang='lat' dir='ltr'><strong>dixit</strong></span> <span class='ocrx_word' id='word_1_28' title='bbox 570 574 657 647; x_wconf 82' lang='grc'><strong>(11</strong></span> <span class='ocrx_word' id='word_1_29' title='bbox 699 574 827 646; x_wconf 85' lang='lat' dir='ltr'><strong>Reg.</strong></span> <span class='ocrx_word' id='word_1_30' title='bbox 854 574 975 646; x_wconf 81' lang='lat' dir='ltr'><strong>xu),</strong></span> <span class='ocrx_word' id='word_1_31' title='bbox 1010 584 1066 629; x_wconf 89' lang='lat' dir='ltr'><strong>et</strong></span> <span class='ocrx_word' id='word_1_32' title='bbox 1096 587 1123 615; x_wconf 75' lang='grc' dir='ltr'><strong>ι</strong></span> <span class='ocrx_word' id='word_1_33' title='bbox 1154 573 1471 629; x_wconf 85' lang='lat' dir='ltr'><strong>translatum</strong></span> <span class='ocrx_word' id='word_1_34' title='bbox 1508 587 1631 628; x_wconf 79' lang='lat' dir='ltr'><strong>mox</strong></span> <span class='ocrx_word' id='word_1_35' title='bbox 1673 586 1799 641; x_wconf 89' lang='lat' dir='ltr'><strong>pec-</strong></span> <span class='ocrx_word' id='word_1_36' title='bbox 1891 570 2038 640; x_wconf 86' lang='lat' dir='ltr'><strong>juste</strong></span> <span class='ocrx_word' id='word_1_37' title='bbox 2067 571 2445 640; x_wconf 75' lang='lat' dir='ltr'><strong>reprehendat.</strong></span> <span class='ocrx_word' id='word_1_38' title='bbox 2475 571 2607 639; x_wconf 85' lang='lat' dir='ltr'><strong>Quis</strong></span> <span class='ocrx_word' id='word_1_39' title='bbox 2638 572 2728 627; x_wconf 91' lang='lat' dir='ltr'><strong>illo</strong></span> <span class='ocrx_word' id='word_1_40' title='bbox 2750 573 2988 642; x_wconf 85' lang='lat' dir='ltr'><strong>pressius</strong></span> <span class='ocrx_word' id='word_1_41' title='bbox 3018 573 3151 628; x_wconf 85' lang='lat' dir='ltr'><strong>vilia</strong></span> <span class='ocrx_word' id='word_1_42' title='bbox 3179 574 3415 628; x_wconf 87' lang='lat' dir='ltr'><strong>resecuit</strong></span> <span class='ocrx_word' id='word_1_43' title='bbox 3444 574 3469 627; x_wconf 84' lang='lat'><strong>?</strong></span> 
     </span>
    </p>
   </div>
   <div class='ocr_carea' id='block_1_5' title="bbox 209 664 1799 733">
    <p class='ocr_par' dir='ltr' id='par_1_5' title="bbox 209 664 1799 733">
     <span class='ocr_line' id='line_1_5' title="bbox 209 664 1799 733; baseline -0.001 -12"><span class='ocrx_word' id='word_1_44' title='bbox 209 676 415 733; x_wconf 87' lang='lat' dir='ltr'><strong>catum,</strong></span> <span class='ocrx_word' id='word_1_45' title='bbox 448 684 550 724; x_wconf 90' lang='lat' dir='ltr'><strong>nec</strong></span> <span class='ocrx_word' id='word_1_46' title='bbox 570 684 630 725; x_wconf 91' lang='lat' dir='ltr'><strong>se</strong></span> <span class='ocrx_word' id='word_1_47' title='bbox 665 668 984 725; x_wconf 84' lang='lat' dir='ltr'><strong>moriturum</strong></span> <span class='ocrx_word' id='word_1_48' title='bbox 1013 667 1201 723; x_wconf 88' lang='lat' dir='ltr'><strong>audire</strong></span> <span class='ocrx_word' id='word_1_49' title='bbox 1235 666 1471 720; x_wconf 88' lang='lat' dir='ltr'><strong>meruit:</strong></span> <span class='ocrx_word' id='word_1_50' title='bbox 1497 664 1633 720; x_wconf 89' lang='lat' dir='ltr'><strong>alter</strong></span> <span class='ocrx_word' id='word_1_51' title='bbox 1669 679 1799 720; x_wconf 90' lang='lat' dir='ltr'><strong>vero</strong></span> 
     </span>
    </p>
   </div>
   <div class='ocr_carea' id='block_1_6' title="bbox 212 756 1797 829">
    <p class='ocr_par' dir='ltr' id='par_1_6' title="bbox 212 756 1797 829">
     <span class='ocr_line' id='line_1_6' title="bbox 212 756 1797 829; baseline 0.004 -18"><span class='ocrx_word' id='word_1_52' title='bbox 212 768 501 827; x_wconf 83' lang='lat' dir='ltr'><strong>respectus</strong></span> <span class='ocrx_word' id='word_1_53' title='bbox 527 761 598 815; x_wconf 85' lang='lat' dir='ltr'><strong>ab</strong></span> <span class='ocrx_word' id='word_1_54' title='bbox 622 775 688 815; x_wconf 90' lang='lat' dir='ltr'><strong>eo</strong></span> <span class='ocrx_word' id='word_1_55' title='bbox 713 760 806 829; x_wconf 88' lang='lat' dir='ltr'><strong>qui</strong></span> <span class='ocrx_word' id='word_1_56' title='bbox 829 759 1101 829; x_wconf 78' lang='lat' dir='ltr'><strong>paulisper</strong></span> <span class='ocrx_word' id='word_1_57' title='bbox 1118 766 1400 813; x_wconf 70' lang='lat' dir='ltr'><strong>averterat</strong></span> <span class='ocrx_word' id='word_1_58' title='bbox 1420 758 1489 812; x_wconf 91' lang='lat' dir='ltr'><strong>ab</strong></span> <span class='ocrx_word' id='word_1_59' title='bbox 1508 773 1576 812; x_wconf 90' lang='lat' dir='ltr'><strong>eo</strong></span> <span class='ocrx_word' id='word_1_60' title='bbox 1601 756 1797 817; x_wconf 79' lang='lat' dir='ltr'><strong>faciem</strong></span> 
     </span>
    </p>
   </div>
   <div class='ocr_carea' id='block_1_7' title="bbox 206 846 1799 919">
    <p class='ocr_par' dir='ltr' id='par_1_7' title="bbox 206 846 1799 919">
     <span class='ocr_line' id='line_1_7' title="bbox 206 846 1799 919; baseline 0.001 -20"><span class='ocrx_word' id='word_1_61' title='bbox 206 861 388 913; x_wconf 86' lang='lat' dir='ltr'><strong>suam,</strong></span> <span class='ocrx_word' id='word_1_62' title='bbox 417 856 471 902; x_wconf 90' lang='lat' dir='ltr'><strong>et</strong></span> <span class='ocrx_word' id='word_1_63' title='bbox 513 857 799 919; x_wconf 83' lang='lat' dir='ltr'><strong>propterea</strong></span> <span class='ocrx_word' id='word_1_64' title='bbox 837 847 1011 907; x_wconf 86' lang='lat' dir='ltr'><strong>factus</strong></span> <span class='ocrx_word' id='word_1_65' title='bbox 1054 846 1231 903; x_wconf 79' lang='lat' dir='ltr'><strong>fuerat</strong></span> <span class='ocrx_word' id='word_1_66' title='bbox 1275 849 1664 910; x_wconf 77' lang='lat' dir='ltr'><strong>conturbatus,</strong></span> <span class='ocrx_word' id='word_1_67' title='bbox 1712 862 1799 901; x_wconf 89' lang='lat' dir='ltr'><strong>re-</strong></span> 
     </span>
    </p>
   </div>
   <div class='ocr_carea' id='block_1_8' title="bbox 206 937 1795 1009">
    <p class='ocr_par' dir='ltr' id='par_1_8' title="bbox 206 937 1795 1009">
     <span class='ocr_line' id='line_1_8' title="bbox 206 937 1795 1009; baseline -0.001 -16"><span class='ocrx_word' id='word_1_68' title='bbox 206 947 451 1007; x_wconf 83' lang='lat' dir='ltr'><strong>spectus,</strong></span> <span class='ocrx_word' id='word_1_69' title='bbox 492 939 733 1009; x_wconf 88' lang='lat' dir='ltr'><strong>inquam,</strong></span> <span class='ocrx_word' id='word_1_70' title='bbox 801 939 852 994; x_wconf 91' lang='lat' dir='ltr'><strong>id</strong></span> <span class='ocrx_word' id='word_1_71' title='bbox 902 947 985 994; x_wconf 85' lang='lat' dir='ltr'><strong>est</strong></span> <span class='ocrx_word' id='word_1_72' title='bbox 1055 939 1110 993; x_wconf 86' lang='lat' dir='ltr'><strong>in</strong></span> <span class='ocrx_word' id='word_1_73' title='bbox 1158 937 1410 997; x_wconf 78' lang='lat' dir='ltr'><strong>affectum</strong></span> <span class='ocrx_word' id='word_1_74' title='bbox 1459 938 1795 1007; x_wconf 67' lang='lat' dir='ltr'><strong>paenitentiae</strong></span> 
     </span>
    </p>
   </div>
   <div class='ocr_carea' id='block_1_9' title="bbox 205 1026 1794 1098">
    <p class='ocr_par' dir='ltr' id='par_1_9' title="bbox 205 1026 1794 1098">
     <span class='ocr_line' id='line_1_9' title="bbox 205 1026 1794 1098; baseline 0.002 -20"><span class='ocrx_word' id='word_1_75' title='bbox 205 1027 498 1091; x_wconf 78' lang='lat' dir='ltr'><strong>excitatus,</strong></span> <span class='ocrx_word' id='word_1_76' title='bbox 531 1028 834 1098; x_wconf 83' lang='lat' dir='ltr'><strong>negationis</strong></span> <span class='ocrx_word' id='word_1_77' title='bbox 881 1027 975 1082; x_wconf 87' lang='lat' dir='ltr'><strong>Dei</strong></span> <span class='ocrx_word' id='word_1_78' title='bbox 1027 1027 1312 1093; x_wconf 88' lang='lat' dir='ltr'><strong>maculam,</strong></span> <span class='ocrx_word' id='word_1_79' title='bbox 1368 1036 1577 1081; x_wconf 89' lang='lat' dir='ltr'><strong>tantum</strong></span> <span class='ocrx_word' id='word_1_80' title='bbox 1619 1026 1794 1092; x_wconf 90' lang='lat' dir='ltr'><strong>nefas,</strong></span> 
     </span>
    </p>
   </div>
   <div class='ocr_carea' id='block_1_10' title="bbox 207 1115 1799 1187">
    <p class='ocr_par' dir='ltr' id='par_1_10' title="bbox 207 1115 1799 1187">
     <span class='ocr_line' id='line_1_10' title="bbox 207 1115 1799 1187; baseline 0.001 -18"><span class='ocrx_word' id='word_1_81' title='bbox 207 1115 358 1170; x_wconf 82' lang='lat' dir='ltr'><strong>dicto</strong></span> <span class='ocrx_word' id='word_1_82' title='bbox 418 1117 577 1171; x_wconf 80' lang='lat' dir='ltr'><strong>citius</strong></span> <span class='ocrx_word' id='word_1_83' title='bbox 627 1117 830 1172; x_wconf 88' lang='lat' dir='ltr'><strong>amaris</strong></span> <span class='ocrx_word' id='word_1_84' title='bbox 879 1116 1131 1187; x_wconf 87' lang='lat' dir='ltr'><strong>lacrymis</strong></span> <span class='ocrx_word' id='word_1_85' title='bbox 1172 1117 1368 1180; x_wconf 90' lang='lat' dir='ltr'><strong>diluit,</strong></span> <span class='ocrx_word' id='word_1_86' title='bbox 1422 1115 1676 1171; x_wconf 86' lang='lat' dir='ltr'><strong>abolevit.</strong></span> <span class='ocrx_word' id='word_1_87' title='bbox 1727 1115 1799 1170; x_wconf 87' lang='lat' dir='ltr'><strong>At</strong></span> 
     </span>
    </p>
   </div>
   <div class='ocr_carea' id='block_1_11' title="bbox 204 1203 1795 1274">
    <p class='ocr_par' dir='ltr' id='par_1_11' title="bbox 204 1203 1795 1274">
     <span class='ocr_line' id='line_1_11' title="bbox 204 1203 1795 1274; baseline 0.003 -18"><span class='ocrx_word' id='word_1_88' title='bbox 204 1204 252 1257; x_wconf 82' lang='lat' dir='ltr'><strong>si</strong></span> <span class='ocrx_word' id='word_1_89' title='bbox 311 1203 432 1271; x_wconf 88' lang='lat' dir='ltr'><strong>quis</strong></span> <span class='ocrx_word' id='word_1_90' title='bbox 462 1211 736 1261; x_wconf 88' lang='lat' dir='ltr'><strong>tantorum</strong></span> <span class='ocrx_word' id='word_1_91' title='bbox 774 1204 1013 1259; x_wconf 91' lang='lat' dir='ltr'><strong>virorum</strong></span> <span class='ocrx_word' id='word_1_92' title='bbox 1052 1204 1509 1274; x_wconf 86' lang='lat' dir='ltr'><strong>contemplatione</strong></span> <span class='ocrx_word' id='word_1_93' title='bbox 1538 1205 1795 1274; x_wconf 85' lang='lat' dir='ltr'><strong>despera-</strong></span> 
     </span>
    </p>
   </div>
   <div class='ocr_carea' id='block_1_12' title="bbox 205 1292 1797 1365">
    <p class='ocr_par' dir='ltr' id='par_1_12' title="bbox 205 1292 1797 1365">
     <span class='ocr_line' id='line_1_12' title="bbox 205 1292 1797 1365; baseline 0.003 -21"><span class='ocrx_word' id='word_1_94' title='bbox 205 1292 414 1348; x_wconf 85' lang='lat' dir='ltr'><strong>tionem</strong></span> <span class='ocrx_word' id='word_1_95' title='bbox 449 1308 609 1363; x_wconf 89' lang='lat' dir='ltr'><strong>quam</strong></span> <span class='ocrx_word' id='word_1_96' title='bbox 653 1295 1009 1350; x_wconf 82' lang='lat' dir='ltr'><strong>imitationem</strong></span> <span class='ocrx_word' id='word_1_97' title='bbox 1049 1295 1305 1365; x_wconf 83' lang='lat' dir='ltr'><strong>concipit,</strong></span> <span class='ocrx_word' id='word_1_98' title='bbox 1330 1295 1473 1364; x_wconf 89' lang='lat' dir='ltr'><strong>quod</strong></span> <span class='ocrx_word' id='word_1_99' title='bbox 1502 1295 1555 1348; x_wconf 93' lang='lat' dir='ltr'><strong>hi</strong></span> <span class='ocrx_word' id='word_1_100' title='bbox 1577 1336 1591 1357; x_wconf 89' lang='lat'><strong>,</strong></span> <span class='ocrx_word' id='word_1_101' title='bbox 1626 1310 1797 1364; x_wconf 84' lang='lat' dir='ltr'><strong>quan-</strong></span> 
     </span>
    </p>
   </div>
   <div class='ocr_carea' id='block_1_13' title="bbox 204 1383 1797 1455">
    <p class='ocr_par' dir='ltr' id='par_1_13' title="bbox 204 1383 1797 1455">
     <span class='ocr_line' id='line_1_13' title="bbox 204 1383 1797 1455; baseline 0.002 -19"><span class='ocrx_word' id='word_1_102' title='bbox 204 1397 374 1450; x_wconf 87' lang='lat' dir='ltr'><strong>quam</strong></span> <span class='ocrx_word' id='word_1_103' title='bbox 402 1383 635 1437; x_wconf 79' lang='lat' dir='ltr'><strong>maxima</strong></span> <span class='ocrx_word' id='word_1_104' title='bbox 656 1384 884 1439; x_wconf 88' lang='lat' dir='ltr'><strong>crimina</strong></span> <span class='ocrx_word' id='word_1_105' title='bbox 906 1383 1331 1454; x_wconf 84' lang='lat' dir='ltr'><strong>virtutumcopia</strong></span> <span class='ocrx_word' id='word_1_106' title='bbox 1357 1384 1797 1455; x_wconf 80' lang='lat' dir='ltr'><strong>propulsaverint</strong></span> 
     </span>
    </p>
   </div>
   <div class='ocr_carea' id='block_1_14' title="bbox 202 1474 1794 1545">
    <p class='ocr_par' dir='ltr' id='par_1_14' title="bbox 202 1474 1794 1545">
     <span class='ocr_line' id='line_1_14' title="bbox 202 1474 1794 1545; baseline 0.003 -19"><span class='ocrx_word' id='word_1_107' title='bbox 202 1482 370 1542; x_wconf 88' lang='lat' dir='ltr'><strong>atque</strong></span> <span class='ocrx_word' id='word_1_108' title='bbox 396 1474 784 1545; x_wconf 84' lang='lat' dir='ltr'><strong>oppresserint,</strong></span> <span class='ocrx_word' id='word_1_109' title='bbox 819 1490 879 1530; x_wconf 92' lang='lat' dir='ltr'><strong>se</strong></span> <span class='ocrx_word' id='word_1_110' title='bbox 911 1483 1091 1530; x_wconf 90' lang='lat' dir='ltr'><strong>autem</strong></span> <span class='ocrx_word' id='word_1_111' title='bbox 1136 1476 1266 1532; x_wconf 90' lang='lat' dir='ltr'><strong>solis</strong></span> <span class='ocrx_word' id='word_1_112' title='bbox 1295 1485 1508 1532; x_wconf 77' lang='lat' dir='ltr'><strong>scatere</strong></span> <span class='ocrx_word' id='word_1_113' title='bbox 1537 1477 1686 1532; x_wconf 89' lang='lat' dir='ltr'><strong>vitiis</strong></span> <span class='ocrx_word' id='word_1_114' title='bbox 1714 1478 1794 1530; x_wconf 90' lang='lat' dir='ltr'><strong>in-</strong></span> 
     </span>
    </p>
   </div>
   <div class='ocr_carea' id='block_1_15' title="bbox 203 1563 1794 1637">
    <p class='ocr_par' dir='ltr' id='par_1_15' title="bbox 203 1563 1794 1637">
     <span class='ocr_line' id='line_1_15' title="bbox 203 1563 1794 1637; baseline 0.002 -20"><span class='ocrx_word' id='word_1_115' title='bbox 203 1563 487 1631; x_wconf 87' lang='lat' dir='ltr'><strong>gemiscat,</strong></span> <span class='ocrx_word' id='word_1_116' title='bbox 531 1563 721 1619; x_wconf 89' lang='lat' dir='ltr'><strong>saltem</strong></span> <span class='ocrx_word' id='word_1_117' title='bbox 760 1564 911 1619; x_wconf 89' lang='lat' dir='ltr'><strong>illum</strong></span> <span class='ocrx_word' id='word_1_118' title='bbox 938 1565 1203 1620; x_wconf 86' lang='lat' dir='ltr'><strong>latronem</strong></span> <span class='ocrx_word' id='word_1_119' title='bbox 1246 1566 1493 1635; x_wconf 88' lang='lat' dir='ltr'><strong>aspiciat,</strong></span> <span class='ocrx_word' id='word_1_120' title='bbox 1523 1566 1616 1635; x_wconf 89' lang='lat' dir='ltr'><strong>qui</strong></span> <span class='ocrx_word' id='word_1_121' title='bbox 1660 1581 1794 1637; x_wconf 88' lang='lat' dir='ltr'><strong>sup-</strong></span> 
     </span>
    </p>
   </div>
   <div class='ocr_carea' id='block_1_16' title="bbox 202 1656 1788 1725">
    <p class='ocr_par' dir='ltr' id='par_1_16' title="bbox 202 1656 1788 1725">
     <span class='ocr_line' id='line_1_16' title="bbox 202 1656 1788 1725; baseline 0.001 -15"><span class='ocrx_word' id='word_1_122' title='bbox 202 1656 432 1725; x_wconf 90' lang='lat' dir='ltr'><strong>plicium</strong></span> <span class='ocrx_word' id='word_1_123' title='bbox 457 1658 636 1715; x_wconf 92' lang='lat' dir='ltr'><strong>crucis</strong></span> <span class='ocrx_word' id='word_1_124' title='bbox 666 1657 809 1713; x_wconf 87' lang='lat' dir='ltr'><strong>haud</strong></span> <span class='ocrx_word' id='word_1_125' title='bbox 835 1657 998 1713; x_wconf 86' lang='lat' dir='ltr'><strong>dubie</strong></span> <span class='ocrx_word' id='word_1_126' title='bbox 1022 1657 1304 1713; x_wconf 87' lang='lat' dir='ltr'><strong>sceleratis</strong></span> <span class='ocrx_word' id='word_1_127' title='bbox 1324 1658 1537 1713; x_wconf 88' lang='lat' dir='ltr'><strong>actibus</strong></span> <span class='ocrx_word' id='word_1_128' title='bbox 1566 1657 1788 1724; x_wconf 88' lang='lat' dir='ltr'><strong>meruit,</strong></span> 
     </span>
    </p>
   </div>
   <div class='ocr_carea' id='block_1_17' title="bbox 199 1746 1790 1820">
    <p class='ocr_par' dir='ltr' id='par_1_17' title="bbox 199 1746 1790 1820">
     <span class='ocr_line' id='line_1_17' title="bbox 199 1746 1790 1820; baseline -0.001 -16"><span class='ocrx_word' id='word_1_129' title='bbox 199 1756 260 1804; x_wconf 89' lang='lat' dir='ltr'><strong>et</strong></span> <span class='ocrx_word' id='word_1_130' title='bbox 289 1762 387 1819; x_wconf 86' lang='lat' dir='ltr'><strong>per</strong></span> <span class='ocrx_word' id='word_1_131' title='bbox 412 1747 582 1804; x_wconf 88' lang='lat' dir='ltr'><strong>solam</strong></span> <span class='ocrx_word' id='word_1_132' title='bbox 604 1746 787 1814; x_wconf 86' lang='lat' dir='ltr'><strong>ﬁdem,</strong></span> <span class='ocrx_word' id='word_1_133' title='bbox 811 1763 931 1818; x_wconf 84' lang='lat' dir='ltr'><strong>quae</strong></span> <span class='ocrx_word' id='word_1_134' title='bbox 955 1748 1134 1805; x_wconf 90' lang='lat' dir='ltr'><strong>subito</strong></span> <span class='ocrx_word' id='word_1_135' title='bbox 1154 1748 1549 1805; x_wconf 80' lang='lat' dir='ltr'><strong>confessionem</strong></span> <span class='ocrx_word' id='word_1_136' title='bbox 1576 1750 1790 1820; x_wconf 84' lang='lat' dir='ltr'><strong>peperit</strong></span> 
     </span>
    </p>
   </div>
   <div class='ocr_carea' id='block_1_18' title="bbox 1899 660 3480 734">
    <p class='ocr_par' dir='ltr' id='par_1_18' title="bbox 1899 660 3480 734">
     <span class='ocr_line' id='line_1_18' title="bbox 1899 660 3480 734; baseline 0.003 -21"><span class='ocrx_word' id='word_1_137' title='bbox 1899 660 2031 728; x_wconf 84' lang='lat' dir='ltr'><strong>Quis</strong></span> <span class='ocrx_word' id='word_1_138' title='bbox 2073 662 2142 714; x_wconf 88' lang='lat' dir='ltr'><strong>ad</strong></span> <span class='ocrx_word' id='word_1_139' title='bbox 2189 663 2416 716; x_wconf 85' lang='lat' dir='ltr'><strong>virtutes</strong></span> <span class='ocrx_word' id='word_1_140' title='bbox 2454 664 2727 731; x_wconf 88' lang='lat' dir='ltr'><strong>potentius</strong></span> <span class='ocrx_word' id='word_1_141' title='bbox 2766 664 3065 734; x_wconf 72' lang='lat' dir='ltr'><strong>instigavit,</strong></span> <span class='ocrx_word' id='word_1_142' title='bbox 3108 664 3237 729; x_wconf 91' lang='lat' dir='ltr'><strong>imo,</strong></span> <span class='ocrx_word' id='word_1_143' title='bbox 3291 673 3349 718; x_wconf 91' lang='lat' dir='ltr'><strong>ut</strong></span> <span class='ocrx_word' id='word_1_144' title='bbox 3389 679 3480 718; x_wconf 86' lang='lat' dir='ltr'><strong>ve-</strong></span> 
     </span>
    </p>
   </div>
   <div class='ocr_carea' id='block_1_19' title="bbox 1901 752 3478 826">
    <p class='ocr_par' dir='ltr' id='par_1_19' title="bbox 1901 752 3478 826">
     <span class='ocr_line' id='line_1_19' title="bbox 1901 752 3478 826; baseline 0.004 -21"><span class='ocrx_word' id='word_1_145' title='bbox 1901 752 2014 806; x_wconf 89' lang='lat' dir='ltr'><strong>rius</strong></span> <span class='ocrx_word' id='word_1_146' title='bbox 2039 752 2284 821; x_wconf 84' lang='lat' dir='ltr'><strong>eloquar,</strong></span> <span class='ocrx_word' id='word_1_147' title='bbox 2336 753 2582 823; x_wconf 85' lang='lat' dir='ltr'><strong>impulit?</strong></span> <span class='ocrx_word' id='word_1_148' title='bbox 2612 754 2745 821; x_wconf 86' lang='lat' dir='ltr'><strong>Quis</strong></span> <span class='ocrx_word' id='word_1_149' title='bbox 2780 756 2870 810; x_wconf 93' lang='lat' dir='ltr'><strong>illo</strong></span> <span class='ocrx_word' id='word_1_150' title='bbox 2904 755 3116 811; x_wconf 80' lang='lat' dir='ltr'><strong>felicius</strong></span> <span class='ocrx_word' id='word_1_151' title='bbox 3146 772 3284 826; x_wconf 90' lang='lat' dir='ltr'><strong>quos</strong></span> <span class='ocrx_word' id='word_1_152' title='bbox 3306 756 3478 812; x_wconf 88' lang='lat' dir='ltr'><strong>voluit</strong></span> 
     </span>
    </p>
   </div>
   <div class='ocr_carea' id='block_1_20' title="bbox 1898 842 3549 913">
    <p class='ocr_par' dir='ltr' id='par_1_20' title="bbox 1898 842 3549 913">
     <span class='ocr_line' id='line_1_20' title="bbox 1898 842 3549 913; baseline 0.004 -17"><span class='ocrx_word' id='word_1_153' title='bbox 1898 842 2177 912; x_wconf 87' lang='lat' dir='ltr'><strong>persuasit</strong></span> <span class='ocrx_word' id='word_1_154' title='bbox 2208 843 2230 894; x_wconf 89' lang='lat'><strong>?</strong></span> <span class='ocrx_word' id='word_1_155' title='bbox 2259 842 2506 912; x_wconf 88' lang='lat' dir='ltr'><strong>Cumque</strong></span> <span class='ocrx_word' id='word_1_156' title='bbox 2527 844 2616 907; x_wconf 86' lang='lat' dir='ltr'><strong>sit,</strong></span> <span class='ocrx_word' id='word_1_157' title='bbox 2644 854 2701 899; x_wconf 90' lang='lat' dir='ltr'><strong>ut</strong></span> <span class='ocrx_word' id='word_1_158' title='bbox 2729 846 2805 899; x_wconf 83' lang='lat' dir='ltr'><strong>ait</strong></span> <span class='ocrx_word' id='word_1_159' title='bbox 2836 845 3062 911; x_wconf 88' lang='lat' dir='ltr'><strong>Tullius,</strong></span> <span class='ocrx_word' id='word_1_160' title='bbox 3102 847 3383 901; x_wconf 89' lang='lat' dir='ltr'><strong>minimum</strong></span> <span class='ocrx_word' id='word_1_161' title='bbox 3414 848 3479 902; x_wconf 85' lang='lat' dir='ltr'><strong>de</strong></span> <span class='ocrx_word' id='word_1_162' title='bbox 3546 908 3549 913; x_wconf 41' lang='grc'><strong>,</strong></span> 
     </span>
    </p>
   </div>
   <div class='ocr_carea' id='block_1_21' title="bbox 1899 932 3479 1001">
    <p class='ocr_par' dir='ltr' id='par_1_21' title="bbox 1899 932 3479 1001">
     <span class='ocr_line' id='line_1_21' title="bbox 1899 932 3479 1001; baseline 0.004 -16"><span class='ocrx_word' id='word_1_163' title='bbox 1899 941 2017 986; x_wconf 88' lang='lat' dir='ltr'><strong>arte</strong></span> <span class='ocrx_word' id='word_1_164' title='bbox 2040 932 2211 1001; x_wconf 87' lang='lat' dir='ltr'><strong>loqui,</strong></span> <span class='ocrx_word' id='word_1_165' title='bbox 2243 932 2413 986; x_wconf 89' lang='lat' dir='ltr'><strong>multo</strong></span> <span class='ocrx_word' id='word_1_166' title='bbox 2448 934 2738 987; x_wconf 82' lang='lat' dir='ltr'><strong>maximum</strong></span> <span class='ocrx_word' id='word_1_167' title='bbox 2766 950 2834 988; x_wconf 83' lang='lat' dir='ltr'><strong>ex</strong></span> <span class='ocrx_word' id='word_1_168' title='bbox 2864 944 2983 991; x_wconf 87' lang='lat' dir='ltr'><strong>arte</strong></span> <span class='ocrx_word' id='word_1_169' title='bbox 3027 935 3231 1000; x_wconf 84' lang='lat' dir='ltr'><strong>dicere,</strong></span> <span class='ocrx_word' id='word_1_170' title='bbox 3262 951 3329 991; x_wconf 78' lang='lat' dir='ltr'><strong>ex</strong></span> <span class='ocrx_word' id='word_1_171' title='bbox 3361 946 3479 1001; x_wconf 86' lang='lat' dir='ltr'><strong>arte</strong></span> 
     </span>
    </p>
   </div>
   <div class='ocr_carea' id='block_1_22' title="bbox 1899 1025 3479 1098">
    <p class='ocr_par' dir='ltr' id='par_1_22' title="bbox 1899 1025 3479 1098">
     <span class='ocr_line' id='line_1_22' title="bbox 1899 1025 3479 1098; baseline 0.004 -21"><span class='ocrx_word' id='word_1_172' title='bbox 1899 1026 2148 1093; x_wconf 91' lang='lat' dir='ltr'><strong>quotiens</strong></span> <span class='ocrx_word' id='word_1_173' title='bbox 2191 1025 2361 1081; x_wconf 90' lang='lat' dir='ltr'><strong>voluit</strong></span> <span class='ocrx_word' id='word_1_174' title='bbox 2397 1026 2637 1095; x_wconf 77' lang='lat' dir='ltr'><strong>perfecte</strong></span> <span class='ocrx_word' id='word_1_175' title='bbox 2690 1027 2917 1097; x_wconf 90' lang='lat' dir='ltr'><strong>loquens</strong></span> <span class='ocrx_word' id='word_1_176' title='bbox 2977 1039 3248 1083; x_wconf 83' lang='lat' dir='ltr'><strong>oratorem</strong></span> <span class='ocrx_word' id='word_1_177' title='bbox 3289 1028 3479 1098; x_wconf 88' lang='lat' dir='ltr'><strong>imple-</strong></span> 
     </span>
    </p>
   </div>
   <div class='ocr_carea' id='block_1_23' title="bbox 1898 1114 3479 1188">
    <p class='ocr_par' dir='ltr' id='par_1_23' title="bbox 1898 1114 3479 1188">
     <span class='ocr_line' id='line_1_23' title="bbox 1898 1114 3479 1188; baseline 0.004 -21"><span class='ocrx_word' id='word_1_178' title='bbox 1898 1114 2006 1181; x_wconf 88' lang='lat' dir='ltr'><strong>vit;</strong></span> <span class='ocrx_word' id='word_1_179' title='bbox 2041 1116 2107 1170; x_wconf 88' lang='lat' dir='ltr'><strong>de</strong></span> <span class='ocrx_word' id='word_1_180' title='bbox 2137 1123 2255 1170; x_wconf 86' lang='lat' dir='ltr'><strong>arte</strong></span> <span class='ocrx_word' id='word_1_181' title='bbox 2303 1124 2482 1170; x_wconf 89' lang='lat' dir='ltr'><strong>autem</strong></span> <span class='ocrx_word' id='word_1_182' title='bbox 2533 1116 2793 1185; x_wconf 69' lang='lat' dir='ltr'><strong>prmclara</strong></span> <span class='ocrx_word' id='word_1_183' title='bbox 2838 1118 3171 1188; x_wconf 82' lang='lat' dir='ltr'><strong>adjumenta,</strong></span> <span class='ocrx_word' id='word_1_184' title='bbox 3214 1119 3321 1172; x_wconf 85' lang='lat' dir='ltr'><strong>vim</strong></span> <span class='ocrx_word' id='word_1_185' title='bbox 3359 1119 3479 1188; x_wconf 90' lang='lat' dir='ltr'><strong>ejus</strong></span> 
     </span>
    </p>
   </div>
   <div class='ocr_carea' id='block_1_24' title="bbox 1898 1206 3476 1275">
    <p class='ocr_par' dir='ltr' id='par_1_24' title="bbox 1898 1206 3476 1275">
     <span class='ocr_line' id='line_1_24' title="bbox 1898 1206 3476 1275; baseline 0.003 -17"><span class='ocrx_word' id='word_1_186' title='bbox 1898 1206 2171 1275; x_wconf 87' lang='lat' dir='ltr'><strong>aperiens,</strong></span> <span class='ocrx_word' id='word_1_187' title='bbox 2225 1206 2278 1260; x_wconf 92' lang='lat' dir='ltr'><strong>in</strong></span> <span class='ocrx_word' id='word_1_188' title='bbox 2326 1215 2521 1275; x_wconf 87' lang='lat' dir='ltr'><strong>quarto</strong></span> <span class='ocrx_word' id='word_1_189' title='bbox 2559 1207 2625 1262; x_wconf 85' lang='lat' dir='ltr'><strong>de</strong></span> <span class='ocrx_word' id='word_1_190' title='bbox 2674 1208 2924 1263; x_wconf 89' lang='lat' dir='ltr'><strong>doctrina</strong></span> <span class='ocrx_word' id='word_1_191' title='bbox 2982 1209 3290 1264; x_wconf 87' lang='lat' dir='ltr'><strong>Christiana</strong></span> <span class='ocrx_word' id='word_1_192' title='bbox 3336 1210 3476 1265; x_wconf 86' lang='lat' dir='ltr'><strong>libro</strong></span> 
     </span>
    </p>
   </div>
   <div class='ocr_carea' id='block_1_25' title="bbox 1897 1296 3479 1367">
    <p class='ocr_par' dir='ltr' id='par_1_25' title="bbox 1897 1296 3479 1367">
     <span class='ocr_line' id='line_1_25' title="bbox 1897 1296 3479 1367; baseline 0.004 -19"><span class='ocrx_word' id='word_1_193' title='bbox 1897 1296 2187 1363; x_wconf 80' lang='lat' dir='ltr'><strong>capacibus</strong></span> <span class='ocrx_word' id='word_1_194' title='bbox 2234 1296 2503 1364; x_wconf 81' lang='lat' dir='ltr'><strong>praestitit.</strong></span> <span class='ocrx_word' id='word_1_195' title='bbox 2572 1296 2707 1362; x_wconf 87' lang='lat' dir='ltr'><strong>Quis</strong></span> <span class='ocrx_word' id='word_1_196' title='bbox 2759 1298 2862 1352; x_wconf 91' lang='lat' dir='ltr'><strong>hoc</strong></span> <span class='ocrx_word' id='word_1_197' title='bbox 2910 1297 2982 1352; x_wconf 89' lang='lat' dir='ltr'><strong>sit</strong></span> <span class='ocrx_word' id='word_1_198' title='bbox 3044 1297 3303 1364; x_wconf 83' lang='lat' dir='ltr'><strong>sanctior,</strong></span> <span class='ocrx_word' id='word_1_199' title='bbox 3355 1300 3479 1367; x_wconf 88' lang='lat' dir='ltr'><strong>quis</strong></span> 
     </span>
    </p>
   </div>
   <div class='ocr_carea' id='block_1_26' title="bbox 1898 1383 3483 1457">
    <p class='ocr_par' dir='ltr' id='par_1_26' title="bbox 1898 1383 3483 1457">
     <span class='ocr_line' id='line_1_26' title="bbox 1898 1383 3483 1457; baseline 0.003 -19"><span class='ocrx_word' id='word_1_200' title='bbox 1898 1383 2132 1448; x_wconf 86' lang='lat' dir='ltr'><strong>cautior,</strong></span> <span class='ocrx_word' id='word_1_201' title='bbox 2160 1386 2283 1453; x_wconf 90' lang='lat' dir='ltr'><strong>quis</strong></span> <span class='ocrx_word' id='word_1_202' title='bbox 2332 1386 2582 1440; x_wconf 87' lang='lat' dir='ltr'><strong>acutior?</strong></span> <span class='ocrx_word' id='word_1_203' title='bbox 2614 1386 2712 1440; x_wconf 89' lang='lat' dir='ltr'><strong>llic</strong></span> <span class='ocrx_word' id='word_1_204' title='bbox 2742 1389 2924 1457; x_wconf 81' lang='lat' dir='ltr'><strong>itaque</strong></span> <span class='ocrx_word' id='word_1_205' title='bbox 2977 1395 3055 1441; x_wconf 91' lang='lat' dir='ltr'><strong>tot</strong></span> <span class='ocrx_word' id='word_1_206' title='bbox 3098 1387 3296 1443; x_wconf 84' lang='lat' dir='ltr'><strong>divinis</strong></span> <span class='ocrx_word' id='word_1_207' title='bbox 3319 1405 3483 1443; x_wconf 81' lang='lat' dir='ltr'><strong>orna-</strong></span> 
     </span>
    </p>
   </div>
   <div class='ocr_carea' id='block_1_27' title="bbox 1898 1477 3475 1549">
    <p class='ocr_par' dir='ltr' id='par_1_27' title="bbox 1898 1477 3475 1549">
     <span class='ocr_line' id='line_1_27' title="bbox 1898 1477 3475 1549; baseline 0.005 -21"><span class='ocrx_word' id='word_1_208' title='bbox 1898 1482 1985 1529; x_wconf 87' lang='lat' dir='ltr'><strong>tus</strong></span> <span class='ocrx_word' id='word_1_209' title='bbox 2037 1477 2371 1541; x_wconf 88' lang='lat' dir='ltr'><strong>muneribus,</strong></span> <span class='ocrx_word' id='word_1_210' title='bbox 2422 1492 2530 1532; x_wconf 89' lang='lat' dir='ltr'><strong>non</strong></span> <span class='ocrx_word' id='word_1_211' title='bbox 2597 1478 2932 1545; x_wconf 88' lang='lat' dir='ltr'><strong>dubitando,</strong></span> <span class='ocrx_word' id='word_1_212' title='bbox 2978 1495 3087 1535; x_wconf 85' lang='lat' dir='ltr'><strong>non</strong></span> <span class='ocrx_word' id='word_1_213' title='bbox 3135 1481 3428 1549; x_wconf 66' lang='lat' dir='ltr'><strong>quaerendo</strong></span> <span class='ocrx_word' id='word_1_214' title='bbox 3459 1522 3475 1548; x_wconf 94' lang='lat'><strong>,</strong></span> 
     </span>
    </p>
   </div>
   <div class='ocr_carea' id='block_1_28' title="bbox 1896 1567 3480 1641">
    <p class='ocr_par' dir='ltr' id='par_1_28' title="bbox 1896 1567 3480 1641">
     <span class='ocr_line' id='line_1_28' title="bbox 1896 1567 3480 1641; baseline 0.006 -22"><span class='ocrx_word' id='word_1_215' title='bbox 1896 1580 2006 1620; x_wconf 92' lang='lat' dir='ltr'><strong>non</strong></span> <span class='ocrx_word' id='word_1_216' title='bbox 2033 1567 2485 1636; x_wconf 79' lang='lat' dir='ltr'><strong>argumentando,</strong></span> <span class='ocrx_word' id='word_1_217' title='bbox 2536 1569 2631 1624; x_wconf 90' lang='lat' dir='ltr'><strong>sed</strong></span> <span class='ocrx_word' id='word_1_218' title='bbox 2682 1568 2837 1637; x_wconf 85' lang='lat' dir='ltr'><strong>plane</strong></span> <span class='ocrx_word' id='word_1_219' title='bbox 2867 1570 3012 1625; x_wconf 90' lang='lat' dir='ltr'><strong>velut</strong></span> <span class='ocrx_word' id='word_1_220' title='bbox 3032 1569 3342 1641; x_wconf 82' lang='lat' dir='ltr'><strong>professum</strong></span> <span class='ocrx_word' id='word_1_221' title='bbox 3381 1571 3480 1628; x_wconf 82' lang='lat' dir='ltr'><strong>do—</strong></span> 
     </span>
    </p>
   </div>
   <div class='ocr_carea' id='block_1_29' title="bbox 1895 1656 3476 1726">
    <p class='ocr_par' dir='ltr' id='par_1_29' title="bbox 1895 1656 3476 1726">
     <span class='ocr_line' id='line_1_29' title="bbox 1895 1656 3476 1726; baseline 0.006 -16"><span class='ocrx_word' id='word_1_222' title='bbox 1895 1656 2106 1721; x_wconf 87' lang='lat' dir='ltr'><strong>cendo,</strong></span> <span class='ocrx_word' id='word_1_223' title='bbox 2152 1656 2417 1711; x_wconf 74' lang='lat' dir='ltr'><strong>malorum</strong></span> <span class='ocrx_word' id='word_1_224' title='bbox 2458 1659 2989 1726; x_wconf 72' lang='lat' dir='ltr'><strong>puedestinationem</strong></span> <span class='ocrx_word' id='word_1_225' title='bbox 3047 1676 3169 1717; x_wconf 89' lang='lat' dir='ltr'><strong>esse</strong></span> <span class='ocrx_word' id='word_1_226' title='bbox 3217 1662 3476 1719; x_wconf 84' lang='lat' dir='ltr'><strong>insinuat.</strong></span> 
     </span>
    </p>
   </div>
   <div class='ocr_carea' id='block_1_30' title="bbox 1895 1744 3479 1820">
    <p class='ocr_par' dir='ltr' id='par_1_30' title="bbox 1895 1744 3479 1820">
     <span class='ocr_line' id='line_1_30' title="bbox 1895 1744 3479 1820; baseline 0.004 -22"><span class='ocrx_word' id='word_1_227' title='bbox 1895 1744 2071 1799; x_wconf 81' lang='lat' dir='ltr'><strong>Verba</strong></span> <span class='ocrx_word' id='word_1_228' title='bbox 2119 1744 2239 1815; x_wconf 83' lang='lat' dir='ltr'><strong>ejus</strong></span> <span class='ocrx_word' id='word_1_229' title='bbox 2273 1748 2435 1816; x_wconf 87' lang='lat' dir='ltr'><strong>posui</strong></span> <span class='ocrx_word' id='word_1_230' title='bbox 2478 1762 2548 1802; x_wconf 81' lang='lat' dir='ltr'><strong>ex</strong></span> <span class='ocrx_word' id='word_1_231' title='bbox 2600 1749 2741 1805; x_wconf 90' lang='lat' dir='ltr'><strong>libro</strong></span> <span class='ocrx_word' id='word_1_232' title='bbox 2792 1765 2954 1820; x_wconf 83' lang='lat' dir='ltr'><strong>quem</strong></span> <span class='ocrx_word' id='word_1_233' title='bbox 3006 1749 3358 1806; x_wconf 85' lang='lat' dir='ltr'><strong>Enchiridion</strong></span> <span class='ocrx_word' id='word_1_234' title='bbox 3398 1750 3479 1805; x_wconf 90' lang='lat' dir='ltr'><strong>di-</strong></span> 
     </span>
    </p>
   </div>
   <div class='ocr_carea' id='block_1_31' title="bbox 201 1834 3475 1911">
    <p class='ocr_par' dir='ltr' id='par_1_31' title="bbox 201 1834 3475 1911">
     <span class='ocr_line' id='line_1_31' title="bbox 201 1834 3475 1911; baseline 0.001 -19"><span class='ocrx_word' id='word_1_235' title='bbox 201 1845 368 1908; x_wconf 86' lang='lat' dir='ltr'><strong>atque</strong></span> <span class='ocrx_word' id='word_1_236' title='bbox 382 1839 627 1909; x_wconf 87' lang='lat' dir='ltr'><strong>spem,in</strong></span> <span class='ocrx_word' id='word_1_237' title='bbox 644 1840 818 1895; x_wconf 88' lang='lat' dir='ltr'><strong>media</strong></span> <span class='ocrx_word' id='word_1_238' title='bbox 835 1848 1006 1897; x_wconf 87' lang='lat' dir='ltr'><strong>morte</strong></span> <span class='ocrx_word' id='word_1_239' title='bbox 1023 1839 1190 1894; x_wconf 88' lang='lat' dir='ltr'><strong>vitam</strong></span> <span class='ocrx_word' id='word_1_240' title='bbox 1206 1839 1430 1894; x_wconf 88' lang='lat' dir='ltr'><strong>invenit.</strong></span> <span class='ocrx_word' id='word_1_241' title='bbox 1447 1838 1729 1895; x_wconf 88' lang='lat' dir='ltr'><strong>Postremo</strong></span> <span class='ocrx_word' id='word_1_242' title='bbox 1742 1839 1789 1894; x_wconf 90' lang='lat' dir='ltr'><strong>si</strong></span> <span class='ocrx_word' id='word_1_243' title='bbox 1818 1834 1868 1894; x_wconf 89' lang='lat' dir='ltr'><strong>B</strong></span> <span class='ocrx_word' id='word_1_244' title='bbox 1895 1837 1996 1902; x_wconf 77' lang='lat' dir='ltr'><strong>xit,</strong></span> <span class='ocrx_word' id='word_1_245' title='bbox 2027 1837 2115 1892; x_wconf 92' lang='lat' dir='ltr'><strong>cui</strong></span> <span class='ocrx_word' id='word_1_246' title='bbox 2140 1838 2195 1892; x_wconf 86' lang='lat' dir='ltr'><strong>in</strong></span> <span class='ocrx_word' id='word_1_247' title='bbox 2212 1840 2609 1895; x_wconf 70' lang='lat' dir='ltr'><strong>retractatione</strong></span> <span class='ocrx_word' id='word_1_248' title='bbox 2651 1856 2775 1895; x_wconf 91' lang='lat' dir='ltr'><strong>cum</strong></span> <span class='ocrx_word' id='word_1_249' title='bbox 2803 1841 2963 1897; x_wconf 86' lang='lat' dir='ltr'><strong>vellet</strong></span> <span class='ocrx_word' id='word_1_250' title='bbox 3009 1856 3317 1911; x_wconf 84' lang='lat' dir='ltr'><strong>supremam</strong></span> <span class='ocrx_word' id='word_1_251' title='bbox 3373 1842 3475 1895; x_wconf 82' lang='lat' dir='ltr'><strong>im-</strong></span> 
     </span>
    </p>
   </div>
   <div class='ocr_carea' id='block_1_32' title="bbox 132 1928 1790 2000">
    <p class='ocr_par' dir='ltr' id='par_1_32' title="bbox 132 1928 1790 2000">
     <span class='ocr_line' id='line_1_32' title="bbox 132 1928 1790 2000; baseline 0.002 -18"><span class='ocrx_word' id='word_1_252' title='bbox 132 1988 135 1989; x_wconf 23' lang='grc' dir='ltr'><em>ν</em></span> <span class='ocrx_word' id='word_1_253' title='bbox 203 1929 376 1983; x_wconf 88' lang='lat' dir='ltr'><strong>sciret</strong></span> <span class='ocrx_word' id='word_1_254' title='bbox 390 1944 450 1984; x_wconf 92' lang='lat' dir='ltr'><strong>se</strong></span> <span class='ocrx_word' id='word_1_255' title='bbox 470 1929 667 2000; x_wconf 89' lang='lat' dir='ltr'><strong>aliquis</strong></span> <span class='ocrx_word' id='word_1_256' title='bbox 680 1938 789 1984; x_wconf 91' lang='lat' dir='ltr'><strong>tam</strong></span> <span class='ocrx_word' id='word_1_257' title='bbox 808 1928 1095 1985; x_wconf 85' lang='lat' dir='ltr'><strong>infeliciter</strong></span> <span class='ocrx_word' id='word_1_258' title='bbox 1109 1929 1384 1985; x_wconf 89' lang='lat' dir='ltr'><strong>addictum</strong></span> <span class='ocrx_word' id='word_1_259' title='bbox 1398 1938 1456 1985; x_wconf 93' lang='lat' dir='ltr'><strong>ut</strong></span> <span class='ocrx_word' id='word_1_260' title='bbox 1469 1931 1672 2000; x_wconf 88' lang='lat' dir='ltr'><strong>absque</strong></span> <span class='ocrx_word' id='word_1_261' title='bbox 1684 1931 1790 1987; x_wconf 89' lang='lat' dir='ltr'><strong>ulla</strong></span> 
     </span>
    </p>
   </div>
   <div class='ocr_carea' id='block_1_33' title="bbox 205 2018 1789 2091">
    <p class='ocr_par' dir='ltr' id='par_1_33' title="bbox 205 2018 1789 2091">
     <span class='ocr_line' id='line_1_33' title="bbox 205 2018 1789 2091; baseline 0.003 -18"><span class='ocrx_word' id='word_1_262' title='bbox 205 2018 485 2076; x_wconf 81' lang='lat' dir='ltr'><strong>dubietate</strong></span> <span class='ocrx_word' id='word_1_263' title='bbox 511 2021 848 2076; x_wconf 88' lang='lat' dir='ltr'><strong>damnandus</strong></span> <span class='ocrx_word' id='word_1_264' title='bbox 874 2030 1036 2086; x_wconf 88' lang='lat' dir='ltr'><strong>esset,</strong></span> <span class='ocrx_word' id='word_1_265' title='bbox 1058 2036 1156 2076; x_wconf 89' lang='lat' dir='ltr'><strong>cur</strong></span> <span class='ocrx_word' id='word_1_266' title='bbox 1183 2036 1291 2076; x_wconf 92' lang='lat' dir='ltr'><strong>non</strong></span> <span class='ocrx_word' id='word_1_267' title='bbox 1317 2030 1644 2091; x_wconf 88' lang='lat' dir='ltr'><strong>temperaret</strong></span> <span class='ocrx_word' id='word_1_268' title='bbox 1662 2024 1789 2077; x_wconf 91' lang='lat' dir='ltr'><strong>avi-</strong></span> 
     </span>
    </p>
   </div>
   <div class='ocr_carea' id='block_1_34' title="bbox 204 2110 1791 2182">
    <p class='ocr_par' dir='ltr' id='par_1_34' title="bbox 204 2110 1791 2182">
     <span class='ocr_line' id='line_1_34' title="bbox 204 2110 1791 2182; baseline 0.004 -19"><span class='ocrx_word' id='word_1_269' title='bbox 204 2110 332 2166; x_wconf 85' lang='lat' dir='ltr'><strong>tiis?</strong></span> <span class='ocrx_word' id='word_1_270' title='bbox 356 2110 518 2182; x_wconf 74' lang='lat'><strong>235</strong></span> <span class='ocrx_word' id='word_1_271' title='bbox 542 2127 639 2167; x_wconf 89' lang='lat' dir='ltr'><strong>cur</strong></span> <span class='ocrx_word' id='word_1_272' title='bbox 657 2112 943 2167; x_wconf 83' lang='lat' dir='ltr'><strong>nonetiam</strong></span> <span class='ocrx_word' id='word_1_273' title='bbox 963 2111 1274 2168; x_wconf 86' lang='lat' dir='ltr'><strong>elaboraret</strong></span> <span class='ocrx_word' id='word_1_274' title='bbox 1291 2113 1490 2168; x_wconf 86' lang='lat' dir='ltr'><strong>sectari</strong></span> <span class='ocrx_word' id='word_1_275' title='bbox 1510 2113 1651 2170; x_wconf 88' lang='lat' dir='ltr'><strong>bona</strong></span> <span class='ocrx_word' id='word_1_276' title='bbox 1671 2128 1791 2182; x_wconf 80' lang='lat' dir='ltr'><strong>quae</strong></span> 
     </span>
    </p>
   </div>
   <div class='ocr_carea' id='block_1_35' title="bbox 206 2201 1791 2273">
    <p class='ocr_par' dir='ltr' id='par_1_35' title="bbox 206 2201 1791 2273">
     <span class='ocr_line' id='line_1_35' title="bbox 206 2201 1791 2273; baseline 0.003 -18"><span class='ocrx_word' id='word_1_277' title='bbox 206 2210 418 2270; x_wconf 87' lang='lat' dir='ltr'><strong>posset,</strong></span> <span class='ocrx_word' id='word_1_278' title='bbox 454 2211 512 2257; x_wconf 91' lang='lat' dir='ltr'><strong>ut</strong></span> <span class='ocrx_word' id='word_1_279' title='bbox 529 2201 720 2257; x_wconf 85' lang='lat' dir='ltr'><strong>saltem</strong></span> <span class='ocrx_word' id='word_1_280' title='bbox 745 2217 868 2256; x_wconf 90' lang='lat' dir='ltr'><strong>eum</strong></span> <span class='ocrx_word' id='word_1_281' title='bbox 886 2201 1065 2257; x_wconf 83' lang='lat' dir='ltr'><strong>levior</strong></span> <span class='ocrx_word' id='word_1_282' title='bbox 1082 2217 1242 2272; x_wconf 65' lang='lat' dir='ltr'><strong>paena</strong></span> <span class='ocrx_word' id='word_1_283' title='bbox 1268 2210 1456 2272; x_wconf 90' lang='lat' dir='ltr'><strong>postea</strong></span> <span class='ocrx_word' id='word_1_284' title='bbox 1479 2203 1742 2273; x_wconf 87' lang='lat' dir='ltr'><strong>plecteret</strong></span> <span class='ocrx_word' id='word_1_285' title='bbox 1766 2205 1791 2259; x_wconf 69' lang='grc' dir='ltr'>Υ</span> 
     </span>
    </p>
   </div>
   <div class='ocr_carea' id='block_1_36' title="bbox 202 2289 1789 2362">
    <p class='ocr_par' dir='ltr' id='par_1_36' title="bbox 202 2289 1789 2362">
     <span class='ocr_line' id='line_1_36' title="bbox 202 2289 1789 2362; baseline 0.004 -19"><span class='ocrx_word' id='word_1_286' title='bbox 202 2289 345 2357; x_wconf 87' lang='lat' dir='ltr'><strong>Quis</strong></span> <span class='ocrx_word' id='word_1_287' title='bbox 384 2291 548 2361; x_wconf 79' lang='lat' dir='ltr'><strong>hujus</strong></span> <span class='ocrx_word' id='word_1_288' title='bbox 586 2291 711 2346; x_wconf 65' lang='lat' dir='ltr'><strong>vitae</strong></span> <span class='ocrx_word' id='word_1_289' title='bbox 742 2291 920 2361; x_wconf 72' lang='lat' dir='ltr'><strong>pmnis</strong></span> <span class='ocrx_word' id='word_1_290' title='bbox 962 2293 1313 2362; x_wconf 86' lang='lat' dir='ltr'><strong>torquendus,</strong></span> <span class='ocrx_word' id='word_1_291' title='bbox 1363 2292 1408 2347; x_wconf 89' lang='lat' dir='ltr'><strong>si</strong></span> <span class='ocrx_word' id='word_1_292' title='bbox 1439 2291 1665 2347; x_wconf 88' lang='lat' dir='ltr'><strong>facultas</strong></span> <span class='ocrx_word' id='word_1_293' title='bbox 1692 2293 1789 2349; x_wconf 87' lang='lat' dir='ltr'><strong>de-</strong></span> 
     </span>
    </p>
   </div>
   <div class='ocr_carea' id='block_1_37' title="bbox 205 2381 1789 2452">
    <p class='ocr_par' dir='ltr' id='par_1_37' title="bbox 205 2381 1789 2452">
     <span class='ocr_line' id='line_1_37' title="bbox 205 2381 1789 2452; baseline 0.001 -16"><span class='ocrx_word' id='word_1_294' title='bbox 205 2394 319 2447; x_wconf 90' lang='lat' dir='ltr'><strong>tur,</strong></span> <span class='ocrx_word' id='word_1_295' title='bbox 357 2397 469 2437; x_wconf 90' lang='lat' dir='ltr'><strong>non</strong></span> <span class='ocrx_word' id='word_1_296' title='bbox 518 2382 760 2437; x_wconf 89' lang='lat' dir='ltr'><strong>minores</strong></span> <span class='ocrx_word' id='word_1_297' title='bbox 813 2382 997 2452; x_wconf 83' lang='lat' dir='ltr'><strong>eligat,</strong></span> <span class='ocrx_word' id='word_1_298' title='bbox 1046 2381 1280 2451; x_wconf 81' lang='lat' dir='ltr'><strong>majores</strong></span> <span class='ocrx_word' id='word_1_299' title='bbox 1314 2382 1588 2438; x_wconf 82' lang='lat' dir='ltr'><strong>declinet?</strong></span> <span class='ocrx_word' id='word_1_300' title='bbox 1616 2382 1789 2439; x_wconf 82' lang='lat' dir='ltr'><strong>Mino-</strong></span> 
     </span>
    </p>
   </div>
   <div class='ocr_carea' id='block_1_38' title="bbox 204 2472 1790 2544">
    <p class='ocr_par' dir='ltr' id='par_1_38' title="bbox 204 2472 1790 2544">
     <span class='ocr_line' id='line_1_38' title="bbox 204 2472 1790 2544; baseline 0 -15"><span class='ocrx_word' id='word_1_301' title='bbox 204 2489 299 2529; x_wconf 89' lang='lat' dir='ltr'><strong>res</strong></span> <span class='ocrx_word' id='word_1_302' title='bbox 326 2482 507 2528; x_wconf 87' lang='lat' dir='ltr'><strong>autem</strong></span> <span class='ocrx_word' id='word_1_303' title='bbox 544 2488 734 2543; x_wconf 66' lang='lat' dir='ltr'><strong>prunas</strong></span> <span class='ocrx_word' id='word_1_304' title='bbox 778 2473 1098 2539; x_wconf 87' lang='lat' dir='ltr'><strong>minoribus,</strong></span> <span class='ocrx_word' id='word_1_305' title='bbox 1134 2472 1365 2543; x_wconf 84' lang='lat' dir='ltr'><strong>majores</strong></span> <span class='ocrx_word' id='word_1_306' title='bbox 1407 2474 1646 2544; x_wconf 81' lang='lat' dir='ltr'><strong>peccatis</strong></span> <span class='ocrx_word' id='word_1_307' title='bbox 1675 2491 1790 2530; x_wconf 89' lang='lat' dir='ltr'><strong>ma-</strong></span> 
     </span>
    </p>
   </div>
   <div class='ocr_carea' id='block_1_39' title="bbox 202 2560 1792 2635">
    <p class='ocr_par' dir='ltr' id='par_1_39' title="bbox 202 2560 1792 2635">
     <span class='ocr_line' id='line_1_39' title="bbox 202 2560 1792 2635; baseline 0.003 -19"><span class='ocrx_word' id='word_1_308' title='bbox 202 2560 423 2630; x_wconf 89' lang='lat' dir='ltr'><strong>joribus</strong></span> <span class='ocrx_word' id='word_1_309' title='bbox 455 2560 679 2631; x_wconf 87' lang='lat' dir='ltr'><strong>rependi</strong></span> <span class='ocrx_word' id='word_1_310' title='bbox 728 2561 908 2615; x_wconf 87' lang='lat' dir='ltr'><strong>divina</strong></span> <span class='ocrx_word' id='word_1_311' title='bbox 944 2560 1227 2631; x_wconf 84' lang='lat' dir='ltr'><strong>Scriptura</strong></span> <span class='ocrx_word' id='word_1_312' title='bbox 1270 2563 1514 2618; x_wconf 89' lang='lat' dir='ltr'><strong>consulta</strong></span> <span class='ocrx_word' id='word_1_313' title='bbox 1567 2579 1792 2635; x_wconf 88' lang='lat' dir='ltr'><strong>respon-</strong></span> 
     </span>
    </p>
   </div>
   <div class='ocr_carea' id='block_1_40' title="bbox 214 2648 1791 2724">
    <p class='ocr_par' dir='ltr' id='par_1_40' title="bbox 214 2648 1791 2724">
     <span class='ocr_line' id='line_1_40' title="bbox 214 2648 1791 2724; baseline 0.003 -21"><span class='ocrx_word' id='word_1_314' title='bbox 214 2651 330 2711; x_wconf 86' lang='lat' dir='ltr'><strong>det.</strong></span> <span class='ocrx_word' id='word_1_315' title='bbox 366 2648 591 2717; x_wconf 74' lang='lat' dir='ltr'><strong>Redrles,</strong></span> <span class='ocrx_word' id='word_1_316' title='bbox 617 2650 791 2720; x_wconf 86' lang='lat' dir='ltr'><strong>inquit</strong></span> <span class='ocrx_word' id='word_1_317' title='bbox 812 2650 1102 2721; x_wconf 87' lang='lat' dir='ltr'><strong>Propheta,</strong></span> <span class='ocrx_word' id='word_1_318' title='bbox 1151 2653 1432 2723; x_wconf 81' lang='lat' dir='ltr'><strong>unicuique</strong></span> <span class='ocrx_word' id='word_1_319' title='bbox 1448 2652 1610 2722; x_wconf 70' lang='lat' dir='ltr'><strong>juxta</strong></span> <span class='ocrx_word' id='word_1_320' title='bbox 1633 2669 1791 2724; x_wconf 85' lang='lat' dir='ltr'><strong>opera</strong></span> 
     </span>
    </p>
   </div>
   <div class='ocr_carea' id='block_1_41' title="bbox 203 2740 1792 2812">
    <p class='ocr_par' dir='ltr' id='par_1_41' title="bbox 203 2740 1792 2812">
     <span class='ocr_line' id='line_1_41' title="bbox 203 2740 1792 2812; baseline 0.002 -18"><span class='ocrx_word' id='word_1_321' title='bbox 203 2757 305 2794; x_wconf 86' lang='lat' dir='ltr'><strong>sua</strong></span> <span class='ocrx_word' id='word_1_322' title='bbox 351 2740 525 2811; x_wconf 83' lang='lat' dir='ltr'><strong>(Psal.</strong></span> <span class='ocrx_word' id='word_1_323' title='bbox 556 2740 696 2812; x_wconf 75' lang='lat' dir='ltr'><strong>LXI),</strong></span> <span class='ocrx_word' id='word_1_324' title='bbox 725 2756 825 2810; x_wconf 87' lang='lat' dir='ltr'><strong>pro</strong></span> <span class='ocrx_word' id='word_1_325' title='bbox 847 2741 1107 2812; x_wconf 69' lang='lat' dir='ltr'><strong>qualitate</strong></span> <span class='ocrx_word' id='word_1_326' title='bbox 1152 2741 1359 2798; x_wconf 89' lang='lat' dir='ltr'><strong>scilicet</strong></span> <span class='ocrx_word' id='word_1_327' title='bbox 1386 2743 1651 2799; x_wconf 89' lang='lat' dir='ltr'><strong>bonorum</strong></span> <span class='ocrx_word' id='word_1_328' title='bbox 1676 2743 1792 2798; x_wconf 87' lang='lat' dir='ltr'><strong>sive</strong></span> 
     </span>
    </p>
   </div>
   <div class='ocr_carea' id='block_1_42' title="bbox 208 2829 1790 2903">
    <p class='ocr_par' dir='ltr' id='par_1_42' title="bbox 208 2829 1790 2903">
     <span class='ocr_line' id='line_1_42' title="bbox 208 2829 1790 2903; baseline 0.002 -19"><span class='ocrx_word' id='word_1_329' title='bbox 208 2829 480 2886; x_wconf 85' lang='lat' dir='ltr'><strong>malorum</strong></span> <span class='ocrx_word' id='word_1_330' title='bbox 509 2831 732 2902; x_wconf 60' lang='lat' dir='ltr'><strong>praemia</strong></span> <span class='ocrx_word' id='word_1_331' title='bbox 759 2832 1062 2901; x_wconf 89' lang='lat' dir='ltr'><strong>quibusque</strong></span> <span class='ocrx_word' id='word_1_332' title='bbox 1095 2832 1257 2903; x_wconf 88' lang='lat' dir='ltr'><strong>digna</strong></span> <span class='ocrx_word' id='word_1_333' title='bbox 1294 2833 1567 2888; x_wconf 88' lang='lat' dir='ltr'><strong>restitues.</strong></span> <span class='ocrx_word' id='word_1_334' title='bbox 1600 2832 1707 2888; x_wconf 88' lang='lat' dir='ltr'><strong>Sed</strong></span> <span class='ocrx_word' id='word_1_335' title='bbox 1744 2833 1790 2888; x_wconf 89' lang='lat' dir='ltr'><strong>si</strong></span> 
     </span>
    </p>
   </div>
   <div class='ocr_carea' id='block_1_43' title="bbox 198 2921 1792 2993">
    <p class='ocr_par' dir='ltr' id='par_1_43' title="bbox 198 2921 1792 2993">
     <span class='ocr_line' id='line_1_43' title="bbox 198 2921 1792 2993; baseline 0.003 -18"><span class='ocrx_word' id='word_1_336' title='bbox 198 2921 319 2989; x_wconf 88' lang='lat' dir='ltr'><strong>jam</strong></span> <span class='ocrx_word' id='word_1_337' title='bbox 343 2921 546 2992; x_wconf 87' lang='lat' dir='ltr'><strong>aliquid</strong></span> <span class='ocrx_word' id='word_1_338' title='bbox 589 2923 644 2977; x_wconf 92' lang='lat' dir='ltr'><strong>in</strong></span> <span class='ocrx_word' id='word_1_339' title='bbox 685 2923 1060 2992; x_wconf 74' lang='lat' dir='ltr'><strong>persuadendo</strong></span> <span class='ocrx_word' id='word_1_340' title='bbox 1100 2923 1244 2978; x_wconf 87' lang='lat' dir='ltr'><strong>bona</strong></span> <span class='ocrx_word' id='word_1_341' title='bbox 1274 2938 1371 2993; x_wconf 90' lang='lat' dir='ltr'><strong>spe</strong></span> <span class='ocrx_word' id='word_1_342' title='bbox 1403 2923 1586 2979; x_wconf 86' lang='lat' dir='ltr'><strong>favore</strong></span> <span class='ocrx_word' id='word_1_343' title='bbox 1610 2924 1792 2979; x_wconf 88' lang='lat' dir='ltr'><strong>divino</strong></span> 
     </span>
    </p>
   </div>
   <div class='ocr_carea' id='block_1_44' title="bbox 198 3011 1790 3081">
    <p class='ocr_par' dir='ltr' id='par_1_44' title="bbox 198 3011 1790 3081">
     <span class='ocr_line' id='line_1_44' title="bbox 198 3011 1790 3081; baseline 0.003 -17"><span class='ocrx_word' id='word_1_344' title='bbox 198 3011 593 3080; x_wconf 86' lang='lat' dir='ltr'><strong>promovimus,</strong></span> <span class='ocrx_word' id='word_1_345' title='bbox 631 3011 773 3066; x_wconf 90' lang='lat' dir='ltr'><strong>sitne</strong></span> <span class='ocrx_word' id='word_1_346' title='bbox 803 3011 1067 3066; x_wconf 90' lang='lat' dir='ltr'><strong>malorum</strong></span> <span class='ocrx_word' id='word_1_347' title='bbox 1101 3011 1510 3081; x_wconf 70' lang='lat' dir='ltr'><strong>praedestinatio</strong></span> <span class='ocrx_word' id='word_1_348' title='bbox 1541 3012 1790 3068; x_wconf 79' lang='lat' dir='ltr'><strong>sentien-</strong></span> 
     </span>
    </p>
   </div>
   <div class='ocr_carea' id='block_1_45' title="bbox 200 3100 1790 3171">
    <p class='ocr_par' dir='ltr' id='par_1_45' title="bbox 200 3100 1790 3171">
     <span class='ocr_line' id='line_1_45' title="bbox 200 3100 1790 3171; baseline -0.001 -15"><span class='ocrx_word' id='word_1_349' title='bbox 200 3103 293 3166; x_wconf 89' lang='lat' dir='ltr'><strong>da,</strong></span> <span class='ocrx_word' id='word_1_350' title='bbox 327 3111 449 3171; x_wconf 93' lang='lat' dir='ltr'><strong>post</strong></span> <span class='ocrx_word' id='word_1_351' title='bbox 495 3102 961 3157; x_wconf 87' lang='lat' dir='ltr'><strong>ratiocinationem</strong></span> <span class='ocrx_word' id='word_1_352' title='bbox 1003 3115 1167 3170; x_wconf 88' lang='lat' dir='ltr'><strong>quam</strong></span> <span class='ocrx_word' id='word_1_353' title='bbox 1214 3101 1594 3171; x_wconf 75' lang='lat' dir='ltr'><strong>pnnmisimus,</strong></span> <span class='ocrx_word' id='word_1_354' title='bbox 1642 3100 1790 3156; x_wconf 89' lang='lat' dir='ltr'><strong>beati</strong></span> 
     </span>
    </p>
   </div>
   <div class='ocr_carea' id='block_1_46' title="bbox 1892 1929 3481 2002">
    <p class='ocr_par' dir='ltr' id='par_1_46' title="bbox 1892 1929 3481 2002">
     <span class='ocr_line' id='line_1_46' title="bbox 1892 1929 3481 2002; baseline 0.003 -22"><span class='ocrx_word' id='word_1_355' title='bbox 1892 1941 2114 1996; x_wconf 89' lang='lat' dir='ltr'><strong>ponere,</strong></span> <span class='ocrx_word' id='word_1_356' title='bbox 2159 1935 2217 1982; x_wconf 90' lang='lat' dir='ltr'><strong>ut</strong></span> <span class='ocrx_word' id='word_1_357' title='bbox 2270 1929 2441 1994; x_wconf 78' lang='lat' dir='ltr'><strong>aitutt,</strong></span> <span class='ocrx_word' id='word_1_358' title='bbox 2492 1945 2734 1996; x_wconf 89' lang='lat' dir='ltr'><strong>manum,</strong></span> <span class='ocrx_word' id='word_1_359' title='bbox 2764 1931 2900 1985; x_wconf 90' lang='lat' dir='ltr'><strong>nihil</strong></span> <span class='ocrx_word' id='word_1_360' title='bbox 2929 1932 3072 2002; x_wconf 90' lang='lat' dir='ltr'><strong>quod</strong></span> <span class='ocrx_word' id='word_1_361' title='bbox 3101 1932 3361 1996; x_wconf 83' lang='lat' dir='ltr'><strong>adiceret,</strong></span> <span class='ocrx_word' id='word_1_362' title='bbox 3401 1931 3481 1985; x_wconf 62' lang='lat' dir='ltr'><strong>nio</strong></span> 
     </span>
    </p>
   </div>
   <div class='ocr_carea' id='block_1_47' title="bbox 1892 2014 3473 2098">
    <p class='ocr_par' dir='ltr' id='par_1_47' title="bbox 1892 2014 3473 2098">
     <span class='ocr_line' id='line_1_47' title="bbox 1892 2014 3473 2098; baseline 0.004 -29"><span class='ocrx_word' id='word_1_363' title='bbox 1892 2014 1970 2070; x_wconf 90' lang='lat' dir='ltr'><strong>hil</strong></span> <span class='ocrx_word' id='word_1_364' title='bbox 2017 2017 2162 2085; x_wconf 88' lang='lat' dir='ltr'><strong>quod</strong></span> <span class='ocrx_word' id='word_1_365' title='bbox 2199 2019 2534 2084; x_wconf 80' lang='lat' dir='ltr'><strong>detraheret,</strong></span> <span class='ocrx_word' id='word_1_366' title='bbox 2572 2020 2707 2074; x_wconf 80' lang='lat' dir='ltr'><strong>nihil</strong></span> <span class='ocrx_word' id='word_1_367' title='bbox 2757 2020 2902 2090; x_wconf 87' lang='lat' dir='ltr'><strong>quod</strong></span> <span class='ocrx_word' id='word_1_368' title='bbox 2948 2029 3183 2075; x_wconf 87' lang='lat' dir='ltr'><strong>mutaret</strong></span> <span class='ocrx_word' id='word_1_369' title='bbox 3240 2021 3473 2098; x_wconf 75' lang='lat' dir='ltr'><strong>invenit.</strong></span> 
     </span>
    </p>
   </div>
   <div class='ocr_carea' id='block_1_48' title="bbox 1892 2105 3480 2179">
    <p class='ocr_par' dir='ltr' id='par_1_48' title="bbox 1892 2105 3480 2179">
     <span class='ocr_line' id='line_1_48' title="bbox 1892 2105 3480 2179; baseline 0.004 -20"><span class='ocrx_word' id='word_1_370' title='bbox 1892 2105 2018 2160; x_wconf 66' lang='grc' dir='ltr'><strong>Β.Έο</strong></span> <span class='ocrx_word' id='word_1_371' title='bbox 2054 2114 2181 2161; x_wconf 90' lang='lat' dir='ltr'><strong>sunt</strong></span> <span class='ocrx_word' id='word_1_372' title='bbox 2204 2123 2405 2177; x_wconf 83' lang='lat' dir='ltr'><strong>magna</strong></span> <span class='ocrx_word' id='word_1_373' title='bbox 2430 2124 2586 2177; x_wconf 85' lang='lat' dir='ltr'><strong>opera</strong></span> <span class='ocrx_word' id='word_1_374' title='bbox 2631 2108 2861 2174; x_wconf 79' lang='lat' dir='ltr'><strong>Domini,</strong></span> <span class='ocrx_word' id='word_1_375' title='bbox 2907 2111 3165 2179; x_wconf 76' lang='lat' dir='ltr'><strong>exquisita</strong></span> <span class='ocrx_word' id='word_1_376' title='bbox 3198 2110 3257 2162; x_wconf 72' lang='lat' dir='ltr'><strong>in</strong></span> <span class='ocrx_word' id='word_1_377' title='bbox 3299 2126 3480 2165; x_wconf 76' lang='lat' dir='ltr'><strong>omnes</strong></span> 
     </span>
    </p>
   </div>
   <div class='ocr_carea' id='block_1_49' title="bbox 1893 2197 3479 2276">
    <p class='ocr_par' dir='ltr' id='par_1_49' title="bbox 1893 2197 3479 2276">
     <span class='ocr_line' id='line_1_49' title="bbox 1893 2197 3479 2276; baseline 0.002 -23"><span class='ocrx_word' id='word_1_378' title='bbox 1893 2197 2181 2253; x_wconf 68' lang='lat' dir='ltr'><strong>volutantes</strong></span> <span class='ocrx_word' id='word_1_379' title='bbox 2201 2199 2317 2270; x_wconf 86' lang='lat' dir='ltr'><strong>ejus</strong></span> <span class='ocrx_word' id='word_1_380' title='bbox 2343 2197 2517 2271; x_wconf 85' lang='lat' dir='ltr'><strong>(Psal.</strong></span> <span class='ocrx_word' id='word_1_381' title='bbox 2539 2200 2652 2270; x_wconf 76' lang='lat' dir='ltr'><strong>cx),</strong></span> <span class='ocrx_word' id='word_1_382' title='bbox 2681 2210 2737 2256; x_wconf 88' lang='lat' dir='ltr'><strong>et</strong></span> <span class='ocrx_word' id='word_1_383' title='bbox 2761 2210 2868 2256; x_wconf 89' lang='lat' dir='ltr'><strong>tam</strong></span> <span class='ocrx_word' id='word_1_384' title='bbox 2894 2202 3168 2276; x_wconf 76' lang='lat' dir='ltr'><strong>sapienter</strong></span> <span class='ocrx_word' id='word_1_385' title='bbox 3182 2202 3479 2270; x_wconf 72' lang='lat' dir='ltr'><strong>exquisita,</strong></span> 
     </span>
    </p>
   </div>
   <div class='ocr_carea' id='block_1_50' title="bbox 1891 2289 3479 2361">
    <p class='ocr_par' dir='ltr' id='par_1_50' title="bbox 1891 2289 3479 2361">
     <span class='ocr_line' id='line_1_50' title="bbox 1891 2289 3479 2361; baseline 0.004 -19"><span class='ocrx_word' id='word_1_386' title='bbox 1891 2297 1952 2342; x_wconf 90' lang='lat' dir='ltr'><strong>ut</strong></span> <span class='ocrx_word' id='word_1_387' title='bbox 1971 2304 2097 2344; x_wconf 89' lang='lat' dir='ltr'><strong>cum</strong></span> <span class='ocrx_word' id='word_1_388' title='bbox 2141 2289 2383 2361; x_wconf 89' lang='lat' dir='ltr'><strong>angelica</strong></span> <span class='ocrx_word' id='word_1_389' title='bbox 2416 2298 2471 2344; x_wconf 91' lang='lat' dir='ltr'><strong>et</strong></span> <span class='ocrx_word' id='word_1_390' title='bbox 2517 2291 2755 2345; x_wconf 89' lang='lat' dir='ltr'><strong>humana</strong></span> <span class='ocrx_word' id='word_1_391' title='bbox 2804 2301 3051 2346; x_wconf 86' lang='lat' dir='ltr'><strong>creatura</strong></span> <span class='ocrx_word' id='word_1_392' title='bbox 3098 2301 3394 2361; x_wconf 86' lang='lat' dir='ltr'><strong>peccasset,</strong></span> <span class='ocrx_word' id='word_1_393' title='bbox 3423 2293 3479 2348; x_wconf 92' lang='lat' dir='ltr'><strong>id</strong></span> 
     </span>
    </p>
   </div>
   <div class='ocr_carea' id='block_1_51' title="bbox 1891 2381 3475 2452">
    <p class='ocr_par' dir='ltr' id='par_1_51' title="bbox 1891 2381 3475 2452">
     <span class='ocr_line' id='line_1_51' title="bbox 1891 2381 3475 2452; baseline 0.001 -18"><span class='ocrx_word' id='word_1_394' title='bbox 1891 2388 1994 2446; x_wconf 91' lang='lat' dir='ltr'><strong>est,</strong></span> <span class='ocrx_word' id='word_1_395' title='bbox 2049 2395 2154 2435; x_wconf 91' lang='lat' dir='ltr'><strong>non</strong></span> <span class='ocrx_word' id='word_1_396' title='bbox 2197 2381 2342 2450; x_wconf 88' lang='lat' dir='ltr'><strong>quod</strong></span> <span class='ocrx_word' id='word_1_397' title='bbox 2390 2381 2501 2446; x_wconf 90' lang='lat' dir='ltr'><strong>ille,</strong></span> <span class='ocrx_word' id='word_1_398' title='bbox 2544 2382 2637 2437; x_wconf 89' lang='lat' dir='ltr'><strong>sed</strong></span> <span class='ocrx_word' id='word_1_399' title='bbox 2675 2383 2817 2451; x_wconf 89' lang='lat' dir='ltr'><strong>quod</strong></span> <span class='ocrx_word' id='word_1_400' title='bbox 2860 2382 3033 2437; x_wconf 90' lang='lat' dir='ltr'><strong>voluit</strong></span> <span class='ocrx_word' id='word_1_401' title='bbox 3066 2384 3182 2452; x_wconf 89' lang='lat' dir='ltr'><strong>ipse</strong></span> <span class='ocrx_word' id='word_1_402' title='bbox 3228 2383 3475 2448; x_wconf 86' lang='lat' dir='ltr'><strong>fecisset,</strong></span> 
     </span>
    </p>
   </div>
   <div class='ocr_carea' id='block_1_52' title="bbox 1891 2472 3477 2543">
    <p class='ocr_par' dir='ltr' id='par_1_52' title="bbox 1891 2472 3477 2543">
     <span class='ocr_line' id='line_1_52' title="bbox 1891 2472 3477 2543; baseline 0 -16"><span class='ocrx_word' id='word_1_403' title='bbox 1891 2472 2056 2527; x_wconf 88' lang='lat' dir='ltr'><strong>etiam</strong></span> <span class='ocrx_word' id='word_1_404' title='bbox 2099 2487 2197 2541; x_wconf 89' lang='lat' dir='ltr'><strong>per</strong></span> <span class='ocrx_word' id='word_1_405' title='bbox 2227 2473 2474 2527; x_wconf 86' lang='lat' dir='ltr'><strong>eamdem</strong></span> <span class='ocrx_word' id='word_1_406' title='bbox 2517 2481 2791 2528; x_wconf 73' lang='lat' dir='ltr'><strong>creaturae</strong></span> <span class='ocrx_word' id='word_1_407' title='bbox 2834 2473 3191 2539; x_wconf 84' lang='lat' dir='ltr'><strong>voluntatem,</strong></span> <span class='ocrx_word' id='word_1_408' title='bbox 3241 2489 3344 2543; x_wconf 90' lang='lat' dir='ltr'><strong>qua</strong></span> <span class='ocrx_word' id='word_1_409' title='bbox 3397 2473 3477 2527; x_wconf 88' lang='lat' dir='ltr'><strong>fa-</strong></span> 
     </span>
    </p>
   </div>
   <div class='ocr_carea' id='block_1_53' title="bbox 1891 2561 3479 2633">
    <p class='ocr_par' dir='ltr' id='par_1_53' title="bbox 1891 2561 3479 2633">
     <span class='ocr_line' id='line_1_53' title="bbox 1891 2561 3479 2633; baseline 0.003 -18"><span class='ocrx_word' id='word_1_410' title='bbox 1891 2569 2037 2615; x_wconf 90' lang='lat' dir='ltr'><strong>ctum</strong></span> <span class='ocrx_word' id='word_1_411' title='bbox 2063 2570 2147 2617; x_wconf 89' lang='lat' dir='ltr'><strong>est</strong></span> <span class='ocrx_word' id='word_1_412' title='bbox 2173 2562 2317 2630; x_wconf 88' lang='lat' dir='ltr'><strong>quod</strong></span> <span class='ocrx_word' id='word_1_413' title='bbox 2352 2561 2581 2616; x_wconf 87' lang='lat' dir='ltr'><strong>Creator</strong></span> <span class='ocrx_word' id='word_1_414' title='bbox 2630 2562 2820 2627; x_wconf 90' lang='lat' dir='ltr'><strong>noluit,</strong></span> <span class='ocrx_word' id='word_1_415' title='bbox 2875 2562 3122 2631; x_wconf 87' lang='lat' dir='ltr'><strong>impleret</strong></span> <span class='ocrx_word' id='word_1_416' title='bbox 3173 2564 3288 2633; x_wconf 90' lang='lat' dir='ltr'><strong>ipse</strong></span> <span class='ocrx_word' id='word_1_417' title='bbox 3333 2567 3479 2633; x_wconf 88' lang='lat' dir='ltr'><strong>quod</strong></span> 
     </span>
    </p>
   </div>
   <div class='ocr_carea' id='block_1_54' title="bbox 1894 2654 3478 2726">
    <p class='ocr_par' dir='ltr' id='par_1_54' title="bbox 1894 2654 3478 2726">
     <span class='ocr_line' id='line_1_54' title="bbox 1894 2654 3478 2726; baseline 0.002 -16"><span class='ocrx_word' id='word_1_418' title='bbox 1894 2654 2078 2719; x_wconf 84' lang='lat' dir='ltr'><strong>voluit,</strong></span> <span class='ocrx_word' id='word_1_419' title='bbox 2111 2656 2251 2709; x_wconf 88' lang='lat' dir='ltr'><strong>bene</strong></span> <span class='ocrx_word' id='word_1_420' title='bbox 2305 2663 2464 2709; x_wconf 91' lang='lat' dir='ltr'><strong>utens</strong></span> <span class='ocrx_word' id='word_1_421' title='bbox 2506 2663 2570 2709; x_wconf 86' lang='lat' dir='ltr'><strong>et</strong></span> <span class='ocrx_word' id='word_1_422' title='bbox 2602 2656 2765 2711; x_wconf 85' lang='lat' dir='ltr'><strong>malis</strong></span> <span class='ocrx_word' id='word_1_423' title='bbox 2824 2665 3083 2726; x_wconf 88' lang='lat' dir='ltr'><strong>tanquam</strong></span> <span class='ocrx_word' id='word_1_424' title='bbox 3128 2673 3340 2712; x_wconf 89' lang='lat' dir='ltr'><strong>summe</strong></span> <span class='ocrx_word' id='word_1_425' title='bbox 3381 2660 3478 2714; x_wconf 81' lang='lat' dir='ltr'><strong>bo-</strong></span> 
     </span>
    </p>
   </div>
   <div class='ocr_carea' id='block_1_55' title="bbox 1891 2745 3476 2818">
    <p class='ocr_par' dir='ltr' id='par_1_55' title="bbox 1891 2745 3476 2818">
     <span class='ocr_line' id='line_1_55' title="bbox 1891 2745 3476 2818; baseline 0.004 -20"><span class='ocrx_word' id='word_1_426' title='bbox 1891 2759 1994 2799; x_wconf 88' lang='lat' dir='ltr'><strong>nus</strong></span> <span class='ocrx_word' id='word_1_427' title='bbox 2045 2745 2113 2798; x_wconf 90' lang='lat' dir='ltr'><strong>ad</strong></span> <span class='ocrx_word' id='word_1_428' title='bbox 2160 2760 2361 2800; x_wconf 83' lang='lat' dir='ltr'><strong>eorum</strong></span> <span class='ocrx_word' id='word_1_429' title='bbox 2412 2746 2839 2812; x_wconf 85' lang='lat' dir='ltr'><strong>damnationem,</strong></span> <span class='ocrx_word' id='word_1_430' title='bbox 2893 2763 3030 2817; x_wconf 89' lang='lat' dir='ltr'><strong>quos</strong></span> <span class='ocrx_word' id='word_1_431' title='bbox 3073 2747 3220 2816; x_wconf 83' lang='lat' dir='ltr'><strong>juste</strong></span> <span class='ocrx_word' id='word_1_432' title='bbox 3263 2750 3476 2818; x_wconf 66' lang='lat' dir='ltr'><strong>praede-</strong></span> 
     </span>
    </p>
   </div>
   <div class='ocr_carea' id='block_1_56' title="bbox 1891 2834 3469 2908">
    <p class='ocr_par' dir='ltr' id='par_1_56' title="bbox 1891 2834 3469 2908">
     <span class='ocr_line' id='line_1_56' title="bbox 1891 2834 3469 2908; baseline 0.003 -19"><span class='ocrx_word' id='word_1_433' title='bbox 1891 2834 2116 2889; x_wconf 84' lang='lat' dir='ltr'><strong>stinavit</strong></span> <span class='ocrx_word' id='word_1_434' title='bbox 2138 2836 2211 2890; x_wconf 87' lang='lat' dir='ltr'><strong>ad</strong></span> <span class='ocrx_word' id='word_1_435' title='bbox 2256 2850 2496 2904; x_wconf 83' lang='lat' dir='ltr'><strong>poenam,</strong></span> <span class='ocrx_word' id='word_1_436' title='bbox 2527 2844 2582 2891; x_wconf 89' lang='lat' dir='ltr'><strong>et</strong></span> <span class='ocrx_word' id='word_1_437' title='bbox 2610 2837 2681 2892; x_wconf 89' lang='lat' dir='ltr'><strong>ad</strong></span> <span class='ocrx_word' id='word_1_438' title='bbox 2712 2852 2898 2892; x_wconf 89' lang='lat' dir='ltr'><strong>eorum</strong></span> <span class='ocrx_word' id='word_1_439' title='bbox 2945 2839 3171 2893; x_wconf 86' lang='lat' dir='ltr'><strong>salutem</strong></span> <span class='ocrx_word' id='word_1_440' title='bbox 3200 2854 3337 2908; x_wconf 90' lang='lat' dir='ltr'><strong>quos</strong></span> <span class='ocrx_word' id='word_1_441' title='bbox 3380 2841 3469 2895; x_wconf 59' lang='lat' dir='ltr'><strong>be.</strong></span> 
     </span>
    </p>
   </div>
   <div class='ocr_carea' id='block_1_57' title="bbox 1892 2922 3478 2995">
    <p class='ocr_par' dir='ltr' id='par_1_57' title="bbox 1892 2922 3478 2995">
     <span class='ocr_line' id='line_1_57' title="bbox 1892 2922 3478 2995; baseline 0.004 -18"><span class='ocrx_word' id='word_1_442' title='bbox 1892 2922 2053 2993; x_wconf 86' lang='lat' dir='ltr'><strong>nigue</strong></span> <span class='ocrx_word' id='word_1_443' title='bbox 2076 2924 2478 2992; x_wconf 63' lang='lat' dir='ltr'><strong>praedestinavit</strong></span> <span class='ocrx_word' id='word_1_444' title='bbox 2504 2926 2569 2979; x_wconf 88' lang='lat' dir='ltr'><strong>ad</strong></span> <span class='ocrx_word' id='word_1_445' title='bbox 2605 2926 2850 2995; x_wconf 86' lang='lat' dir='ltr'><strong>gloriam.</strong></span> <span class='ocrx_word' id='word_1_446' title='bbox 2881 2927 2947 2980; x_wconf 84' lang='lat' dir='ltr'><strong>Et</strong></span> <span class='ocrx_word' id='word_1_447' title='bbox 2974 2943 3042 2982; x_wconf 88' lang='lat' dir='ltr'><strong>ne</strong></span> <span class='ocrx_word' id='word_1_448' title='bbox 3086 2927 3189 2983; x_wconf 84' lang='lat' dir='ltr'><strong>hoc</strong></span> <span class='ocrx_word' id='word_1_449' title='bbox 3216 2928 3290 2981; x_wconf 90' lang='lat' dir='ltr'><strong>illi</strong></span> <span class='ocrx_word' id='word_1_450' title='bbox 3328 2929 3478 2984; x_wconf 80' lang='lat' dir='ltr'><strong>exci-</strong></span> 
     </span>
    </p>
   </div>
   <div class='ocr_carea' id='block_1_58' title="bbox 1892 3010 3479 3086">
    <p class='ocr_par' dir='ltr' id='par_1_58' title="bbox 1892 3010 3479 3086">
     <span class='ocr_line' id='line_1_58' title="bbox 1892 3010 3479 3086; baseline 0.003 -19"><span class='ocrx_word' id='word_1_451' title='bbox 1892 3012 2041 3067; x_wconf 87' lang='lat' dir='ltr'><strong>disse</strong></span> <span class='ocrx_word' id='word_1_452' title='bbox 2073 3010 2379 3078; x_wconf 87' lang='lat' dir='ltr'><strong>arbitreris,</strong></span> <span class='ocrx_word' id='word_1_453' title='bbox 2439 3028 2506 3068; x_wconf 89' lang='lat' dir='ltr'><strong>ac</strong></span> <span class='ocrx_word' id='word_1_454' title='bbox 2558 3029 2667 3069; x_wconf 86' lang='lat' dir='ltr'><strong>non</strong></span> <span class='ocrx_word' id='word_1_455' title='bbox 2711 3029 2817 3084; x_wconf 80' lang='lat' dir='ltr'><strong>pro</strong></span> <span class='ocrx_word' id='word_1_456' title='bbox 2873 3025 3150 3086; x_wconf 87' lang='lat' dir='ltr'><strong>comperto</strong></span> <span class='ocrx_word' id='word_1_457' title='bbox 3185 3024 3241 3070; x_wconf 90' lang='lat' dir='ltr'><strong>et</strong></span> <span class='ocrx_word' id='word_1_458' title='bbox 3282 3017 3479 3072; x_wconf 85' lang='lat' dir='ltr'><strong>certis-</strong></span> 
     </span>
    </p>
   </div>
   <div class='ocr_carea' id='block_1_59' title="bbox 1892 3102 3478 3174">
    <p class='ocr_par' dir='ltr' id='par_1_59' title="bbox 1892 3102 3478 3174">
     <span class='ocr_line' id='line_1_59' title="bbox 1892 3102 3478 3174; baseline 0.003 -17"><span class='ocrx_word' id='word_1_459' title='bbox 1892 3102 2033 3158; x_wconf 88' lang='lat' dir='ltr'><strong>simo</strong></span> <span class='ocrx_word' id='word_1_460' title='bbox 2065 3103 2494 3171; x_wconf 86' lang='lat' dir='ltr'><strong>comprobatum,</strong></span> <span class='ocrx_word' id='word_1_461' title='bbox 2542 3119 2665 3159; x_wconf 90' lang='lat' dir='ltr'><strong>curn</strong></span> <span class='ocrx_word' id='word_1_462' title='bbox 2717 3119 2785 3159; x_wconf 79' lang='lat' dir='ltr'><strong>ex</strong></span> <span class='ocrx_word' id='word_1_463' title='bbox 2822 3105 3004 3160; x_wconf 86' lang='lat' dir='ltr'><strong>multis</strong></span> <span class='ocrx_word' id='word_1_464' title='bbox 3054 3105 3313 3163; x_wconf 86' lang='lat' dir='ltr'><strong>librorum</strong></span> <span class='ocrx_word' id='word_1_465' title='bbox 3360 3104 3478 3174; x_wconf 86' lang='lat' dir='ltr'><strong>ejus</strong></span> 
     </span>
    </p>
   </div>
   <div class='ocr_carea' id='block_1_60' title="bbox 199 3184 3478 3268">
    <p class='ocr_par' dir='ltr' id='par_1_60' title="bbox 199 3184 3478 3268">
     <span class='ocr_line' id='line_1_60' title="bbox 199 3184 3478 3268; baseline 0.003 -24"><span class='ocrx_word' id='word_1_466' title='bbox 199 3190 494 3261; x_wconf 86' lang='lat' dir='ltr'><strong>Augustini</strong></span> <span class='ocrx_word' id='word_1_467' title='bbox 527 3191 828 3247; x_wconf 85' lang='lat' dir='ltr'><strong>assertione</strong></span> <span class='ocrx_word' id='word_1_468' title='bbox 855 3190 1174 3259; x_wconf 88' lang='lat' dir='ltr'><strong>pandamus.</strong></span> <span class='ocrx_word' id='word_1_469' title='bbox 1200 3190 1229 3230; x_wconf 71' lang='grc' dir='ltr'><strong>ιι</strong></span> <span class='ocrx_word' id='word_1_470' title='bbox 1257 3188 1358 3246; x_wconf 86' lang='lat' dir='ltr'><strong>Hic</strong></span> <span class='ocrx_word' id='word_1_471' title='bbox 1378 3198 1570 3248; x_wconf 85' lang='lat' dir='ltr'><strong>auctor</strong></span> <span class='ocrx_word' id='word_1_472' title='bbox 1597 3191 1788 3247; x_wconf 86' lang='lat' dir='ltr'><strong>certis-</strong></span> <span class='ocrx_word' id='word_1_473' title='bbox 1816 3184 1863 3247; x_wconf 86' lang='lat' dir='ltr'>C</span> <span class='ocrx_word' id='word_1_474' title='bbox 1892 3192 2048 3260; x_wconf 75' lang='lat' dir='ltr'><strong>locis,</strong></span> <span class='ocrx_word' id='word_1_475' title='bbox 2074 3202 2190 3249; x_wconf 89' lang='lat' dir='ltr'><strong>tum</strong></span> <span class='ocrx_word' id='word_1_476' title='bbox 2231 3210 2298 3249; x_wconf 82' lang='lat' dir='ltr'><strong>ex</strong></span> <span class='ocrx_word' id='word_1_477' title='bbox 2337 3196 2483 3251; x_wconf 87' lang='lat' dir='ltr'><strong>illius</strong></span> <span class='ocrx_word' id='word_1_478' title='bbox 2537 3195 2691 3265; x_wconf 92' lang='lat' dir='ltr'><strong>cujus</strong></span> <span class='ocrx_word' id='word_1_479' title='bbox 2722 3196 2823 3253; x_wconf 87' lang='lat' dir='ltr'><strong>feci</strong></span> <span class='ocrx_word' id='word_1_480' title='bbox 2867 3198 3027 3268; x_wconf 90' lang='lat' dir='ltr'><strong>paulo</strong></span> <span class='ocrx_word' id='word_1_481' title='bbox 3081 3209 3207 3254; x_wconf 90' lang='lat' dir='ltr'><strong>ante</strong></span> <span class='ocrx_word' id='word_1_482' title='bbox 3247 3200 3478 3255; x_wconf 79' lang='lat' dir='ltr'><strong>mentio-</strong></span> 
     </span>
    </p>
   </div>
   <div class='ocr_carea' id='block_1_61' title="bbox 201 3281 1786 3352">
    <p class='ocr_par' dir='ltr' id='par_1_61' title="bbox 201 3281 1786 3352">
     <span class='ocr_line' id='line_1_61' title="bbox 201 3281 1786 3352; baseline 0.001 -16"><span class='ocrx_word' id='word_1_483' title='bbox 201 3282 400 3347; x_wconf 84' lang='lat' dir='ltr'><strong>simus,</strong></span> <span class='ocrx_word' id='word_1_484' title='bbox 429 3282 556 3351; x_wconf 87' lang='lat' dir='ltr'><strong>quia</strong></span> <span class='ocrx_word' id='word_1_485' title='bbox 587 3281 892 3337; x_wconf 83' lang='lat' dir='ltr'><strong>divinarum</strong></span> <span class='ocrx_word' id='word_1_486' title='bbox 934 3281 1340 3352; x_wconf 88' lang='lat' dir='ltr'><strong>Scripturarum</strong></span> <span class='ocrx_word' id='word_1_487' title='bbox 1369 3281 1786 3339; x_wconf 90' lang='lat' dir='ltr'><strong>observantissi-</strong></span> 
     </span>
    </p>
   </div>
   <div class='ocr_carea' id='block_1_62' title="bbox 203 3373 1789 3446">
    <p class='ocr_par' dir='ltr' id='par_1_62' title="bbox 203 3373 1789 3446">
     <span class='ocr_line' id='line_1_62' title="bbox 203 3373 1789 3446; baseline 0.001 -18"><span class='ocrx_word' id='word_1_488' title='bbox 203 3388 328 3428; x_wconf 89' lang='lat' dir='ltr'><strong>mus</strong></span> <span class='ocrx_word' id='word_1_489' title='bbox 352 3412 370 3438; x_wconf 97' lang='lat'><strong>,</strong></span> <span class='ocrx_word' id='word_1_490' title='bbox 416 3374 704 3430; x_wconf 87' lang='lat' dir='ltr'><strong>scribendo</strong></span> <span class='ocrx_word' id='word_1_491' title='bbox 761 3373 1009 3444; x_wconf 84' lang='lat' dir='ltr'><strong>profecit.</strong></span> <span class='ocrx_word' id='word_1_492' title='bbox 1082 3373 1234 3430; x_wconf 86' lang='lat' dir='ltr'><strong>Unde</strong></span> <span class='ocrx_word' id='word_1_493' title='bbox 1294 3374 1476 3446; x_wconf 84' lang='lat' dir='ltr'><strong>culpat</strong></span> <span class='ocrx_word' id='word_1_494' title='bbox 1525 3374 1789 3446; x_wconf 85' lang='lat' dir='ltr'><strong>quosdam</strong></span> 
     </span>
    </p>
   </div>
   <div class='ocr_carea' id='block_1_63' title="bbox 201 3469 1792 3542">
    <p class='ocr_par' dir='ltr' id='par_1_63' title="bbox 201 3469 1792 3542">
     <span class='ocr_line' id='line_1_63' title="bbox 201 3469 1792 3542; baseline 0.001 -18"><span class='ocrx_word' id='word_1_495' title='bbox 201 3469 258 3524; x_wconf 91' lang='lat' dir='ltr'><strong>in</strong></span> <span class='ocrx_word' id='word_1_496' title='bbox 290 3469 431 3526; x_wconf 91' lang='lat' dir='ltr'><strong>libro</strong></span> <span class='ocrx_word' id='word_1_497' title='bbox 469 3471 535 3526; x_wconf 89' lang='lat' dir='ltr'><strong>de</strong></span> <span class='ocrx_word' id='word_1_498' title='bbox 579 3470 1049 3542; x_wconf 69' lang='lat' dir='ltr'><strong>praedestinatione</strong></span> <span class='ocrx_word' id='word_1_499' title='bbox 1098 3478 1414 3527; x_wconf 89' lang='lat' dir='ltr'><strong>sanctorum</strong></span> <span class='ocrx_word' id='word_1_500' title='bbox 1463 3471 1606 3541; x_wconf 91' lang='lat' dir='ltr'><strong>quod</strong></span> <span class='ocrx_word' id='word_1_501' title='bbox 1648 3471 1792 3526; x_wconf 87' lang='lat' dir='ltr'><strong>sicut</strong></span> 
     </span>
    </p>
   </div>
   <div class='ocr_carea' id='block_1_64' title="bbox 198 3563 1790 3636">
    <p class='ocr_par' dir='ltr' id='par_1_64' title="bbox 198 3563 1790 3636">
     <span class='ocr_line' id='line_1_64' title="bbox 198 3563 1790 3636; baseline 0 -18"><span class='ocrx_word' id='word_1_502' title='bbox 198 3563 540 3621; x_wconf 84' lang='lat' dir='ltr'><strong>studuissent</strong></span> <span class='ocrx_word' id='word_1_503' title='bbox 583 3566 753 3635; x_wconf 86' lang='lat' dir='ltr'><strong>ipsius</strong></span> <span class='ocrx_word' id='word_1_504' title='bbox 787 3564 956 3621; x_wconf 87' lang='lat' dir='ltr'><strong>libros</strong></span> <span class='ocrx_word' id='word_1_505' title='bbox 981 3565 1188 3636; x_wconf 83' lang='lat' dir='ltr'><strong>legere,</strong></span> <span class='ocrx_word' id='word_1_506' title='bbox 1214 3580 1324 3620; x_wconf 90' lang='lat' dir='ltr'><strong>non</strong></span> <span class='ocrx_word' id='word_1_507' title='bbox 1373 3564 1536 3619; x_wconf 86' lang='lat' dir='ltr'><strong>etiam</strong></span> <span class='ocrx_word' id='word_1_508' title='bbox 1586 3571 1790 3619; x_wconf 85' lang='lat' dir='ltr'><strong>certas-</strong></span> 
     </span>
    </p>
   </div>
   <div class='ocr_carea' id='block_1_65' title="bbox 204 3653 1786 3725">
    <p class='ocr_par' dir='ltr' id='par_1_65' title="bbox 204 3653 1786 3725">
     <span class='ocr_line' id='line_1_65' title="bbox 204 3653 1786 3725; baseline -0.001 -16"><span class='ocrx_word' id='word_1_509' title='bbox 204 3663 330 3709; x_wconf 89' lang='lat' dir='ltr'><strong>sent</strong></span> <span class='ocrx_word' id='word_1_510' title='bbox 375 3671 497 3710; x_wconf 88' lang='lat' dir='ltr'><strong>cum</strong></span> <span class='ocrx_word' id='word_1_511' title='bbox 545 3655 663 3725; x_wconf 88' lang='lat' dir='ltr'><strong>ipso</strong></span> <span class='ocrx_word' id='word_1_512' title='bbox 711 3654 1010 3725; x_wconf 83' lang='lat' dir='ltr'><strong>proficere,</strong></span> <span class='ocrx_word' id='word_1_513' title='bbox 1063 3662 1119 3710; x_wconf 89' lang='lat' dir='ltr'><strong>et</strong></span> <span class='ocrx_word' id='word_1_514' title='bbox 1156 3653 1505 3724; x_wconf 84' lang='lat' dir='ltr'><strong>prolicienter</strong></span> <span class='ocrx_word' id='word_1_515' title='bbox 1548 3654 1786 3724; x_wconf 91' lang='lat' dir='ltr'><strong>scripsit,</strong></span> 
     </span>
    </p>
   </div>
   <div class='ocr_carea' id='block_1_66' title="bbox 200 3743 1787 3815">
    <p class='ocr_par' dir='ltr' id='par_1_66' title="bbox 200 3743 1787 3815">
     <span class='ocr_line' id='line_1_66' title="bbox 200 3743 1787 3815; baseline 0.002 -16"><span class='ocrx_word' id='word_1_516' title='bbox 200 3758 311 3799; x_wconf 83' lang='lat' dir='ltr'><strong>nec</strong></span> <span class='ocrx_word' id='word_1_517' title='bbox 356 3752 535 3800; x_wconf 88' lang='lat' dir='ltr'><strong>tamen</strong></span> <span class='ocrx_word' id='word_1_518' title='bbox 584 3759 683 3801; x_wconf 89' lang='lat' dir='ltr'><strong>suo</strong></span> <span class='ocrx_word' id='word_1_519' title='bbox 723 3744 930 3815; x_wconf 87' lang='lat' dir='ltr'><strong>judicio</strong></span> <span class='ocrx_word' id='word_1_520' title='bbox 980 3744 1050 3798; x_wconf 88' lang='lat' dir='ltr'><strong>ad</strong></span> <span class='ocrx_word' id='word_1_521' title='bbox 1093 3743 1481 3813; x_wconf 83' lang='lat' dir='ltr'><strong>perfectionem</strong></span> <span class='ocrx_word' id='word_1_522' title='bbox 1522 3745 1787 3814; x_wconf 84' lang='lat' dir='ltr'><strong>pervenit.</strong></span> 
     </span>
    </p>
   </div>
   <div class='ocr_carea' id='block_1_67' title="bbox 204 3834 1791 3907">
    <p class='ocr_par' dir='ltr' id='par_1_67' title="bbox 204 3834 1791 3907">
     <span class='ocr_line' id='line_1_67' title="bbox 204 3834 1791 3907; baseline 0.001 -17"><span class='ocrx_word' id='word_1_523' title='bbox 204 3836 455 3892; x_wconf 84' lang='lat' dir='ltr'><strong>Tenebat</strong></span> <span class='ocrx_word' id='word_1_524' title='bbox 483 3836 651 3901; x_wconf 89' lang='lat' dir='ltr'><strong>enim,</strong></span> <span class='ocrx_word' id='word_1_525' title='bbox 678 3836 824 3905; x_wconf 89' lang='lat' dir='ltr'><strong>quod</strong></span> <span class='ocrx_word' id='word_1_526' title='bbox 845 3835 1010 3890; x_wconf 87' lang='lat' dir='ltr'><strong>etiam</strong></span> <span class='ocrx_word' id='word_1_527' title='bbox 1044 3835 1097 3890; x_wconf 89' lang='lat' dir='ltr'><strong>in</strong></span> <span class='ocrx_word' id='word_1_528' title='bbox 1126 3850 1224 3890; x_wconf 91' lang='lat' dir='ltr'><strong>suo</strong></span> <span class='ocrx_word' id='word_1_529' title='bbox 1248 3834 1479 3890; x_wconf 87' lang='lat' dir='ltr'><strong>mirabili</strong></span> <span class='ocrx_word' id='word_1_530' title='bbox 1511 3834 1580 3889; x_wconf 85' lang='lat' dir='ltr'><strong>de</strong></span> <span class='ocrx_word' id='word_1_531' title='bbox 1611 3850 1791 3907; x_wconf 88' lang='lat' dir='ltr'><strong>gram-</strong></span> 
     </span>
    </p>
   </div>
   <div class='ocr_carea' id='block_1_68' title="bbox 205 3923 1790 3996">
    <p class='ocr_par' dir='ltr' id='par_1_68' title="bbox 205 3923 1790 3996">
     <span class='ocr_line' id='line_1_68' title="bbox 205 3923 1790 3996; baseline 0 -16"><span class='ocrx_word' id='word_1_532' title='bbox 205 3926 411 3980; x_wconf 87' lang='lat' dir='ltr'><strong>matica</strong></span> <span class='ocrx_word' id='word_1_533' title='bbox 439 3940 606 3996; x_wconf 88' lang='lat' dir='ltr'><strong>opere</strong></span> <span class='ocrx_word' id='word_1_534' title='bbox 634 3937 656 3965; x_wconf 73' lang='grc' dir='ltr'>ο</span> <span class='ocrx_word' id='word_1_535' title='bbox 686 3924 999 3981; x_wconf 88' lang='lat' dir='ltr'><strong>Priscianus</strong></span> <span class='ocrx_word' id='word_1_536' title='bbox 1029 3925 1300 3996; x_wconf 84' lang='lat' dir='ltr'><strong>intelligit,</strong></span> <span class='ocrx_word' id='word_1_537' title='bbox 1330 3923 1464 3979; x_wconf 88' lang='lat' dir='ltr'><strong>nihil</strong></span> <span class='ocrx_word' id='word_1_538' title='bbox 1485 3923 1790 3994; x_wconf 88' lang='lat' dir='ltr'><strong>perfectum</strong></span> 
     </span>
    </p>
   </div>
   <div class='ocr_carea' id='block_1_69' title="bbox 203 4014 1788 4085">
    <p class='ocr_par' dir='ltr' id='par_1_69' title="bbox 203 4014 1788 4085">
     <span class='ocr_line' id='line_1_69' title="bbox 203 4014 1788 4085; baseline 0 -16"><span class='ocrx_word' id='word_1_539' title='bbox 203 4030 276 4069; x_wconf 77' lang='lat' dir='ltr'><strong>ex</strong></span> <span class='ocrx_word' id='word_1_540' title='bbox 319 4014 467 4069; x_wconf 88' lang='lat' dir='ltr'><strong>omni</strong></span> <span class='ocrx_word' id='word_1_541' title='bbox 525 4023 683 4085; x_wconf 89' lang='lat' dir='ltr'><strong>parte</strong></span> <span class='ocrx_word' id='word_1_542' title='bbox 729 4015 784 4069; x_wconf 92' lang='lat' dir='ltr'><strong>in</strong></span> <span class='ocrx_word' id='word_1_543' title='bbox 844 4016 1096 4070; x_wconf 88' lang='lat' dir='ltr'><strong>humanis</strong></span> <span class='ocrx_word' id='word_1_544' title='bbox 1156 4014 1517 4071; x_wconf 86' lang='lat' dir='ltr'><strong>locutiouibus</strong></span> <span class='ocrx_word' id='word_1_545' title='bbox 1562 4015 1788 4071; x_wconf 82' lang='lat' dir='ltr'><strong>inveniri</strong></span> 
     </span>
    </p>
   </div>
   <div class='ocr_carea' id='block_1_70' title="bbox 198 4106 1791 4179">
    <p class='ocr_par' dir='ltr' id='par_1_70' title="bbox 198 4106 1791 4179">
     <span class='ocr_line' id='line_1_70' title="bbox 198 4106 1791 4179; baseline 0.002 -19"><span class='ocrx_word' id='word_1_546' title='bbox 198 4120 384 4178; x_wconf 87' lang='lat' dir='ltr'><strong>posse.</strong></span> <span class='ocrx_word' id='word_1_547' title='bbox 422 4107 565 4172; x_wconf 89' lang='lat' dir='ltr'><strong>lmo,</strong></span> <span class='ocrx_word' id='word_1_548' title='bbox 614 4108 760 4178; x_wconf 91' lang='lat' dir='ltr'><strong>quod</strong></span> <span class='ocrx_word' id='word_1_549' title='bbox 795 4116 982 4163; x_wconf 89' lang='lat' dir='ltr'><strong>noster</strong></span> <span class='ocrx_word' id='word_1_550' title='bbox 1008 4106 1396 4179; x_wconf 88' lang='lat' dir='ltr'><strong>aitApostolus</strong></span> <span class='ocrx_word' id='word_1_551' title='bbox 1450 4124 1465 4162; x_wconf 92' lang='lat'><strong>:</strong></span> <span class='ocrx_word' id='word_1_552' title='bbox 1516 4107 1605 4162; x_wconf 80' lang='lat' dir='ltr'><strong>Ea:</strong></span> <span class='ocrx_word' id='word_1_553' title='bbox 1641 4123 1791 4177; x_wconf 72' lang='lat' dir='ltr'><strong>parte</strong></span> 
     </span>
    </p>
   </div>
   <div class='ocr_carea' id='block_1_71' title="bbox 199 4196 1794 4268">
    <p class='ocr_par' dir='ltr' id='par_1_71' title="bbox 199 4196 1794 4268">
     <span class='ocr_line' id='line_1_71' title="bbox 199 4196 1794 4268; baseline 0.001 -17"><span class='ocrx_word' id='word_1_554' title='bbox 199 4197 587 4267; x_wconf 70' lang='lat' dir='ltr'><strong>cognouimus,</strong></span> <span class='ocrx_word' id='word_1_555' title='bbox 626 4207 674 4252; x_wconf 88' lang='lat' dir='ltr'><strong>et</strong></span> <span class='ocrx_word' id='word_1_556' title='bbox 715 4214 780 4252; x_wconf 79' lang='lat' dir='ltr'><strong>ea:</strong></span> <span class='ocrx_word' id='word_1_557' title='bbox 814 4208 964 4268; x_wconf 80' lang='lat' dir='ltr'><strong>parte</strong></span> <span class='ocrx_word' id='word_1_558' title='bbox 1011 4199 1381 4268; x_wconf 78' lang='lat' dir='ltr'><strong>prophetamus</strong></span> <span class='ocrx_word' id='word_1_559' title='bbox 1405 4196 1454 4266; x_wconf 88' lang='grc' dir='ltr'><strong>(Ι</strong></span> <span class='ocrx_word' id='word_1_560' title='bbox 1477 4196 1602 4251; x_wconf 82' lang='lat' dir='ltr'><strong>Cor.</strong></span> <span class='ocrx_word' id='word_1_561' title='bbox 1641 4196 1794 4268; x_wconf 79' lang='lat' dir='ltr'><strong>xm).&#39;</strong></span> 
     </span>
    </p>
   </div>
   <div class='ocr_carea' id='block_1_72' title="bbox 200 4287 1785 4359">
    <p class='ocr_par' dir='ltr' id='par_1_72' title="bbox 200 4287 1785 4359">
     <span class='ocr_line' id='line_1_72' title="bbox 200 4287 1785 4359; baseline 0.001 -17"><span class='ocrx_word' id='word_1_562' title='bbox 200 4287 322 4344; x_wconf 76' lang='lat' dir='ltr'><strong>Hoc</strong></span> <span class='ocrx_word' id='word_1_563' title='bbox 358 4289 413 4343; x_wconf 91' lang='lat' dir='ltr'><strong>in</strong></span> <span class='ocrx_word' id='word_1_564' title='bbox 443 4289 793 4345; x_wconf 77' lang='lat' dir='ltr'><strong>exactissimo</strong></span> <span class='ocrx_word' id='word_1_565' title='bbox 841 4290 983 4345; x_wconf 90' lang='lat' dir='ltr'><strong>libro</strong></span> <span class='ocrx_word' id='word_1_566' title='bbox 1037 4290 1104 4344; x_wconf 92' lang='lat' dir='ltr'><strong>de</strong></span> <span class='ocrx_word' id='word_1_567' title='bbox 1152 4288 1294 4344; x_wconf 90' lang='lat' dir='ltr'><strong>bono</strong></span> <span class='ocrx_word' id='word_1_568' title='bbox 1346 4289 1785 4359; x_wconf 69' lang='lat' dir='ltr'><strong>perseverantiae,</strong></span> 
     </span>
    </p>
   </div>
   <div class='ocr_carea' id='block_1_73' title="bbox 1890 3286 3476 3362">
    <p class='ocr_par' dir='ltr' id='par_1_73' title="bbox 1890 3286 3476 3362">
     <span class='ocr_line' id='line_1_73' title="bbox 1890 3286 3476 3362; baseline 0.003 -20"><span class='ocrx_word' id='word_1_569' title='bbox 1890 3300 2015 3342; x_wconf 88' lang='lat' dir='ltr'><strong>nem</strong></span> <span class='ocrx_word' id='word_1_570' title='bbox 2044 3287 2136 3356; x_wconf 90' lang='lat' dir='ltr'><strong>qui</strong></span> <span class='ocrx_word' id='word_1_571' title='bbox 2180 3286 2498 3342; x_wconf 88' lang='lat' dir='ltr'><strong>inscribitur</strong></span> <span class='ocrx_word' id='word_1_572' title='bbox 2536 3288 2601 3343; x_wconf 87' lang='lat' dir='ltr'><strong>de</strong></span> <span class='ocrx_word' id='word_1_573' title='bbox 2636 3288 2789 3343; x_wconf 91' lang='lat' dir='ltr'><strong>Dono</strong></span> <span class='ocrx_word' id='word_1_574' title='bbox 2835 3291 3274 3358; x_wconf 69' lang='lat' dir='ltr'><strong>perseverantiae,</strong></span> <span class='ocrx_word' id='word_1_575' title='bbox 3312 3307 3476 3362; x_wconf 89' lang='lat' dir='ltr'><strong>quem</strong></span> 
     </span>
    </p>
   </div>
   <div class='ocr_carea' id='block_1_74' title="bbox 1890 3378 3476 3448">
    <p class='ocr_par' dir='ltr' id='par_1_74' title="bbox 1890 3378 3476 3448">
     <span class='ocr_line' id='line_1_74' title="bbox 1890 3378 3476 3448; baseline 0.004 -14"><span class='ocrx_word' id='word_1_576' title='bbox 1890 3388 2052 3434; x_wconf 66' lang='lat' dir='ltr'><strong>aetate</strong></span> <span class='ocrx_word' id='word_1_577' title='bbox 2120 3386 2333 3434; x_wconf 89' lang='lat' dir='ltr'><strong>matura</strong></span> <span class='ocrx_word' id='word_1_578' title='bbox 2392 3378 2657 3448; x_wconf 88' lang='lat' dir='ltr'><strong>firmoque</strong></span> <span class='ocrx_word' id='word_1_579' title='bbox 2719 3378 2926 3448; x_wconf 89' lang='lat' dir='ltr'><strong>judicio</strong></span> <span class='ocrx_word' id='word_1_580' title='bbox 2982 3383 3476 3441; x_wconf 78' lang='lat' dir='ltr'><strong>exercitatissimus</strong></span> 
     </span>
    </p>
   </div>
   <div class='ocr_carea' id='block_1_75' title="bbox 1891 3469 3474 3547">
    <p class='ocr_par' dir='ltr' id='par_1_75' title="bbox 1891 3469 3474 3547">
     <span class='ocr_line' id='line_1_75' title="bbox 1891 3469 3474 3547; baseline 0.004 -22"><span class='ocrx_word' id='word_1_581' title='bbox 1891 3470 2053 3542; x_wconf 71' lang='lat'><strong>237</strong></span> <span class='ocrx_word' id='word_1_582' title='bbox 2103 3469 2293 3536; x_wconf 90' lang='lat' dir='ltr'><strong>edidit,</strong></span> <span class='ocrx_word' id='word_1_583' title='bbox 2328 3471 2528 3541; x_wconf 82' lang='lat' dir='ltr'><strong>poterit</strong></span> <span class='ocrx_word' id='word_1_584' title='bbox 2567 3471 2901 3526; x_wconf 81' lang='lat' dir='ltr'><strong>confirmari.</strong></span> <span class='ocrx_word' id='word_1_585' title='bbox 2956 3493 2974 3524; x_wconf 83' lang='grc' dir='ltr'><strong>ι</strong></span> <span class='ocrx_word' id='word_1_586' title='bbox 3013 3473 3236 3540; x_wconf 88' lang='lat' dir='ltr'><strong>Quibus,</strong></span> <span class='ocrx_word' id='word_1_587' title='bbox 3280 3476 3474 3547; x_wconf 87' lang='lat' dir='ltr'><strong>inquit.</strong></span> 
     </span>
    </p>
   </div>
   <div class='ocr_carea' id='block_1_76' title="bbox 1891 3559 3476 3632">
    <p class='ocr_par' dir='ltr' id='par_1_76' title="bbox 1891 3559 3476 3632">
     <span class='ocr_line' id='line_1_76' title="bbox 1891 3559 3476 3632; baseline 0.005 -19"><span class='ocrx_word' id='word_1_588' title='bbox 1891 3574 2000 3614; x_wconf 86' lang='lat' dir='ltr'><strong>non</strong></span> <span class='ocrx_word' id='word_1_589' title='bbox 2029 3560 2143 3614; x_wconf 87' lang='lat' dir='ltr'><strong>vult</strong></span> <span class='ocrx_word' id='word_1_590' title='bbox 2190 3559 2480 3615; x_wconf 86' lang='lat' dir='ltr'><strong>subvenire</strong></span> <span class='ocrx_word' id='word_1_591' title='bbox 2529 3576 2637 3614; x_wconf 89' lang='lat' dir='ltr'><strong>non</strong></span> <span class='ocrx_word' id='word_1_592' title='bbox 2682 3560 2949 3627; x_wconf 77' lang='lat' dir='ltr'><strong>subvenit,</strong></span> <span class='ocrx_word' id='word_1_593' title='bbox 2981 3562 3049 3616; x_wconf 87' lang='lat' dir='ltr'><strong>de</strong></span> <span class='ocrx_word' id='word_1_594' title='bbox 3075 3563 3271 3632; x_wconf 90' lang='lat' dir='ltr'><strong>quibus</strong></span> <span class='ocrx_word' id='word_1_595' title='bbox 3301 3565 3355 3618; x_wconf 91' lang='lat' dir='ltr'><strong>in</strong></span> <span class='ocrx_word' id='word_1_596' title='bbox 3379 3578 3476 3622; x_wconf 86' lang='lat' dir='ltr'><strong>sua</strong></span> 
     </span>
    </p>
   </div>
   <div class='ocr_carea' id='block_1_77' title="bbox 1890 3651 3476 3724">
    <p class='ocr_par' dir='ltr' id='par_1_77' title="bbox 1890 3651 3476 3724">
     <span class='ocr_line' id='line_1_77' title="bbox 1890 3651 3476 3724; baseline 0.006 -20"><span class='ocrx_word' id='word_1_597' title='bbox 1890 3651 2385 3720; x_wconf 67' lang='lat' dir='ltr'><strong>praedestinatione,</strong></span> <span class='ocrx_word' id='word_1_598' title='bbox 2436 3651 2647 3707; x_wconf 90' lang='lat' dir='ltr'><strong>occulte</strong></span> <span class='ocrx_word' id='word_1_599' title='bbox 2693 3653 2932 3722; x_wconf 89' lang='lat' dir='ltr'><strong>quidem,</strong></span> <span class='ocrx_word' id='word_1_600' title='bbox 2982 3654 3076 3707; x_wconf 87' lang='lat' dir='ltr'><strong>sed</strong></span> <span class='ocrx_word' id='word_1_601' title='bbox 3118 3654 3283 3724; x_wconf 90' lang='lat' dir='ltr'><strong>juste,</strong></span> <span class='ocrx_word' id='word_1_602' title='bbox 3331 3657 3476 3714; x_wconf 89' lang='lat' dir='ltr'><strong>aliud</strong></span> 
     </span>
    </p>
   </div>
   <div class='ocr_carea' id='block_1_78' title="bbox 1885 3739 3469 3814">
    <p class='ocr_par' dir='ltr' id='par_1_78' title="bbox 1885 3739 3469 3814">
     <span class='ocr_line' id='line_1_78' title="bbox 1885 3739 3469 3814; baseline 0.004 -18"><span class='ocrx_word' id='word_1_603' title='bbox 1885 3739 2170 3809; x_wconf 88' lang='lat' dir='ltr'><strong>judicavit.</strong></span> <span class='ocrx_word' id='word_1_604' title='bbox 2240 3742 2358 3796; x_wconf 83' lang='lat' dir='ltr'><strong>Non</strong></span> <span class='ocrx_word' id='word_1_605' title='bbox 2405 3751 2490 3797; x_wconf 91' lang='lat' dir='ltr'><strong>est</strong></span> <span class='ocrx_word' id='word_1_606' title='bbox 2535 3744 2680 3798; x_wconf 90' lang='lat' dir='ltr'><strong>enim</strong></span> <span class='ocrx_word' id='word_1_607' title='bbox 2730 3744 2985 3812; x_wconf 86' lang='lat' dir='ltr'><strong>iniquitas</strong></span> <span class='ocrx_word' id='word_1_608' title='bbox 3036 3746 3177 3814; x_wconf 90' lang='lat' dir='ltr'><strong>apud</strong></span> <span class='ocrx_word' id='word_1_609' title='bbox 3221 3746 3407 3802; x_wconf 89' lang='lat' dir='ltr'><strong>Deum.</strong></span> <span class='ocrx_word' id='word_1_610' title='bbox 3449 3769 3469 3802; x_wconf 77' lang='grc' dir='ltr'><strong>ι</strong></span> 
     </span>
    </p>
   </div>
   <div class='ocr_carea' id='block_1_79' title="bbox 1891 3829 3475 3907">
    <p class='ocr_par' dir='ltr' id='par_1_79' title="bbox 1891 3829 3475 3907">
     <span class='ocr_line' id='line_1_79' title="bbox 1891 3829 3475 3907; baseline 0.006 -20"><span class='ocrx_word' id='word_1_611' title='bbox 1891 3829 2028 3887; x_wconf 82' lang='lat' dir='ltr'><strong>Huic</strong></span> <span class='ocrx_word' id='word_1_612' title='bbox 2071 3847 2177 3887; x_wconf 89' lang='lat' dir='ltr'><strong>non</strong></span> <span class='ocrx_word' id='word_1_613' title='bbox 2209 3833 2493 3888; x_wconf 87' lang='lat' dir='ltr'><strong>dissimilia</strong></span> <span class='ocrx_word' id='word_1_614' title='bbox 2523 3833 2586 3889; x_wconf 86' lang='lat' dir='ltr'><strong>S.</strong></span> <span class='ocrx_word' id='word_1_615' title='bbox 2638 3834 2933 3906; x_wconf 84' lang='lat' dir='ltr'><strong>Gregorius</strong></span> <span class='ocrx_word' id='word_1_616' title='bbox 2971 3851 3129 3906; x_wconf 88' lang='lat' dir='ltr'><strong>papa,</strong></span> <span class='ocrx_word' id='word_1_617' title='bbox 3162 3836 3475 3907; x_wconf 87' lang='lat' dir='ltr'><strong>Fulgentius</strong></span> 
     </span>
    </p>
   </div>
   <div class='ocr_carea' id='block_1_80' title="bbox 1889 3923 3474 3995">
    <p class='ocr_par' dir='ltr' id='par_1_80' title="bbox 1889 3923 3474 3995">
     <span class='ocr_line' id='line_1_80' title="bbox 1889 3923 3474 3995; baseline 0.004 -17"><span class='ocrx_word' id='word_1_618' title='bbox 1889 3923 2231 3995; x_wconf 87' lang='lat' dir='ltr'><strong>Isidorusque</strong></span> <span class='ocrx_word' id='word_1_619' title='bbox 2287 3932 2576 3979; x_wconf 89' lang='lat' dir='ltr'><strong>senserunt</strong></span> <span class='ocrx_word' id='word_1_620' title='bbox 2640 3942 2654 3979; x_wconf 86' lang='lat'><strong>:</strong></span> <span class='ocrx_word' id='word_1_621' title='bbox 2712 3940 2942 3994; x_wconf 87' lang='lat' dir='ltr'><strong>quorum</strong></span> <span class='ocrx_word' id='word_1_622' title='bbox 3005 3941 3107 3994; x_wconf 86' lang='lat' dir='ltr'><strong>ego</strong></span> <span class='ocrx_word' id='word_1_623' title='bbox 3167 3928 3474 3985; x_wconf 89' lang='lat' dir='ltr'><strong>testimonia</strong></span> 
     </span>
    </p>
   </div>
   <div class='ocr_carea' id='block_1_81' title="bbox 1889 4014 3474 4087">
    <p class='ocr_par' dir='ltr' id='par_1_81' title="bbox 1889 4014 3474 4087">
     <span class='ocr_line' id='line_1_81' title="bbox 1889 4014 3474 4087; baseline 0.004 -18"><span class='ocrx_word' id='word_1_624' title='bbox 1889 4028 2092 4085; x_wconf 87' lang='lat' dir='ltr'><strong>ponere</strong></span> <span class='ocrx_word' id='word_1_625' title='bbox 2119 4015 2422 4084; x_wconf 88' lang='lat' dir='ltr'><strong>supersedi,</strong></span> <span class='ocrx_word' id='word_1_626' title='bbox 2466 4030 2536 4069; x_wconf 89' lang='lat' dir='ltr'><strong>ne</strong></span> <span class='ocrx_word' id='word_1_627' title='bbox 2577 4014 2666 4070; x_wconf 91' lang='lat' dir='ltr'><strong>diu</strong></span> <span class='ocrx_word' id='word_1_628' title='bbox 2696 4017 2923 4071; x_wconf 89' lang='lat' dir='ltr'><strong>aliorum</strong></span> <span class='ocrx_word' id='word_1_629' title='bbox 2977 4018 3196 4087; x_wconf 90' lang='lat' dir='ltr'><strong>scriptis</strong></span> <span class='ocrx_word' id='word_1_630' title='bbox 3218 4028 3474 4077; x_wconf 75' lang='lat' dir='ltr'><strong>extentus</strong></span> 
     </span>
    </p>
   </div>
   <div class='ocr_carea' id='block_1_82' title="bbox 1890 4102 3569 4176">
    <p class='ocr_par' dir='ltr' id='par_1_82' title="bbox 1890 4102 3569 4176">
     <span class='ocr_line' id='line_1_82' title="bbox 1890 4102 3569 4176; baseline 0.002 -14"><span class='ocrx_word' id='word_1_631' title='bbox 1890 4115 2035 4162; x_wconf 87' lang='lat' dir='ltr'><strong>esset</strong></span> <span class='ocrx_word' id='word_1_632' title='bbox 2075 4116 2260 4162; x_wconf 90' lang='lat' dir='ltr'><strong>noster</strong></span> <span class='ocrx_word' id='word_1_633' title='bbox 2300 4105 2454 4161; x_wconf 88' lang='lat' dir='ltr'><strong>labor</strong></span> <span class='ocrx_word' id='word_1_634' title='bbox 2509 4107 2789 4176; x_wconf 86' lang='lat' dir='ltr'><strong>ingratior.</strong></span> <span class='ocrx_word' id='word_1_635' title='bbox 2826 4106 2992 4175; x_wconf 88' lang='lat' dir='ltr'><strong>Cujus</strong></span> <span class='ocrx_word' id='word_1_636' title='bbox 3034 4118 3212 4164; x_wconf 89' lang='lat' dir='ltr'><strong>autem</strong></span> <span class='ocrx_word' id='word_1_637' title='bbox 3242 4111 3313 4166; x_wconf 88' lang='lat' dir='ltr'><strong>sit</strong></span> <span class='ocrx_word' id='word_1_638' title='bbox 3351 4126 3471 4166; x_wconf 90' lang='lat' dir='ltr'><strong>mo-</strong></span> <span class='ocrx_word' id='word_1_639' title='bbox 3566 4102 3569 4107; x_wconf 61' lang='grc'><strong>”</strong></span> 
     </span>
    </p>
   </div>
   <div class='ocr_carea' id='block_1_83' title="bbox 1891 4196 3472 4271">
    <p class='ocr_par' dir='ltr' id='par_1_83' title="bbox 1891 4196 3472 4271">
     <span class='ocr_line' id='line_1_83' title="bbox 1891 4196 3472 4271; baseline 0.003 -19"><span class='ocrx_word' id='word_1_640' title='bbox 1891 4198 2058 4253; x_wconf 91' lang='lat' dir='ltr'><strong>menti</strong></span> <span class='ocrx_word' id='word_1_641' title='bbox 2105 4197 2437 4269; x_wconf 89' lang='lat' dir='ltr'><strong>Augustinus</strong></span> <span class='ocrx_word' id='word_1_642' title='bbox 2459 4196 2486 4238; x_wconf 74' lang='grc' dir='ltr'>ἀ</span> <span class='ocrx_word' id='word_1_643' title='bbox 2516 4197 2808 4254; x_wconf 68' lang='lat' dir='ltr'><strong>C(Blestino</strong></span> <span class='ocrx_word' id='word_1_644' title='bbox 2843 4214 2982 4271; x_wconf 88' lang='lat' dir='ltr'><strong>papa</strong></span> <span class='ocrx_word' id='word_1_645' title='bbox 3025 4201 3252 4257; x_wconf 87' lang='lat' dir='ltr'><strong>docente</strong></span> <span class='ocrx_word' id='word_1_646' title='bbox 3288 4201 3472 4257; x_wconf 86' lang='lat' dir='ltr'><strong>disca-</strong></span> 
     </span>
    </p>
   </div>
   <div class='ocr_carea' id='block_1_84' title="bbox 1889 4287 3472 4359">
    <p class='ocr_par' dir='ltr' id='par_1_84' title="bbox 1889 4287 3472 4359">
     <span class='ocr_line' id='line_1_84' title="bbox 1889 4287 3472 4359; baseline 0.003 -15"><span class='ocrx_word' id='word_1_647' title='bbox 1889 4304 2030 4345; x_wconf 88' lang='lat' dir='ltr'><strong>mus.</strong></span> <span class='ocrx_word' id='word_1_648' title='bbox 2072 4308 2090 4341; x_wconf 78' lang='grc' dir='ltr'><strong>ι</strong></span> <span class='ocrx_word' id='word_1_649' title='bbox 2127 4287 2518 4358; x_wconf 83' lang='lat' dir='ltr'><strong>Augustinum,</strong></span> <span class='ocrx_word' id='word_1_650' title='bbox 2576 4290 2783 4359; x_wconf 80' lang='lat' dir='ltr'><strong>inquit,</strong></span> <span class='ocrx_word' id='word_1_651' title='bbox 2834 4300 3035 4347; x_wconf 65' lang='lat' dir='ltr'><strong>sanctae</strong></span> <span class='ocrx_word' id='word_1_652' title='bbox 3083 4294 3472 4349; x_wconf 88' lang='lat' dir='ltr'><strong>recordationis</strong></span> 
     </span>
    </p>
   </div>
   <div class='ocr_carea' id='block_1_85' title="bbox 199 4368 3469 4451">
    <p class='ocr_par' dir='ltr' id='par_1_85' title="bbox 199 4368 3469 4451">
     <span class='ocr_line' id='line_1_85' title="bbox 199 4368 3469 4451; baseline 0.002 -18"><span class='ocrx_word' id='word_1_653' title='bbox 199 4394 367 4448; x_wconf 89' lang='lat' dir='ltr'><strong>quem</strong></span> <span class='ocrx_word' id='word_1_654' title='bbox 393 4387 516 4449; x_wconf 88' lang='lat' dir='ltr'><strong>post</strong></span> <span class='ocrx_word' id='word_1_655' title='bbox 542 4380 627 4435; x_wconf 89' lang='lat' dir='ltr'><strong>vel</strong></span> <span class='ocrx_word' id='word_1_656' title='bbox 658 4380 799 4434; x_wconf 87' lang='lat' dir='ltr'><strong>inter</strong></span> <span class='ocrx_word' id='word_1_657' title='bbox 824 4368 990 4435; x_wconf 79' lang='lat' dir='ltr'><strong>librOs</strong></span> <span class='ocrx_word' id='word_1_658' title='bbox 1015 4377 1461 4434; x_wconf 86' lang='lat' dir='ltr'><strong>retractationum</strong></span> <span class='ocrx_word' id='word_1_659' title='bbox 1486 4379 1674 4443; x_wconf 90' lang='lat' dir='ltr'><strong>edidit,</strong></span> <span class='ocrx_word' id='word_1_660' title='bbox 1702 4378 1787 4434; x_wconf 92' lang='lat' dir='ltr'><strong>di-</strong></span> <span class='ocrx_word' id='word_1_661' title='bbox 1887 4382 2065 4436; x_wconf 87' lang='lat' dir='ltr'><strong>virum</strong></span> <span class='ocrx_word' id='word_1_662' title='bbox 2093 4396 2193 4451; x_wconf 89' lang='lat' dir='ltr'><strong>pro</strong></span> <span class='ocrx_word' id='word_1_663' title='bbox 2218 4381 2328 4435; x_wconf 89' lang='lat' dir='ltr'><strong>vita</strong></span> <span class='ocrx_word' id='word_1_664' title='bbox 2378 4395 2477 4436; x_wconf 90' lang='lat' dir='ltr'><strong>sua</strong></span> <span class='ocrx_word' id='word_1_665' title='bbox 2498 4390 2661 4451; x_wconf 89' lang='lat' dir='ltr'><strong>atque</strong></span> <span class='ocrx_word' id='word_1_666' title='bbox 2685 4384 2895 4438; x_wconf 89' lang='lat' dir='ltr'><strong>meritis</strong></span> <span class='ocrx_word' id='word_1_667' title='bbox 2928 4384 2980 4437; x_wconf 89' lang='lat' dir='ltr'><strong>in</strong></span> <span class='ocrx_word' id='word_1_668' title='bbox 3014 4393 3198 4438; x_wconf 89' lang='lat' dir='ltr'><strong>nostra</strong></span> <span class='ocrx_word' id='word_1_669' title='bbox 3225 4400 3469 4438; x_wconf 87' lang='lat' dir='ltr'><strong>commu-</strong></span> 
     </span>
    </p>
   </div>
   <div class='ocr_carea' id='block_1_86' title="bbox 199 4470 3464 4543">
    <p class='ocr_par' dir='ltr' id='par_1_86' title="bbox 199 4470 3464 4543">
     <span class='ocr_line' id='line_1_86' title="bbox 199 4470 3464 4543; baseline 0.002 -19"><span class='ocrx_word' id='word_1_670' title='bbox 199 4473 656 4543; x_wconf 73' lang='lat' dir='ltr'><strong>gnatursingenue</strong></span> <span class='ocrx_word' id='word_1_671' title='bbox 694 4472 961 4528; x_wconf 85' lang='lat' dir='ltr'><strong>confiteri.</strong></span> <span class='ocrx_word' id='word_1_672' title='bbox 1011 4470 1069 4525; x_wconf 85' lang='lat' dir='ltr'><strong>in</strong></span> <span class='ocrx_word' id='word_1_673' title='bbox 1105 4470 1259 4526; x_wconf 91' lang='lat' dir='ltr'><strong>libris</strong></span> <span class='ocrx_word' id='word_1_674' title='bbox 1298 4480 1479 4526; x_wconf 90' lang='lat' dir='ltr'><strong>autem</strong></span> <span class='ocrx_word' id='word_1_675' title='bbox 1525 4479 1787 4527; x_wconf 87' lang='lat' dir='ltr'><strong>retracta-</strong></span> <span class='ocrx_word' id='word_1_676' title='bbox 1811 4533 1856 4543; x_wconf 36' lang='grc' dir='ltr'><strong>,ι</strong></span> <span class='ocrx_word' id='word_1_677' title='bbox 1888 4472 2049 4526; x_wconf 90' lang='lat' dir='ltr'><strong>nione</strong></span> <span class='ocrx_word' id='word_1_678' title='bbox 2073 4485 2290 4541; x_wconf 77' lang='lat' dir='ltr'><strong>seraper</strong></span> <span class='ocrx_word' id='word_1_679' title='bbox 2319 4472 2629 4537; x_wconf 90' lang='lat' dir='ltr'><strong>habuimus,</strong></span> <span class='ocrx_word' id='word_1_680' title='bbox 2658 4489 2759 4528; x_wconf 89' lang='lat' dir='ltr'><strong>nec</strong></span> <span class='ocrx_word' id='word_1_681' title='bbox 2780 4490 3016 4543; x_wconf 90' lang='lat' dir='ltr'><strong>unquam</strong></span> <span class='ocrx_word' id='word_1_682' title='bbox 3046 4475 3187 4528; x_wconf 79' lang='lat' dir='ltr'><strong>llllllc</strong></span> <span class='ocrx_word' id='word_1_683' title='bbox 3228 4474 3464 4529; x_wconf 69' lang='lat' dir='ltr'><strong>sinistra:</strong></span> 
     </span>
    </p>
   </div>
   <div class='ocr_carea' id='block_1_87' title="bbox 200 4533 3469 4633">
    <p class='ocr_par' dir='ltr' id='par_1_87' title="bbox 200 4533 3469 4633">
     <span class='ocr_line' id='line_1_87' title="bbox 200 4533 3469 4633; baseline 0.001 -17"><span class='ocrx_word' id='word_1_684' title='bbox 200 4533 433 4628; x_wconf 66' lang='grc' dir='ltr'>ῖίοιιιιιιι,</span> <span class='ocrx_word' id='word_1_685' title='bbox 458 4562 654 4631; x_wconf 90' lang='lat' dir='ltr'><strong>quibus</strong></span> <span class='ocrx_word' id='word_1_686' title='bbox 682 4578 789 4617; x_wconf 91' lang='lat' dir='ltr'><strong>non</strong></span> <span class='ocrx_word' id='word_1_687' title='bbox 810 4562 1027 4618; x_wconf 90' lang='lat' dir='ltr'><strong>erubuit</strong></span> <span class='ocrx_word' id='word_1_688' title='bbox 1051 4562 1326 4632; x_wconf 88' lang='lat' dir='ltr'><strong>publicare</strong></span> <span class='ocrx_word' id='word_1_689' title='bbox 1360 4562 1416 4616; x_wconf 92' lang='lat' dir='ltr'><strong>iu</strong></span> <span class='ocrx_word' id='word_1_690' title='bbox 1454 4562 1785 4632; x_wconf 86' lang='lat' dir='ltr'><strong>quibuscun-</strong></span> <span class='ocrx_word' id='word_1_691' title='bbox 1811 4533 1864 4593; x_wconf 76' lang='lat' dir='ltr'><strong>D</strong></span> <span class='ocrx_word' id='word_1_692' title='bbox 1889 4562 2214 4632; x_wconf 90' lang='lat' dir='ltr'><strong>suspicionis</strong></span> <span class='ocrx_word' id='word_1_693' title='bbox 2284 4577 2472 4617; x_wconf 90' lang='lat' dir='ltr'><strong>rumor</strong></span> <span class='ocrx_word' id='word_1_694' title='bbox 2527 4565 2763 4633; x_wconf 90' lang='lat' dir='ltr'><strong>aspersit</strong></span> <span class='ocrx_word' id='word_1_695' title='bbox 2807 4580 2969 4633; x_wconf 82' lang='lat' dir='ltr'><strong>quem</strong></span> <span class='ocrx_word' id='word_1_696' title='bbox 3016 4572 3177 4619; x_wconf 70' lang='lat' dir='ltr'><strong>tantae</strong></span> <span class='ocrx_word' id='word_1_697' title='bbox 3228 4565 3469 4620; x_wconf 68' lang='lat' dir='ltr'><strong>scientia:</strong></span> 
     </span>
    </p>
   </div>
   <div class='ocr_carea' id='block_1_88' title="bbox 200 4652 3466 4725">
    <p class='ocr_par' dir='ltr' id='par_1_88' title="bbox 200 4652 3466 4725">
     <span class='ocr_line' id='line_1_88' title="bbox 200 4652 3466 4725; baseline 0.001 -19"><span class='ocrx_word' id='word_1_698' title='bbox 200 4668 309 4724; x_wconf 90' lang='lat' dir='ltr'><strong>que</strong></span> <span class='ocrx_word' id='word_1_699' title='bbox 353 4667 413 4707; x_wconf 89' lang='lat' dir='ltr'><strong>se</strong></span> <span class='ocrx_word' id='word_1_700' title='bbox 457 4652 814 4723; x_wconf 88' lang='lat' dir='ltr'><strong>deprehendit</strong></span> <span class='ocrx_word' id='word_1_701' title='bbox 841 4667 1054 4708; x_wconf 85' lang='lat' dir='ltr'><strong>errasse</strong></span> <span class='ocrx_word' id='word_1_702' title='bbox 1109 4663 1165 4707; x_wconf 88' lang='lat' dir='ltr'><strong>et</strong></span> <span class='ocrx_word' id='word_1_703' title='bbox 1205 4653 1455 4709; x_wconf 88' lang='lat' dir='ltr'><strong>censoria</strong></span> <span class='ocrx_word' id='word_1_704' title='bbox 1496 4653 1787 4708; x_wconf 80' lang='lat' dir='ltr'><strong>severitate</strong></span> <span class='ocrx_word' id='word_1_705' title='bbox 1887 4654 2015 4710; x_wconf 90' lang='lat' dir='ltr'><strong>olim</strong></span> <span class='ocrx_word' id='word_1_706' title='bbox 2055 4652 2225 4708; x_wconf 85' lang='lat' dir='ltr'><strong>fuisse</strong></span> <span class='ocrx_word' id='word_1_707' title='bbox 2275 4654 2626 4710; x_wconf 85' lang='lat' dir='ltr'><strong>meminimus</strong></span> <span class='ocrx_word' id='word_1_708' title='bbox 2659 4664 2718 4708; x_wconf 85' lang='lat' dir='ltr'><strong>ut</strong></span> <span class='ocrx_word' id='word_1_709' title='bbox 2746 4655 2888 4709; x_wconf 87' lang='lat' dir='ltr'><strong>inter</strong></span> <span class='ocrx_word' id='word_1_710' title='bbox 2928 4655 3216 4725; x_wconf 82' lang='lat' dir='ltr'><strong>magistros</strong></span> <span class='ocrx_word' id='word_1_711' title='bbox 3239 4656 3403 4709; x_wconf 88' lang='lat' dir='ltr'><strong>etiam</strong></span> <span class='ocrx_word' id='word_1_712' title='bbox 3433 4672 3466 4710; x_wconf 89' lang='lat' dir='ltr'><strong>a</strong></span> 
     </span>
    </p>
   </div>
   <div class='ocr_carea' id='block_1_89' title="bbox 197 4743 1785 4815">
    <p class='ocr_par' dir='ltr' id='par_1_89' title="bbox 197 4743 1785 4815">
     <span class='ocr_line' id='line_1_89' title="bbox 197 4743 1785 4815; baseline -0.001 -15"><span class='ocrx_word' id='word_1_713' title='bbox 197 4747 486 4810; x_wconf 86' lang='lat' dir='ltr'><strong>damnare,</strong></span> <span class='ocrx_word' id='word_1_714' title='bbox 507 4754 566 4800; x_wconf 92' lang='lat' dir='ltr'><strong>et</strong></span> <span class='ocrx_word' id='word_1_715' title='bbox 578 4745 817 4800; x_wconf 88' lang='lat' dir='ltr'><strong>adhibita</strong></span> <span class='ocrx_word' id='word_1_716' title='bbox 844 4745 1154 4814; x_wconf 90' lang='lat' dir='ltr'><strong>ubicunque</strong></span> <span class='ocrx_word' id='word_1_717' title='bbox 1176 4744 1350 4815; x_wconf 90' lang='lat' dir='ltr'><strong>potuit</strong></span> <span class='ocrx_word' id='word_1_718' title='bbox 1378 4758 1567 4798; x_wconf 89' lang='lat' dir='ltr'><strong>norma</strong></span> <span class='ocrx_word' id='word_1_719' title='bbox 1589 4743 1785 4800; x_wconf 72' lang='lat' dir='ltr'><strong>divinae</strong></span> 
     </span>
    </p>
   </div>
   <div class='ocr_carea' id='block_1_90' title="bbox 197 4837 1784 4906">
    <p class='ocr_par' dir='ltr' id='par_1_90' title="bbox 197 4837 1784 4906">
     <span class='ocr_line' id='line_1_90' title="bbox 197 4837 1784 4906; baseline 0.001 -16"><span class='ocrx_word' id='word_1_720' title='bbox 197 4837 547 4893; x_wconf 86' lang='lat' dir='ltr'><strong>auctoritatis</strong></span> <span class='ocrx_word' id='word_1_721' title='bbox 585 4846 641 4893; x_wconf 90' lang='lat' dir='ltr'><strong>et</strong></span> <span class='ocrx_word' id='word_1_722' title='bbox 689 4838 943 4892; x_wconf 89' lang='lat' dir='ltr'><strong>acumine</strong></span> <span class='ocrx_word' id='word_1_723' title='bbox 987 4837 1315 4893; x_wconf 69' lang='lat' dir='ltr'><strong>cautissime:</strong></span> <span class='ocrx_word' id='word_1_724' title='bbox 1356 4837 1784 4906; x_wconf 85' lang='lat' dir='ltr'><strong>argumentatio-</strong></span> 
     </span>
    </p>
   </div>
   <div class='ocr_carea' id='block_1_91' title="bbox 198 4927 1784 5000">
    <p class='ocr_par' dir='ltr' id='par_1_91' title="bbox 198 4927 1784 5000">
     <span class='ocr_line' id='line_1_91' title="bbox 198 4927 1784 5000; baseline -0.001 -17"><span class='ocrx_word' id='word_1_725' title='bbox 198 4930 289 4983; x_wconf 86' lang='lat' dir='ltr'><strong>nis</strong></span> <span class='ocrx_word' id='word_1_726' title='bbox 329 4929 626 5000; x_wconf 86' lang='lat' dir='ltr'><strong>corrigere,</strong></span> <span class='ocrx_word' id='word_1_727' title='bbox 676 4944 742 4985; x_wconf 91' lang='lat' dir='ltr'><strong>eo</strong></span> <span class='ocrx_word' id='word_1_728' title='bbox 771 4944 942 4999; x_wconf 87' lang='lat' dir='ltr'><strong>usque</strong></span> <span class='ocrx_word' id='word_1_729' title='bbox 972 4927 1202 4999; x_wconf 89' lang='lat' dir='ltr'><strong>profecit</strong></span> <span class='ocrx_word' id='word_1_730' title='bbox 1236 4936 1295 4982; x_wconf 90' lang='lat' dir='ltr'><strong>ut</strong></span> <span class='ocrx_word' id='word_1_731' title='bbox 1326 4927 1599 4982; x_wconf 91' lang='lat' dir='ltr'><strong>studiosus</strong></span> <span class='ocrx_word' id='word_1_732' title='bbox 1641 4928 1784 4997; x_wconf 86' lang='lat' dir='ltr'><strong>quis-</strong></span> 
     </span>
    </p>
   </div>
   <div class='ocr_carea' id='block_1_92' title="bbox 193 5017 1784 5090">
    <p class='ocr_par' dir='ltr' id='par_1_92' title="bbox 193 5017 1784 5090">
     <span class='ocr_line' id='line_1_92' title="bbox 193 5017 1784 5090; baseline 0 -18"><span class='ocrx_word' id='word_1_733' title='bbox 193 5033 309 5089; x_wconf 88' lang='lat' dir='ltr'><strong>que</strong></span> <span class='ocrx_word' id='word_1_734' title='bbox 354 5018 682 5090; x_wconf 86' lang='lat' dir='ltr'><strong>singularem</strong></span> <span class='ocrx_word' id='word_1_735' title='bbox 742 5018 862 5089; x_wconf 92' lang='lat' dir='ltr'><strong>ejus</strong></span> <span class='ocrx_word' id='word_1_736' title='bbox 914 5020 1218 5076; x_wconf 86' lang='lat' dir='ltr'><strong>doctrinam</strong></span> <span class='ocrx_word' id='word_1_737' title='bbox 1265 5033 1491 5074; x_wconf 89' lang='lat' dir='ltr'><strong>securus</strong></span> <span class='ocrx_word' id='word_1_738' title='bbox 1563 5017 1784 5073; x_wconf 86' lang='lat' dir='ltr'><strong>haurire</strong></span> 
     </span>
    </p>
   </div>
   <div class='ocr_carea' id='block_1_93' title="bbox 269 5148 1785 5223">
    <p class='ocr_par' dir='ltr' id='par_1_93' title="bbox 269 5148 1785 5223">
     <span class='ocr_line' id='line_1_93' title="bbox 269 5148 1785 5223; baseline -0.002 -18"><span class='ocrx_word' id='word_1_739' title='bbox 269 5164 299 5193; x_wconf 70' lang='grc' dir='ltr'><strong>ι</strong></span> <span class='ocrx_word' id='word_1_740' title='bbox 330 5150 667 5223; x_wconf 80' lang='lat' dir='ltr'><strong>Translatum</strong></span> <span class='ocrx_word' id='word_1_741' title='bbox 695 5161 984 5223; x_wconf 68' lang='lat' dir='ltr'><strong>peccatum.</strong></span> <span class='ocrx_word' id='word_1_742' title='bbox 1017 5151 1073 5206; x_wconf 89' lang='lat' dir='ltr'><strong>Id</strong></span> <span class='ocrx_word' id='word_1_743' title='bbox 1095 5159 1180 5207; x_wconf 92' lang='lat' dir='ltr'><strong>est</strong></span> <span class='ocrx_word' id='word_1_744' title='bbox 1209 5149 1426 5223; x_wconf 80' lang='lat' dir='ltr'><strong>Davidis</strong></span> <span class='ocrx_word' id='word_1_745' title='bbox 1453 5166 1466 5203; x_wconf 88' lang='lat'><strong>:</strong></span> <span class='ocrx_word' id='word_1_746' title='bbox 1492 5148 1647 5223; x_wconf 71' lang='lat' dir='ltr'><strong>cujus</strong></span> <span class='ocrx_word' id='word_1_747' title='bbox 1679 5148 1785 5223; x_wconf 82' lang='lat' dir='ltr'><strong>cri-</strong></span> 
     </span>
    </p>
   </div>
   <div class='ocr_carea' id='block_1_94' title="bbox 194 5220 1782 5293">
    <p class='ocr_par' dir='ltr' id='par_1_94' title="bbox 194 5220 1782 5293">
     <span class='ocr_line' id='line_1_94' title="bbox 194 5220 1782 5293; baseline -0.001 -17"><span class='ocrx_word' id='word_1_748' title='bbox 194 5237 323 5276; x_wconf 87' lang='lat' dir='ltr'><strong>men</strong></span> <span class='ocrx_word' id='word_1_749' title='bbox 348 5222 537 5293; x_wconf 65' lang='lat' dir='ltr'><strong>iqfllio</strong></span> <span class='ocrx_word' id='word_1_750' title='bbox 576 5220 809 5293; x_wconf 85' lang='lat' dir='ltr'><strong>primum</strong></span> <span class='ocrx_word' id='word_1_751' title='bbox 849 5222 1171 5293; x_wconf 78' lang='lat' dir='ltr'><strong>vindicatur,</strong></span> <span class='ocrx_word' id='word_1_752' title='bbox 1198 5221 1322 5277; x_wconf 90' lang='lat' dir='ltr'><strong>dein</strong></span> <span class='ocrx_word' id='word_1_753' title='bbox 1347 5235 1477 5293; x_wconf 81' lang='lat' dir='ltr'><strong>vero</strong></span> <span class='ocrx_word' id='word_1_754' title='bbox 1501 5220 1782 5293; x_wconf 64' lang='lat' dir='ltr'><strong>inpavide</strong></span> 
     </span>
    </p>
   </div>
   <div class='ocr_carea' id='block_1_95' title="bbox 194 5290 1785 5362">
    <p class='ocr_par' dir='ltr' id='par_1_95' title="bbox 194 5290 1785 5362">
     <span class='ocr_line' id='line_1_95' title="bbox 194 5290 1785 5362; baseline -0.003 -15"><span class='ocrx_word' id='word_1_755' title='bbox 194 5294 337 5362; x_wconf 85' lang='lat' dir='ltr'><strong>ipso.</strong></span> <span class='ocrx_word' id='word_1_756' title='bbox 387 5291 454 5346; x_wconf 86' lang='lat' dir='ltr'><strong>Et</strong></span> <span class='ocrx_word' id='word_1_757' title='bbox 509 5290 770 5362; x_wconf 80' lang='lat' dir='ltr'><strong>videndus</strong></span> <span class='ocrx_word' id='word_1_758' title='bbox 812 5292 1034 5347; x_wconf 91' lang='lat' dir='ltr'><strong>omnino</strong></span> <span class='ocrx_word' id='word_1_759' title='bbox 1082 5290 1368 5362; x_wconf 79' lang='lat' dir='ltr'><strong>Salvianus</strong></span> <span class='ocrx_word' id='word_1_760' title='bbox 1419 5290 1474 5345; x_wconf 91' lang='lat' dir='ltr'><strong>in</strong></span> <span class='ocrx_word' id='word_1_761' title='bbox 1520 5290 1657 5345; x_wconf 92' lang='lat' dir='ltr'><strong>libro</strong></span> <span class='ocrx_word' id='word_1_762' title='bbox 1704 5304 1785 5345; x_wconf 88' lang='lat' dir='ltr'><strong>se-</strong></span> 
     </span>
    </p>
   </div>
   <div class='ocr_carea' id='block_1_96' title="bbox 193 5360 1506 5433">
    <p class='ocr_par' dir='ltr' id='par_1_96' title="bbox 193 5360 1506 5433">
     <span class='ocr_line' id='line_1_96' title="bbox 193 5360 1506 5433; baseline -0.003 -15"><span class='ocrx_word' id='word_1_763' title='bbox 193 5360 383 5433; x_wconf 65' lang='lat' dir='ltr'><strong>cundo</strong></span> <span class='ocrx_word' id='word_1_764' title='bbox 403 5362 470 5416; x_wconf 88' lang='lat' dir='ltr'><strong>de</strong></span> <span class='ocrx_word' id='word_1_765' title='bbox 493 5361 893 5418; x_wconf 87' lang='lat' dir='ltr'><strong>Gubernationc</strong></span> <span class='ocrx_word' id='word_1_766' title='bbox 926 5363 1189 5433; x_wconf 42' lang='lat' dir='ltr'><strong>Deitpag.</strong></span> <span class='ocrx_word' id='word_1_767' title='bbox 1222 5360 1292 5417; x_wconf 74' lang='lat'><strong>58</strong></span> <span class='ocrx_word' id='word_1_768' title='bbox 1310 5371 1367 5433; x_wconf 87' lang='lat' dir='ltr'><strong>et</strong></span> <span class='ocrx_word' id='word_1_769' title='bbox 1390 5376 1506 5432; x_wconf 87' lang='lat' dir='ltr'><strong>seq.</strong></span> 
     </span>
    </p>
   </div>
   <div class='ocr_carea' id='block_1_97' title="bbox 267 5429 1770 5502">
    <p class='ocr_par' dir='ltr' id='par_1_97' title="bbox 267 5429 1770 5502">
     <span class='ocr_line' id='line_1_97' title="bbox 267 5429 1770 5502; baseline -0.001 -17"><span class='ocrx_word' id='word_1_770' title='bbox 267 5434 297 5473; x_wconf 75' lang='grc' dir='ltr'>δ</span> <span class='ocrx_word' id='word_1_771' title='bbox 329 5431 436 5485; x_wconf 81' lang='lat' dir='ltr'><strong>Hic</strong></span> <span class='ocrx_word' id='word_1_772' title='bbox 464 5444 648 5485; x_wconf 84' lang='lat' dir='ltr'><strong>auctor</strong></span> <span class='ocrx_word' id='word_1_773' title='bbox 674 5433 1011 5487; x_wconf 80' lang='lat' dir='ltr'><strong>certissimus.</strong></span> <span class='ocrx_word' id='word_1_774' title='bbox 1050 5429 1317 5501; x_wconf 77' lang='lat' dir='ltr'><strong>Loquitur</strong></span> <span class='ocrx_word' id='word_1_775' title='bbox 1340 5432 1408 5486; x_wconf 90' lang='lat' dir='ltr'><strong>de</strong></span> <span class='ocrx_word' id='word_1_776' title='bbox 1447 5429 1770 5502; x_wconf 70' lang='lat' dir='ltr'><strong>Augustino,</strong></span> 
     </span>
    </p>
   </div>
   <div class='ocr_carea' id='block_1_98' title="bbox 194 5501 1775 5573">
    <p class='ocr_par' dir='ltr' id='par_1_98' title="bbox 194 5501 1775 5573">
     <span class='ocr_line' id='line_1_98' title="bbox 194 5501 1775 5573; baseline -0.001 -18"><span class='ocrx_word' id='word_1_777' title='bbox 194 5518 359 5572; x_wconf 85' lang='lat' dir='ltr'><strong>quem</strong></span> <span class='ocrx_word' id='word_1_778' title='bbox 386 5503 437 5555; x_wconf 90' lang='lat' dir='ltr'><strong>in</strong></span> <span class='ocrx_word' id='word_1_779' title='bbox 454 5502 693 5573; x_wconf 73' lang='lat' dir='ltr'><strong>epistola</strong></span> <span class='ocrx_word' id='word_1_780' title='bbox 719 5519 935 5573; x_wconf 91' lang='lat' dir='ltr'><strong>quoque</strong></span> <span class='ocrx_word' id='word_1_781' title='bbox 964 5503 1065 5558; x_wconf 75' lang='grc'><strong>129</strong></span> <span class='ocrx_word' id='word_1_782' title='bbox 1092 5512 1248 5557; x_wconf 75' lang='lat' dir='ltr'><strong>vocat</strong></span> <span class='ocrx_word' id='word_1_783' title='bbox 1271 5501 1551 5556; x_wconf 86' lang='lat' dir='ltr'><strong>auctorem</strong></span> <span class='ocrx_word' id='word_1_784' title='bbox 1576 5501 1775 5573; x_wconf 83' lang='lat' dir='ltr'><strong>certis-</strong></span> 
     </span>
    </p>
   </div>
   <div class='ocr_carea' id='block_1_99' title="bbox 194 5571 1789 5652">
    <p class='ocr_par' dir='ltr' id='par_1_99' title="bbox 194 5571 1789 5652">
     <span class='ocr_line' id='line_1_99' title="bbox 194 5571 1789 5652; baseline -0.001 -26"><span class='ocrx_word' id='word_1_785' title='bbox 194 5571 536 5652; x_wconf 50' lang='lat' dir='ltr'><strong>simum.ASic</strong></span> <span class='ocrx_word' id='word_1_786' title='bbox 562 5574 614 5627; x_wconf 92' lang='lat' dir='ltr'><strong>in</strong></span> <span class='ocrx_word' id='word_1_787' title='bbox 640 5571 797 5652; x_wconf 62' lang='lat' dir='ltr'><strong>epist.</strong></span> <span class='ocrx_word' id='word_1_788' title='bbox 814 5571 883 5652; x_wconf 63' lang='grc' dir='ltr'><strong>ὃς)</strong></span> <span class='ocrx_word' id='word_1_789' title='bbox 909 5574 1133 5643; x_wconf 90' lang='lat' dir='ltr'><strong>loquens</strong></span> <span class='ocrx_word' id='word_1_790' title='bbox 1147 5575 1212 5627; x_wconf 92' lang='lat' dir='ltr'><strong>de</strong></span> <span class='ocrx_word' id='word_1_791' title='bbox 1231 5574 1419 5652; x_wconf 82' lang='lat' dir='ltr'><strong>eodem</strong></span> <span class='ocrx_word' id='word_1_792' title='bbox 1449 5572 1789 5652; x_wconf 67' lang='lat' dir='ltr'><strong>Augustino,</strong></span> 
     </span>
    </p>
   </div>
   <div class='ocr_carea' id='block_1_100' title="bbox 192 5642 1775 5714">
    <p class='ocr_par' dir='ltr' id='par_1_100' title="bbox 192 5642 1775 5714">
     <span class='ocr_line' id='line_1_100' title="bbox 192 5642 1775 5714; baseline -0.001 -17"><span class='ocrx_word' id='word_1_793' title='bbox 192 5644 271 5697; x_wconf 87' lang='lat' dir='ltr'><strong>ait</strong></span> <span class='ocrx_word' id='word_1_794' title='bbox 310 5657 324 5695; x_wconf 89' lang='lat'>:</span> <span class='ocrx_word' id='word_1_795' title='bbox 358 5661 376 5692; x_wconf 78' lang='grc' dir='ltr'><strong>ι</strong></span> <span class='ocrx_word' id='word_1_796' title='bbox 423 5642 631 5714; x_wconf 87' lang='lat' dir='ltr'><strong>Quippe</strong></span> <span class='ocrx_word' id='word_1_797' title='bbox 660 5645 993 5700; x_wconf 88' lang='lat' dir='ltr'><strong>clarissimus</strong></span> <span class='ocrx_word' id='word_1_798' title='bbox 1038 5654 1227 5698; x_wconf 86' lang='lat' dir='ltr'><strong>auctor</strong></span> <span class='ocrx_word' id='word_1_799' title='bbox 1275 5643 1402 5714; x_wconf 89' lang='lat' dir='ltr'><strong>quia</strong></span> <span class='ocrx_word' id='word_1_800' title='bbox 1451 5642 1646 5696; x_wconf 80' lang='lat' dir='ltr'><strong>divinae</strong></span> <span class='ocrx_word' id='word_1_801' title='bbox 1680 5656 1775 5695; x_wconf 87' lang='lat' dir='ltr'><strong>au-</strong></span> 
     </span>
    </p>
   </div>
   <div class='ocr_carea' id='block_1_101' title="bbox 191 5713 1074 5770">
    <p class='ocr_par' dir='ltr' id='par_1_101' title="bbox 191 5713 1074 5770">
     <span class='ocr_line' id='line_1_101' title="bbox 191 5713 1074 5770; baseline -0.003 -1"><span class='ocrx_word' id='word_1_802' title='bbox 191 5713 468 5769; x_wconf 86' lang='lat' dir='ltr'><strong>ctoritatis</strong></span> <span class='ocrx_word' id='word_1_803' title='bbox 491 5713 1020 5770; x_wconf 85' lang='lat' dir='ltr'><strong>observantissimus.</strong></span> <span class='ocrx_word' id='word_1_804' title='bbox 1055 5733 1074 5765; x_wconf 76' lang='grc' dir='ltr'><strong>ι</strong></span> 
     </span>
    </p>
   </div>
   <div class='ocr_carea' id='block_1_102' title="bbox 267 5781 1771 5843">
    <p class='ocr_par' dir='ltr' id='par_1_102' title="bbox 267 5781 1771 5843">
     <span class='ocr_line' id='line_1_102' title="bbox 267 5781 1771 5843; baseline -0.001 -6"><span class='ocrx_word' id='word_1_805' title='bbox 267 5796 290 5823; x_wconf 76' lang='grc' dir='ltr'><strong>ε</strong></span> <span class='ocrx_word' id='word_1_806' title='bbox 332 5781 663 5840; x_wconf 75' lang='lat' dir='ltr'><strong>Priscianus.</strong></span> <span class='ocrx_word' id='word_1_807' title='bbox 696 5784 850 5841; x_wconf 83' lang='lat' dir='ltr'><strong>Hunc</strong></span> <span class='ocrx_word' id='word_1_808' title='bbox 892 5782 1154 5843; x_wconf 84' lang='lat' dir='ltr'><strong>Prisciani</strong></span> <span class='ocrx_word' id='word_1_809' title='bbox 1184 5784 1359 5842; x_wconf 88' lang='lat' dir='ltr'><strong>locum</strong></span> <span class='ocrx_word' id='word_1_810' title='bbox 1400 5783 1583 5840; x_wconf 86' lang='lat' dir='ltr'><strong>laudat</strong></span> <span class='ocrx_word' id='word_1_811' title='bbox 1607 5782 1771 5838; x_wconf 88' lang='lat' dir='ltr'><strong>etiam</strong></span> 
     </span>
    </p>
   </div>
   <div class='ocr_carea' id='block_1_103' title="bbox 1889 4741 3546 4814">
    <p class='ocr_par' dir='ltr' id='par_1_103' title="bbox 1889 4741 3546 4814">
     <span class='ocr_line' id='line_1_103' title="bbox 1889 4741 3546 4814; baseline 0 -16"><span class='ocrx_word' id='word_1_812' title='bbox 1889 4744 2028 4799; x_wconf 88' lang='lat' dir='ltr'><strong>meis</strong></span> <span class='ocrx_word' id='word_1_813' title='bbox 2080 4758 2301 4812; x_wconf 89' lang='lat' dir='ltr'><strong>semper</strong></span> <span class='ocrx_word' id='word_1_814' title='bbox 2354 4743 2731 4799; x_wconf 89' lang='lat' dir='ltr'><strong>decessoribus</strong></span> <span class='ocrx_word' id='word_1_815' title='bbox 2775 4743 3082 4797; x_wconf 88' lang='lat' dir='ltr'><strong>haberetur.</strong></span> <span class='ocrx_word' id='word_1_816' title='bbox 3149 4741 3292 4799; x_wconf 88' lang='lat' dir='ltr'><strong>Bene</strong></span> <span class='ocrx_word' id='word_1_817' title='bbox 3337 4760 3468 4814; x_wconf 84' lang='lat' dir='ltr'><strong>ergo</strong></span> <span class='ocrx_word' id='word_1_818' title='bbox 3540 4772 3546 4780; x_wconf 66' lang='grc' dir='ltr'><strong>ι</strong></span> 
     </span>
    </p>
   </div>
   <div class='ocr_carea' id='block_1_104' title="bbox 1888 4833 3465 4904">
    <p class='ocr_par' dir='ltr' id='par_1_104' title="bbox 1888 4833 3465 4904">
     <span class='ocr_line' id='line_1_104' title="bbox 1888 4833 3465 4904; baseline -0.001 -14"><span class='ocrx_word' id='word_1_819' title='bbox 1888 4836 1953 4890; x_wconf 91' lang='lat' dir='ltr'><strong>de</strong></span> <span class='ocrx_word' id='word_1_820' title='bbox 1983 4849 2049 4890; x_wconf 85' lang='lat' dir='ltr'><strong>eo</strong></span> <span class='ocrx_word' id='word_1_821' title='bbox 2104 4848 2295 4888; x_wconf 89' lang='lat' dir='ltr'><strong>omnes</strong></span> <span class='ocrx_word' id='word_1_822' title='bbox 2341 4833 2398 4887; x_wconf 90' lang='lat' dir='ltr'><strong>in</strong></span> <span class='ocrx_word' id='word_1_823' title='bbox 2437 4849 2724 4889; x_wconf 88' lang='lat' dir='ltr'><strong>commune</strong></span> <span class='ocrx_word' id='word_1_824' title='bbox 2769 4842 3097 4896; x_wconf 88' lang='lat' dir='ltr'><strong>senserunt,</strong></span> <span class='ocrx_word' id='word_1_825' title='bbox 3150 4840 3333 4901; x_wconf 89' lang='lat' dir='ltr'><strong>utpote</strong></span> <span class='ocrx_word' id='word_1_826' title='bbox 3373 4835 3465 4904; x_wconf 85' lang='lat' dir='ltr'><strong>qui</strong></span> 
     </span>
    </p>
   </div>
   <div class='ocr_carea' id='block_1_105' title="bbox 1887 4922 3465 4993">
    <p class='ocr_par' dir='ltr' id='par_1_105' title="bbox 1887 4922 3465 4993">
     <span class='ocr_line' id='line_1_105' title="bbox 1887 4922 3465 4993; baseline 0.001 -14"><span class='ocrx_word' id='word_1_827' title='bbox 1887 4924 2086 4993; x_wconf 90' lang='lat' dir='ltr'><strong>ubique</strong></span> <span class='ocrx_word' id='word_1_828' title='bbox 2117 4922 2327 4978; x_wconf 90' lang='lat' dir='ltr'><strong>cunctis</strong></span> <span class='ocrx_word' id='word_1_829' title='bbox 2363 4932 2417 4976; x_wconf 88' lang='lat' dir='ltr'><strong>et</strong></span> <span class='ocrx_word' id='word_1_830' title='bbox 2465 4925 2637 4977; x_wconf 88' lang='lat' dir='ltr'><strong>amori</strong></span> <span class='ocrx_word' id='word_1_831' title='bbox 2678 4922 2844 4977; x_wconf 85' lang='lat' dir='ltr'><strong>fuerit</strong></span> <span class='ocrx_word' id='word_1_832' title='bbox 2868 4932 2926 4977; x_wconf 93' lang='lat' dir='ltr'><strong>et</strong></span> <span class='ocrx_word' id='word_1_833' title='bbox 2952 4922 3162 4976; x_wconf 88' lang='lat' dir='ltr'><strong>honori.</strong></span> <span class='ocrx_word' id='word_1_834' title='bbox 3202 4943 3221 4975; x_wconf 70' lang='grc' dir='ltr'><strong>ι</strong></span> <span class='ocrx_word' id='word_1_835' title='bbox 3263 4922 3465 4981; x_wconf 82' lang='lat' dir='ltr'><strong>Verum</strong></span> 
     </span>
    </p>
   </div>
   <div class='ocr_carea' id='block_1_106' title="bbox 1887 5014 3465 5086">
    <p class='ocr_par' dir='ltr' id='par_1_106' title="bbox 1887 5014 3465 5086">
     <span class='ocr_line' id='line_1_106' title="bbox 1887 5014 3465 5086; baseline 0.002 -15"><span class='ocrx_word' id='word_1_836' title='bbox 1887 5031 1981 5082; x_wconf 90' lang='lat' dir='ltr'><strong>ne,</strong></span> <span class='ocrx_word' id='word_1_837' title='bbox 2009 5017 2151 5086; x_wconf 92' lang='lat' dir='ltr'><strong>quod</strong></span> <span class='ocrx_word' id='word_1_838' title='bbox 2184 5016 2486 5071; x_wconf 85' lang='lat' dir='ltr'><strong>cavendum</strong></span> <span class='ocrx_word' id='word_1_839' title='bbox 2529 5016 2693 5070; x_wconf 88' lang='lat' dir='ltr'><strong>etiam</strong></span> <span class='ocrx_word' id='word_1_840' title='bbox 2720 5014 3068 5070; x_wconf 66' lang='lat' dir='ltr'><strong>saecularibus</strong></span> <span class='ocrx_word' id='word_1_841' title='bbox 3102 5015 3298 5073; x_wconf 90' lang='lat' dir='ltr'><strong>litteris</strong></span> <span class='ocrx_word' id='word_1_842' title='bbox 3336 5018 3465 5074; x_wconf 91' lang='lat' dir='ltr'><strong>dum</strong></span> 
     </span>
    </p>
   </div>
   <div class='ocr_carea' id='block_1_107' title="bbox 1887 5144 3462 5219">
    <p class='ocr_par' dir='ltr' id='par_1_107' title="bbox 1887 5144 3462 5219">
     <span class='ocr_line' id='line_1_107' title="bbox 1887 5144 3462 5219; baseline 0 -16"><span class='ocrx_word' id='word_1_843' title='bbox 1887 5149 2069 5219; x_wconf 89' lang='lat' dir='ltr'><strong>Lupus</strong></span> <span class='ocrx_word' id='word_1_844' title='bbox 2091 5148 2144 5202; x_wconf 93' lang='lat' dir='ltr'><strong>in</strong></span> <span class='ocrx_word' id='word_1_845' title='bbox 2174 5148 2330 5219; x_wconf 88' lang='lat' dir='ltr'><strong>epist.</strong></span> <span class='ocrx_word' id='word_1_846' title='bbox 2356 5147 2445 5202; x_wconf 73' lang='grc'><strong>54.</strong></span> <span class='ocrx_word' id='word_1_847' title='bbox 2476 5144 2582 5201; x_wconf 90' lang='lat' dir='ltr'><strong>Sed</strong></span> <span class='ocrx_word' id='word_1_848' title='bbox 2602 5145 2744 5216; x_wconf 88' lang='lat' dir='ltr'><strong>quod</strong></span> <span class='ocrx_word' id='word_1_849' title='bbox 2762 5145 2853 5219; x_wconf 71' lang='lat' dir='ltr'><strong>hic</strong></span> <span class='ocrx_word' id='word_1_850' title='bbox 2872 5145 3066 5219; x_wconf 79' lang='lat' dir='ltr'><strong>legitur</strong></span> <span class='ocrx_word' id='word_1_851' title='bbox 3090 5145 3462 5216; x_wconf 72' lang='lat' dir='ltr'><strong>locationibus,</strong></span> 
     </span>
    </p>
   </div>
   <div class='ocr_carea' id='block_1_108' title="bbox 1885 5215 3464 5289">
    <p class='ocr_par' dir='ltr' id='par_1_108' title="bbox 1885 5215 3464 5289">
     <span class='ocr_line' id='line_1_108' title="bbox 1885 5215 3464 5289; baseline -0.001 -16"><span class='ocrx_word' id='word_1_852' title='bbox 1885 5215 1984 5289; x_wconf 80' lang='lat' dir='ltr'><strong>pro</strong></span> <span class='ocrx_word' id='word_1_853' title='bbox 2006 5215 2402 5289; x_wconf 57' lang='lat' dir='ltr'><strong>inventionibus,</strong></span> <span class='ocrx_word' id='word_1_854' title='bbox 2433 5226 2503 5289; x_wconf 85' lang='lat' dir='ltr'><strong>ut</strong></span> <span class='ocrx_word' id='word_1_855' title='bbox 2524 5215 2773 5289; x_wconf 17' lang='lat' dir='ltr'><strong>est‘apud</strong></span> <span class='ocrx_word' id='word_1_856' title='bbox 2801 5215 3157 5289; x_wconf 79' lang='lat' dir='ltr'><strong>Priseianum,</strong></span> <span class='ocrx_word' id='word_1_857' title='bbox 3187 5228 3242 5272; x_wconf 91' lang='lat' dir='ltr'><strong>et</strong></span> <span class='ocrx_word' id='word_1_858' title='bbox 3274 5219 3325 5271; x_wconf 92' lang='lat' dir='ltr'><strong>in</strong></span> <span class='ocrx_word' id='word_1_859' title='bbox 3350 5220 3464 5289; x_wconf 80' lang='lat' dir='ltr'><strong>edi-</strong></span> 
     </span>
    </p>
   </div>
   <div class='ocr_carea' id='block_1_109' title="bbox 1888 5286 3463 5357">
    <p class='ocr_par' dir='ltr' id='par_1_109' title="bbox 1888 5286 3463 5357">
     <span class='ocr_line' id='line_1_109' title="bbox 1888 5286 3463 5357; baseline 0.001 -14"><span class='ocrx_word' id='word_1_860' title='bbox 1888 5286 2032 5343; x_wconf 80' lang='lat' dir='ltr'><strong>tione</strong></span> <span class='ocrx_word' id='word_1_861' title='bbox 2062 5287 2250 5342; x_wconf 88' lang='lat' dir='ltr'><strong>Donati</strong></span> <span class='ocrx_word' id='word_1_862' title='bbox 2283 5287 2538 5351; x_wconf 90' lang='lat' dir='ltr'><strong>Candidi;</strong></span> <span class='ocrx_word' id='word_1_863' title='bbox 2602 5286 2653 5340; x_wconf 89' lang='lat' dir='ltr'><strong>id</strong></span> <span class='ocrx_word' id='word_1_864' title='bbox 2677 5301 2742 5357; x_wconf 81' lang='lat' dir='ltr'><strong>es</strong></span> <span class='ocrx_word' id='word_1_865' title='bbox 2774 5301 2838 5340; x_wconf 89' lang='lat' dir='ltr'><strong>eo</strong></span> <span class='ocrx_word' id='word_1_866' title='bbox 2864 5288 3163 5357; x_wconf 84' lang='lat' dir='ltr'><strong>profectum</strong></span> <span class='ocrx_word' id='word_1_867' title='bbox 3185 5297 3288 5350; x_wconf 85' lang='lat' dir='ltr'><strong>est,</strong></span> <span class='ocrx_word' id='word_1_868' title='bbox 3317 5286 3463 5357; x_wconf 89' lang='lat' dir='ltr'><strong>quod</strong></span> 
     </span>
    </p>
   </div>
   <div class='ocr_carea' id='block_1_110' title="bbox 1888 5356 3463 5427">
    <p class='ocr_par' dir='ltr' id='par_1_110' title="bbox 1888 5356 3463 5427">
     <span class='ocr_line' id='line_1_110' title="bbox 1888 5356 3463 5427; baseline 0 -14"><span class='ocrx_word' id='word_1_869' title='bbox 1888 5358 2161 5427; x_wconf 87' lang='lat' dir='ltr'><strong>Sirmondi</strong></span> <span class='ocrx_word' id='word_1_870' title='bbox 2212 5358 2503 5427; x_wconf 89' lang='lat' dir='ltr'><strong>editionem</strong></span> <span class='ocrx_word' id='word_1_871' title='bbox 2552 5356 2706 5426; x_wconf 87' lang='lat' dir='ltr'><strong>sequi</strong></span> <span class='ocrx_word' id='word_1_872' title='bbox 2758 5356 3095 5427; x_wconf 87' lang='lat' dir='ltr'><strong>studuimus,</strong></span> <span class='ocrx_word' id='word_1_873' title='bbox 3152 5356 3463 5427; x_wconf 84' lang='lat' dir='ltr'><strong>quanquam</strong></span> 
     </span>
    </p>
   </div>
   <div class='ocr_carea' id='block_1_111' title="bbox 1881 5426 3462 5498">
    <p class='ocr_par' dir='ltr' id='par_1_111' title="bbox 1881 5426 3462 5498">
     <span class='ocr_line' id='line_1_111' title="bbox 1881 5426 3462 5498; baseline -0.001 -14"><span class='ocrx_word' id='word_1_874' title='bbox 1881 5429 1996 5498; x_wconf 87' lang='lat' dir='ltr'><strong>ipse</strong></span> <span class='ocrx_word' id='word_1_875' title='bbox 2064 5426 2387 5482; x_wconf 89' lang='lat' dir='ltr'><strong>Sirmondus</strong></span> <span class='ocrx_word' id='word_1_876' title='bbox 2462 5427 2742 5481; x_wconf 88' lang='lat' dir='ltr'><strong>admonuit</strong></span> <span class='ocrx_word' id='word_1_877' title='bbox 2812 5426 2937 5481; x_wconf 86' lang='lat' dir='ltr'><strong>alibi</strong></span> <span class='ocrx_word' id='word_1_878' title='bbox 2990 5427 3139 5498; x_wconf 85' lang='lat' dir='ltr'><strong>legi,</strong></span> <span class='ocrx_word' id='word_1_879' title='bbox 3172 5426 3462 5483; x_wconf 50' lang='lat' dir='ltr'><strong>inventio-</strong></span> 
     </span>
    </p>
   </div>
   <div class='ocr_carea' id='block_1_112' title="bbox 1878 5500 2275 5553">
    <p class='ocr_par' dir='ltr' id='par_1_112' title="bbox 1878 5500 2275 5553">
     <span class='ocr_line' id='line_1_112' title="bbox 1878 5500 2275 5553; baseline 0 0"><span class='ocrx_word' id='word_1_880' title='bbox 1878 5500 2052 5553; x_wconf 80' lang='lat' dir='ltr'><strong>m&#39;bus.</strong></span> <span class='ocrx_word' id='word_1_881' title='bbox 2266 5514 2275 5522; x_wconf 90' lang='grc'><strong>·</strong></span> 
     </span>
    </p>
   </div>
   <div class='ocr_carea' id='block_1_113' title="bbox 1951 5566 3461 5638">
    <p class='ocr_par' dir='ltr' id='par_1_113' title="bbox 1951 5566 3461 5638">
     <span class='ocr_line' id='line_1_113' title="bbox 1951 5566 3461 5638; baseline -0.001 -15"><span class='ocrx_word' id='word_1_882' title='bbox 1951 5569 1977 5609; x_wconf 78' lang='grc' dir='ltr'>ά</span> <span class='ocrx_word' id='word_1_883' title='bbox 2006 5566 2283 5638; x_wconf 64' lang='lat' dir='ltr'><strong>Caelestino</strong></span> <span class='ocrx_word' id='word_1_884' title='bbox 2328 5582 2483 5635; x_wconf 81' lang='lat' dir='ltr'><strong>papa.</strong></span> <span class='ocrx_word' id='word_1_885' title='bbox 2516 5567 2789 5638; x_wconf 18' lang='lat' dir='ltr'><strong>lnicapitc</strong></span> <span class='ocrx_word' id='word_1_886' title='bbox 2832 5568 3067 5624; x_wconf 88' lang='lat' dir='ltr'><strong>secundo</strong></span> <span class='ocrx_word' id='word_1_887' title='bbox 3114 5568 3355 5638; x_wconf 74' lang='lat' dir='ltr'><strong>epistola:</strong></span> <span class='ocrx_word' id='word_1_888' title='bbox 3392 5568 3461 5622; x_wconf 90' lang='lat' dir='ltr'><strong>ad</strong></span> 
     </span>
    </p>
   </div>
   <div class='ocr_carea' id='block_1_114' title="bbox 1877 5637 3461 5709">
    <p class='ocr_par' dir='ltr' id='par_1_114' title="bbox 1877 5637 3461 5709">
     <span class='ocr_line' id='line_1_114' title="bbox 1877 5637 3461 5709; baseline -0.003 -15"><span class='ocrx_word' id='word_1_889' title='bbox 1877 5641 2159 5709; x_wconf 80' lang='lat' dir='ltr'><strong>episcopos</strong></span> <span class='ocrx_word' id='word_1_890' title='bbox 2187 5637 2509 5709; x_wconf 81' lang='lat' dir='ltr'><strong>Galliarum.</strong></span> <span class='ocrx_word' id='word_1_891' title='bbox 2554 5637 2709 5709; x_wconf 79' lang='lat' dir='ltr'><strong>llunc</strong></span> <span class='ocrx_word' id='word_1_892' title='bbox 2766 5649 2944 5694; x_wconf 85' lang='lat' dir='ltr'><strong>autem</strong></span> <span class='ocrx_word' id='word_1_893' title='bbox 2969 5637 3245 5694; x_wconf 73' lang='lat' dir='ltr'><strong>leestini</strong></span> <span class='ocrx_word' id='word_1_894' title='bbox 3284 5639 3461 5693; x_wconf 89' lang='lat' dir='ltr'><strong>locum</strong></span> 
     </span>
    </p>
   </div>
   <div class='ocr_carea' id='block_1_115' title="bbox 1876 5707 3457 5835">
    <p class='ocr_par' dir='ltr' id='par_1_115' title="bbox 1876 5707 3457 5835">
     <span class='ocr_line' id='line_1_115' title="bbox 1876 5707 3457 5835; baseline -0.004 -70"><span class='ocrx_word' id='word_1_895' title='bbox 1876 5707 2093 5835; x_wconf 46' lang='lat' dir='ltr'><strong>2:14an</strong></span> <span class='ocrx_word' id='word_1_896' title='bbox 2115 5708 2297 5765; x_wconf 79' lang='lat' dir='ltr'><strong>verbis</strong></span> <span class='ocrx_word' id='word_1_897' title='bbox 2354 5707 2522 5764; x_wconf 83' lang='lat' dir='ltr'><strong>refert</strong></span> <span class='ocrx_word' id='word_1_898' title='bbox 2573 5708 2763 5780; x_wconf 33' lang='lat' dir='ltr'><strong>.Lupus</strong></span> <span class='ocrx_word' id='word_1_899' title='bbox 2819 5711 2874 5765; x_wconf 91' lang='lat' dir='ltr'><strong>in</strong></span> <span class='ocrx_word' id='word_1_900' title='bbox 2927 5710 3284 5775; x_wconf 85' lang='lat' dir='ltr'><strong>Collectaneo,</strong></span> <span class='ocrx_word' id='word_1_901' title='bbox 3333 5723 3457 5778; x_wconf 84' lang='lat' dir='ltr'><strong>pag.</strong></span> 
     </span>
    </p>
   </div>
  </div>
