4034 6298
572 353 678 408 643

1568 344 1628 398 Β.
1669 341 1726 396 S.
1769 338 1928 396 LUPI
1965 333 2255 391 ABBATIS
2295 328 2798 386 FERRARIENSIS

3706 323 3797 378 644

574 460 941 514 imbueremur
993 454 1341 526 cognovimus
1369 492 1383 515 ,
1452 464 1635 504 amore
1687 449 1968 502 doctorum
2030 459 2142 498 am-
2173 445 2221 512 Α
2250 450 2360 496 tum
2383 441 2406 492 ἒν
2429 440 2560 493 ltem
2591 441 2641 492 in
2679 436 2972 507 Evangelia
3013 435 3335 491 immutabili
3367 434 3632 490 sententia
3672 449 3795 504 pra:-

570 549 732 620 plecti
771 546 1078 616 iudicemur
1122 557 1336 598 errores
1364 555 1551 594 eorum
1602 538 1764 607 (unde
1808 536 1974 605 probe
2005 534 2146 587 idem

576 639 912 710 Augustinus
982 635 1300 689 dehortatur
1367 632 1419 684 in
1493 635 1788 683 memorato
1878 626 1944 679 de
1998 624 2148 676 Dono

575 729 992 801 perseverantia:
1027 726 1165 779 libro
1189 725 1272 779 his
1313 721 1493 775 verbis
1525 738 1536 772 :
1566 738 1584 769 ‹
1621 718 1933 784 Quanquam
1979 713 2150 767 nemi-

575 831 699 875 nem
726 818 884 872 velim
916 817 993 870 sic
1014 812 1261 884 amplecti
1291 811 1471 865 omnia
1501 823 1618 862 mea
1666 819 1724 860 ut
1753 822 1838 859 me
1864 813 2145 873 sequatur,

579 911 684 965 nisi
706 911 758 962 in
781 907 934 962 hisin
959 906 1155 975 quibus
1184 918 1269 957 me
1291 917 1398 955 non
1423 913 1605 954 errare
1622 895 1977 967 perspexerit,
2015 894 2060 964 ι)
2087 907 2150 945 ac

575 1019 681 1057 non
715 1001 892 1070 potius
941 999 1081 1051 unde
1113 995 1454 1066 potissimum
1483 987 1827 1059 qumrendum
1861 995 1944 1040 est
1986 985 2151 1038 vestio

579 1106 710 1160 gare
759 1088 1066 1153 veritatem,
1134 1084 1392 1155 procedat
1442 1081 1642 1135 Paulus
1702 1078 1756 1131 in
1805 1076 2060 1138 medium,
2097 1082 2153 1126 ut

576 1183 787 1249 detegat
835 1179 938 1233 hoc
993 1176 1207 1231 tandem
1256 1190 1353 1229 suo
1391 1184 1638 1227 sermone
1686 1175 2000 1221 secretum:
2047 1162 2153 1215 Vo-

578 1269 708 1330 lens,
740 1268 931 1336 inquit,
958 1266 1102 1319 Deus
1125 1263 1392 1317 ostendere
1432 1262 1566 1312 iram
1604 1267 1650 1311 et
1687 1257 2044 1309 demonstrare
2063 1269 2155 1321 po-

577 1359 791 1412 tentiam
836 1373 1020 1420 suam,
1070 1353 1246 1407 attulit
1287 1353 1342 1404 in
1382 1349 1545 1402 multa
1582 1346 1834 1417 patientia
1884 1361 2005 1397 vasa
2037 1358 2152 1406 me,

577 1465 694 1519 quae
716 1447 941 1518 perfecta
975 1456 1002 1485 ι
1042 1453 1162 1497 sunt
1203 1443 1258 1494 in
1294 1438 1655 1509 perditionem,
1701 1444 1755 1487 ut
1805 1442 1953 1485 notas
1994 1431 2156 1500 faciat

579 1539 788 1591 divitias
811 1534 990 1605 gloria:
1015 1547 1125 1586 sua:
1149 1533 1202 1583 in
1241 1546 1364 1584 vasa
1413 1524 1784 1579 misericordiw
1810 1536 1928 1590 qua:
1953 1535 2158 1589 pra'pa-

583 1629 718 1682 rauil
763 1628 818 1679 in
847 1625 1090 1696 gloriam.
1129 1623 1269 1675 Ecce
1301 1634 1428 1673 vasa
1461 1619 1556 1671 ira:
1605 1613 1843 1685 perfecta
1873 1611 2160 1666 conﬁrmat

582 1717 770 1772 doctor
814 1715 1058 1786 gentium
1114 1714 1166 1766 in
1233 1708 1610 1782 perditionem.
1666 1705 1734 1759 Et
1771 1712 1941 1768 certe,
1995 1700 2158 1770 238

2248 531 2504 586 scribitur
2531 546 2544 582 :
2571 528 2675 594 Qui
2697 545 2798 582 non
2820 527 2980 581 credit
3000 527 3115 598 jam
3125 527 3398 596 judicatus
3424 536 3495 579 est
3528 525 3686 596 (Joan
3705 527 3795 595 ιιι).

2245 621 2324 674 Ad
2345 621 2472 690 quid
2500 619 2801 681 arbitraris,
2836 619 2938 672 nisi
2957 618 3020 672 ad
3053 617 3380 686 puniendum
3409 617 3432 669 ?
3455 615 3592 681 Cur,
3617 631 3799 684 quaeso,

2247 711 2351 764 nisi
2375 711 2497 779 quia
2518 712 2568 763 in
2589 710 2760 764 Adam
2791 725 2884 763 sua
2912 717 3105 778 Sponte
3133 717 3391 777 peccante
3427 707 3688 777 peccavit,
3718 720 3803 760 nec

2251 802 2395 855 hunc
2436 801 2531 854 Dei
2574 801 2746 870 gratia
2807 797 3106 852 liberavit?
3140 797 3224 850 An
3281 804 3335 850 et
3384 796 3506 850 inde
3552 794 3805 850 cumulum

2249 889 2350 942 sibi
2379 889 2739 943 damnationis
2763 888 3027 942 conscivit
3069 887 3211 955 quod
3248 887 3302 938 in
3344 885 3662 938 inﬁdelitate
3696 899 3806 953 per-

2250 992 2469 1032 manere
2491 979 2686 1048 delegit
2710 980 2732 1031 ?
2754 979 2828 1032 lta
2859 993 2988 1033 vero
3012 985 3114 1032 est.
3141 976 3247 1030 Sed
3262 991 3361 1030 cur
3380 977 3604 1030 credere
3630 975 3808 1029 noluit?

2253 1071 2401 1138 quia,
2431 1079 2491 1121 ut
2513 1069 2777 1136 scriptum
2799 1078 2905 1131 est,
2935 1082 3037 1119 non
3066 1067 3298 1119 omnium
3343 1075 3417 1118 est
3461 1066 3614 1132 ﬁdes.
3646 1067 3812 1117 Atcur

2253 1176 2362 1214 non
2395 1162 2465 1214 sit
2517 1161 2652 1214 tides
2693 1161 2950 1223 omnium,
2983 1167 3164 1213 certus
3195 1168 3278 1212 est
3309 1158 3483 1221 limes,
3530 1173 3690 1226 quem
3725 1158 3813 1210 nisi

2254 1251 2450 1320 impius
2477 1251 2739 1304 excedere
2777 1249 2955 1302 nullus
3007 1249 3252 1302 audeat?
3285 1249 3411 1316 quia
3459 1247 3569 1300 illis
3621 1261 3721 1300 non
3746 1253 3817 1298 est

2256 1341 2461 1394 datum.
2498 1339 2776 1408 Siquidem
2803 1355 2900 1393 cur
2941 1339 3022 1393 eis
3086 1353 3191 1392 nou
3238 1339 3308 1392 sit
3338 1339 3548 1401 datum,
3580 1337 3717 1389 illius
3746 1345 3817 1391 est

2257 1430 2423 1485 solius
2469 1429 2674 1485 consilii
2707 1430 2857 1498 cujus
2877 1443 3182 1498 quanquam
3205 1428 3274 1482 sit
3300 1423 3815 1484 subindeoccultum,

2261 1535 2540 1589 nunquam
2570 1528 2747 1573 tamen
2779 1529 2861 1573 est
2891 1521 3146 1588 injustum
3191 1518 3478 1588 judicium.
3513 1517 3664 1571 Hanc
3688 1531 3818 1569 seve-

2261 1609 2476 1662 ritatem
2505 1607 2794 1662 verisimile
2822 1616 2905 1662 est
2934 1607 3077 1660 illam
3105 1622 3318 1676 quoque
3371 1621 3572 1660 sonare
3619 1615 3818 1658 senten-

2262 1699 2389 1752 tiam
2418 1712 2432 1749 :
2459 1698 2486 1736 b
2515 1695 2802 1750 Considera
2833 1713 2988 1766 opera
3014 1695 3134 1762 Dei,
3163 1696 3302 1766 quod
3346 1712 3497 1749 nemo
3540 1696 3700 1765 possit
3725 1711 3822 1748 cor-

584 1816 843 1877 quantum
890 1805 956 1859 ad
1004 1806 1292 1859 humanam
1339 1808 1548 1870 spectat
1601 1796 1905 1865 opinionem
1943 1833 1956 1859 ,
2009 1807 2161 1861 pres-
2191 1799 2235 1858 Β
2265 1791 2428 1860 rigere
2447 1806 2598 1859 quem
2619 1789 2705 1842 ille
2726 1789 3014 1858 despexerit
3035 1787 3225 1858 (Eccli.
3269 1800 3408 1859 vn);
3452 1788 3599 1856 quod
3639 1786 3824 1841 scilicet

583 1898 697 1951 sius
744 1905 825 1952 est
854 1897 1031 1951 dicere
1059 1894 1356 1964 perfectum
1397 1889 1597 1959 aliquid
1624 1903 1744 1942 esse
1768 1901 1928 1956 quam
1957 1884 2160 1954 prcede-

584 1985 861 2039 stinatum.
916 1965 1187 2049 Quantum
1240 1980 1384 2034 enim
1424 1979 1492 2031 ad
1533 1979 1891 2032 humanorum
1937 1986 2160 2028 casuum

587 2076 930 2138 varietatem,
977 2071 1276 2143 perfectum
1326 2069 1585 2124 infectum
1638 2082 1757 2121 esse
1801 2081 1907 2121 non
1961 2071 2160 2134 potest,

586 2166 1030 2236 prmdestinatum
1088 2154 1266 2218 autem
1337 2161 1535 2215 mutari
1609 2159 1894 2228 aliquando
1966 2165 2160 2228 potest.

588 2259 859 2325 Quantum
881 2265 1059 2311 autem
1091 2256 1158 2309 ad
1189 2255 1283 2308 Dei
1321 2254 1555 2325 pertinet
1587 2251 1954 2306 continentem
1979 2249 2164 2303 omnia

589 2349 948 2418 maiestatem,
982 2348 1121 2402 idem
1177 2346 1250 2400 illi
1284 2354 1341 2400 et
1391 2344 1688 2415 perfectum
1735 2350 1839 2404 est,
1865 2341 1989 2409 quia
2039 2338 2165 2392 fecit

589 2454 710 2509 quae
734 2432 912 2492 futura
941 2445 1161 2500 suut,et
1187 2434 1655 2505 praedestinatum,
1688 2431 1810 2500 quia
1843 2438 1927 2484 est
1969 2429 2166 2482 immu-

588 2529 737 2584 tabili
763 2528 985 2584 veritate
1013 2525 1410 2594 complendum.
1445 2522 1581 2575 Iram
1605 2536 1734 2574 vero
1764 2519 1910 2573 illam
1933 2517 2164 2588 appellat

582 2637 704 2691 qua
771 2618 985 2689 reprobi
1052 2617 1389 2686 puniuntur,
1459 2627 1578 2668 oua:
1632 2611 1827 2665 talibus
1878 2609 2057 2664 verbis
2111 2608 2164 2661 in

587 2710 880 2780 Evangelio
905 2709 1224 2763 terminatur
1255 2723 1268 2759 :
1303 2704 1405 2770 Qui
1443 2703 1745 2758 incredulus
1774 2712 1849 2756 est
1889 2700 2030 2754 Filio
2058 2716 2163 2753 non

590 2802 774 2856 videbit
791 2800 970 2863 vitam,
995 2799 1084 2852 sed
1107 2798 1185 2852 ira
1209 2795 1307 2849 Dei
1331 2808 1502 2849 manet
1522 2810 1680 2864 super
1701 2809 1818 2847 eum
1847 2793 2027 2860 (Joan.
2060 2792 2165 2862 ιιι).

589 2893 742 2949 lianc
779 2900 840 2946 ut
881 2891 1110 2945 evitaret
1149 2888 1340 2942 orabat
1377 2886 1641 2955 Propheta
1675 2903 1688 2936 :
1722 2884 1965 2948 Domine,
2012 2897 2076 2936 ne
2114 2882 2169 2936 in

593 2987 771 3056 furore
813 2997 1003 3052 arguas
1055 2996 1157 3044 me,
1207 2993 1369 3048 neque
1419 2977 1475 3029 in
1527 2977 1609 3027 ira
1661 2982 1753 3027 tua
1796 2973 2048 3040 corripias
2089 2987 2169 3024 me

594 3053 766 3142 (Psal.
797 3069 1031 3140 xxxvii).
1083 3068 1188 3122 Sed
1239 3053 1378 3120 forte
1416 3079 1516 3119 nec
1569 3078 1632 3117 ex
1666 3063 1767 3116 hoc
1815 3061 1932 3115 loco
1958 3060 2169 3114 diversa

2264 1895 2360 1935 vas
2386 1881 2480 1935 irae
2503 1889 2687 1950 aptum
2711 1882 2763 1934 iu
2803 1880 3102 1944 interitum,
3145 1879 3229 1934 vel
3267 1878 3578 1947 perfectum
3631 1879 3682 1932 in
3725 1892 3825 1946 per-

2263 1971 2546 2036 ditionem,
2584 1971 2755 2024 malus
2798 1970 3083 2029 obstinate
3112 1971 3166 2024 in
3197 1970 3338 2024 malo
3364 1986 3585 2039 semper
3620 1971 3823 2029 luerent,

2265 2062 2363 2117 etsi
2395 2062 2638 2116 videatur
2664 2062 2731 2116 ad
2762 2070 2972 2130 tempus
2996 2061 3388 2115 correctionem
3419 2059 3680 2114 simulare
3699 2098 3714 2122 ,
3743 2059 3829 2112 sie

2265 2161 2326 2206 ut
2385 2153 2534 2206 canis
2575 2151 2642 2204 ad
2686 2151 2970 2216 vomitum,
3009 2151 3086 2206 sic
3113 2151 3227 2220 ipse
3267 2150 3336 2204 ad
3383 2158 3671 2220 peccatum
3717 2164 3828 2201 con-

2265 2245 2548 2300 scisceudo
2588 2245 2689 2298 sibi
2723 2254 2950 2299 mortem
2987 2253 3251 2299 recurrat.
3285 2244 3341 2297 In
3366 2244 3560 2298 eadem
3584 2242 3829 2297 sententia

2268 2334 2515 2399 studiosi,
2547 2334 2638 2403 qui
2670 2345 2692 2372 ε
2725 2334 2871 2388 cultu
2893 2335 3156 2389 orationis
3183 2334 3475 2404 plurimum
3490 2333 3829 2394 delectantur,

2270 2436 2661 2497 recognoscant
2694 2428 2842 2493 licet,
2872 2443 2978 2483 non
3022 2427 3340 2497 eloquentia:
3390 2427 3627 2498 nitorem
3655 2423 3828 2485 solum,

2267 2519 2362 2574 sed
2404 2520 2566 2574 etiam
2595 2519 2887 2574 clausulam
2931 2533 3217 2573 numerose
3260 2518 3574 2573 cadentem.
3605 2516 3720 2570 iam
3751 2530 3830 2568 ero

2270 2623 2338 2679 go
2373 2624 2494 2665 cum
2547 2623 2635 2664 res
2682 2609 2737 2663 in
2778 2617 2896 2663 tuto
2939 2609 3031 2673 sit,
3076 2621 3338 2677 ponamus
3383 2607 3678 2662 verborum
3719 2619 3833 2656 con-

2271 2701 2597 2766 troversias,
2638 2715 2706 2755 ne
2743 2700 2936 2769 puerili
2983 2699 3328 2753 animositate
3379 2705 3578 2752 contra
3626 2695 3835 2750 invicem

2270 2806 2372 2860 pro
2404 2790 2550 2844 inani
2599 2790 2841 2845 victoriae
2882 2788 3143 2859 jactantia
3181 2787 3451 2857 litigantes
3498 2784 3838 2854 corripiamur

2273 2879 2342 2932 ab
2395 2877 2650 2948 Apostolo
2695 2879 2905 2933 dicente
2944 2894 2958 2930 :
2991 2875 3118 2930 Noli
3177 2875 3341 2929 verbis
3392 2873 3724 2928 contendere.
3765 2869 3834 2921 Ad

2272 2967 2403 3021 nihil
2431 2971 2568 3021 enim
2589 2967 2715 3021 utile
2737 2976 2831 3032 est,
2869 2966 2970 3021 nisi
3006 2965 3075 3019 ad
3099 2965 3481 3019 subversionem
3528 2963 3837 3016 audientium

2277 3056 2326 3127 (1
2363 3056 2497 3110 Tim.
2523 3057 2607 3127 ιι).
2627 3056 2760 3110 Nam
2775 3072 2896 3111 cum
2911 3057 2984 3111 sit
2998 3055 3153 3110 nobis
3171 3070 3308 3108 unus
3322 3055 3587 3123 magister
3602 3052 3835 3114 caelestis,

597 3139 946 3221 sentientium
986 3139 1226 3232 Sopiatur
1263 3158 1510 3221 intentio,
1544 3156 1668 3226 quia
1707 3155 1963 3224 pleraque
1989 3168 2175 3208 exein-
2199 3139 2244 3202 C
2277 3145 2369 3214 qui
2419 3154 2502 3200 est
2533 3160 2694 3200 verus
2728 3154 2785 3199 et
2804 3145 3029 3209 veritas,
3061 3145 3202 3199 unde
3230 3143 3516 3212 accipitur,
3564 3150 3624 3197 et
3650 3154 3839 3210 quere-

594 3256 789 3326 plaria,
818 3269 924 3307 non
954 3269 1083 3306 vasa
1108 3253 1202 3305 ira:
1233 3249 1468 3321 perfecta
1498 3247 1549 3301 in
1570 3245 1926 3316 perditionem
1952 3244 2170 3308 habent,

597 3347 692 3402 sed
721 3360 847 3400 vasa
871 3345 962 3398 ira:
985 3352 1109 3414 apta
1142 3344 1196 3397 in
1226 3341 1526 3396 interitum.
1556 3337 1721 3405 Quasi
1737 3351 1865 3389 vero
1889 3343 2175 3405 pr0pterea

602 3455 710 3494 non
750 3437 962 3507 possint
999 3449 1129 3488 vasa
1174 3433 1268 3487 ira:
1305 3427 1675 3501 prmdestinari
1721 3427 1774 3480 iu
1819 3424 2178 3495 perditionem

598 3527 744 3600 quod
793 3535 916 3596 apta
972 3524 1079 3578 sint
1140 3524 1193 3577 in
1250 3521 1545 3576 interitum.
1599 3515 1837 3571 Accedat
1889 3530 2017 3584 ergo
2067 3514 2176 3568 Do-

602 3614 984 3674 minus‘Jesus
1028 3621 1083 3668 et
1131 3612 1331 3668 nodum
1369 3608 1682 3680 quazstionis
1731 3607 1848 3677 ipse
1897 3607 2176 3661 dissolvat.

602 3709 848 3779 Denique
894 3707 1008 3775 ipse
1053 3703 1184 3758 dicit
1226 3704 1280 3756 in
1314 3699 1642 3771 Evangelia:
1684 3698 1839 3752 Vobis
1882 3698 2064 3751 datum
2103 3705 2177 3750 est

603 3815 753 3854 nosse
795 3796 1100 3867 mysterium
1141 3795 1283 3864 regni
1332 3792 1598 3858 caelorum,
1628 3790 1733 3844 illis
1758 3799 1929 3843 autem
1959 3805 2064 3842 non
2105 3795 2179 3840 est

603 3891 786 3944 datum
841 3886 1059 3958 (Matth.
1106 3885 1252 3956 xm).
1284 3884 1450 3940 Vobis
1509 3883 1692 3939 datum
1733 3891 1856 3946 est,
1906 3877 2183 3948 discipulis

605 3978 866 4047 loquitur,
894 3975 999 4029 illis
1025 3983 1207 4028 autem
1248 3988 1354 4028 non
1375 3981 1458 4027 est
1482 3972 1688 4036 datum,
1747 3972 1849 4025 hoc
1881 3977 1966 4023 est
1995 3968 2060 4021 de
2084 3982 2183 4020 un-

609 4071 894 4138 dequaque
941 4067 1336 4124 conﬂuentibus
1391 4068 1580 4122 turbis.
1618 4065 1674 4121 Si
1717 4066 1852 4120 bene
1897 4063 2180 4118 docentem

610 4161 786 4228 capio,
826 4173 920 4213 eos
963 4160 1159 4228 quibus
1193 4161 1378 4214 datum
1408 4169 1492 4214 est
1536 4156 1911 4212 misericordia
1956 4134 2232 4226 colligitf

614 4251 812 4321 quibus
842 4266 946 4303 non
977 4259 1059 4304 est
1080 4251 1258 4304 datum
1321 4249 1524 4318 judicio
1559 4248 1785 4318 repellit,
1819 4248 1920 4301 hoc
1946 4255 2029 4301 est
2078 4261 2183 4300 non

615 4339 920 4409 adiuvando
972 4341 1248 4410 relinquit.
1289 4340 1662 4396 Prwdestinati
1711 4347 1892 4393 autem
1925 4349 2050 4393 sunt
2076 4335 2185 4390 ele-

611 4436 706 4498 cti,
735 4435 932 4504 quibus
955 4435 1138 4488 datum
1159 4443 1260 4498 est,
1297 4448 1526 4503 quorum
1561 4441 1743 4488 certus
1784 4441 1869 4485 est
1906 4443 2182 4484 numerus.

2273 3237 2490 3292 ferenda
2504 3235 2667 3308 240
2679 3246 2761 3291 est
2773 3236 2951 3291 omnis
2965 3236 3398 3303 veritas,curpro
3412 3235 3622 3288 nostris
3635 3231 3839 3287 inventis

2273 3326 2612 3393 dimicemus,
2663 3336 2721 3381 ut
2770 3327 2822 3380 id
2869 3327 3044 3395 ipsum
3087 3325 3331 3380 dicamus
3352 3338 3571 3389 omnes,
3604 3323 3742 3394 quod
3761 3336 3840 3375 no-

2278 3425 2447 3472 strum
2478 3432 2584 3470 non
2612 3417 2682 3471 sit
2709 3425 3098 3480 commentum,
3142 3416 3236 3471 sed
3279 3415 3426 3469 illius
3447 3415 3837 3473 documentum,

2277 3507 2504 3576 paciﬁce
2525 3514 2690 3574 atque
2719 3506 2994 3560 humiliter
3017 3505 3146 3574 quid
3192 3505 3262 3558 sit
3291 3503 3664 3558 rectissimum
3705 3513 3839 3568 repe-

2281 3599 2507 3652 riamus.
2565 3595 2624 3650 Si
2671 3597 2762 3664 qui
2816 3610 2944 3650 vero
2993 3595 3160 3649 tantis
3194 3604 3480 3648 moventur
3521 3587 3841 3646 auctoritati-

2280 3691 2400 3754 bus,
2433 3702 2600 3757 seque
2629 3702 2736 3741 non
2764 3694 2952 3741 nostra
2996 3686 3314 3748 assertione,
3358 3698 3546 3738 verum
3583 3681 3843 3752 perspicua

2281 3787 2561 3849 superatos
2629 3776 2934 3848 intelligunt
3006 3775 3268 3839 veritate,
3328 3787 3437 3827 non
3505 3772 3843 3839 dedignentur

2282 3885 2434 3925 suam
2466 3877 2680 3924 mutare
2711 3866 3060 3931 sententiam,
3096 3865 3223 3933 quia
3257 3878 3362 3917 non
3390 3870 3500 3915 tam
3541 3863 3844 3914 erubescen-

2282 3964 2408 4018 dum
2436 3969 2521 4014 est
2567 3959 2770 4015 homini
2825 3971 3039 4012 errasse
3082 3969 3244 4026 quam
3297 3952 3573 4022 cognitum
3627 3960 3844 4004 errorem

2283 4051 2309 4089 ἀ
2340 4051 2482 4105 nolle
2528 4051 2718 4104 vitare.
2776 4048 2930 4116 Quod
2995 4045 3202 4100 utiliter
3248 4043 3620 4111 amplissimus
3683 4045 3844 4093 orator

2253 4138 2256 4140 ⁷
2285 4142 2494 4197 Tullius
2519 4156 2617 4196 suo
2666 4139 2942 4209 proposito
2987 4135 3256 4191 subtiliter
3303 4139 3570 4188 monstrat
3599 4126 3872 4200 excutplo.‘

2287 4236 2344 4291 Si
2395 4243 2622 4298 temere,
2668 4232 2860 4302 inquit,
2902 4228 3122 4298 aliquid,
3153 4227 3378 4297 alicujus
3421 4225 3725 4293 pmterisse
3766 4225 3840 4270 aut

2286 4341 2392 4380 non
2437 4324 2568 4379 satis
2591 4323 2865 4392 eleganter
2907 4318 3079 4374 secuti
3110 4317 3430 4380 videbimur,
3463 4313 3611 4367 docti
3657 4313 3721 4363 ab
3760 4307 3841 4360 ali-

2287 4428 2393 4483 quo
2440 4411 2602 4467 facile
2651 4422 2707 4466 et
2743 4411 2975 4464 libenter
3027 4405 3349 4461 sententiam
3395 4399 3838 4457 commutabimus.

617 4484 706 4498 ω,
740 4484 928 4504 τηη-
960 4484 1137 4488 μη---
1167 4484 1260 4498 --_,
1304 4484 1525 4503 1_-__-__
1569 4484 1737 4488 ν

611 4526 796 4596 Neque
823 4526 966 4580 euim
1028 4524 1168 4580 Deus
1214 4524 1626 4594 praedestinaret
1663 4536 1757 4575 eos
1785 4533 2012 4589 quorum
2039 4533 2170 4572 sum.

2289 4503 2405 4557 Non
2433 4503 2579 4556 enim
2625 4515 2816 4570 parum
2866 4495 3182 4568 cognovisse
3235 4494 3330 4548 sed
3365 4493 3418 4546 in
3453 4505 3647 4561 parum
3679 4484 3839 4554 cogni-

613 4636 758 4674 mam
826 4619 1078 4672 nesciret.
1149 4616 1317 4686 lgitur
1361 4630 1483 4669 cum
1535 4614 1602 4668 ad
1659 4626 1846 4665 eorum
1903 4622 2187 4663 numerum

613 4712 854 4780 aspirare
893 4725 998 4763 non
1037 4707 1243 4777 possint
1272 4705 1506 4774 reprobi,
1539 4703 1663 4773 quia
1697 4710 1756 4755 ut
1782 4700 2052 4756 salventur
2080 4713 2186 4753 non

615 4802 778 4872 239
801 4809 884 4854 est
915 4800 992 4854 eis
1029 4799 1236 4860 datum,
1263 4796 1384 4865 quis
1411 4795 1583 4864 possit
1604 4791 1908 4850 ostendere,
1950 4789 2071 4857 quis
2099 4803 2190 4840 au-

618 4894 741 4945 deat
768 4890 1038 4944 allirmare
1089 4897 1148 4942 ut
1193 4887 1514 4942 damnentur
1558 4899 1662 4938 non
1690 4897 1810 4937 esse
1839 4878 2187 4951 praedestina-

691 5100 717 5127 α
768 5083 1010 5155 Perfecta
1067 5093 1186 5140 sunt
1234 5084 1288 5137 in
1336 5081 1524 5152 perdit.
1587 5077 1722 5133 Vide
1765 5076 1923 5147 epist.
1987 5073 2089 5129 ηδ
2139 5081 2196 5126 ει

622 5157 1036 5279 ηῗ’(Ζόιεδὶιιειτι
1070 5241 1236 5296 opera
1277 5223 1401 5296 Dei.
1434 5220 1596 5296 llunc.
1630 5213 1992 5296 Ecclesiastici
2021 5212 2197 5267 locum

625 5298 928 5353 iisdemmet
973 5285 1148 5350 verbis
1176 5294 1357 5348 laudat
1381 5292 1561 5360 Lupus
1586 5290 1636 5343 in
1661 5289 1820 5360 epist.
1851 5285 1973 5360 129.

698 5377 720 5406 ε
739 5364 893 5442 Cultu
915 5366 1185 5419 orationis.
1202 5365 1381 5442 Lupus
1401 5351 1557 5442 epist.
1574 5360 1642 5414 55
1665 5351 1711 5413 εἰ
1731 5357 1940 5411 Etenim
1964 5351 2204 5422 plerique

635 5452 700 5492 ex
724 5452 785 5491 ea
811 5435 1010 5490 cultum
1036 5435 1302 5488 sermonis
1329 5435 1618 5500 quaerimus
1647 5449 1665 5480 ι
1739 5461 1747 5469 -

696 5507 722 5546 ἀ
754 5505 908 5560 Nolle
952 5507 1133 5558 vitare.
1180 5492 1493 5556 Lactantius
1529 5501 1619 5553 lib.
1653 5514 1710 5552 ιιι
1739 5497 1904 5551 divin.
1933 5492 2197 5554 lustitut.,

633 5594 752 5647 cap.
783 5578 891 5630 25:
929 5595 949 5647 ν(
979 5575 1117 5640 Quid
1147 5574 1321 5626 dicam
1347 5571 1412 5625 de
1445 5571 1510 5647 iis
1547 5567 1840 5647 nescioqui
1873 5579 1994 5618 cum
2035 5561 2201 5647 semel

631 5637 1044 5707 aberraveriutv,
1095 5649 1404 5697 constanter
1460 5641 1510 5693 iu
1557 5637 1781 5691 stultitia
1827 5643 2194 5707 perseverant,

632 5729 682 5770 et
720 5722 870 5771 ranis
908 5705 1041 5767 vana
1089 5713 1398 5775 defendunt,
1444 5709 1544 5762 nisi
1592 5707 1734 5776 quod
1792 5722 1883 5760 cos
1927 5705 2193 5759 interdum

2290 4603 2347 4650 to
2398 4593 2561 4649 stulte
2608 4601 2663 4646 et
2707 4591 2797 4646 diu
2828 4600 3206 4659 perseverasse
3249 4595 3406 4653 turpe
3435 4591 3537 4644 est,
3587 4589 3838 4651 propterea

2290 4684 2433 4754 quod
2471 4683 2700 4734 alterum
2739 4676 3009 4732 communi
3046 4674 3322 4730 hominum
3363 4671 3692 4732 inﬁrmitati,
3729 4664 3841 4718 alte.

2292 4790 2413 4829 rum
2446 4771 2707 4841 singulari
2736 4768 3155 4838 uniuscujusque
3185 4765 3312 4819 vitio
3350 4772 3433 4818 est
3469 4762 3790 4816 attributum.

2359 4861 2754 4932 Qumstionibus
2805 4859 3046 4922 duabus,
3103 4857 3203 4911 hoc
3263 4863 3386 4918 est,
3443 4853 3511 4907 de
3559 4852 3721 4905 libero
3766 4859 3838 4897 ar-

2298 5072 2428 5134 puto
2463 5068 2555 5115 aut
2584 5060 2693 5134 joci
2724 5072 2895 5134 causa
2923 5052 3316 5134 philosophari,
3356 5058 3445 5104 aut
3494 5049 3768 5134 prudentes

2303 5117 2445 5190 scies
2494 5117 2770 5198 mendacia
2805 5117 3151 5180 defendenda
3175 5125 3452 5190 suscipere
3474 5117 3511 5198 τί
3542 5117 3689 5188 quasi
3725 5117 3836 5198 utin

2306 5204 2462 5258 malis
2489 5204 2668 5255 .rebus
2711 5190 2924 5268 ingenia
2961 5211 3056 5268 sua
3091 5200 3379 5268 exerceant
3407 5190 3831 5268 \elfisteiiteiit...

2306 5250 2954 5329 ὃίΞὶὶῐιιέιῇῐιζΜέιιῖῖθτιυε
2984 5265 3075 5318 lib.
3111 5281 3126 5318 1
3157 5263 3223 5317 de
3257 5271 3398 5316 statu
3425 5261 3635 5329 aninne,
3658 5269 3762 5329 cap.
3790 5250 3832 5301 II

2315 5327 2410 5398 iEt
2423 5340 2675 5412 quoniam
2689 5338 2999 5412 humanitus
3013 5351 3107 5403 per
3129 5327 3690 5412 imprudentiaiit_l;ipsi
3717 5329 3833 5412 sunt,

2306 5394 2509 5484 eligunt
2533 5411 2821 5484 audaciam
2861 5394 3030 5474 culpa;
3055 5394 3481 5484 suta-pervicaci
3513 5394 3834 5484 obsti'uptionc

2303 5466 2612 5544 defendere,
2649 5495 2715 5533 ne
2738 5466 3018 5533 videantur
3044 5466 3285 5545 potuisse
3309 5486 3606 5545 peccare.)
3642 5466 3824 5545 Dicam):

2307 5535 2488 5609 ter—iu
2528 5535 2894 5617 hujuscemodi
2946 5535 3089 5599 viros
3134 5535 3408 5598 invehi-tur
3441 5537 3708 5594 'Iulliusiu
3747 5535 3834 5582 loco

2302 5640 2460 5694 quem
2493 5616 2673 5694 Lupus
2713 5620 2895 5674 statim
2924 5616 3158 5686 subjicit.
