4034 6298
196 392 306 450 (ιδ

1250 380 1376 434 LIB.
1418 379 1505 433 DE
1540 375 1788 432 TRIBUS
1824 375 2379 443 QUESTIONIBUS.
2458 396 2459 399 ‘

3339 376 3445 433 646

195 504 396 569 bitrio,
430 509 486 557 et
512 500 578 557 de
620 496 1115 571 prmdestinatione,
1171 508 1196 536 ιι
1228 510 1335 550 non
1379 501 1437 547 ut
1496 491 1780 555 voluimus,
1811 494 1859 554 Α
1888 489 2074 545 salutis
2100 505 2319 555 eorum,
2371 490 2473 544 hoc
2508 497 2610 553 est,
2643 469 2917 542 auctorem
2944 486 3272 543 salvatorem
3301 528 3317 553 ,
3352 503 3454 558 per

198 593 295 650 sed
323 602 381 647 ut
419 591 686 646 valuimus
714 630 731 654 ,
773 587 1116 659 pertractatis
1142 627 1155 650 ,
1209 587 1275 640 ad
1327 584 1541 640 tertiam
1566 623 1585 647 ,
1629 582 1774 638 scili—
1872 581 2180 651 passionem
2204 595 2614 645 consummare,
2642 589 2700 633 ut
2730 580 2795 633 de
2824 595 2931 648 quo
2957 579 3175 643 dicitur,
3213 595 3332 649 quae
3352 595 3449 634 cte-

198 692 292 739 cet
339 683 405 737 de
458 680 843 749 redemptione,
878 687 1075 749 quanta
1119 678 1190 731 sit
1232 676 1507 747 sanguinis
1551 674 1769 737 Christi,

198 787 323 843 qua:
372 779 454 826 est
494 770 704 832 ultima,
757 768 1055 821 veniamus.
1108 766 1176 819 Et
1224 768 1367 820 unde
1420 765 1611 819 melius
1650 779 1778 818 con-

199 859 470 914 siderandi
519 856 795 925 capiemus
844 854 1124 908 exordium
1166 869 1327 923 quam
1371 852 1439 906 ab
1486 851 1602 920 ejus
1656 866 1778 905 ver-

201 950 290 1004 bis
331 949 421 1017 qui
468 948 608 1016 quod
663 954 847 1014 postea
902 944 1041 998 sicut
1089 943 1249 998 homo
1300 942 1566 1014 implevit,
1622 951 1780 995 antea

202 1039 344 1093 sicut
368 1039 508 1092 Dens
530 1037 779 1107 praedixit
803 1036 826 1088 ?
848 1034 987 1089 Sunt
1012 1035 1137 1088 hinc
1161 1034 1279 1104 ejus
1312 1035 1475 1089 verba
1501 1049 1515 1086 :
1548 1032 1610 1088 Si
1636 1032 1783 1086 exal-

208 1138 350 1181 tatus
373 1126 522 1197 [uero
543 1143 574 1179 a
596 1137 756 1189 terra,
782 1124 956 1177 omnia
984 1124 1188 1176 traham
1218 1124 1286 1177 ad
1308 1140 1387 1177 me
1410 1124 1577 1193 ipsum
1596 1121 1778 1193 (Joan.

211 1216 339 1287 xu).
391 1216 447 1269 In
506 1215 610 1268 hac
661 1214 1012 1276 exultatione,
1044 1228 1204 1281 quam
1253 1226 1310 1266 se
1354 1212 1685 1266 humiliando
1725 1218 1785 1265 ut

212 1324 317 1362 nos
358 1307 724 1361 exaltaremur
771 1319 1057 1374 perpessus
1105 1312 1220 1365 est,
1267 1303 1486 1374 sanguis
1546 1302 1633 1355 ille
1687 1316 1786 1369 pro

208 1396 397 1449 multis
449 1393 649 1449 eﬁ'usus
705 1402 790 1447 est
853 1394 908 1446 in
971 1392 1344 1447 remissionem
1415 1400 1783 1460 peccatorum.

211 1486 306 1541 Sic
329 1486 469 1541 enim
496 1486 637 1539 idem
662 1482 843 1547 Jesus,
900 1483 1001 1536 hoc
1048 1493 1133 1536 est
1162 1491 1341 1537 nostra
1373 1481 1552 1550 lingua
1604 1478 1788 1535 Salva-

212 1588 339 1641 tor,
368 1574 598 1629 'salvum
658 1574 784 1628 fecit
827 1572 1080 1643 pupulum
1125 1588 1280 1627 suum
1334 1589 1365 1626 a
1414 1572 1650 1642 peccatis
1699 1585 1789 1624 eo-

212 1683 356 1721 rum.
413 1665 652 1735 Denique
698 1680 803 1718 non
859 1664 1093 1733 aliquam
1137 1662 1308 1717 solam
1359 1670 1573 1733 gentem
1625 1659 1789 1730 elegit

214 1757 375 1830 25.1
403 1773 564 1826 quam
588 1754 845 1826 singulari
879 1753 1159 1824 privilegio
1190 1761 1355 1807 totam
1393 1752 1656 1815 salvaret;
1694 1749 1789 1803 sed

1874 675 1948 745 pit
1973 672 2129 727 Iesus
2156 673 2325 742 facere
2353 683 2398 725 et
2424 673 2630 736 docere,
2660 670 2803 739 quod
2833 670 3131 727 docendum
3160 668 3213 723 in
3249 670 3450 724 mundo

1878 766 1991 835 ipse
2033 765 2294 820 docuerat
2336 765 2543 834 primus
2578 763 2855 833 impleret,
2906 763 3008 818 hoc
3043 770 3160 827 est,
3198 760 3453 830 majorem

1879 858 2181 912 charitatem
2210 872 2359 910 nemo
2385 855 2532 908 habet
2570 871 2727 924 quam
2762 864 2819 907 ut
2850 854 3081 906 animam
3109 867 3260 906 suam
3296 858 3456 920 ponat

1879 950 1994 1020 quis
2022 965 2116 1019 pro
2139 949 2321 1002 amicis
2351 949 2480 1008 suis,
2510 956 2565 1001 et
2591 947 2663 999 ita
2697 961 2820 1000 eum
2856 960 2954 1016 per
2981 944 3286 1014 passionem
3327 957 3457 998 con-

1883 1018 2179 1094 stimularet
2213 1038 2397 1101 Pater,
2429 1038 2482 1090 id
2525 1045 2628 1099 est,
2663 1018 3096 1091 consummatum
3138 1032 3459 1104 perfectum-

1883 1145 1988 1200 que
2015 1131 2356 1192 ostenderet;
2387 1143 2508 1182 cum
2535 1125 2678 1194 quod
2709 1125 2826 1193 ipse
2850 1126 2988 1179 bene
3013 1123 3306 1185 docuisset,
3344 1134 3453 1174 non

1886 1223 2058 1278 solum
2087 1221 2327 1289 implere,
2355 1232 2664 1288 quanquam
2696 1216 2944 1280 arduum,
2985 1230 3089 1269 non
3127 1218 3460 1276 recusasset,

1886 1330 2071 1368 verum
2093 1314 2257 1368 etiam
2284 1327 2381 1366 suo
2399 1309 2643 1378 exemplo
2664 1318 2888 1363 caeteros
2902 1308 3215 1362 excitasset.
3240 1306 3462 1359 Intuen-

1889 1405 2014 1459 dum
2061 1404 2202 1473 quod
2231 1418 2368 1471 quos
2410 1401 2543 1455 dicit
2572 1416 2746 1453 omnes
2774 1399 2828 1452 in
2871 1413 2937 1453 eo
2968 1397 3107 1467 quod
3138 1395 3297 1466 paulo
3338 1404 3465 1449 ante

1890 1492 2089 1561 posuit,
2125 1490 2358 1559 qualiter
2387 1491 2563 1560 gratia
2612 1488 2705 1541 Dei
2736 1503 2836 1556 pro
2882 1487 3133 1542 omnibus
3162 1483 3465 1554 gustaverit

1889 1593 2140 1644 mortem,
2181 1581 2395 1636 eosdem
2426 1580 2583 1650 paulo
2613 1588 2731 1648 post
2768 1585 3041 1647 nuncupat
3071 1576 3284 1640 multos,
3325 1574 3465 1629 infe-

1891 1688 2038 1737 rens,
2088 1672 2179 1741 qui
2215 1671 2411 1725 multos
2446 1670 2583 1725 Iilios
2628 1670 2679 1723 in
2726 1669 2952 1738 gloriam
2994 1668 3308 1722 adduxerat.
3342 1666 3471 1721 Haec

1893 1763 2196 1816 divinorum
2221 1761 2555 1829 eloquiorum
2574 1759 2868 1813 auctoritas
2886 1756 3247 1827 intelligenter
3268 1769 3471 1823 expen-

211 1856 274 1901 ut
316 1862 422 1900 non
467 1860 564 1901 suo
602 1846 828 1908 merito,
874 1859 1061 1899 verum
1098 1842 1322 1897 forsitan
1349 1841 1787 1897 commendanda:
1819 1840 1861 1899 Β
1890 1868 1973 1916 δη,
2003 1868 2100 1922 pro
2125 1852 2373 1906 omnibus
2402 1851 2495 1905 Dei
2521 1849 2714 1903 Filium
2744 1858 2989 1919 gustasse
3014 1856 3243 1901 mortem
3269 1846 3349 1900 sic
3378 1860 3469 1900 ac.

212 1936 493 2006 dignitatis
520 1935 841 2007 pontiﬁcalis
886 1935 1059 2005 gratia
1087 1974 1102 1999 ,
1150 1932 1384 2003 Caiphas
1426 1931 1786 2003 prophetarit,

212 2037 464 2082 mortuus
492 2035 575 2082 est
601 2025 784 2091 Jesus,
817 2042 922 2081 non
952 2033 1160 2079 tantum
1186 2040 1283 2094 pro
1311 2023 1620 2079 Judaeorum
1661 2040 1792 2095 gen-

211 2126 290 2181 te,
324 2117 465 2171 unde
506 2132 676 2187 genus
707 2114 959 2180 ducebat,
990 2114 1088 2170 sed
1115 2122 1173 2168 ut
1205 2114 1342 2169 ﬁlios
1370 2115 1468 2169 Dei
1508 2113 1601 2183 qui
1638 2119 1796 2167 erant

213 2208 451 2276 dispersi
482 2217 833 2277 congregaret
861 2208 916 2261 in
947 2222 1136 2261 unum.
1171 2204 1285 2261 Non
1310 2209 1454 2277 quod
1476 2206 1656 2259 adhuc
1702 2218 1794 2258 es-

214 2304 340 2349 sent
385 2294 479 2349 ﬁlii
511 2295 644 2361 Dei,
693 2297 786 2351 sed
809 2297 934 2365 quia
988 2297 1133 2350 inter
1176 2296 1615 2366 eongrcgandum
1663 2292 1794 2348 facti

217 2394 349 2439 sunt
379 2385 472 2440 ﬁlii
498 2386 592 2441 Dei
626 2401 747 2440 eum
772 2386 965 2439 unitati
996 2385 1118 2439 ﬁdei
1148 2393 1513 2439 accesserunt.
1546 2383 1660 2438 Non
1715 2384 1797 2438 in-

215 2485 581 2545 congruenter
602 2476 784 2546 igitur,
808 2476 948 2529 sicut
964 2475 1230 2544 praedixit,
1249 2477 1315 2528 ad
1335 2491 1396 2528 se
1408 2476 1589 2527 omnia
1610 2474 1795 2538 traxit,

215 2566 312 2634 qui
332 2580 399 2619 ex
425 2567 569 2621 omni
599 2581 798 2637 genere
823 2566 1101 2619 hominum
1131 2566 1293 2635 elegit
1323 2578 1675 2634 quoscunque
1697 2564 1800 2617 sal-

216 2671 350 2709 vare
378 2655 640 2710 decrevit.
666 2656 766 2723 Qui
796 2655 946 2708 multi
975 2655 1102 2709 dicti
1131 2663 1278 2719 sunt,
1308 2656 1435 2724 quia
1463 2653 1648 2723 plures
1693 2651 1799 2706 uti—

215 2760 326 2814 que
356 2745 663 2809 salvantur;
703 2761 879 2798 omnes
908 2754 1088 2798 autem
1107 2784 1123 2809 ,
1163 2746 1289 2814 quia
1319 2760 1386 2799 ex
1427 2743 1572 2797 omni
1602 2757 1800 2814 genere

220 2836 501 2890 hominum
530 2835 871 2908 colliguntur.
893 2834 999 2889 Pro
1026 2835 1111 2889 his
1135 2836 1311 2901 fusum
1337 2849 1458 2889 esse
1480 2834 1796 2906 sanguinem

222 2921 345 2989 Dei,
373 2925 497 2994 quia
527 2924 749 2979 Verbum
771 2941 894 2978 caro
916 2924 1111 2993 factum
1137 2933 1237 2989 est,
1272 2925 1374 2978 hoc
1397 2933 1500 2989 est,
1534 2924 1675 2978 Deus
1705 2924 1802 2978 ho-

221 3031 316 3070 mo
346 3014 541 3076 iactus,
566 3031 598 3068 a
628 3023 784 3084 parte
810 3021 983 3070 totum
1014 3013 1357 3084 signiﬁcante
1389 3012 1693 3083 Scriptura,
1726 3013 1801 3068 si-

221 3106 457 3160 cutalibi
483 3122 495 3158 :
520 3104 587 3159 Et
617 3105 803 3159 videbit
824 3104 993 3158 omnis
1009 3119 1132 3156 caro
1153 3103 1387 3158 salutare
1408 3103 1503 3157 Dei
1520 3103 1670 3175 (Luc.
1694 3102 1800 3174 ιιι),

1890 1942 1994 2011 cipi
2022 1956 2181 2012 posse
2202 1941 2438 1995 insinuat
2452 1938 2903 2009 quemadmodum
2932 1938 3100 1992 Deum
3118 1936 3257 1991 velle
3276 1948 3467 1989 omnes

1893 2034 2008 2087 ﬁeri
2038 2032 2231 2088 salvos.
2269 2031 2496 2087 Utenim
2525 2030 2704 2085 salvos
2733 2029 2851 2083 ﬁeri
2873 2028 2988 2082 vult
3015 2041 3207 2082 onmes
3233 2025 3466 2095 quicun-

1892 2137 1997 2191 qne
2038 2122 2348 2187 salvantur,
2391 2122 2466 2174 ita
2514 2119 2729 2174 redimit
2754 2133 2948 2173 omnes
2974 2117 3281 2186 quicunque
3319 2112 3468 2169 redi-

1899 2223 2135 2265 muntur.
2161 2209 2276 2264 Non
2306 2220 2485 2263 autem
2526 2208 2806 2263 salvantur
2833 2221 3045 2270 omnes,
3079 2220 3181 2260 nec
3224 2218 3354 2258 vero
3381 2217 3470 2259 re-

1896 2301 2190 2356 dimuntur.
2220 2300 2336 2356 Non
2380 2300 2561 2369 itaque
2591 2298 2702 2353 vult
2737 2298 2933 2353 salvari
2963 2297 3098 2352 alios
3136 2311 3327 2351 omnes
3377 2302 3474 2348 aut

1896 2392 2087 2447 redimi
2120 2393 2221 2446 nisi
2249 2392 2339 2461 qui
2381 2391 2719 2445 redimuntur
2742 2400 2904 2459 atque
2937 2390 3234 2444 salvantur.
3264 2387 3321 2441 In
3369 2387 3472 2441 hoc

1899 2498 2061 2537 sensu
2087 2483 2278 2537 beatus
2305 2482 2636 2553 Augustinus
2658 2482 2931 2536 invenitur
2953 2482 3005 2534 in
3028 2481 3166 2535 libro
3191 2480 3345 2549 cujus
3361 2478 3473 2546 jam

1900 2587 2062 2639 supra
2099 2572 2481 2635 meminimus,
2527 2571 2620 2639 qui
2662 2570 3012 2625 Euchiridion
3056 2570 3270 2625 dicitur.
3300 2568 3476 2623 Locus

1898 2660 2060 2731 243
2089 2660 2177 2715 hic
2200 2668 2302 2714 est.
2333 2679 2351 2711 ‹
2390 2658 2518 2714 Haec
2538 2675 2657 2728 qua:
2684 2660 2740 2713 in
2769 2661 2974 2715 sanctis
2997 2659 3202 2730 angelis
3228 2668 3283 2713 et
3304 2659 3478 2711 virtu-

1903 2750 2052 2803 tibus
2082 2748 2284 2803 dicitur
2305 2748 2545 2802 Ecclesia
2565 2788 2581 2813 ,
2626 2757 2755 2802 tunc
2777 2748 2934 2803 nobis
2965 2748 3124 2803 sicuti
3154 2755 3240 2802 est
3265 2747 3479 2801 innote-

1902 2850 2016 2897 seet
2044 2856 2167 2897 cum
2198 2841 2246 2896 ei
2291 2838 2563 2911 conjuncti
2607 2839 2868 2895 fuerimus
2898 2840 2953 2894 in
3002 2840 3162 2893 linem
3205 2837 3271 2893 ad
3316 2836 3477 2892 simul

1902 2931 2204 2986 habendam
2224 2929 2611 2986 beatitudinem
2637 2929 3041 2998 sempiternam.
3067 2928 3173 2984 Ista
3191 2941 3341 2991 vero,
3358 2940 3478 2996 quze

1906 3024 1975 3079 ab
2004 3022 2093 3078 illa
2136 3022 2514 3093 peregrinatur
2538 3020 2591 3075 in
2633 3019 2818 3083 terris,
2868 3029 2925 3075 et
2964 3021 3119 3075 nobis
3147 3019 3332 3074 notior
3372 3025 3477 3081 est,

1907 3112 2087 3181 quoin
2118 3111 2206 3166 illa
2229 3125 2438 3175 sumus,
2468 3119 2522 3163 et
2547 3109 2671 3179 quia
2691 3110 2966 3163 hominum
3001 3117 3107 3173 est,
3134 3108 3275 3178 quod
3300 3117 3355 3162 et
3384 3122 3484 3162 nos

222 3193 330 3247 hoc
351 3201 458 3258 est,
498 3194 673 3247 omnis
698 3193 882 3257 homo,
913 3200 968 3247 et
1004 3192 1128 3260 quia
1159 3191 1325 3258 Deus,
1371 3193 1497 3246 dum
1532 3194 1798 3263 integram

1907 3175 2123 3271 sumus,
2164 3204 2279 3258 haec
2325 3175 2586 3272 sanguine
2635 3199 2943 3255 Mediatoris
2988 3175 3191 3253 nullum
3237 3198 3488 3253 habentis

223 3294 476 3339 naturam
526 3294 767 3341 nostram
829 3285 1165 3354 assumpsit,
1228 3299 1380 3339 suam
1432 3285 1801 3354 incorruptam

224 3383 381 3428 certe
416 3375 676 3441 retinuit,
728 3374 1050 3430 universalis
1090 3374 1383 3429 conﬁtetur
1430 3375 1668 3430 Ecclesia
1704 3390 1801 3444 per

225 3473 401 3519 totum
420 3464 606 3519 orbem
631 3473 789 3520 terra:
810 3463 1021 3531 diﬁ'usa,
1050 3478 1168 3533 quae
1188 3464 1508 3518 necessitate
1529 3465 1801 3519 constrin-

223 3555 373 3625 gitur
413 3554 466 3608 in
502 3564 721 3624 accepta
756 3553 1185 3608 sanctiﬁcatione
1228 3554 1502 3615 manendi,
1537 3554 1615 3607 sic
1664 3553 1806 3622 Apo-

225 3645 371 3701 stolo
416 3645 739 3715 explanante
762 3662 777 3699 :
808 3645 982 3713 Empti
1009 3645 1133 3697 estis
1155 3645 1320 3713 pretio
1348 3658 1536 3713 magno
1564 3683 1579 3709 ,
1610 3642 1809 3713 glori/io

226 3746 344 3790 cate
381 3746 429 3789 et
457 3745 659 3806 portate
698 3735 871 3789 Deum
908 3736 964 3787 in
1006 3750 1220 3803 corpore
1266 3744 1434 3788 vestro
1461 3732 1527 3803 (Ι
1557 3731 1679 3787 Cor.
1706 3733 1803 3802 vi).

225 3827 472 3897 Itemque
497 3842 557 3881 se
576 3835 928 3881 annumerato
956 3828 1021 3880 de
1048 3825 1303 3880 omnibus
1329 3825 1462 3879 dicit
1490 3824 1631 3879 idem
1663 3824 1810 3894 Apo-

229 3918 435 3974 stolus:
466 3915 688 3987 Propria
713 3916 875 3983 Filio,
912 3917 1055 3971 haud
1082 3917 1301 3971 dubium
1331 3917 1462 3985 quin
1506 3916 1668 3980 Deus,
1701 3931 1805 3969 non

226 4011 487 4082 pepercit,
524 4010 615 4063 sed
651 4025 744 4078 pro
770 4008 915 4062 nobis
944 4007 1182 4062 omnibus
1211 4008 1429 4060 tradidit
1456 4007 1604 4061 illum
1636 4006 1807 4078 (Rom.

232 4102 375 4172 vtu).
410 4100 540 4157 Item
572 4101 639 4156 de
668 4101 751 4155 his
775 4101 1026 4156 omnibus
1051 4100 1103 4153 in
1136 4100 1375 4169 Epistola
1407 4115 1527 4169 quae
1554 4100 1811 4169 praeseri-

229 4194 381 4249 bitur
407 4192 475 4246 ad
498 4191 751 4247 Hebmos
777 4206 791 4245 :
826 4189 1061 4245 Vidimus
1085 4188 1266 4243 Iesum
1291 4199 1499 4259 prapter
1517 4191 1813 4264 passionem

229 4284 417 4339 mortis
451 4282 619 4353 gloria
640 4292 689 4337 et
731 4283 926 4337 honore
957 4291 1288 4344 coronatum,
1322 4294 1375 4333 ut
1402 4283 1574 4350 gratia
1599 4280 1697 4335 Dei
1719 4297 1814 4350 pro

233 4372 479 4428 omnibus
526 4382 758 4443 gustaret
803 4381 1019 4426 mortem
1063 4368 1266 4440 (Hebr.
1305 4370 1403 4439 ιι).
1452 4370 1520 4423 Et
1567 4370 1816 4439 aperiens

232 4463 330 4534 qui
368 4470 495 4518 sunt
544 4462 634 4518 isti
674 4462 956 4527 homines,
1001 4476 1125 4515 mox
1164 4459 1344 4514 intulit
1378 4477 1391 4513 :
1426 4458 1646 4514 Decebat
1678 4459 1814 4513 enim

233 4520 357 4607 e-um
381 4560 593 4622 propter
605 4567 757 4622 quem
781 4520 956 4604 omnia
976 4560 1024 4603 et
1044 4565 1138 4619 per
1161 4565 1315 4619 quem
1337 4549 1532 4611 omnia,
1566 4548 1656 4617 qui
1686 4547 1818 4600 mul—
1842 4520 1893 4579 D

234 4651 317 4695 tos
334 4640 476 4709 ﬁlios
498 4640 553 4693 in
577 4638 800 4710 gloriam
826 4638 1141 4703 adduxerat,
1164 4648 1427 4692 auctorem
1450 4636 1634 4691 salutis
1656 4634 1817 4708 242

232 4745 418 4785 eorum
461 4745 554 4801 per
596 4729 891 4798 passionem
944 4744 1327 4783 consummare.
1382 4728 1619 4783 Decebat
1660 4728 1819 4797 quip-

233 4836 304 4892 pe
333 4821 503 4876 Deum
529 4819 765 4885 Patrem,
795 4830 1003 4890 propter
1028 4836 1181 4891 quem
1214 4820 1414 4885 omnia,
1457 4821 1562 4876 hoc
1603 4827 1686 4875 est
1724 4835 1819 4874 eu-

233 4914 323 4982 jus
348 4912 593 4968 bonitate
619 4920 744 4966 sunt
768 4911 969 4975 omnia,
998 4920 1046 4964 et
1066 4925 1160 4980 per
1183 4925 1335 4979 quem
1361 4911 1561 4975 omnia,
1591 4910 1716 4979 quia
1747 4909 1816 4963 ab

236 5004 332 5059 illo
360 5011 663 5059 coaeternus
691 5003 742 5058 ei
763 5011 914 5058 ortus
934 5010 1017 5057 est
1039 5002 1212 5056 Filius
1232 5016 1330 5071 per
1354 5017 1514 5070 quem
1536 5001 1677 5055 facta
1694 5008 1821 5055 sunt

235 5092 422 5147 omnia
451 5090 668 5163 (Omnia
707 5092 845 5145 enim
887 5092 944 5145 in
976 5091 1234 5161 sapientia
1278 5090 1482 5159 fecisti,
1512 5089 1643 5143 dicit
1668 5103 1824 5142 sacer

238 5181 494 5237 Psalmus
521 5180 694 5254 [Psal.
737 5180 872 5254 01]),
907 5181 1020 5250 qui,
1056 5181 1159 5236 hoc
1189 5188 1292 5243 est,
1320 5178 1503 5242 Pater,
1540 5178 1737 5233 multos
1761 5178 1823 5231 ﬁ-

239 5271 346 5327 lios
366 5272 423 5327 in
444 5271 669 5342 gloriam
687 5273 1013 5337 adduxerat,
1035 5286 1158 5325 eum
1182 5270 1388 5328 scilicet
1408 5284 1566 5324 neruo
1586 5266 1823 5322 venisset

241 5364 312 5420 ad
341 5362 540 5419 Filium
569 5365 673 5420 nisi
700 5379 862 5436 quem
889 5363 1047 5419 Pater
1076 5365 1192 5435 ipse
1230 5364 1516 5430 traxisset,
1545 5372 1820 5417 auctorem

317 5558 355 5617 ιγ
378 5545 503 5599 Non
552 5554 611 5599 ut
643 5545 920 5601 voluimus.
971 5546 1143 5617 Epist.
1169 5545 1240 5617 30
1268 5562 1280 5599 :
1314 5562 1333 5594 ι
1385 5539 1823 5617 Prmmonstratis

242 5616 453 5677 verbis,
496 5630 660 5684 super
692 5631 920 5685 quorum
960 5612 1227 5672 sententia
1282 5630 1385 5668 non
1433 5622 1486 5667 ut
1534 5612 1819 5675 voluimus,

244 5685 342 5740 sed
377 5694 435 5737 ut
460 5685 751 5751 valuimus,
782 5686 987 5740 diutule
1020 5687 1182 5742 locuti
1224 5700 1428 5741 sumus.
1473 5704 1491 5734 ι

320 5754 347 5793 δ
398 5753 558 5810 Salva
599 5750 774 5823 ﬁdat
813 5754 1077 5821 Quoniam
1105 5757 1170 5811 de
1210 5753 1409 5810 eisdem
1439 5750 1823 5823 quaestionibus

1908 3302 2187 3365 peccatum
2220 3292 2287 3347 ab
2317 3291 2464 3346 omni
2486 3297 2569 3345 est
2600 3288 2878 3359 redempta
2920 3296 3161 3359 peccato.
3204 3285 3334 3355 Ejus
3380 3302 3483 3341 vox

1907 3391 2019 3438 est:
2052 3380 2110 3437 Si
2138 3381 2277 3435 Deus
2298 3397 2391 3451 pro
2418 3380 2585 3445 nobis,
2608 3379 2724 3449 quis
2756 3389 2937 3433 contra
2976 3378 3108 3432 nos?
3148 3378 3238 3448 qui
3274 3376 3487 3449 proprio

1907 3471 2051 3528 Filio
2092 3487 2195 3526 non
2239 3471 2495 3542 pepercit,
2546 3469 2636 3524 sed
2675 3485 2770 3539 pro
2822 3467 3059 3522 omnibus
3113 3466 3327 3522 tradidit
3365 3481 3485 3518 eum

1910 3563 2088 3635 (Rom.
2117 3563 2260 3633 vm).
2293 3563 2351 3617 In
2380 3562 2624 3617 Ecclesia
2651 3560 2814 3623 enim,
2845 3576 2964 3629 qum
2990 3560 3253 3630 sanguine
3278 3557 3483 3611 Media—

1912 3656 2046 3709 toris
2070 3654 2275 3708 nullum
2306 3654 2556 3708 habentis
2584 3661 2864 3723 peccatum
2893 3651 2961 3705 ab
2989 3651 3134 3704 omni
3156 3658 3243 3704 est
3268 3650 3482 3703 redem—

1909 3754 2001 3816 pta
2033 3754 2254 3816 peccato
2274 3786 2288 3810 ,
2317 3745 2565 3815 intelligit
2603 3758 2724 3799 esse
2749 3758 2938 3798 omnes
2959 3742 3050 3813 qui
3083 3741 3378 3812 apostolico
3410 3750 3489 3793 te-

1911 3837 2164 3892 stimonio
2191 3836 2743 3907 comprehenduntur,
2774 3834 3041 3904 quodest,
3071 3849 3165 3903 pro
3202 3830 3359 3887 nobis
3379 3848 3491 3885 om-

1912 3927 2061 3982 nibus
2105 3925 2322 3981 tradidit
2362 3943 2499 3980 eum.
2532 3925 2787 3981 Curiosos
2830 3933 3010 3979 tamen
3041 3922 3343 3977 divinorum
3377 3919 3489 3975 elo-

1913 4022 2164 4093 quiorum
2192 4036 2298 4075 non
2328 4019 2500 4089 fugiat
2523 4017 2877 4090 probabiliter
2905 4016 3009 4071 diei
3032 4029 3191 4087 posse
3216 4021 3492 4068 mortuum

1912 4130 2012 4186 pro
2038 4113 2285 4169 omnibus
2309 4111 2585 4169 Christum
2614 4110 2707 4181 qui
2727 4109 2842 4180 ejus
2864 4107 2986 4163 ﬁdei
3009 4114 3346 4162 sacramenta
3373 4103 3486 4158 sive

1913 4204 2200 4268 servaturi,
2229 4204 2342 4257 sive
2374 4217 2481 4256 non
2509 4199 2776 4256 servaturi
2819 4197 3138 4268 suscipiunt.
3172 4194 3277 4249 Pro
3312 4208 3499 4249 serva-

1916 4298 2053 4353 turis
2083 4296 2297 4368 quidem
2342 4293 2473 4349 nulli
2519 4300 2697 4364 potest
2733 4306 2855 4346 esse
2890 4289 3222 4356 ambiguum.
3254 4285 3360 4340 Pro
3388 4298 3496 4338 non

1917 4387 2214 4441 servaturis
2241 4382 2528 4454 Apostolus
2558 4382 2784 4435 idoneus
2812 4388 3005 4435 auctor
3035 4384 3118 4433 est
3148 4374 3242 4430 illo
3261 4372 3499 4427 testimo-

1918 4476 2010 4530 nio
2034 4490 2049 4527 :
2079 4472 2275 4528 Peribtt
2304 4474 2355 4526 in
2396 4470 2612 4526 scientia
2646 4470 2831 4540 frater,
2861 4476 3069 4538 propter
3087 4479 3238 4535 quem
3261 4459 3500 4515 Christus

1920 4576 2158 4620 mortuus
2180 4574 2255 4619 est
2287 4562 2356 4634 (Ι
2384 4559 2507 4616 Cor.
2536 4559 2677 4632 vin).
2701 4559 2813 4614 Nec
2837 4557 3051 4618 mirum,
3077 4569 3200 4608 cum
3225 4551 3358 4605 ﬁdes
3383 4550 3501 4603 sine

1918 4655 2173 4726 operibus
2199 4653 2371 4707 otiosa
2400 4651 2489 4714 sit,
2524 4656 2578 4704 et
2622 4648 2773 4702 multi
2807 4644 2983 4701 vocati
3009 4684 3024 4708 ,
3053 4640 3213 4712 pauci
3241 4653 3371 4693 vero
3401 4637 3499 4691 do-

1920 4755 2144 4800 ceantur
2169 4744 2346 4798 electi.
2379 4743 2579 4796 Verum
2606 4741 2706 4793 hoc
2720 4736 2937 4806 quidam
2962 4733 3107 4788 velut
3126 4730 3503 4799 blasphemum

1919 4837 2268 4890 vehementer
2292 4840 2643 4887 exsecrantur
2669 4837 2724 4882 et
2747 4826 3025 4888 damnant,
3049 4820 3192 4892 quod
3216 4820 3504 4888 derogetur

1920 4924 2216 4996 plurimum
2249 4919 2620 4990 Redemptori,
2644 4915 2745 4971 nisi
2774 4912 3103 4985 generaliter
3120 4924 3308 4964 omnes
3331 4907 3505 4962 homi-

1928 5030 2025 5070 nes
2051 5012 2357 5069 redemerit.
2384 5010 2491 5065 Nos
2519 5017 2716 5071 autem,
2743 5006 2770 5045 δ
2791 5003 2937 5059 salva
2960 5001 3083 5067 ﬁde,
3102 5002 3205 5055 hoc
3230 5006 3332 5061 est,
3363 4996 3505 5067 quod

1929 5121 2027 5161 suo
2073 5104 2334 5175 sanguine
2376 5102 2517 5155 Deus
2545 5097 2837 5154 redemerit
2866 5108 3053 5150 omnes
3080 5108 3216 5163 quos
3248 5090 3501 5152 voluerit,

1930 5200 1985 5248 et
2024 5192 2155 5247 nulli
2184 5193 2290 5246 sint
2316 5188 2574 5258 redempti
2607 5186 2710 5241 nisi
2743 5200 2880 5255 quos
2911 5184 3025 5254 ipse
3050 5180 3339 5238 redemerit
3363 5220 3378 5243 ,
3427 5179 3503 5232 ita

1928 5298 2148 5338 causam
2176 5282 2229 5335 in
2260 5280 2437 5334 medio
2460 5276 2834 5346 relinquimus,
2858 5281 2916 5327 ut
2942 5273 2987 5328 si
3009 5271 3233 5343 quilibet
3256 5267 3507 5324 eumdem

1931 5372 2248 5442 sanguinem
2282 5367 2658 5438 Redemptoris
2685 5366 2939 5436 prodesse
2964 5362 3168 5420 aliquid
3190 5359 3354 5416 etiam
3384 5370 3510 5428 per-

1930 5546 2142 5601 diversa
2195 5553 2396 5598 sentire
2422 5583 2437 5608 ,
2480 5561 2498 5595 ι
2548 5549 2609 5597 ιιι
2647 5541 2701 5596 in
2748 5538 2975 5610 epistola
3024 5537 3094 5592 50
3131 5536 3264 5610 dicit
3302 5534 3504 5602 Lupus,

1936 5636 1953 5665 ι
1992 5630 2269 5738 quolusque
2295 5623 2484 5668 contra
2513 5613 2673 5667 ﬁdem
2699 5607 2808 5667 non
2838 5618 2941 5675 est,
2971 5618 3064 5664 aut
3094 5607 3237 5663 nulla
3262 5614 3356 5661 aut
3385 5618 3507 5672 par-

1929 5701 1994 5739 va
2022 5702 2084 5739 cu
2111 5702 2175 5755 pa
2200 5693 2303 5740 est.
2343 5704 2362 5737 ι
