4034 6298
515 314 613 371 617
1505 309 1568 366 Β.
1606 307 1665 365 S.
1706 306 1866 363 LUPI
1903 304 2103 362 ABBA’]

2231 303 2736 392 FERBARIENSIS
3687 290 3786 361 ets

517 430 646 486 ditis
663 426 878 483 valeant
905 426 1301 490 demonstrare,
1329 439 1436 480 non
1470 424 1645 479 solum
1674 423 1991 479 resistamus
2013 420 2098 476 ni-
2125 423 2172 482 Α
2198 434 2395 491 ponam
2424 434 2589 475 unum
2624 414 2767 488 quod
2805 433 2929 474 cum
2966 416 3047 473 eis
3088 417 3258 474 faciat
3290 416 3702 484 testimonium,
3735 428 3788 474 et

516 522 618 587 hil,
643 535 830 576 verum
859 517 1023 590 244
1042 518 1205 573 etiam
1236 516 1466 570 libenter
1489 516 1541 570 in
1559 529 1749 569 eorum
1772 511 2096 568 sententiam
2197 527 2292 567 eos
2314 526 2524 574 omnes,
2554 518 2615 565 ut
2634 511 2846 582 Opinor,
2880 510 2932 564 in
2960 510 3192 580 gratiam
3230 510 3523 566 reduxere.
3556 508 3787 567 Joannes

525 622 894 667 transeamus.
925 607 1056 661 Nam
1088 607 1133 661 si
1164 604 1244 661 sol
1276 618 1469 668 caecos,
1515 617 1823 672 quanquam
1848 615 1953 655 non
1984 599 2101 653 illu-
2199 601 2865 672 Constantinopolitanus,
2916 600 3161 655 doctrina
3214 609 3270 656 et
3301 602 3602 655 sanctitate
3637 600 3786 670 juxta

522 699 723 762 minet,
737 705 918 750 tamen
942 694 1107 757 fovet,
1150 710 1249 748 cur
1286 708 1393 748 non
1425 692 1694 762 potentior
1720 691 1820 757 sol,
1855 689 1958 744 etsi
1990 703 2098 744 non
2198 695 2424 765 insignis
2454 694 2773 763 episcopus,
2799 699 2858 746 ut
2890 692 3063 763 gratia
3088 692 3180 746 Dei
3202 706 3300 761 pro
3322 693 3586 747 omnibus
3613 701 3789 762 gusta-

521 789 695 845 salvat
733 802 830 842 suo
873 785 1067 839 merito
1104 791 1406 839 excaecatos
1434 792 1598 852 atque
1626 784 1929 845 damnatos,
1960 778 2099 833 tanti

517 880 677 951 pretii
718 878 913 932 merito
950 876 1128 931 minus
1157 875 1383 946 puniat?
1414 874 1472 928 Si
1506 884 1684 929 tamen
1726 875 1830 929 hoc
1850 872 2099 927 admittat

521 969 729 1025 consilii
754 966 871 1034 ejus
892 967 1284 1031 benevolentia,
1314 966 1399 1021 cui
1429 966 1671 1020 canitur:
1698 964 1889 1019 Suavis
1917 963 2100 1017 Domi-

482 1068 487 1073 ‘
523 1074 621 1111 nus
644 1057 919 1119 universis,
945 1066 991 1109 et
1014 1056 1372 1110 miserationes
1406 1056 1522 1125 ejus
1552 1071 1708 1125 super
1747 1055 1921 1108 omnia
1943 1069 2100 1123 opera

521 1147 634 1213 eius
657 1143 829 1216 (Psal.
857 1146 1060 1214 cxuv).
1092 1145 1197 1199 Sed
1246 1145 1370 1198 huic
1418 1145 1652 1215 opinioni
1702 1144 1916 1198 videtur
1961 1143 2102 1211 Apo-

492 1244 495 1247 “
521 1236 690 1291 stolus
719 1238 1006 1304 refragari,
1031 1236 1121 1290 ubi
1150 1236 1257 1289 ait:
1284 1235 1398 1305 Ego
1417 1234 1620 1289 Paulus
1646 1236 1763 1288 dico
1791 1235 1951 1297 vobis,
1976 1234 2100 1302 quia

521 1328 567 1380 si
596 1326 1065 1388 circumcidamini,
1100 1324 1343 1379 Christus
1376 1325 1521 1378 vobis
1550 1322 1680 1376 nihil
1692 1323 1922 1392 proderit
1953 1320 2099 1391 (Gal.

521 1416 627 1486 Ill).
667 1415 803 1470 Nam
850 1417 894 1470 si
944 1415 1078 1469 nihil
1111 1415 1354 1484 proderit
1392 1414 1641 1468 Christus
1681 1413 1969 1482 haptizatis
2011 1411 2102 1481 qui

523 1507 686 1563 etiam
709 1507 969 1577 Spiritum
996 1516 1241 1562 sanctum
1264 1506 1599 1574 acceperint,
1630 1505 1770 1558 sicut
1794 1504 1933 1558 idem
1958 1502 2103 1571 Apo-

524 1597 694 1652 stolus
724 1598 960 1651 declarat
982 1596 1067 1651 his
1095 1596 1306 1650 verbis:
1342 1594 1425 1647 Ex
1452 1594 1691 1663 operibus
1714 1592 1838 1661 legis
1861 1591 2102 1661 spiritum

527 1687 815 1756 accepistis,
853 1704 921 1740 an
946 1703 1010 1740 ex
1037 1685 1222 1738 auditu
1247 1684 1371 1753 ﬁdei
1406 1682 1547 1755 (Gal.
1592 1681 1689 1753 v)?
1721 1682 1813 1747 Si,
1860 1682 2102 1750 inquam,

2197 784 2337 838 verit
2362 793 2611 847 mortem,
2641 780 2781 850 quod
2808 795 2972 850 supra
2994 779 3110 848 jam
3152 782 3306 851 posui
3332 821 3349 847 ,
3381 781 3462 835 sic
3509 781 3786 849 exposuit,

2202 875 2435 944 qualiter
2457 874 2630 944 gratia
2658 872 2753 928 Dei
2784 886 2882 943 pro
2908 872 3162 928 omnibus
3188 873 3494 943 gustaverit
3534 880 3786 936 mortem,

2201 981 2307 1020 non
2332 980 2433 1035 pro
2465 964 2711 1019 ﬁdelibus
2743 971 2971 1028 tantum,
3003 964 3096 1019 sed
3136 979 3238 1033 pro
3280 965 3483 1019 mundo
3510 966 3786 1018 universo.

2200 1058 2401 1128 Etipse
2431 1056 2645 1127 quidem
2677 1070 2776 1126 pro
2805 1055 3058 1110 omnibus
3096 1064 3342 1109 mortuus
3364 1064 3470 1110 est.
3508 1055 3660 1122 Quid
3703 1070 3792 1108 au-

2203 1156 2312 1203 tem
2344 1147 2388 1202 si
2421 1162 2526 1201 non
2550 1161 2739 1201 omnes
2768 1145 3029 1200 credunt?
3054 1144 3145 1199 llle
3174 1146 3316 1215 quod
3351 1160 3514 1200 suum
3548 1153 3672 1199 erat
3700 1145 3794 1196 im-

2201 1239 2386 1310 plevit.
2426 1257 2444 1290 s
2494 1238 2668 1306 Eligat
2693 1252 2845 1302 sane,
2878 1237 3248 1307 superioribus
3276 1246 3436 1292 acute
3469 1237 3792 1291 considera-

2209 1329 2297 1394 tis,
2321 1327 2690 1397 unusquisque
2716 1326 2858 1395 quod
2885 1325 3146 1394 optimum
3185 1326 3233 1380 ei
3261 1326 3402 1380 Deus
3450 1325 3678 1380 occulta
3716 1325 3795 1377 in-

2202 1419 2496 1489 spiratione
2527 1417 2878 1487 suggesserit,
2910 1425 3004 1470 aut
3039 1416 3296 1487 magistra
3336 1416 3454 1485 ejus
3495 1415 3789 1484 Scriptura

2203 1508 2491 1563 manifesta
2518 1508 2729 1561 ratione
2756 1506 3062 1577 protulerit.

2275 1596 2436 1669 245
2475 1596 2600 1651 Haec
2646 1596 2809 1650 habui
2851 1611 2970 1664 qua:
3007 1595 3072 1651 de
3103 1596 3276 1651 tribus
3314 1611 3422 1652 non
3453 1595 3786 1665 spernendis

2206 1687 2592 1759 quaestionibus
2642 1687 2908 1752 dicerem,
2946 1694 3106 1755 atque
3149 1686 3360 1740 utinam
3407 1693 3523 1740 tam
3555 1684 3795 1742 croiieue

527 1774 661 1828 nihil
687 1775 922 1844 proderit
950 1775 1200 1830 Christus
1229 1774 1427 1827 talibus
1452 1772 1742 1841 baptizatis
1770 1787 1799 1825 a
1838 1771 1941 1825 iide
1967 1772 2100 1826 resi-
2130 1796 2177 1855 Β
2209 1793 2371 1848 quam
2423 1774 2653 1847 prolixe.
2686 1774 2816 1843 Quae
2859 1775 2907 1830 si
2937 1789 3265 1844 cognoscere
3307 1790 3413 1829 non
3446 1773 3802 1827 -lastidierint

527 1863 803 1928 lientibus,
836 1864 1287 1934 quemadmodum
1317 1862 1560 1932 proderit
1585 1860 1789 1930 aliquid
1808 1861 2098 1930 baptizatis

530 1963 586 2007 et
608 1954 833 2023 relapsis
855 1956 908 2008 in
935 1955 1165 2009 crimina
1191 1969 1291 2008 nec
1321 1953 1587 2007 correctis
1618 1961 1675 2007 et
1715 1952 2015 2022 quibusque
2045 1953 2100 2006 in

533 2042 851 2097 inﬁdelitate
897 2042 1199 2097 defunctis?
1236 2040 1431 2095 Verum
1476 2056 1545 2096 ne
1575 2055 1662 2095 me
1691 2040 2020 2095 irridendum
2049 2046 2104 2093 et

532 2134 896 2199 respuendum
927 2133 1274 2202 pronuntient
1322 2131 1516 2200 quibus
1558 2130 1735 2199 placet
1760 2144 1950 2184 omnes
1992 2129 2106 2184 sive

422 2264 431 2267 ι
532 2220 703 2277 bonos
725 2224 839 2278 sive
865 2224 1034 2279 malos
1062 2222 1428 2278 iudiﬂ'erenter
1471 2238 1501 2277 a
1532 2221 1749 2277 Christo
1782 2223 2108 2293 redemptos,

534 2384 1390 2417 Μ

2204 1866 2450 1930 studiosi,
2485 1880 2792 1936 quanquam
2836 1866 3135 1934 approbare
3163 1880 3268 1919 non
3298 1865 3517 1936 possint
3545 1865 3799 1919 obtusam

2208 1954 2571 2024 incultamque
2614 1970 2789 2009 meam
2840 1954 3295 2023 disputationem,
3347 1963 3534 2009 tamen
3589 1952 3802 2022 quando

2210 2045 2510 2100 volentibus
2531 2047 2671 2114 quod
2700 2045 2833 2100 utile
2859 2047 3039 2116 putavi
3070 2045 3333 2101 benevole
3356 2044 3800 2115 cognoscendum

2212 2134 2454 2204 exposui,
2486 2149 2592 2188 non
2623 2134 3024 2203 improbabunt,
3049 2135 3233 2201 credo,
3274 2134 3436 2190 talem
3466 2134 3693 2189 scilicet
3716 2146 3804 2186 vo-

2216 2226 2414 2281 lentem
2442 2226 2697 2298 prodesse
2722 2227 3079 2283 devotionem.

1401 2378 3791 2412 ww
1829 2386 1961 2393 _"

1367 2533 1544 2642 Β.
1625 2528 2454 2641 SERVATI
2529 2529 2951 2641 LUPI
3060 2628 3067 2633 .

1751 2735 2261 2793 FERRARIENSIS
2295 2736 2587 2794 ABBATIS

719 2902 882 2998 ³⁸⁸
960 2925 1842 3083 θοιιΕθΨΑΝΕΠΜ
1944 2928 2091 3079 DE

2196 2927 2612 3082 TRIBUS
2718 2925 3591 3132 annuimus.

607 3266 791 3322 Multis
810 3264 1150 3319 laudabiliter
1170 3262 1425 3318 studiosis
1452 3264 1881 3320 desiderantibus
1903 3280 2105 3337 cogno-
2211 3266 2383 3322 amori
2412 3266 2573 3322 fuerit
2606 3275 2663 3321 et
2690 3265 2900 3321 honori.
2939 3284 2960 3317 ι
3003 3264 3102 3321 llic
3132 3276 3154 3304 ε
3207 3263 3544 3320 clarissimus
3583 3266 3793 3331 doctor,

536 3375 689 3417 scere
719 3358 850 3429 ipsis
898 3364 1177 3410 auctorum
1212 3353 1391 3409 verbis
1430 3369 1591 3424 quem
1630 3355 1835 3411 exitum
1872 3356 2110 3412 habeant

543 3451 871 3524 quaestiones
911 3446 979 3503 de
1020 3442 1489 3517 praedestinatione
1534 3461 1599 3501 ac
1643 3445 1811 3501 libero
1860 3445 2105 3515 arbitrio,

535 3558 745 3600 necnon
777 3542 843 3597 de
882 3538 1251 3608 redemptione
1295 3537 1573 3609 sanguinis
1607 3536 1828 3603 Christi,
1872 3536 2103 3595 ﬁdeliter

535 3648 740 3689 morem
770 3632 943 3702 gessi;
978 3639 1036 3685 ut
1079 3639 1134 3685 et
1180 3630 1268 3699 pie
1311 3629 1668 3699 quaerentium
1715 3628 1947 3685 eruditio
1998 3628 2107 3684 lar-

535 3725 711 3791 giente
750 3723 846 3778 Dei
888 3722 1061 3795 gratia
1092 3721 1272 3791 capiat
1313 3720 1704 3775 incrementum
1737 3759 1753 3785 ,
1802 3726 1857 3774 et
1897 3718 2109 3774 diversa

534 3815 879 3870 sentientium
895 3811 1252 3869 contradictio
1280 3810 1572 3881 mitigetur.
1596 3808 1707 3866 Nec
1732 3810 2110 3881 aspernabitur

534 3904 825 3959 benevolus
850 3912 904 3958 et
940 3903 1177 3974 prudens
1226 3901 1425 3966 lector,
1470 3899 1515 3956 si
1564 3900 1803 3957 deferam
1836 3915 1934 3971 per
1972 3914 2109 3970 quos

534 3996 736 4064 proieci
768 4003 821 4050 et
845 3994 1072 4064 proﬁcio
1098 3993 1373 4059 doctores,
1403 3993 1488 4048 vel
1518 3993 1565 4049 si
1600 4008 1788 4049 eorum
1819 3992 2108 4065 assignatis

535 4084 941 4145 obscurioribus
959 4083 1241 4139 Sententiis
1266 4082 1471 4153 aliquid
1498 4083 1635 4139 lucis
1661 4082 1959 4149 infundam,
1978 4081 2110 4138 eum

535 4192 724 4231 eorum
750 4175 972 4232 honoris
1020 4190 1230 4231 mecum
1270 4173 1472 4232 habere
1499 4177 1693 4232 debeat
1720 4176 2110 4233 consideratio-

536 4283 680 4333 nem,
710 4274 764 4321 et
799 4265 1057 4321 facillime
1083 4264 1256 4335 possit
1277 4266 1580 4333 advertere,
1613 4279 1639 4307 ι
1667 4281 1774 4321 non
1799 4266 2112 4322 ostentatio-

531 4354 617 4410 nis
644 4354 899 4420 vanitate,
926 4352 1021 4408 sed
1041 4354 1388 4410 ostendenda:
1415 4354 1660 4410 veritatis
1683 4362 1829 4419 voto,
1876 4369 1966 4409 me
2011 4354 2107 4409 de-

531 4446 796 4513 prehensa
811 4452 1135 4501 monstrare.
1160 4441 1283 4498 Jam
1309 4443 1489 4513 itaque
1506 4444 1748 4500 narratio
1772 4444 2108 4514 propositum

530 4551 594 4587 ex
603 4543 880 4604 sequatur.

2211 3358 2354 3413 sedis
2378 3357 2686 3427 apostolicae
2717 3366 2868 3414 tanto
2888 3356 3159 3427 praeconio
3179 3355 3450 3421 laudatus,
3481 3355 3539 3409 in
3566 3355 3710 3412 libro
3730 3356 3794 3410 ad

2209 3444 2564 3501 Laurentium
2590 3447 2656 3501 de
2682 3445 2831 3510 Fide,
2866 3446 3007 3516 Spe,
3050 3454 3103 3500 et
3129 3438 3442 3508 Cbaritate,
3475 3460 3648 3514 quem
3686 3445 3793 3515 jam

2208 3535 2494 3605 episcopus
2525 3542 2580 3589 et
2624 3549 2794 3590 senex
2835 3535 3045 3600 edidit,
3076 3534 3481 3604 puedestinatos
3528 3535 3706 3590 bonos
3744 3543 3791 3589 el

2208 3625 2379 3682 malos
2399 3626 2476 3682 ita
2498 3625 2737 3681 insinuat
2758 3625 3077 3697 (Enchiridii
3102 3642 3223 3695 cap.
3251 3624 3398 3693 100).
3430 3644 3453 3678 ι
3491 3625 3625 3681 Hac
3648 3635 3789 3681 sunt.

2209 3716 2404 3788 inquit,
2436 3734 2631 3788 magna
2652 3733 2810 3786 opera
2830 3716 3066 3782 Domini,
3107 3716 3369 3785 exquisita
3395 3716 3451 3770 in
3479 3733 3661 3771 omnes
3707 3731 3792 3771 νο-

2209 3808 2435 3865 luntates
2464 3809 2604 3881 ejus,
2630 3818 2686 3864 et
2715 3818 2825 3863 tam
2856 3810 3128 3879 sapienter
3145 3810 3434 3879 exquisita,
3463 3820 3522 3863 ut
3550 3825 3677 3865 cum
3701 3826 3788 3863 an-

2210 3900 2377 3972 gelica
2403 3910 2461 3957 et
2504 3901 2740 3956 humana
2768 3910 3022 3955 creatura
3068 3909 3377 3975 peccasset,
3422 3900 3477 3954 id
3513 3909 3637 3964 est,
3686 3916 3787 3955 non

2209 3991 2352 4060 quod
2380 3990 2490 4057 ille,
2521 3991 2616 4047 sed
2662 3989 2807 4060 quod
2846 3989 3016 4045 voluit
3067 3990 3182 4060 ipsa
3213 3990 3462 4055 fecisset,
3502 3991 3669 4046 etiam
3699 4005 3789 4058 per

2208 4083 2452 4138 eamdem
2478 4090 2742 4137 creatura:
2768 4076 3123 4145 voluntatem,
3148 4097 3254 4150 qua
3284 4081 3491 4135 factum
3519 4092 3609 4136 est
3652 4080 3786 4150 quod

2209 4164 2436 4230 Creator
2459 4173 2655 4241 noluit,
2686 4173 2933 4244 impleret
2954 4172 3067 4242 ipse
3092 4173 3237 4242 quod
3257 4173 3448 4238 voluit,
3477 4172 3616 4228 bene
3639 4183 3785 4227 utens

2210 4273 2268 4321 et
2295 4264 2472 4331 malis,
2503 4274 2757 4334 tanquam
2784 4279 2994 4320 summe
3027 4265 3220 4328 bonus,
3251 4264 3319 4318 ad
3344 4278 3537 4318 eorum
3570 4264 3780 4318 damna-

2209 4352 2410 4407 tionem
2449 4368 2588 4423 quos
2634 4351 2780 4420 iuste
2807 4352 3212 4422 praedestinavit
3236 4352 3307 4405 ad
3353 4366 3571 4422 poenam
3593 4391 3610 4416 ,
3635 4360 3690 4407 et
3714 4348 3778 4402 ad

2208 4457 2396 4498 eorum
2441 4442 2672 4497 salutem
2697 4456 2835 4512 quos
2864 4442 3096 4513 benigne
3122 4441 3531 4515 praedestinavit
3559 4442 3629 4496 ad
3671 4440 3779 4511 glo-

2210 4549 2369 4588 riam.
2408 4554 2428 4586 ι

600 4624 629 4663 ιι
655 4624 979 4678 Coelestinus
1017 4637 1157 4693 papa
1202 4619 1419 4678 beatum
1442 4622 1796 4692 Augustinum
1822 4623 1909 4679 his
1931 4623 2110 4679 verbis
2134 4604 2188 4665 Ῑ)
2283 4624 2427 4701 Idem
2453 4624 2506 4678 in
2537 4624 2726 4679 ultimo
2751 4623 2819 4679 de
2843 4622 3076 4679 Civitate
3103 4624 3200 4680 Dei
3250 4624 3390 4680 libro
3407 4663 3424 4689 ,
3472 4638 3635 4693 quem
3669 4620 3775 4690 jam

529 4715 870 4769 commendat
894 4712 1066 4783 (epist.
1097 4712 1154 4777 8,
1190 4712 1259 4765 ad
1289 4713 1551 4782 episcopos
1577 4711 1917 4786 Galliarum).
1945 4732 1964 4787 ς
2001 4714 2111 4768 Au-

528 4803 801 4872 gustinum
842 4811 1042 4856 sanctae
1086 4801 1481 4856 recordationis
1522 4801 1697 4855 virum
1734 4817 1835 4871 pro
1864 4803 1974 4857 vita
2013 4818 2109 4858 sua

529 4901 693 4961 atque
723 4893 930 4948 meritis
959 4894 1010 4947 in
1036 4901 1221 4948 nostra
1252 4894 1632 4948 communione
1658 4909 1874 4964 semper
1907 4894 2105 4951 habui-

530 4996 682 5047 mus,
728 4997 827 5039 nec
854 4998 1089 5052 unquam
1127 4983 1270 5038 hunc
1302 4982 1534 5037 sinistra:
1564 4983 1886 5053 suspicionis
1915 4983 2106 5039 saltem

530 5087 717 5127 rumor
736 5076 991 5143 aspersit.
1010 5074 1180 5142 Quem
1209 5058 1373 5130 tanta:
1395 5075 1633 5130 scientiae
1647 5077 1774 5130 olim
1800 5075 1824 5129 Γ
1824 5077 1966 5131 uisse
1986 5090 2102 5130 me-

528 5162 804 5229 minimus,
831 5174 891 5219 ut
919 5167 1060 5221 inter
1088 5167 1375 5237 magistros
1403 5166 1565 5238 247
1592 5168 1761 5223 etiam
1790 5183 1821 5222 a
1842 5168 1981 5223 ‘meis
2006 5169 2105 5222 de-

527 5254 835 5311 eessoribus
872 5256 1183 5311 haberetur.
1225 5257 1374 5312 Bene
1407 5273 1538 5329 ergo
1585 5260 1652 5315 de
1698 5275 1765 5315 eo
1813 5274 2001 5315 omnes
2047 5260 2103 5315 in

526 5357 813 5399 commune
857 5355 1177 5413 senserunt,
1227 5356 1410 5419 utpote
1441 5350 1534 5419 qui
1578 5350 1774 5422 ubique
1808 5353 2017 5408 cunctis
2048 5361 2105 5408 et

596 5485 625 5515 ι
657 5473 782 5551 Non
811 5485 1052 5551 ostentat.
1082 5478 1329 5551 uanitate.
1363 5477 1421 5551 ln
1466 5481 1691 5551 epistola
1726 5481 1855 5537 l28:
1898 5500 1918 5533 ‹
1954 5481 2087 5549 Nec,

526 5553 583 5599 ut
606 5546 835 5620 quidam
853 5548 1113 5620 suspicari
1144 5562 1202 5603 se
1224 5546 1517 5620 simulant;
1566 5552 1820 5620 inaniter,
1854 5554 1957 5608 hoc
1986 5546 2089 5620 est,

526 5630 679 5689 vanae
705 5616 889 5688 gloria
913 5616 1092 5673 studio
1113 5619 1270 5689 cupio
1296 5620 1650 5678 innotescere.
1682 5661 1696 5676 .
1729 5660 1743 5676 .
1775 5616 1910 5680 .sed
1939 5616 2090 5681 asse-3

529 5687 971 5744 rettdteveritatis
1001 5687 1218 5752 intuitu,
1266 5709 1284 5742 ι
1322 5698 1426 5746 etc.

2211 4714 2494 4784 episcopus
2515 4716 2838 4786 composuit,
2866 4724 3208 4786 expresserat
3234 4716 3351 4787 (lib.
3382 4730 3519 4779 sm,
3551 4731 3668 4783 cap.
3690 4710 3774 4773 Si.

2211 4805 2303 4861 sub
2315 4805 2514 4876 ﬁnem).
2540 4824 2559 4857 ι
2584 4805 2727 4873 Hinc,
2755 4806 2950 4875 inquit,
2966 4807 3145 4862 omnia
3160 4807 3480 4863 miserorum
3496 4815 3623 4860 sunt
3642 4807 3765 4859 dam-

2209 4906 2565 4968 natorumque
2592 4897 2801 4962 solatia,
2832 4912 2937 4952 non
2960 4898 3179 4967 prazmia
3200 4899 3505 4954 beatorum.
3529 4898 3660 4964 Qua:
3686 4895 3766 4966 igi-

2208 4996 2299 5043 tur
2331 4989 2420 5043 illa
2450 4997 2596 5055 sunt,
2640 4989 2684 5043 si
2713 4996 2792 5043 tot
2817 4996 2873 5043 et
2898 4988 3027 5043 talia
3055 5005 3121 5044 ac
3149 4997 3297 5043 tanta
3323 4999 3452 5043 sunt
3479 4989 3619 5044 ista?
3643 4984 3769 5054 Quid

2206 5080 2356 5135 dabit
2379 5081 2461 5135 eis
2481 5096 2617 5150 quos
2640 5080 3044 5149 praedestinavit
3071 5081 3139 5135 ad
3164 5081 3354 5145 vitam,
3380 5082 3472 5149 qui
3506 5082 3620 5135 haec
3640 5078 3766 5133 dedit

2210 5172 2376 5226 etiam
2422 5172 2506 5227 eis
2533 5188 2670 5242 quos
2713 5173 3119 5241 praedestinavit
3146 5173 3212 5227 ad
3254 5173 3526 5229 mortem?
3562 5192 3580 5224 ι
3609 5172 3661 5225 1η
3690 5185 3748 5239 pe

2204 5263 2429 5318 nultimo
2451 5272 2629 5319 autem
2650 5263 2892 5331 ejusdem
2918 5273 3025 5319 tam
3048 5264 3309 5320 elaborati
3331 5273 3388 5321 et
3411 5264 3641 5319 mirandi
3655 5275 3747 5329 ope

2204 5356 2281 5411 ris
2333 5356 2473 5413 libro
2518 5356 2598 5412 sic
2626 5357 2913 5412 docuerat:
2945 5355 3071 5413 Haec
3115 5372 3280 5413 causa
3310 5373 3419 5428 qua
3462 5357 3526 5411 ﬁt
3555 5365 3613 5410 ut
3636 5365 3759 5409 nunt

2266 5485 2295 5526 ιι
2329 5486 2533 5556 Caelest.
2564 5504 2720 5556 papa.
2756 5486 3018 5543 Eumdem
3048 5485 3224 5543 locum
3254 5486 3413 5543 all‘ert
3448 5487 3504 5541 in
3539 5485 3675 5540 libro
3710 5480 3763 5535 de

2205 5555 2831 5628 tribusQuzeStiOnibus,
2866 5556 3141 5628 pag._257.

2273 5636 2295 5663 ο
2337 5624 2675 5696 Clarissimus
2733 5624 2957 5680 doctorf
2989 5625 3250 5696 Loquitur
3311 5628 3377 5681 de
3438 5625 3756 5696 Augustino.

2197 5711 2357 5762 quem
2388 5694 2746 5753 clarissimum
2772 5706 3049 5753 auctorem
3079 5693 3235 5753 vocat
3262 5696 3314 5751 in
3347 5693 3570 5765 epistola
3599 5693 3683 5749 30.
