4034 6298
247 313 350 370 649

1197 311 1530 370 COLLECT.
1574 311 1660 365 DE
1695 307 1945 364 TlllBUS
1985 307 2536 376 ΩΟΔΕΒΤΙΟΜΒΕΞ.

3399 307 3502 361 650

248 427 486 483 Ecclesia
518 442 624 481 non
649 434 763 482 oret
789 441 886 498 pro
913 427 1071 482 malis
1099 425 1327 498 angelis,
1352 440 1489 495 quos
1516 439 1644 479 suos
1670 422 1819 478 novit
1848 431 1891 482 A
1924 436 2027 475 non
2057 430 2139 475 est
2159 423 2302 476 enim
2333 402 2588 492 iniqtiitas
2613 422 2752 492 apud
2785 422 2971 476 Deum.
3006 442 3024 475 ι
3056 423 3113 480 lu
3147 423 3336 479 eodem
3367 423 3504 480 libro

244 534 364 576 esse
395 519 662 582 inimicos,
692 519 881 573 eadem
921 519 1036 588 ipsa
1068 533 1230 573 causa
1261 527 1346 571 est
1373 532 1478 586 qua
1519 517 1614 570 tiet
1660 523 1718 569 ut
1768 515 1820 570 in

245 613 338 668 illo
365 621 493 667 tunc
512 610 735 680 judicio,
761 612 924 666 etiam
951 627 1050 680 pro
1081 609 1390 665 hominibus
1420 616 1446 644 ³
1474 617 1676 662 aeterno
1709 607 1821 678 igni

242 699 570 765 cruciandis,
593 699 841 769 quamvis
860 698 1094 770 perfecta
1119 699 1190 753 sit
1210 698 1520 762 sanctitate,
1550 712 1656 751 non
1679 705 1817 751 oret.

241 788 400 843 Nunc
419 787 562 843 enim
609 797 897 858 propterea
933 803 1033 858 pro
1073 787 1154 841 eis
1187 795 1310 841 orat
1356 800 1492 856 quos
1533 784 1587 840 in
1623 799 1820 855 genere

241 877 479 932 humano
503 877 666 932 habet
690 876 961 942 inimicos,
991 877 1117 946 quia
1149 885 1361 944 tempus
1389 884 1472 931 est
1492 874 1822 945 prenitentiae

239 965 553 1021 fructuosaa.
579 964 714 1020 Nam
742 966 872 1035 quid
896 966 1132 1021 maxime
1152 981 1250 1034 pro
1272 966 1352 1020 eis
1378 974 1502 1020 orat
1529 964 1632 1020 nisi
1656 973 1714 1019 ut
1732 965 1823 1020 det

237 1054 348 1110 illis
375 1054 537 1118 Deus,
573 1053 713 1109 sicut
737 1055 874 1109 dixit
899 1053 1210 1123 Apostolus,
1242 1053 1619 1124 paenitentiam
1642 1063 1698 1108 et
1728 1068 1820 1108 re-

235 1145 503 1214 sipiscant
530 1143 696 1216 248
724 1160 754 1198 a
783 1144 982 1200 diaboli
1016 1143 1240 1213 laqueis,
1294 1159 1325 1197 a
1355 1159 1462 1214 quo
1496 1143 1696 1212 captivi
1745 1152 1821 1197 te-

236 1245 439 1291 nentur
466 1235 959 1306 secundmmipsius
991 1235 1366 1290 voluntatem?
1405 1234 1648 1304 Denique
1678 1233 1724 1288 si
1754 1234 1820 1288 de

234 1328 508 1397 aliquibus
537 1328 606 1382 ita
628 1328 865 1392 Ecclesia
880 1335 1028 1383 certa
1051 1335 1197 1382 esset
1219 1334 1276 1381 ut
1293 1325 1384 1397 qui
1409 1334 1536 1380 sunt
1556 1325 1630 1379 illi
1655 1325 1818 1380 etiam

236 1426 447 1482 nosset,
466 1419 556 1488 qui
573 1417 953 1473 licetadbucin
969 1417 1072 1472 hac
1086 1417 1193 1471 vita
1208 1416 1318 1470 sint
1329 1415 1622 1478 constituti,
1642 1423 1820 1469 tamen

231 1508 602 1577 przedestinati
631 1517 759 1562 sunt
790 1505 842 1561 in
864 1515 1128 1562 aeternum
1161 1507 1341 1576 ignem
1365 1505 1444 1559 ire
1477 1519 1599 1560 cum
1633 1503 1822 1558 diabo-

232 1597 322 1662 lo,
371 1609 479 1653 tam
517 1613 614 1668 pro
643 1598 722 1652 eis
749 1612 854 1652 non
884 1605 1067 1653 oraret
1096 1611 1260 1666 quam
1287 1610 1387 1650 nec.
1413 1609 1512 1665 pro
1542 1595 1682 1660 ipso.
1715 1592 1822 1648 Sed

234 1688 366 1758 quia
391 1689 458 1743 de
484 1687 628 1741 nullo
662 1694 810 1742 certa
842 1693 948 1751 est,
975 1695 1098 1741 orat
1127 1700 1226 1754 pro
1265 1683 1519 1738 omnibus
1551 1683 1819 1738 duntaxat

1929 512 2064 581 (cap.
2119 509 2206 581 17)
2238 511 2454 565 nomire
2504 511 2852 579 prtescieutize
2889 510 3180 582 signiﬁcari
3228 513 3506 582 prtedesti-o

1927 599 2200 653 nationem
2224 601 2517 669 apostolico
2548 601 2856 656 testimonio
2881 600 3238 656 conﬁrmavit.
3275 601 3398 657 Non
3425 620 3506 656 re-

1924 686 2076 756 pulit,
2104 686 2295 757 inquit,
2324 687 2466 742 Deus
2489 688 2684 757 plebem
2710 706 2863 744 suam
2884 705 3040 760 quam
3069 690 3345 759 praesciuit.
3393 691 3505 747 lloc

1923 777 2066 848 quod
2088 780 2163 834 ait
2192 782 2471 849 prrrscivit,
2503 796 2608 836 non
2640 791 2787 837 recte
2813 782 3126 853 intelligitur
3163 781 3266 837 nisi
3294 786 3498 854 praede-

1926 869 2167 923 stinavit.
2213 888 2231 921 ‹
2265 869 2402 937 Quid
2433 879 2610 926 autem
2641 873 2710 927 sit
2737 873 3122 940 prmdeslinare
3150 872 3206 926 in
3253 874 3501 942 superio-

1925 960 2074 1014 ribus
2113 960 2352 1030 ejusdem
2382 961 2502 1015 libri
2534 961 2714 1017 taliter
2737 962 3019 1018 deﬁnierat
3052 965 3188 1032 (cap.
3220 963 3331 1032 17),
3362 965 3506 1032 quul

1927 1051 2069 1106 ﬁdeli
2099 1059 2180 1106 est
2198 1051 2455 1105 memoria
2483 1053 2865 1108 continendum
2893 1071 2905 1105 :
2943 1075 2961 1105 ι
3007 1053 3135 1108 Sine
3161 1054 3500 1124 pmuitentia,

1925 1140 2122 1210 inquit,
2144 1149 2272 1196 sunt
2315 1142 2454 1196 dona
2495 1150 2548 1197 et
2580 1143 2792 1197 voeatio
2847 1144 2959 1198 Dei.
3016 1143 3260 1214 Namque
3309 1145 3360 1199 in
3403 1160 3498 1199 sua

1927 1247 2045 1299 qua:
2075 1229 2183 1284 falli
2215 1231 2522 1294 mutarique
2569 1247 2674 1287 non
2729 1242 2907 1302 potest
2947 1234 3282 1302 pra-scientia
3335 1249 3500 1304 Opera

1926 1337 2022 1376 sua
2049 1321 2228 1376 futura
2255 1323 2557 1392 disponere,
2592 1324 2644 1378 id
2673 1323 2892 1379 omnino
2914 1340 3013 1379 nec
3035 1323 3174 1378 aliud
3206 1325 3497 1394 quidquam

1925 1424 2008 1468 est
2035 1429 2196 1484 quam
2239 1415 2643 1484 prtedestinare.
2684 1436 2701 1468 ι
2738 1415 2813 1470 De
2837 1424 3185 1487 utrorumque
3217 1418 3497 1486 praedesti-

1926 1505 2162 1567 natione,
2185 1503 2290 1558 hoc
2310 1511 2393 1559 est
2415 1504 2680 1559 bonorum
2704 1513 2758 1558 et
2783 1504 3068 1570 malorum,
3099 1521 3204 1559 non
3241 1506 3503 1560 dubitavit

1924 1596 2100 1666 palam
2130 1596 2181 1650 in
2215 1597 2408 1667 populo
2445 1599 2740 1668 praedicare
2769 1616 2781 1652 :
2829 1598 2966 1664 Quia
2999 1598 3253 1664 dilexisti,
3306 1600 3498 1671 inquit,

1924 1703 2004 1741 me
2031 1697 2151 1742 ante
2182 1689 2363 1742 mundi
2405 1690 2818 1744 constitutionem
2861 1689 3045 1760 (Jonn.
3100 1689 3252 1763 xvn).
3306 1691 3361 1744 In
3412 1690 3502 1744 illo

233 1779 542 1835 hominibus
586 1779 819 1834 inimicis
855 1778 968 1834 suis
997 1777 1050 1831 in
1081 1778 1182 1831 hoc
1211 1788 1439 1844 corpore
1477 1782 1805 1836 conslltulls,
1844 1780 1886 1838 Β
1915 1779 2059 1833 enim
2086 1779 2274 1834 dilexit
2303 1791 2357 1835 et
2409 1797 2508 1836 nos
2561 1791 2686 1836 ante
2736 1781 3178 1836 constitutionem
3213 1771 3420 1846 mundi,
3444 1790 3500 1834 et

231 1871 541 1928 nec'tamen
567 1887 666 1942 pro
687 1870 937 1926 omnibus
958 1867 1267 1924 exauditur.
1297 1865 1403 1920 Pro
1433 1865 1517 1918 his
1553 1863 1696 1918 enim
1727 1879 1815 1917 so‘

231 1966 302 2022 lis
327 1962 614 2020 exauditur
639 1962 730 2030 qui
759 1960 862 2016 etsi
897 1959 1256 2015 adversantur
1278 1955 1557 2020 Ecclesiae,
1588 1955 1661 2008 ita
1685 1962 1811 2008 sunt

229 2066 417 2110 tamen
441 2051 808 2124 praedestinati
856 2058 916 2103 ut
952 2063 1051 2120 pro
1078 2047 1161 2102 eis
1203 2045 1527 2100 exaudiatur
1569 2041 1810 2098 Ecclesia

228 2158 286 2201 et
335 2144 429 2199 ﬁlii
471 2142 768 2199 efﬁciantur
797 2139 1066 2196 Ecclesiae.
1098 2136 1155 2192 Si
1191 2136 1284 2206 qui
1315 2143 1495 2190 autem
1526 2149 1696 2203 usque
1745 2134 1814 2188 ad

231 2244 462 2289 mortem
489 2231 761 2286 habebunt
783 2245 880 2285 cor
908 2227 1253 2298 impoenitens
1278 2265 1292 2290 ,
1340 2239 1442 2279 nec
1477 2238 1544 2277 ex
1579 2224 1812 2278 inimicis

229 2331 616 2381 convertentur
641 2321 698 2374 in
727 2319 886 2384 ﬁlios,
911 2316 1168 2386 numquid
1195 2316 1307 2386 jam
1349 2328 1446 2383 pro
1472 2313 1574 2378 eis,
1612 2313 1662 2367 id
1707 2321 1810 2378 est,

227 2431 330 2486 pro
375 2413 560 2468 talium
615 2410 990 2468 defunctorum
1048 2407 1327 2479 Spiritibus
1366 2415 1488 2461 orat
1529 2405 1812 2462 Ecclesia?

231 2505 375 2560 Non.
400 2503 508 2560 Cur
533 2503 633 2566 ita,
663 2502 765 2556 nisi
799 2501 922 2570 quia
947 2500 1002 2553 in
1028 2506 1184 2569 parte
1210 2495 1325 2566 jam
1350 2497 1548 2552 diaboli
1579 2513 1801 2568 compu-

227 2597 495 2666 tatur-qui
523 2611 645 2651 cum
676 2603 822 2650 esset
851 2594 904 2648 in
935 2606 1165 2661 corpore
1190 2606 1296 2645 non
1323 2599 1405 2645 est
1432 2587 1724 2646 translatus
1745 2589 1812 2644 ad

225 2686 541 2743 Christum?
584 2685 785 2740 Eadem
831 2683 1012 2753 itaque
1063 2697 1222 2737 causa
1255 2690 1339 2736 est
1368 2697 1465 2736 cur
1492 2697 1598 2736 non
1627 2691 1813 2736 oretur

229 2789 361 2834 tunc
405 2795 504 2850 pro
555 2777 863 2832 hominibus
908 2785 1112 2830 aeterno
1152 2775 1277 2844 igne
1322 2774 1640 2844 puniendis,
1690 2791 1811 2845 qua:

224 2885 396 2925 causa
429 2878 510 2925 est
540 2877 597 2923 ut
624 2882 798 2938 neque
823 2883 966 2922 nunc
993 2881 1168 2936 neque
1201 2877 1326 2920 tunc
1368 2875 1553 2921 oretur
1583 2882 1679 2936 pro
1709 2884 1808 2920 au-

227 2962 367 3032 gelis
415 2961 602 3025 malis,
635 2974 755 3030 quae
799 2958 988 3014 itidem
1018 2973 1184 3013 causa
1236 2966 1318 3012 est
1345 2965 1405 3011 ut
1431 2958 1678 3027 quamvis
1710 2972 1810 3028 pro

228 3054 540 3112 hominibus
570 3067 713 3107 nunc
742 3051 878 3106 vivis
897 3058 1084 3106 oretur
1104 3049 1267 3105 etiam
1290 3048 1464 3115 malis,
1493 3058 1671 3104 tamen
1694 3049 1808 3120 jam

1911 1867 2028 1935 jam
2058 1871 2462 1938 praedestinavit
2486 1872 2612 1942 quid
2651 1872 2705 1926 in
2761 1871 2866 1926 ﬁne
2913 1870 3151 1926 facturus
3178 1881 3262 1926 est
3292 1873 3498 1926 mundi.

1918 1955 2098 2024 Pater,
2125 1960 2319 2030 inquit,
2333 1961 2500 2030 juste,
2529 1962 2755 2017 mundus
2779 1971 2827 2017 te
2869 1980 2972 2016 non
3016 1964 3248 2040 cognovit
3300 1963 3498 2036 (ibid.),

1915 2050 2039 2120 quia
2057 2051 2238 2121 justus
2263 2067 2341 2116 es,
2384 2053 2504 2108 ideo
2529 2060 2580 2108 te
2609 2069 2713 2107 non
2737 2053 3006 2124 cognovit.
3033 2053 3262 2109 Mundus
3303 2055 3500 2126 quippe

1915 2141 2004 2196 ille
2061 2142 2392 2197 damnationi
2433 2144 2849 2213 praedestinatus
2887 2144 3083 2199 merito
3137 2160 3242 2198 non
3295 2161 3496 2216 cogno-

1917 2232 2028 2299 vit;
2063 2234 2294 2288 mundus
2315 2249 2442 2289 vero
2487 2250 2646 2304 quem
2686 2250 2784 2305 per
2813 2235 3085 2290 Christum
3131 2237 3502 2292 reconciliavit

1916 2321 2041 2387 sibi,
2071 2337 2179 2376 non
2207 2322 2420 2388 merito,
2450 2323 2542 2378 sed
2573 2325 2744 2394 gratia
2776 2325 3044 2396 cognovit.

1982 2411 2149 2483 250
2185 2413 2242 2467 In
2291 2429 2456 2484 opere
2503 2422 2682 2468 autem
2728 2417 2892 2484 quod,
2945 2424 3001 2469 ut
3031 2427 3053 2454 ε
3089 2415 3319 2485 Prosper
3350 2417 3502 2471 testis

1913 2512 2015 2569 est,
2061 2503 2308 2560 ultimum
2361 2514 2549 2561 contra
2590 2505 2785 2562 Juliani
2837 2507 3003 2563 libros
3055 2509 3196 2563 inter
3240 2511 3498 2580 impetum

1914 2593 2302 2652 Wandalorum
2333 2598 2385 2654 in
2415 2598 2532 2668 ipso
2561 2599 2769 2654 dierum
2798 2615 3016 2654 suorum
3059 2600 3165 2655 ﬁne
3194 2596 3498 2672 composuit

1915 2686 2146 2755 gloriose
2168 2688 2222 2742 in
2239 2688 2550 2744 defensione
2572 2689 2891 2745 Christianae
2913 2693 3099 2761 gratia:
3123 2709 3496 2763 perseverans,

1915 2779 1991 2832 sic
2027 2779 2264 2848 loquitur
2295 2798 2308 2834 :
2340 2800 2357 2832 ‹
2390 2780 2530 2848 Quid
2559 2791 2608 2836 te
2638 2781 2856 2850 adjuvat
2889 2784 3029 2853 quod
3053 2800 3146 2839 eos
3174 2785 3304 2840 mihi
3350 2785 3498 2856 obje-

1914 2871 2033 2924 cisti
2060 2888 2196 2941 quos
2221 2882 2502 2944 exspectat
2523 2874 2616 2929 Dei
2649 2875 2909 2944 patientia
2981 2892 3075 2948 per
3115 2877 3494 2948 ptenitentiam

1914 2963 2283 3034 c.rrigeudos,
2335 2975 2390 3021 et
2438 2966 2558 3022 ideo
2589 2982 2752 3037 super
2791 2967 2912 3023 illos
2949 2968 3078 3023 oriri
3119 2969 3286 3024 solem
3331 2985 3486 3025 suum

1915 3051 2305 3123 facitetpluit,
2352 3071 2474 3110 cum
2508 3071 2610 3127 ego
2663 3057 2758 3112 tibi
2811 3057 2992 3112 haedos
3043 3058 3278 3113 sinistrae
3321 3059 3491 3129 partis

226 3161 330 3202 nec
355 3159 500 3200 nunc
529 3151 714 3197 oretur
741 3156 840 3212 pro
866 3140 1171 3196 inﬁdelibus
1202 3140 1487 3210 impiisque
1517 3140 1802 3195 defunctis.
1835 3135 1878 3196 C
1911 3144 2222 3214 objecerim,
2253 3161 2390 3216 quos
2416 3162 2584 3216 usque
2611 3148 2661 3202 in
2708 3147 2868 3202 linem
2899 3148 3014 3202 sine
3059 3149 3374 3220 paenitentia
3409 3151 3491 3204 vi-

226 3239 365 3294 Natn
411 3252 511 3307 pro
557 3235 824 3291 defunctis
852 3233 1179 3304 quibusdam
1227 3231 1314 3288 vel
1360 3232 1529 3302 ipsius
1553 3233 1810 3288 Ecclesia:

225 3329 316 3384 vel
360 3325 716 3397 quorumdam
772 3324 984 3394 piorum
1034 3323 1321 3378 exauditur
1349 3323 1557 3389 oratio;
1589 3323 1685 3379 sed
1714 3338 1814 3394 pro

227 3420 316 3477 bis
341 3432 574 3488 quorum
607 3417 659 3470 in
688 3415 904 3470 Christo
938 3403 1399 3484 regenerationem
1425 3453 1440 3478 ,
1493 3428 1592 3467 nec
1636 3428 1812 3482 usque

225 3513 365 3570 adeo
391 3510 503 3564 vita
534 3509 588 3563 in
613 3521 840 3578 corpore
871 3505 1012 3561 male
1032 3513 1182 3576 gesta
1210 3513 1295 3560 est
1314 3545 1328 3570 ,
1376 3513 1438 3558 ut
1466 3503 1557 3558 tali
1598 3505 1810 3560 miseri-

225 3601 418 3657 cordia
459 3599 777 3671 judicentur
816 3596 961 3668 digni
1012 3611 1119 3650 non
1163 3609 1306 3660 esse,
1339 3610 1438 3649 nec
1476 3609 1646 3664 usque
1674 3594 1810 3650 adeo

222 3693 385 3759 bene,
415 3701 476 3745 ut
497 3690 658 3748 talem
687 3687 1112 3745 misericordiam
1143 3686 1418 3754 reperiant
1441 3686 1808 3740 necessariam

223 3799 332 3840 non
368 3781 586 3836 habere.

293 3875 430 3930 Item
476 3873 532 3928 in
580 3870 816 3928 secundo
860 3870 927 3924 ad
958 3867 1324 3922 Marcellinum
1375 3865 1511 3920 libro
1544 3865 1680 3937 (cap.
1717 3867 1807 3937 17)

225 3963 401 4020 malos
424 3957 964 4033 praedestinatosjam
996 3958 1280 4028 episcopus
1305 3956 1379 4010 ita
1408 3956 1632 4011 scribit:
1677 3974 1696 4008 ι
1739 3955 1809 4012 Ut

225 4058 554 4121 innotescat,
581 4053 780 4124 inquit,
817 4052 959 4120 quod
990 4050 1222 4115 latebat,
1264 4058 1320 4103 et
1346 4063 1511 4104 suave
1540 4047 1634 4103 ﬁat
1664 4049 1804 4118 quod

221 4165 334 4206 non
362 4148 688 4210 delectabat,
719 4144 883 4217 249
915 4144 1101 4216 gratize
1124 4143 1218 4197 Dei
1239 4150 1341 4206 est,
1373 4158 1493 4211 qua:
1525 4141 1804 4195 hominum

221 4241 448 4310 adjuvat
475 4238 804 4302 voluntates,
840 4251 946 4305 qua
973 4224 1030 4289 ut
1055 4249 1162 4289 non
1194 4233 1520 4304 adjuventur
1569 4233 1621 4286 in
1672 4232 1804 4303 ipsis

220 4333 409 4388 itidem
440 4345 602 4386 causa
627 4337 732 4394 est,
765 4344 871 4382 non
910 4327 963 4381 in
998 4326 1128 4388 Deo,
1175 4327 1288 4381 sive
1322 4326 1612 4380 damnandi
1665 4340 1798 4394 prte‘

220 4421 478 4478 destinati
523 4430 650 4475 sunt
692 4427 912 4490 propter
961 4417 1294 4486 iniquitatem
1333 4416 1597 4486 superbia:
1624 4456 1639 4482 ,
1687 4417 1800 4470 sive

1918 3245 2104 3292 cturos
2129 3237 2184 3292 in
2232 3237 2509 3306 impietate
2553 3246 2607 3291 et
2657 3237 2950 3294 sceleribus
2991 3241 3102 3296 suis
3135 3256 3201 3296 ac
3245 3256 3342 3312 per
3391 3243 3494 3298 hoc

1915 3335 2118 3381 mterno
2165 3327 2429 3398 supplicio
2479 3328 2778 3398 puniendos
2824 3329 3073 3400 ignorare
3136 3348 3243 3387 non
3294 3343 3491 3404 potest,

1914 3419 2174 3486 praescius
2216 3420 2459 3474 omnium
2501 3419 2827 3485 futurorum,
2879 3436 2981 3477 nec
3028 3423 3096 3477 ab
3135 3423 3213 3478 eis
3261 3425 3496 3480 abstinet

1913 3507 2112 3562 bonum
2148 3509 2437 3565 creationis
2467 3525 2577 3564 sua:
2616 3511 2812 3581 quibus
2862 3527 2961 3567 nec
3012 3513 3159 3568 nasci
3194 3519 3492 3584 expediret,

1911 3612 2011 3654 nec
2028 3599 2226 3654 bonum
2260 3601 2573 3656 nutritionis
2599 3609 2653 3655 et
2682 3601 3061 3658 viviﬁcation's
3091 3619 3202 3659 sua:
3229 3615 3488 3674 quantum

1909 3687 1961 3742 ei
1985 3687 2252 3756 placuerit
2287 3689 2576 3755 diuturnae,
2596 3690 2792 3758 quibus
2815 3692 2949 3746 mori
2974 3694 3294 3760 quantocius
3321 3711 3486 3766 cxpe-

1909 3779 2084 3833 diret?
2114 3779 2261 3835 Inter
2299 3795 2432 3850 quos
2457 3790 2582 3834 sunt
2607 3789 2754 3836 certe
2789 3781 3030 3850 plurimi,
3059 3784 3148 3852 qui
3194 3784 3238 3839 si
3289 3801 3356 3840 ex
3389 3788 3488 3840 hac

1907 3869 2016 3922 vita
2041 3869 2419 3940 abriperentur
2449 3870 2681 3925 infantes
2713 3871 3010 3926 secundum
3030 3871 3220 3928 falsam
3253 3884 3486 3930 vestram

1907 3959 2158 4015 bteresim
2189 3961 2404 4030 penitus
2425 3959 2494 4014 ab
2517 3960 2689 4025 omni,
2719 3960 3014 4015 secundum
3061 3971 3240 4017 autem
3290 3965 3482 4018 catho-

1906 4049 2071 4106 licam
2102 4050 2263 4107 ﬁdem
2316 4067 2348 4106 a
2392 4052 2736 4107 damnatione
2784 4052 3102 4123 gravissima
3150 4053 3485 4110 tollerentur.

1905 4141 2044 4211 Quid
2090 4143 2285 4198 deinde
2320 4143 2451 4198 illud
2503 4152 2586 4198 est
2613 4144 2755 4213 quod
2815 4143 2870 4198 in
2912 4144 2996 4200 his
3045 4137 3280 4202 sinistra:
3318 4149 3489 4219 partis

1903 4235 2072 4290 haedis
2110 4236 2163 4291 in
2194 4234 2290 4291 Dei
2318 4235 2682 4306 prazscientia,
2715 4249 2834 4304 quae
2864 4233 2976 4290 falli
3003 4252 3108 4291 non
3133 4247 3331 4308 potest,
3376 4240 3487 4311 igni

1900 4335 2159 4396 perpetuo
2187 4326 2467 4381 destinatis
2499 4326 2650 4380 multi
2675 4336 2798 4380 sunt
2822 4327 2912 4397 qui
2957 4326 3171 4382 lavacro
3197 4344 3483 4398 regenera-

1903 4417 2065 4471 tionis
2091 4415 2280 4482 abluti,
2311 4425 2496 4498 postea
2537 4417 2620 4472 vel
2659 4417 2926 4488 apostasia
2975 4427 3222 4489 pereunt,
3260 4420 3343 4473 vel
3373 4429 3481 4476 tam

221 4523 413 4571 contra
457 4514 628 4584 ipsam
669 4527 822 4566 suam
850 4509 1156 4580 superbiam
1180 4507 1481 4579 judicandi,
1512 4516 1571 4562 ut
1601 4508 1799 4564 eruditi
1831 4500 1880 4558 D
1907 4506 2207 4562 facinorose
2250 4505 2619 4577 llagitioseque
2656 4507 2859 4571 vivunt,
2917 4516 2977 4562 ut
3037 4508 3212 4563 eidem
3249 4509 3485 4566 sinistra:

219 4607 317 4663 ﬁlii
351 4605 462 4660 sint
490 4603 891 4659 misericordiae.
932 4620 950 4652 ι

288 4697 424 4752 Item
454 4695 623 4750 malos
653 4693 1061 4764 praadestiuatos
1090 4691 1142 4748 in
1172 4689 1312 4746 libro
1345 4690 1410 4745 de
1445 4689 1587 4745 bono
1607 4690 1798 4747 Perse—

219 4785 507 4849 verantize,
549 4799 708 4855 quem
738 4783 765 4823 ιι
799 4783 939 4837 inter
969 4779 1050 4834 vel
1077 4788 1198 4850 post
1225 4778 1390 4832 libros
1433 4778 1799 4834 Retractatio-

220 4891 353 4932 nunt
380 4874 566 4937 edidit,
594 4874 674 4928 sic
703 4871 863 4927 sentit
902 4871 1038 4941 (cap.
1074 4867 1160 4938 ll)
1192 4885 1204 4921 :
1255 4883 1274 4918 t
1312 4867 1518 4934 Quibus
1552 4885 1656 4922 non
1689 4869 1802 4923 vult

219 4964 514 5022 subvenire
537 4978 639 5018 non
666 4962 936 5026 subvenit,
971 4961 1036 5015 de
1071 4959 1266 5029 quibus
1296 4959 1349 5014 in
1381 4975 1477 5013 sua
1517 4960 1792 5028 praedesti-

221 5060 464 5120 natione,
487 5055 696 5111 occulte
717 5055 952 5124 quidem,
979 5051 1070 5108 sed
1107 5053 1272 5124 juste,
1328 5050 1474 5105 aliud
1515 5048 1796 5119 judicavit,

294 5229 320 5255 α
355 5213 578 5268 ίΕιενηο
616 5215 748 5284 igni.
782 5211 916 5268 Vide
939 5227 1058 5284 qua:
1085 5212 1148 5265 de
1180 5220 1384 5284 aeterno
1423 5211 1544 5284 igne
1568 5211 1803 5284 diximus

222 5288 276 5340 in
317 5285 462 5340 notis
495 5285 562 5339 ad
604 5280 972 5347 5ὶι1νίθηιιιιιζ
1005 5283 1242 5351 itemque
1282 5280 1626 5336 Vincentium
1666 5281 1804 5336 Liri-

219 5370 512 5478 "eisier
536 5423 610 5479 vel
652 5434 763 5493 post
796 5423 917 5477 libr.
949 5421 1090 5476 Retr.
1143 5421 1233 5476 Sic
1262 5422 1315 5476 in
1344 5422 1483 5477 libro
1511 5423 1577 5478 dc
1627 5423 1802 5477 tribus

219 5495 642 5566 Quaestionibus,
665 5510 791 5566 pag.
820 5493 945 5549 255.

296 5579 318 5605 ε
365 5563 612 5620 Prosper.
663 5564 719 5619 In
748 5563 1024 5620 Chronico
1054 5563 1332 5619 nimirum.
1385 5563 1482 5619 Hic
1527 5573 1611 5619 est
1657 5563 1801 5619 enim

296 5581 318 5605 ε
365 5581 501 5619 nos
537 5581 612 5617 er.
663 5581 719 5619 tn
753 5581 1024 5620 enromeo
1054 5581 1332 5619 nimirum.
1385 5581 1482 5619 me
1527 5581 1611 5619 ρει
1657 5581 1801 5619 ennn

219 5637 454 5718 celebris
484 5581 572 5716 ille
593 5635 1112 5728 ProspJerxpp'erum
1234 5634 1518 5728 At‘tgustipi
1550 5634 1803 5719 defensor

218 5707 636 5763 strenuissimus
666 5702 1105 5761 et'doctissitnus.
1130 5702 1259 5774 Ejus
1291 5702 1424 5760 Viue
1471 5705 1802 5762 breviarium

542 5798 810 5858 ΡΑτιιοι.
844 5796 1068 5860 CXIX.

1906 4597 2024 4653 sine
2049 4597 2212 4653 dubio
2239 4597 2590 4668 deputentur,
2621 4614 2724 4654 nec
2747 4599 3027 4669 rapiuntur
3067 4599 3208 4654 sicut
3245 4601 3484 4670 quidam,

1906 4707 1974 4747 ne
1994 4691 2197 4747 malitia
2221 4702 2390 4748 mutet
2418 4692 2757 4748 intellectum
2793 4683 3008 4758 eorum,
3053 4707 3156 4747 nec
3185 4702 3246 4748 ut
3274 4693 3378 4750 hoc
3431 4695 3484 4769 ei

1907 4785 2047 4839 Deus
2070 4791 2176 4839 tam
2208 4800 2462 4854 magnum
2487 4783 2810 4840 beneﬁcium
2852 4799 2959 4838 non
3012 4782 3275 4850 conferat,
3328 4784 3484 4841 fatali

1905 4877 2227 4932 necessitate
2268 4877 2602 4946 prohibetur,
2629 4890 2803 4944 neque
2853 4884 2910 4929 ut
2947 4875 3066 4930 aliis
3086 4877 3333 4932 conferat
3357 4893 3482 4951 per-

1906 4983 2160 5022 sonarum
2195 4969 2506 5037 acceptione
2531 4975 2788 5021 mutatur.
2830 4986 2847 5017 ι

1979 5056 2104 5112 llaec
2135 5057 2200 5111 de
2232 5056 2710 5125 praedestinatione
2738 5064 2961 5109 sanctus
2994 5055 3342 5126 Augustinus.
3375 5058 3482 5115 Sed

1909 5213 2082 5285 texuit
2116 5211 2428 5285 Gennadius
2477 5212 2530 5266 in
2582 5209 2838 5285 Catalogo
2894 5213 3132 5269 virorum
3171 5215 3478 5272 illustrium.

1909 5284 2015 5338 Sed
2063 5284 2316 5354 quoniam
2372 5284 2425 5337 in
2479 5283 2844 5354 vetustissimo
2895 5285 3084 5340 codice
3129 5285 3478 5342 Corbeiensis

1908 5352 2218 5409 monasterii
2261 5370 2323 5409 ea
2364 5367 2482 5422 qua:
2525 5354 2592 5408 de
2645 5352 2906 5422 Prospero
2950 5355 3112 5410 habet
3166 5355 3477 5412 Gennadius

1906 5423 2065 5494 paulo
2092 5425 2303 5479 diversa
2333 5432 2459 5495 sunt
2487 5424 2554 5478 ab
2602 5422 2779 5488 edit-is,
2817 5423 3035 5480 afferam
3086 5428 3256 5495 ipsum
3301 5427 3478 5481 locum

1905 5493 1974 5549 ex
1998 5509 2071 5567 eo
2083 5496 2267 5567 codice
2297 5513 2308 5548 :
2343 5514 2362 5545 ‹
2400 5493 2628 5567 Prosper
2657 5495 2819 5550 homo
2847 5493 3181 5566 Aquitanica:
3217 5499 3477 5567 regionis,

1907 5565 2245 5636 consiliarius
2271 5579 2421 5636 papae
2465 5563 2680 5626 Leonis,
2713 5563 2960 5621 sermone
3006 5563 3384 5632 scholasticus,
3418 5578 3474 5621 et

1909 5635 2296 5692 assertionibus
2324 5651 2596 5700 nervosus,
2639 5656 2656 5686 ι
2689 5645 2792 5691 etc.

3050 5793 3118 5854 2i
