4034 6298
549 344 646 400 651

548 551 716 605 Deum
775 556 1052 603 auctorem
1112 540 1428 614 perditionis
1486 555 1695 603 eorum,
1754 537 1894 592 sicut
1959 532 2116 603 25],

547 647 633 695 cst
662 647 851 694 auctor
872 635 1062 691 salutis
1082 647 1268 688 eorum
1291 646 1427 700 quos
1448 626 1851 701 praedestinavit
1896 624 1962 677 ad
2006 622 2123 692 glo-

550 731 723 796 riam,
770 728 1073 785 consideret
1118 723 1261 795 quod
1303 722 1443 777 idem
1492 721 1678 775 Densa
1707 718 1878 772 Adam
1920 724 2123 769 rectum

553 822 701 887 fecit,
728 829 785 876 et
824 819 879 874 in
906 833 971 873 eo
992 813 1327 887 originaliter
1355 819 1536 867 rectos
1580 825 1679 865 nos
1726 820 1914 864 omnes
1940 802 2127 859 condi-

554 917 649 970 dit.
678 915 707 956 1'
743 912 867 970 Fuit
911 911 1056 967 enim
1102 909 1294 973 Adam,
1340 914 1402 961 ut
1443 906 1519 961 ait
1564 904 1756 959 beatus
1788 897 2124 961 Ambrosius,

554 1016 609 1061 et
662 1007 715 1060 in
765 1018 831 1059 eo
867 1002 1067 1058 fuimus
1101 1014 1323 1064 omnes;
1389 996 1551 1068 periit
1587 994 1782 1055 Adam,
1826 1000 1880 1044 et
1930 988 1983 1042 in
2039 985 2128 1040 illo

552 1113 741 1154 omnes
755 1096 1059 1168 perierunt.
1087 1091 1221 1148 Cum
1274 1091 1455 1158 itaque
1484 1100 1674 1142 omnes
1718 1081 1850 1138 recti
1888 1091 2131 1135 essemus

554 1192 608 1245 in
634 1189 827 1254 Adam,
855 1186 946 1242 illo
973 1186 1176 1256 absque
1205 1182 1312 1237 ulla
1338 1179 1664 1236 necessitate
1689 1183 1965 1246 peccante,
2014 1171 2130 1226 sine

554 1281 717 1336 dubio
738 1277 976 1348 corrupti
1001 1290 1187 1330 sumus
1224 1279 1451 1343 peccato
1490 1278 1548 1326 et
1574 1268 1756 1324 divino
1785 1261 2020 1345 damnati
2045 1258 2130 1328 ju-

553 1372 713 1427 dicio.
760 1370 840 1425 Ex
870 1369 970 1424 hac
1016 1367 1182 1423 totius
1223 1363 1439 1435 generis
1464 1358 1688 1416 humani
1717 1370 1899 1412 massa
1929 1353 2126 1409 merito

550 1462 808 1516 damnata
835 1473 955 1512 cum
985 1458 1117 1512 fiunt
1145 1470 1271 1509 vasa
1313 1453 1367 1506 in
1414 1452 1692 1511 honorem,
1741 1446 1841 1501 hoc
1866 1450 1970 1509 est,
2004 1456 2128 1496 cum

551 1550 859 1607 formantur
878 1545 1053 1608 electi,
1083 1545 1344 1600 exuberat
1383 1539 1477 1596 Dei
1504 1536 1897 1601 misericordia,
1920 1544 1976 1589 et
2014 1532 2128 1588 sola

550 1643 668 1713 ejus
696 1640 867 1712 gratia
898 1645 1150 1701 corrupta
1178 1634 1417 1691 salvatur
1457 1639 1671 1686 natura.
1717 1628 1858 1698 Ergo
1907 1634 1963 1681 et
1987 1624 2131 1694 quod

551 1741 808 1789 creantur
833 1739 891 1786 et
911 1728 1052 1802 quod
1083 1727 1362 1783 salvantur
1388 1725 1482 1779 Dei
1506 1731 1590 1778 est
1611 1736 1873 1792 ,quorum
1898 1717 2128 1772 alterum

1538 335 1600 389 Β.
1645 333 1701 389 S.
1747 329 1904 387 LUPl
1942 322 2233 383 ABBATIS
2267 321 2775 379 FERBABIENSIS

448 456 453 463 ¹
548 476 613 515 ue
638 458 778 513 forte
800 455 921 526 quis
952 453 1176 509 audiens
1199 452 1367 507 malos
1390 448 1799 521 przedestinatos
1828 442 2120 499 arbitretur
2148 443 2194 500 A
2225 437 2497 526 paululum
2532 479 2547 503 ,
2577 494 2583 498 ,
2627 436 2869 493 refutans
2947 434 3002 491 id
3066 432 3211 505 quod
3266 429 3509 488 Julianus
3573 431 3798 503 scripse-

3700 318 3797 374 65:!

2233 539 2315 585 rat
2353 547 2365 583 :
2401 514 2579 584 Pietas
2633 527 2929 599 explanavit
2976 536 3024 580 et
3078 525 3214 579 ratio
3278 523 3445 578 Deum
3487 538 3666 576 meum
3717 538 3798 577 u-

2227 622 2418 676 mincm
2481 621 2536 675 in
2591 617 2958 676 contumeliam
3006 617 3257 687 formare.
3292 634 3312 667 s
3375 614 3433 671 Si
3471 616 3620 670 Deus
3664 623 3797 680 tuus,

2227 714 2430 782 inquit,
2512 712 2567 767 in
2643 708 3020 766 contumeliam
3073 707 3343 763 neminem
3392 704 3624 768 format,
3702 721 3798 760 non

2227 819 2311 861 εει
2338 806 2450 876 ipse
2479 803 2627 858 Pauli
2651 801 2876 873 apostoli
2905 802 3064 856 Deus.
3088 799 3185 857 llle
3207 799 3405 868 quippe
3440 797 3507 852 de
3542 797 3658 851 Deo
3682 810 3801 851 vero

2229 896 2489 951 dicebat:
2523 890 2568 947 Ο
2610 895 2787 956 horno,
2834 900 2892 944 tu
2936 891 3053 960 quis
3093 905 3147 943 es
3189 889 3281 959 qui
3313 887 3633 957 respondeas
3662 885 3804 939 Deo!

2233 984 2484 1056 Nunquid
2532 984 2658 1037 dicit
2701 982 3006 1053 ﬁgmentum
3046 980 3094 1035 ei
3128 981 3218 1051 qui
3257 995 3311 1034 se
3339 978 3511 1047 ﬁsm't.
3549 976 3692 1043 Quid
3729 993 3803 1031 ius

2233 1076 2401 1147 fecisti
2441 1074 2558 1129 sic?
2594 1072 2782 1127 Annon
2806 1072 2956 1127 habet
3007 1080 3314 1143 potestatem
3357 1068 3554 1140 ﬁgulus
3599 1067 3698 1121 luti
3745 1084 3805 1122 es

2231 1170 2410 1224 eadem
2437 1183 2611 1222 massa
2637 1165 2784 1220 aliud
2812 1165 3022 1231 quidem
3066 1181 3157 1219 vas
3200 1162 3377 1233 facere
3426 1162 3482 1216 in
3528 1161 3801 1224 honorem,

2232 1257 2380 1313 aliud
2406 1258 2461 1311 in
2495 1252 2897 1310 contumeliam?
2951 1252 3123 1326 (Rom.
3158 1254 3258 1324 ιι.)
3289 1252 3393 1307 Sed
3444 1260 3524 1317 tu,
3558 1250 3805 1306 videlicet

2232 1340 2427 1402 artifex
2455 1360 2701 1416 magnus,
2737 1342 2946 1413 profers
2967 1357 3035 1398 ex
3057 1341 3269 1397 ollicina
3297 1340 3594 1412 Pelagiana
3621 1339 3803 1395 melio-

2232 1453 2345 1493 rem
2367 1437 2557 1502 Deum,
2584 1434 2675 1506 qui
2707 1433 2909 1489 nullum
2937 1447 3036 1488 vas
3075 1431 3201 1488 fecit
3241 1432 3296 1485 in
3343 1430 3800 1491 contumeliam...

2229 1529 2361 1586 Item
2388 1537 2511 1601 post
2532 1528 2802 1598 aliquanta
2829 1527 2966 1598 (cap.
2993 1525 3115 1597 182)
3148 1543 3163 1580 :
3198 1542 3217 1576 ι
3266 1523 3384 1579 Non
3410 1525 3656 1580 abstinet
3676 1523 3808 1578 Deus

2230 1622 2427 1677 bonum
2452 1619 2790 1674 formationis
2817 1617 2977 1689 253
3009 1632 3119 1672 sua:
3146 1616 3310 1671 etiam
3340 1614 3408 1669 ab
3434 1615 3613 1685 stirpe
3664 1616 3805 1669 dam-

2232 1721 2375 1779 nata.
2402 1711 2508 1767 Sed
2527 1711 2574 1767 si
2602 1711 2697 1767 tibi
2718 1711 2963 1781 displicet
2982 1709 3151 1764 Deum
3182 1723 3372 1763 creare
3399 1722 3540 1777 quos
3567 1708 3806 1772 damnet,

550 1823 789 1895 opiﬁcio,
819 1785 1046 1876 alterum
1073 1817 1190 1887 ejus
1210 1816 1473 1874 beneﬁcio
1503 1785 1806 1883 deputatur.
1831 1808 1965 1865 Cum
2000 1821 2127 1874 vero
2160 1785 2205 1844 Β
2232 1803 2509 1861 contradic
2533 1804 2602 1866 ei,
2637 1802 2679 1857 si
2712 1811 2884 1870 poles,
2915 1816 2984 1855 ne
3008 1808 3159 1857 creet
3178 1816 3274 1856 eos
3301 1815 3437 1870 quos
3466 1798 3649 1855 malos
3671 1799 3807 1854 futu-

548 1932 619 1972 es
644 1917 833 1972 eadem
866 1928 1044 1969 massa
1074 1910 1211 1966 fiunt
1231 1924 1354 1964 vasa
1385 1909 1438 1962 in
1466 1903 1867 1966 contumeliam,
1897 1901 2000 1956 hoc
2019 1907 2126 1964 est,

553 2024 659 2065 non
699 2006 940 2064 salvandi
966 2005 1356 2076 producuntur,
1386 1998 1523 2055 nihil
1545 1998 1743 2053 mirum
1773 1994 1944 2050 videri
1968 1991 2129 2065 debet

552 2102 679 2173 quia
729 2099 1009 2173 spontanei
1050 2094 1254 2168 pecczui
1303 2092 1497 2148 merito
1532 2092 1786 2145 damnata
1825 2096 1910 2142 est
1949 2098 2127 2141 massa

553 2192 697 2248 unde
720 2170 994 2247 creantur.
1020 2199 1042 2227 ο
1074 2185 1225 2254 Quod
1245 2198 1373 2254 ergo
1395 2189 1667 2243 creantur,
1711 2176 1805 2232 Dei
1846 2182 1960 2239 est;
1985 2170 2129 2243 quod

553 2283 902 2346 damnantur,
950 2280 1207 2350 ipsorum.
1263 2275 1331 2329 Et
1366 2273 1489 2344 quis
1543 2269 1759 2327 nesciat
1799 2265 2126 2324 creationem

553 2371 842 2443 cujuslibet
865 2370 967 2433 rei,
996 2367 1193 2422 nedum
1218 2363 1472 2428 hominis,
1516 2361 1715 2416 bonam
1764 2372 1906 2423 esse,
1940 2363 2131 2425 sponte

552 2478 684 2518 vero
729 2461 1026 2517 commissze
1081 2457 1252 2529 culpa:
1302 2454 1575 2510 ultionem
1606 2451 1809 2523 justam
1861 2446 2132 2504 existere?

550 2554 686 2612 Cum
712 2555 894 2626 itaque
918 2552 1088 2608 bonos
1109 2547 1526 2622 prazdestinatos
1552 2543 1821 2607 audimus,
1852 2548 2128 2595 creantem

552 2647 748 2713 Deum,
776 2654 831 2701 et
851 2659 914 2700 ex
947 2642 1141 2699 merito
1169 2639 1422 2694 damnata
1470 2650 1651 2691 massa
1698 2648 1793 2689 eos
1828 2646 1925 2687 sua
1956 2629 2130 2702 gratia

549 2741 873 2796 liberantem
895 2738 1232 2801 intueamur;
1262 2747 1384 2788 cum
1407 2745 1534 2786 vero
1564 2728 1738 2785 malos
1773 2723 2130 2798 praedestina-

552 2842 657 2899 tos,
686 2832 814 2887 item
845 2838 1121 2885 creantem
1146 2842 1240 2883 eos
1268 2825 1457 2891 Deum,
1492 2822 1618 2879 etin
1649 2820 1845 2877 merito
1871 2817 2127 2874 damnata

550 2937 731 2978 massa
758 2920 963 2992 judicio
999 2919 1392 2987 relinquentem
1415 2911 1842 2970 consideremus.
1870 2908 1936 2964 Et
1962 2909 2041 2964 sic
2077 2909 2131 2961 in

549 3015 794 3081 utrisque
821 3008 1111 3065 creationis
1152 3007 1352 3063 bonum
1391 3017 1604 3071 semper
1646 3000 1798 3056 nobis
1839 2998 2130 3061 constabit,

549 3102 702 3158 etvel
717 3103 770 3156 in
798 3099 1087 3169 assumptis
1108 3094 1495 3157 misericordia,
1519 3092 1599 3147 vel
1627 3091 1678 3146 in
1703 3089 2131 3159 relietisjustitia

2229 1909 2318 1950 ros
2342 1902 2397 1955 et
2421 1893 2475 1949 in
2504 1892 2839 1962 malignitate
2860 1907 3031 1962 usque
3076 1892 3130 1946 in
3180 1891 3341 1947 tinem
3366 1903 3811 1962 perseveraturos

2226 1993 2281 2041 et
2309 1984 2379 2039 ob
2394 1984 2496 2039 hoc
2517 1983 2634 2038 sine
2657 1983 2992 2039 dubitatione
3006 1983 3340 2039 damnandos
3357 1998 3479 2039 esse
3498 1984 3809 2054 prmscivit;

2227 2076 2393 2132 autei
2422 2090 2673 2146 suggere,
2708 2074 2753 2130 si
2788 2074 3022 2141 videtur,
3049 2082 3111 2130 ut
3154 2081 3233 2129 tot
3268 2073 3436 2130 millia
3458 2074 3809 2145 parvulorum

2229 2184 2336 2224 non
2366 2168 2783 2238 baptizatorum,
2817 2181 2952 2237 quos
2982 2166 3130 2222 novit
3166 2166 3379 2236 perdite
3422 2181 3549 2222 esse
3574 2167 3813 2223 victuros

2228 2258 2365 2313 etin
2404 2267 2666 2313 aeternum
2711 2256 2889 2327 ignem
2943 2254 3234 2312 damnante
3272 2257 3386 2325 ipso
3426 2272 3556 2311 cum
3605 2257 3813 2313 diabolo

2222 2351 2424 2415 ituros,
2450 2349 2565 2420 rapi
2589 2356 2734 2404 vetet
2758 2363 2821 2402 cx
2853 2348 2957 2403 bac
3004 2348 3116 2403 vita
3146 2347 3275 2402 dum
3315 2356 3440 2403 sunt
3494 2350 3813 2405 innocentes

2231 2449 2288 2498 et
2324 2441 2470 2495 boni.
2503 2459 2521 2491 ι
2552 2439 2621 2494 Et
2665 2438 2850 2510 paucis
2878 2429 3206 2508 interpositis
3238 2454 3250 2491 :
3285 2456 3304 2490 ι
3337 2438 3473 2494 Cum
3501 2440 3683 2506 enim,
3727 2441 3809 2495 in-

2230 2532 2380 2602 quit,
2396 2539 2449 2585 te
2481 2529 2743 2584 invidiose
2769 2529 2950 2585 dicere
2977 2529 3252 2599 putaveris
3267 2529 3435 2585 Deum
3456 2545 3659 2587 creare
3681 2547 3813 2601 quos

2232 2622 2476 2688 damnet,
2535 2621 2713 2693 cogita
2770 2629 2970 2690 quanto
3027 2620 3575 2693 invidiosius-possit
3638 2622 3814 2678 dicere

2233 2716 2371 2773 alius
2400 2715 2650 2772 similiter
2679 2729 2818 2770 vane
2846 2715 3011 2769 Deum
3040 2726 3362 2784 regenerare
3393 2729 3534 2784 quos
3573 2714 3812 2781 damnet,

2233 2825 2354 2866 cum
2384 2809 2461 2864 sit
2488 2808 2542 2863 in
2585 2807 2702 2879 ejus
2731 2805 3136 2879 omnipotentize
3180 2813 3468 2877 potestate,
3518 2817 3812 2878 antequam

2232 2899 2566 2958 damnabiles
2594 2899 2745 2967 fiant,
2775 2915 2868 2956 eos
2901 2900 2969 2955 de
2996 2897 3383 2955 tentationibus
3407 2896 3666 2954 mortalis
3699 2898 3815 2954 vita

2234 2993 2396 3064 hujus
2419 2992 2652 3049 auferre.
2683 2989 2739 3047 Si
2763 3000 2940 3049 autem
2977 3006 3082 3047 non
3123 3000 3279 3061 potes
3320 2991 3426 3046 ista
3462 2990 3678 3057 dicere,
3722 3006 3818 3047 nec

2237 3087 2349 3141 Deo
2375 3083 2765 3150 contradicere,
2803 3098 2905 3139 nec
2933 3082 3010 3138 illi
3045 3082 3323 3154 sapientia!
3373 3089 3524 3137 tuum
3575 3084 3814 3154 praebere

550 3191 828 3247 eminebit.
857 3189 1041 3259 Neque
1065 3187 1206 3243 enim
1235 3186 1375 3241 Deus
1408 3199 1543 3255 quos
1581 3181 1821 3239 condidit
1850 3182 1902 3234 in
1946 3178 2131 3250 perdi-
2158 3152 2202 3215 (ἶ
2235 3176 2517 3236 consilium
2550 3175 2703 3247 (Quis
2736 3174 2873 3230 enim
2921 3152 3156 3245 cognovit
3178 3188 3385 3229 sensum
3432 3152 3677 3238 Domini,
3728 3184 3813 3227 aut

554 3285 751 3337 tionem
780 3280 1028 3350 impellit,
1060 3277 1152 3333 sed
1178 3291 1312 3348 quos
1359 3291 1464 3330 non
1519 3274 1710 3329 liberat
1753 3288 1783 3325 a
1826 3269 2132 3341 perditione

553 3388 650 3443 per
679 3370 909 3443 gratiam
962 3367 1213 3438 relinquit
1248 3366 1302 3420 in
1352 3363 1677 3435 perditione,
1720 3376 1881 3432 quam
1910 3359 1995 3414 vel
2036 3374 2132 3413 na-

555 3461 756 3517 scendo
798 3459 881 3514 vel
927 3468 1111 3530 postea
1160 3454 1386 3511 vivendo
1440 3461 1772 3516 meruerunt,
1828 3448 2013 3520 252~
2037 3463 2133 3519 per

554 3553 578 3593 ἀ
603 3553 1007 3616 occultam,nec
1026 3558 1202 3604 tamen
1230 3544 1725 3618 reprehendendam
1751 3539 2132 3610 juStitiamJta

557 3642 716 3708 Deus,
742 3642 894 3713 juxta
914 3640 1132 3695 beatum
1161 3634 1498 3706 Apostolum,
1529 3633 1681 3702 cujus
1710 3628 1816 3685 vult
1856 3629 2135 3693 miseretur

552 3744 599 3790 et
625 3750 776 3806 quem
811 3730 915 3788 vult
942 3730 1164 3784 obdurat
1193 3725 1365 3798 (liam.
1389 3724 1491 3797 ιχ),
1528 3721 1618 3793 qui
1667 3721 1849 3776 omnia
1879 3734 2133 3790 quaecun-

554 3843 661 3901 que
686 3825 853 3883 voluit
877 3822 1006 3879 fecit
1047 3821 1100 3875 in
1130 3818 1266 3874 cmlo
1292 3816 1424 3873 etin
1478 3823 1642 3870 terra.
1679 3812 1882 3867 Rectus
1911 3820 1994 3866 est
2037 3824 2133 3864 au-

556 3931 665 3975 tem
697 3917 957 3972 Dominus
980 3914 1122 3967 Deus
1138 3917 1339 3974 noster,
1367 3916 1539 3962 etnon
1563 3914 1645 3959 est
1672 3903 1929 3973 iniquitas
1957 3901 2011 3955 in
2042 3914 2126 3955 eo.

558 4012 636 4065 De
669 4009 754 4064 his
783 4006 873 4077 qui
900 4005 1196 4060 liberantur
1229 4000 1428 4055 dictum
1452 4006 1563 4054 est:
1597 3995 1775 4050 Nolite
1805 3995 2004 4058 timere,
2037 4008 2135 4062 pu-

559 4100 709 4155 sillus
732 4095 1021 4168 grer,quio
1068 4090 1379 4161 complacuit
1428 4088 1578 4142 Patri
1612 4096 1777 4151 vestro
1823 4085 1951 4139 dare
1992 4083 2133 4138 vobis

559 4205 772 4261 regnum
797 4185 948 4261 (Luc.
977 4184 1098 4256 xu).
1130 4182 1206 4237 De
1255 4182 1340 4237 bis
1365 4188 1540 4235 autem
1572 4177 1662 4248 qui
1710 4176 2086 4246 relinquuntur
2115 4188 2129 4228 :

556 4282 770 4340 Dimisit
808 4296 895 4335 eos
923 4276 1205 4333 secundum
1252 4272 1512 4327 desideria
1556 4269 1727 4324 cordis
1766 4283 1965 4332 eorum,
1990 4265 2134 4320 ibunt

558 4379 614 4435 in
647 4370 1098 4429 ndinrcntionibus
1124 4368 1232 4422 suis
1259 4363 1433 4437 (Psal.
1460 4365 1648 4432 ωαχ).

628 4465 785 4524 Hunc
842 4478 1057 4519 sensum
1109 4460 1301 4514 beatus
1344 4454 1676 4527 Augustinus
1728 4452 1781 4506 in
1834 4458 2135 4505 memorato

555 4555 715 4621 libro,
752 4568 935 4625 quem,
961 4560 1018 4607 ut
1059 4548 1291 4611 ostendi,
1338 4544 1584 4599 ultimum
1640 4541 1788 4604 fecit,
1828 4540 1915 4595 his
1956 4539 2136 4595 verbis

559 4647 696 4703 satis
724 4645 932 4717 aperuit
979 4641 1091 4714 (lib.
1126 4656 1164 4706 ι,
1194 4656 1237 4693 c.
1278 4634 1401 4703 1‘26)
1432 4650 1447 4689 :
1483 4653 1501 4685 ί
1558 4634 1692 4687 Cum
1735 4631 2005 4695 dicuntur,
2055 4631 2135 4684 in.

560 4740 698 4810 quit,
731 4751 920 4792 omnes
948 4749 1013 4788 ex
1040 4747 1148 4787 uno
1178 4730 1233 4785 in
1258 4724 1786 4787 condemnationem,
1816 4722 1930 4793 ipsa
1958 4735 2133 4776 massa

558 4828 898 4901 signiﬁcatur
937 4841 1006 4880 ex
1040 4840 1143 4894 qua
1173 4821 1309 4876 ﬁunt
1340 4835 1369 4873 a
1403 4818 1561 4890 ligulo
1593 4817 1696 4871 alia
1726 4832 1853 4871 vasa
1885 4817 1938 4870 iu
1967 4816 2136 4870 bono-

560 4937 700 4985 rem,
726 4918 779 4974 id
809 4927 892 4973 est
919 4932 1038 4987 qua:
1067 4919 1418 4968 assumuntur
1444 4909 1497 4964 in
1528 4908 1780 4979 gratiam,
1804 4906 1909 4962 alia
1931 4907 1984 4960 in
2014 4919 2139 4960 con-

560 5009 861 5074 tumeliam,
904 5007 955 5062 id
986 5015 1071 5061 est
1122 5014 1243 5075 quae
1291 5002 1357 5057 ad
1406 5000 1658 5055 luendum
1687 4999 1923 5054 debitum
1963 4996 2135 5053 relin-

559 5111 822 5176 quuntur,
853 5112 913 5155 ut
952 5099 1044 5154 lilii
1076 5098 1260 5171 gratias
1312 5095 1364 5151 id
1416 5095 1516 5151 sibi
1554 5094 1738 5149 denari
1768 5094 1960 5156 sciant,
1991 5091 2134 5160 quod

558 5199 605 5252 si
666 5196 974 5267 exigeretur
1031 5206 1136 5248 non
1194 5200 1338 5246 esset
1405 5188 1661 5259 iujustum
1693 5228 1709 5251 ,
1776 5202 1838 5239 ac
1893 5185 1971 5239 sic
2028 5200 2136 5238 non

558 5291 612 5345 in
666 5304 727 5345 se
776 5287 928 5358 ipsis,
978 5282 1074 5340 sed
1119 5283 1173 5338 in
1228 5279 1456 5336 Domino
1502 5277 1816 5349 glorientur.
1856 5294 1875 5327 ›
1904 5273 1972 5328 Et
2016 5280 2140 5343 post

628 5414 653 5442 ι
692 5399 865 5453 Adam
895 5406 1092 5451 rectum
1125 5391 1266 5463 fecit.
1320 5386 1490 5463 Epist.
1536 5387 1636 5441 1'28
1668 5404 1737 5463 :_c
1788 5385 1925 5440 Deus
1962 5384 2131 5463 Adam

556 5481 763 5527 rectum
793 5466 1052 5527 condidit,
1076 5454 1137 5516 ut
1156 5470 1343 5515 sancta
1368 5454 1649 5529 Scriptura
1678 5458 1854 5518 docet,
1882 5463 1933 5508 et
1965 5454 2131 5524 origi-

554 5543 751 5597 ualiter
782 5540 836 5592 in
862 5551 928 5591 co
946 5550 1048 5590 nos
1077 5546 1267 5586 omnes
1292 5540 1467 5584 rectos
1490 5528 1711 5583 ereavit.
1755 5546 1773 5579 ι

626 5612 655 5652 b
697 5595 824 5663 Fuit
856 5605 1043 5659 Adam.
1071 5601 1271 5657 Eadem
1299 5615 1520 5672 prorsus
1561 5601 1868 5652 referuntur
1918 5596 1969 5650 in
2021 5595 2134 5666 cpi~

555 5681 692 5740 Stola
722 5678 843 5735 128.

630 5766 650 5792 ε
698 5748 849 5816 Quod
871 5763 990 5817 ergo
1017 5754 1284 5809 creantur,
1313 5740 1405 5795 DEI
1460 5755 1580 5794 csr.
1629 5739 1797 5808 Epist.
1838 5736 1970 5791 l28:
2007 5760 2019 5781 ι
2062 5736 2125 5789 lli

2230 3270 2346 3343 quis
2391 3267 2723 3326 consiliarius
2762 3266 2876 3336 ejus
2905 3265 3045 3336 fuit?
3092 3262 3194 3337 [ls.
3228 3262 3319 3335 se]
3347 3263 3391 3335 ),
3438 3264 3637 3320 desine
3665 3263 3812 3321 nobis

2231 3362 2574 3418 introducere
2601 3359 2826 3414 alterum
2863 3356 3081 3427 figulum
3124 3357 3217 3426 qui
3252 3372 3368 3411 non
3414 3354 3550 3411 facit
3587 3372 3717 3411 vasa
3764 3356 3814 3410 in

2230 3450 2634 3514 contumeliam,
2665 3458 2721 3504 et
2740 3448 2810 3504 ab
2849 3448 2955 3503 isto
2980 3447 3071 3518 qui
3097 3462 3165 3503 ea
3202 3446 3339 3503 facit
3368 3447 3816 3516 reprehendendo

2231 3546 2507 3607 cohibere,
2532 3551 2587 3597 et
2608 3555 2843 3613 agnosce
2868 3550 2940 3605 te,
2966 3540 3097 3609 quia
3123 3547 3182 3595 ut
3209 3548 3261 3595 te
3297 3554 3405 3594 non
3434 3539 3691 3609 implices
3718 3540 3814 3594 hoc

2234 3634 2545 3705 sacrilegio,
2591 3633 2712 3688 ideo
2759 3632 2855 3689 tibi
2899 3631 3031 3687 dicit
3072 3631 3399 3700 Apostolus:
3434 3629 3481 3684 0
3525 3631 3709 3692 homo.
3762 3639 3812 3683 tu

2229 3729 2346 3800 quis
2364 3744 2417 3782 es
2441 3736 2494 3780 ut
2518 3722 2831 3795 respondens
2864 3721 3005 3776 Deo?
3045 3719 3222 3792 (Rom.
3256 3721 3356 3791 ix.)
3390 3741 3409 3772 ι
3449 3720 3815 3777 Recurramus

2230 3817 2406 3889 posita
2436 3808 2779 3872 contentione
2809 3811 2877 3866 ad
2903 3811 3205 3881 apostolum
3249 3809 3495 3873 Paulum,
3533 3820 3592 3865 et
3621 3808 3814 3864 obscuo

2233 3924 2353 3963 rum
2378 3906 2553 3961 locum
2585 3903 2701 3972 ejus
2736 3910 2885 3958 tanto
2916 3894 3137 3955 anetore
3185 3900 3490 3954 illustraute
3519 3899 3813 3955 salubriter

2216 3999 2615 4070 intelligamus.
2643 3994 2795 4061 Quod
2816 3994 2859 4048 si
2905 3992 3077 4048 volens
3120 3990 3263 4046 Deus
3291 3990 3564 4046 attendere
3606 3991 3740 4044 iram
3769 3998 3814 4041 et

2234 4101 2409 4146 notam
2433 4088 2603 4158 facere
2628 4096 2781 4157 poteu
2804 4085 2912 4138 iam
2935 4099 3111 4147 suam,
3134 4081 3383 4137 sustinuit
3430 4081 3486 4133 in
3518 4080 3694 4136 multa
3728 4097 3813 4149 pn-

2234 4184 2415 4237 tientia
2445 4198 2567 4236 vasa
2598 4181 2693 4235 ira:
2721 4188 2844 4247 apta
2864 4177 2920 4231 in
2942 4176 3233 4239 interitum,
3275 4183 3331 4228 ut
3361 4176 3658 4228 ostenderet
3683 4171 3811 4225 dit-i-

2235 4277 2337 4330 tias
2367 4274 2547 4346 gloriw
2568 4288 2679 4327 sua:
2715 4271 2770 4324 in
2788 4284 2917 4324 vasa
2955 4265 3329 4322 misericordirr
3361 4281 3478 4335 qum
3501 4262 3813 4335 pra'parasit

2235 4369 2289 4421 in
2320 4367 2542 4438 gloriam
2570 4363 2768 4437 (ibid.).

2315 4457 2449 4512 Nam
2476 4458 2544 4512 de
2572 4456 2654 4511 his
2682 4454 2827 4510 vasis
2847 4454 2941 4509 irae
2968 4461 3021 4508 et
3056 4450 3203 4507 vasis
3244 4448 3632 4505 misericordia:
3660 4445 3813 4519 255

2243 4562 2458 4621 etsa‘pe
2483 4549 2618 4604 alias
2640 4558 2697 4603 et
2738 4547 2790 4602 in
2831 4545 3058 4617 epistola
3102 4544 3168 4601 ad
3197 4543 3454 4614 Optatqu
3502 4543 3809 4610 episcopum

2243 4645 2414 4715 (epist.
2446 4643 2569 4711 l57)
2618 4641 2748 4712 quid
2782 4640 2852 4695 sit
2877 4638 3239 4701 sentiendum,
3281 4635 3419 4690 idem
3451 4644 3648 4688 θηρίον
3673 4631 3811 4686 lucu-

2242 4732 2413 4786 lenter
2465 4729 2769 4801 expressit:
2826 4746 2843 4779 ι
2893 4725 3003 4781 Cur
3058 4734 3262 4790 autem,
3317 4722 3511 4791 inquit,
3562 4728 3810 4775 creantur

2241 4825 2404 4879 etiam
2439 4821 2514 4876 illi
2546 4838 2683 4893 quos
2714 4820 2939 4875 Creator
2968 4816 3118 4873 novit
3142 4816 3209 4870 ad
3237 4813 3666 4871 damnationem,
3712 4824 3808 4863 non

2243 4915 2310 4969 ad
2350 4913 2577 4984 gratiam
2624 4910 2920 4982 pertinere,
2947 4907 3140 4962 beatus
3187 4903 3475 4973 Apostolus
3513 4910 3666 4955 tanto
3700 4913 3807 4953 suc-

2239 5005 2484 5060 cinctiori
2515 5003 2780 5059 brevitate
2801 5006 3004 5070 quanto
3038 4995 3242 5066 majore
3290 4993 3621 5050 auctoritate
3671 5005 3806 5045 coin-

2241 5104 2522 5151 memorat.
2565 5096 2733 5149 Deum
2783 5091 2947 5156 enim,
2980 5088 3130 5153 dicit,
3197 5087 3465 5142 volentem
3532 5082 3807 5139 ostendere

2242 5188 2377 5242 iram
2410 5196 2466 5243 et
2511 5188 2881 5242 demonstrare
2924 5181 3221 5253 potentiam
3263 5193 3440 5243 suam,
3490 5175 3732 5231 attulisse
3758 5173 3805 5225 in

2242 5278 2406 5335 multa
2432 5277 2692 5349 patientia
2722 5290 2852 5329 vasa
2876 5274 2970 5329 ira:
2994 5287 3115 5342 qum
3144 5269 3383 5341 perfecta
3427 5276 3557 5323 sunt
3608 5266 3660 5320 in
3690 5278 3800 5334 per:

2244 5388 2383 5458 quod
2444 5372 2719 5451 creantur,
2768 5381 2864 5438 Dei
2905 5383 3102 5439 donum
3153 5390 3264 5444 est;
3312 5377 3456 5449 quod
3502 5375 3801 5448 puniuntur,

2242 5459 2440 5514 malum
2467 5459 2725 5526 ipsorum.
2766 5472 2782 5504 ι

2310 5529 2335 5569 d
2381 5511 2995 5603 autumatis:qu
3033 5520 3237 5603 repulit
3281 5520 3395 5603 haec
3420 5532 3486 5603 ex
3512 5511 3804 5603 (amiliario:

2243 5600 2392 5721 rii'tus
2418 5610 2467 5653 et
2483 5584 2672 5705 quietis
2693 5595 2822 5666 Lupi
2853 5584 3104 5663 loquendi
3154 5584 3364 5665 formis,
3394 5594 3456 5641 ut
3504 5588 3701 5640 dictum
3730 5585 3803 5633 est

2244 5690 2289 5721 ut
2335 5685 2453 5721 nae.
2488 5679 2609 5721 ..τ-θ.

2244 5679 2307 5724 uti
2332 5685 2453 5742 pug.
2483 5679 2609 5723 2‘25.
