4034 6298
285 345 393 402 655

1197 346 1524 404 COLLECT.
1569 348 1655 402 DE
1692 345 1940 403 'I'IllBUS
1982 346 2530 414 QUA‘ZSTIONIBUS.

3429 355 3534 408 65L

285 459 565 520 ditionem,
594 463 653 510 ut
680 465 834 512 notas
861 456 1062 512 faceret
1082 456 1300 511 divitias
1325 457 1507 527 gloria:
1527 457 1703 511 sumin
1723 472 1850 511 vasa
1883 462 1924 516 A
1957 440 2174 512 natione
2216 459 2551 512 redimuntur
2575 460 2678 515 hoc
2727 460 2894 516 fuisse
2939 461 3176 517 debitum
3229 479 3418 520 massae
3459 466 3533 520 illi

285 548 690 612 misericordia,
721 563 882 616 quem
904 547 1151 617 superius
1175 547 1413 613 dixerat,
1439 557 1694 618 tanquam
1726 547 1861 619 figu-

285 642 394 696 lum
425 641 545 704 ltiti,
571 657 638 696 ex
659 642 848 696 eadem
872 657 1049 697 massa
1074 642 1253 696 facere
1292 643 1436 696 aliud
1468 657 1564 696 vas
1601 643 1654 696 in
1697 643 1862 696 hono-

286 746 420 793 rem.
461 731 604 786 aliud
625 731 676 785 in
715 732 1119 788 contumeliam.
1153 732 1346 788 Merito
1377 743 1556 787 autem
1582 733 1863 787 videretur

284 820 541 889 injustam
563 821 706 891 quod
737 820 871 876 fiunt
915 823 1036 877 inde
1072 838 1198 878 vasa
1244 825 1340 878 ira:
1369 825 1436 877 ad
1481 823 1860 893 perditionem,

283 912 463 966 sinon
491 921 635 967 esset
658 912 768 980 ipsa
794 913 1041 969 universa
1074 928 1142 967 ex
1166 913 1338 969 Adam
1366 928 1542 968 massa
1584 913 1860 968 damnata.

283 1003 437 1069 Quod
467 1019 595 1074 ergo
617 1003 753 1057 fiunt
779 1003 904 1062 inde
932 1005 1204 1060 nascendo
1226 1020 1352 1060 vasa
1379 1004 1473 1060 irae
1510 1005 1748 1074 pertinet
1793 1004 1862 1058 ad

283 1093 521 1150 debitam
551 1109 797 1163 pinnam;
829 1095 972 1164 quod
1001 1104 1180 1150 autem
1205 1096 1339 1150 liunt
1373 1095 1708 1150 renascendo
1735 1109 1864 1150 vasa

286 1183 695 1248 misericordiae,
721 1185 956 1254 pertinet
979 1185 1364 1240 adindebitam
1387 1185 1638 1256 gratiam.
1672 1183 1866 1240 Osten-

284 1273 363 1330 dit
388 1290 518 1345 ergo
543 1273 686 1328 Deus
725 1275 862 1330 iram
890 1291 1065 1340 suam,
1104 1290 1211 1330 non
1238 1276 1426 1344 utique
1453 1275 1619 1330 animi
1648 1284 1863 1345 pertur-

282 1367 584 1428 bationem,
613 1368 756 1422 sicut
805 1376 889 1421 est
931 1383 1052 1436 qum
1089 1368 1164 1422 ira
1211 1367 1446 1422 hominis
1500 1377 1863 1436 nuncupatur,

284 1455 381 1510 sed
419 1454 622 1522 justam
681 1451 954 1524 fixamque
1012 1456 1328 1521 vindictam,
1389 1457 1534 1525 quod
1583 1457 1651 1512 de
1699 1456 1867 1525 stirpe

284 1547 662 1602 inobedientia:
683 1548 899 1603 ducitur
912 1564 1148 1618 propago
1171 1549 1378 1618 peccati
1394 1558 1553 1618 atque
1580 1548 1861 1618 supplicii;

283 1645 340 1691 et
371 1637 532 1692 homo
565 1645 722 1692 natus
770 1653 834 1692 ex
882 1637 1128 1703 muliere,
1158 1639 1301 1694 sicut
1345 1639 1399 1693 in
1439 1639 1576 1692 libro
1606 1636 1706 1692 Job
1733 1638 1867 1692 scri-

287 1735 402 1780 tum
431 1734 516 1781 est
569 1726 692 1796 (Job
723 1728 858 1798 xiv),
903 1728 1083 1784 brevis
1112 1739 1194 1784 est
1215 1729 1338 1783 vita:
1357 1739 1411 1784 et
1442 1728 1631 1799 plenus
1653 1728 1868 1782 iracun-

283 1819 424 1873 dim:
455 1819 590 1889 ejus.
621 1822 766 1876 enim
822 1823 898 1877 rei
927 1839 1024 1877 vas
1073 1831 1157 1877 est
1191 1839 1295 1892 qua
1333 1823 1522 1893 plenus
1568 1832 1674 1889 est,
1724 1824 1866 1878 unde
1898 1811 1942 1870 Β

288 1925 416 1966 vasa
463 1911 556 1966 ira:
615 1913 887 1968 dicuntur.
940 1913 1190 1971 Ostendit
1240 1924 1296 1970 et
1340 1916 1637 1985 potentiam
1689 1931 1862 1982 suam,

282 2017 391 2071 qua
422 2001 560 2056 bene
586 2003 752 2057 utitur
777 2005 940 2058 etiam
973 2005 1149 2070 malis,
1178 2004 1344 2060 multa
1375 2005 1429 2058 in
1459 2005 1562 2059 illis
1601 2004 1866 2060 naturalia

284 2103 339 2148 et
374 2093 690 2163 temporalia
721 2094 862 2149 bona
903 2093 1158 2165 largiens,
1182 2109 1478 2164 eorumque
1510 2094 1766 2149 malitiam
1797 2094 1865 2149 ad

283 2186 618 2239 exercendas
645 2193 700 2238 et
731 2185 1134 2254 comparatione
1161 2186 1532 2242 admonendos
1568 2186 1740 2242 bonos
1772 2200 1864 2242 ac-

283 2278 672 2340 commodans,
723 2287 783 2332 ut
835 2278 887 2332 in
923 2279 1003 2333 eis
1043 2278 1257 2333 discant
1298 2293 1458 2350 agere
1507 2278 1711 2349 gratias
1755 2277 1866 2333 Deo

283 2367 428 2434 quod
463 2367 532 2421 ab
562 2367 663 2431 eis,
693 2381 800 2424 non
842 2367 954 2422 suis
1001 2366 1231 2432 meritis,
1258 2381 1378 2436 qua:
1404 2366 1457 2422 in
1484 2367 1672 2423 eadem
1713 2367 1866 2436 paria

285 2457 524 2522 fuerunt,
549 2458 643 2512 sed
665 2459 720 2513 in
747 2457 890 2514 illius
914 2459 1261 2514 miseratione
1289 2458 1506 2514 discreti
1535 2466 1680 2513 sunt.
1712 2458 1866 2525 Quod

285 2550 524 2604 maxime
551 2549 712 2620 255
735 2559 960 2620 apparet
1001 2551 1054 2606 in
1083 2550 1353 2620 parvulis;
1385 2549 1453 2606 de
1502 2550 1699 2619 quibus
1743 2565 1866 2604 cum

282 2655 384 2710 per
407 2640 606 2696 Chrisi
655 2641 883 2711 gratiam
931 2649 1310 2706 renascuntur,
1339 2649 1395 2694 et
1421 2641 1577 2696 istam
1619 2640 1784 2694 vitam
1811 2638 1865 2694 in

285 2733 377 2787 illa
411 2742 592 2788 tenera
620 2741 779 2788 aetate
819 2732 1069 2788 tinnientes
1095 2733 1149 2788 in
1194 2742 1454 2788 aeternam
1488 2739 1770 2787 transeunt
1811 2739 1868 2786 et

284 2823 526 2888 beatam,
567 2823 684 2878 dici.
716 2837 824 2879 non
855 2830 1033 2894 potest
1080 2823 1223 2893 quod
1271 2823 1443 2877 libero
1487 2822 1870 2877 discernuntur

285 2917 515 2972 arbitrio
544 2917 615 2972 ab
658 2917 782 2972 aliis
815 2917 1113 2977 infantibus
1163 2917 1256 2987 qui
1302 2915 1422 2971 sine
1467 2915 1572 2971 hac
1605 2915 1776 2986 gratia
1811 2913 1867 2970 in

283 3011 457 3081 ipsius
477 3025 669 3065 massae
715 3009 1064 3065 damnatione
1115 3009 1438 3063 moriuntur.
1491 3006 1549 3062 Si
1593 3015 1773 3062 autem
1811 3005 1867 3062 hi

281 3101 386 3156 soli
413 3109 729 3155 crearentur
756 3115 822 3154 ex
847 3099 1020 3154 Adam
1049 3099 1140 3170 qui
1181 3107 1365 3154 essent
1392 3112 1488 3167 per
1508 3097 1736 3168 gratiam
1781 3112 1868 3152 re-

1965 549 2228 603 universa:
2257 550 2397 618 quod
2427 560 2533 605 tam
2568 567 2776 622 magnze
2801 553 2939 622 parti
2964 551 3082 622 ejus
3107 554 3376 610 redditum
3417 572 3537 611 rer-

1965 649 2175 705 nerent,
2205 655 2310 695 non
2343 641 2514 695 solum
2539 642 2592 696 in
2623 643 2702 698 eis
2730 643 2821 712 qui
2842 643 3090 714 originali
3119 654 3344 713 percato
3367 647 3534 700 multa

1964 728 2168 784 addunt
2218 730 2372 784 mala:
2418 730 2709 787 voluntatis
2757 733 3007 798 arbitrio,
3042 748 3228 788 verum
3271 735 3438 790 etiam
3482 736 3537 790 in

1965 825 2076 872 tam
2117 817 2298 872 multis
2327 819 2584 887 parvulis,
2616 820 2780 892 256
2809 821 2899 891 qui
2927 824 3298 879 tantummodo
3323 825 3539 881 vinculo

1964 908 2169 978 peccati
2192 908 2472 978 originalis
2492 911 2736 966 obstricti
2769 913 2885 966 sine
2926 915 3094 984 gratia
3125 914 3439 971 mediatoris
3471 932 3539 971 ex

1963 997 2066 1053 hac
2105 997 2226 1053 luce
2252 997 2553 1068 rapiuntur.
2601 1000 2733 1055 Tota
2775 1003 2974 1072 quippe
3013 1004 3114 1057 ista
3159 1020 3334 1060 massa
3377 1003 3542 1073 justas

1965 1089 2327 1143 damnationis
2366 1089 2629 1160 reciperet
2652 1092 2912 1158 debitmn,
2963 1093 3066 1148 nisi
3097 1109 3160 1148 ex
3211 1110 3276 1149 ea
3313 1095 3538 1162 faceret,

1965 1195 2072 1234 non
2105 1179 2276 1236 solum
2287 1180 2486 1249 justus,
2512 1183 2604 1237 sed
2633 1184 2798 1238 etiam
2828 1185 3138 1242 misericors
3183 1186 3398 1258 ﬁgulus,
3431 1189 3539 1244 alia

1967 1283 2094 1322 vasa
2135 1268 2189 1322 in
2223 1269 2482 1324 honorem
2513 1273 2804 1326 secundum
2835 1276 3086 1343 gratiam.
3117 1291 3225 1332 non
3247 1279 3543 1334 secundum

1965 1359 2226 1426 debitum,
2287 1360 2414 1414 dum
2465 1369 2520 1416 et
2560 1363 2797 1431 parvulis
2819 1364 3091 1430 subvenit,
3119 1381 3349 1436 quorum
3397 1369 3543 1424 nulla

1965 1453 2158 1507 merita
2203 1453 2584 1523 dici'possnnt,
2615 1464 2670 1509 et
2698 1455 2932 1524 majores
2953 1459 3230 1527 praevenit,
3254 1471 3313 1515 ιιι
3343 1461 3545 1518 habere

1965 1543 2143 1614 aliqua
2173 1546 2364 1601 merita
2393 1548 2619 1616 possint.
2649 1568 2667 1600 ι

2035 1651 2449 1713 Przedcstinatos
2488 1659 2658 1715 malos
2701 1661 2753 1714 in
2799 1676 2963 1732 opere
2987 1662 3128 1717 beati
3156 1662 3440 1734 Augustini
3477 1665 3546 1719 ad.

1971 1746 2337 1802 Marcellinum
2391 1748 2674 1820 (Adversus
2701 1749 3016 1822 Pelagianos
3061 1752 3198 1809 libro
3222 1769 3303 1819 ιιι,
3333 1753 3386 1808 in
3416 1753 3544 1825 line)

1970 1838 2303 1894 clarissimus
2327 1848 2517 1894 auctor
2542 1840 2899 1913 Hieronymus
2921 1843 3068 1913 legit,
3094 1854 3148 1900 et
3177 1845 3230 1899 id
3255 1861 3391 1916 opus
3436 1862 3544 1900 non

1969 1927 2142 1984 solum
2174 1944 2280 1982 non
2321 1931 2685 2000 reprehendit,
2715 1947 2900 1986 verum
2927 1933 3090 1988 etiam
3139 1937 3348 2005 magnis
3379 1935 3550 1991 laudi-

1968 2017 2069 2072 bus
2087 2018 2298 2072 extulit.
2324 2017 2499 2074 Verba
2519 2019 2636 2088 ejus
2669 2021 2783 2077 haec
2807 2031 2934 2077 sunt
2973 2041 2986 2076 :
3029 2043 3047 2075 ι
3092 2023 3321 2094 Scripsit
3347 2026 3547 2081 dudum

1971 2120 1998 2150 ι
2037 2108 2123 2162 vir
2165 2118 2384 2164 sanctus
2409 2118 2464 2164 et
2485 2110 2747 2181 eloquens
2787 2113 3072 2183 episcopus
3122 2115 3455 2184 Augustinus
3482 2120 3549 2170 ad

1971 2199 2358 2267 Marcellinum,
2390 2203 2481 2272 qui
2508 2213 2694 2274 postea
2733 2205 2834 2260 sub
2862 2206 3065 2261 invidia
3117 2209 3415 2278 tyrannidis
3442 2209 3548 2264 He-

1972 2293 2224 2347 raclianaa
2271 2295 2340 2349 ab
2372 2295 2639 2352 luereticis
2668 2297 2928 2354 innocens
2971 2315 3141 2355 caesus
3169 2309 3272 2366 est,
3321 2303 3454 2357 duos
3487 2302 3552 2357 li-

1971 2384 2098 2440 bros
2121 2384 2186 2440 de
2213 2385 2508 2442 infantibus
2553 2388 2895 2458 baptizandis
2924 2400 3111 2445 contra
3164 2392 3412 2447 haeresim
3452 2408 3546 2448 ve-

1970 2483 2159 2539 stram,
2191 2490 2288 2544 per
2331 2493 2492 2546 quam
2534 2479 2694 2533 vultis
2740 2495 2985 2535 asserere
3015 2483 3274 2551 baptizari
3319 2482 3550 2540 infantes

1970 2579 2078 2619 non
2132 2566 2185 2620 in
2244 2569 2618 2624 remissionem
2666 2579 3034 2639 peccatorum,
3083 2574 3176 2628 sed
3219 2575 3273 2628 in
3321 2590 3546 2644 regnum

1971 2654 2251 2710 calorum.
2275 2658 2518 2713 Tertium
2540 2675 2755 2730 quoque
2777 2661 2844 2716 ad
2872 2663 3119 2717 eumdem
3171 2663 3544 2720 Marcellinum

1972 2756 2162 2802 contra
2184 2761 2278 2803 eos
2297 2749 2389 2820 qui
2411 2749 2597 2805 dicunt
2619 2751 2758 2806 idem
2781 2753 2923 2822 quod
2950 2767 3066 2819 vos,
3092 2769 3251 2824 posse
3274 2756 3549 2812 hominem

1973 2839 2091 2894 sine
2118 2849 2340 2909 peccato
2357 2855 2495 2907 esse,
2537 2842 2581 2897 si
2610 2843 2756 2909 velit,
2794 2843 2998 2914 absque
3028 2845 3121 2900 Dei
3149 2847 3343 2918 gratia.
3394 2849 3549 2904 Unde

1972 2932 2429 3000 supersedendum
2470 2933 2597 2988 huic
2631 2933 2800 2988 labori
2826 2950 3043 3001 censeo,
3071 2953 3140 2992 ne
3167 2939 3380 2994 dicatur
3417 2941 3551 2995 mihi

1975 3021 2106 3076 illud
2139 3023 2345 3078 Horatii
2379 3041 2394 3078 :
2442 3023 2511 3078 In
2549 3025 2734 3079 silvam
2764 3042 2826 3080 ne
2875 3026 3019 3097 ligna
3050 3029 3209 3098 feras.
3260 3030 3368 3085 Aut
3407 3031 3552 3085 enim

1975 3113 2163 3168 eadem
2197 3114 2437 3170 dicemus
2469 3131 2536 3171 ex
2575 3115 2864 3186 superﬂuo,
2917 3128 3010 3173 aut
3057 3120 3100 3174 si
3150 3136 3287 3175 nova
3319 3122 3553 3177 volueri-

282 3191 533 3256 creandi,
557 3199 615 3246 et
641 3199 836 3261 praeter
863 3189 981 3244 illos
1005 3166 1097 3260 qui
1123 3190 1176 3244 in
1206 3189 1298 3243 Dei
1335 3166 1474 3243 filios
1514 3166 1864 3258 adoptantur,

1989 3166 1998 3168 ,
2095 3166 2124 3167 η
2576 3166 2864 3186 _..r--__-,
2917 3166 3010 3173 η-
3057 3166 3100 3174 -.
3150 3166 3287 3175 ην...
3330 3166 3520 3177 ww...

1977 3221 2096 3260 mus
2141 3206 2343 3273 dicere,
2393 3222 2424 3261 a
2472 3207 2778 3265 clarissimo
2825 3210 3044 3280 ingenio
3096 3221 3360 3283 occupata
3427 3224 3554 3269 sunt

289 3282 424 3337 nulli
471 3281 563 3335 alii
612 3281 858 3336 homines
899 3289 1270 3344 nascerentur,
1312 3278 1508 3334 lateret
1550 3278 1873 3334 beneﬁcium

285 3375 435 3445 quod
457 3377 750 3429 donaretur
772 3374 1030 3444 indignis,
1053 3373 1182 3442 quia
1219 3371 1382 3426 nullis
1407 3386 1475 3426 ex
1505 3372 1694 3426 eadem
1725 3371 1874 3424 dam-

288 3469 460 3524 nabili
488 3469 655 3538 stirpe
687 3467 1028 3523 venientibus
1057 3467 1296 3523 debitum
1319 3467 1638 3537 supplicium
1685 3466 1872 3522 redde-

292 3569 464 3614 retur.
487 3557 622 3613 Cum
650 3572 780 3613 vero
816 3557 996 3612 attulit
1036 3559 1090 3613 in
1131 3558 1300 3612 multa
1328 3557 1587 3627 patientia
1613 3571 1741 3612 vasa
1781 3557 1876 3612 irae

287 3665 412 3720 quae
439 3648 675 3719 perfecta
701 3659 826 3704 sunt
854 3650 907 3704 in
941 3650 1322 3720 perditionem,
1355 3663 1462 3704 non
1491 3649 1666 3704 solum
1691 3657 1876 3703 osten-

289 3741 373 3795 dit
428 3741 563 3794 iram
591 3749 646 3795 et
689 3739 1081 3795 demonstravit
1123 3740 1421 3810 potentiam
1468 3755 1642 3803 suam,
1700 3739 1877 3793 redhi-

290 3833 472 3889 bendo
515 3833 833 3897 vindictam,
875 3841 929 3887 et
977 3833 1118 3888 bene
1161 3835 1360 3888 utendo
1403 3849 1510 3888 non
1550 3832 1728 3899 bonis,
1779 3832 1875 3888 sed

287 3925 456 3978 etiam
493 3932 650 3978 notas
677 3922 805 3977 fecit
825 3923 1040 3978 divitias
1061 3924 1248 3995 gloriae
1282 3940 1393 3980 sua:
1419 3925 1471 3978 in
1501 3939 1628 3978 vasa
1657 3925 1875 3979 miseri—

288 4015 512 4069 cordizc.
550 4014 629 4068 Ita
675 4015 820 4069 enim
862 4015 991 4084 quid
1024 4015 1124 4070 sibi
1167 4023 1458 4085 prtestetur
1497 4015 1661 4070 discit
1707 4016 1876 4086 gratis

284 4106 639 4175 jnstificatus,
673 4106 798 4160 dum
829 4121 936 4160 non
963 4122 1063 4162 suo
1094 4107 1308 4173 merito,
1341 4107 1436 4162 sed
1463 4107 1634 4177 gloria
1683 4106 1877 4178 largis-

291 4198 444 4252 simte
505 4196 603 4252 Dei
675 4198 1058 4254 misericordiae
1121 4198 1448 4254 discernitur
1502 4214 1532 4252 a
1597 4198 1873 4264 damnato,

290 4305 417 4344 cum
448 4303 554 4356 quo
585 4289 773 4344 eadem
802 4289 1014 4359 justitia
1055 4289 1232 4344 fuerat
1282 4298 1337 4344 et
1378 4289 1494 4359 ipse
1515 4288 1875 4343 damnandus.

293 4381 429 4435 Tam
481 4381 677 4436 multos
701 4390 883 4436 autem
925 4383 1162 4438 creando
1209 4382 1361 4436 nasci
1409 4381 1602 4445 voluit,
1631 4396 1769 4452 quos
1809 4381 1877 4436 ad

291 4487 446 4527 suam
480 4473 708 4544 gratiam
741 4487 848 4527 non
893 4474 1166 4543 pertinere
1218 4473 1514 4543 praescivit,
1541 4481 1600 4527 ut
1629 4473 1877 4528 multitu-

1975 3298 2224 3354 meliora.
2258 3318 2278 3351 ι

2043 3410 2186 3465 Idem
2222 3411 2411 3466 doctor
2441 3412 2544 3467 alio
2600 3413 2763 3469 verbo
2816 3429 3033 3469 sensum
3063 3416 3556 3486 praedestinationis

1972 3503 2240 3572 expressit
2268 3503 2319 3557 in
2349 3503 2722 3574 explanatione
2744 3507 2900 3576 primi
2929 3507 3120 3576 psalmi
3151 3527 3164 3561 :
3201 3527 3220 3560 ι
3250 3507 3353 3577 Qui
3381 3524 3555 3568 autem

1974 3608 2079 3645 non
2105 3593 2292 3658 credit,
2319 3593 2515 3661 inquit,
2542 3593 2657 3663 jam
2676 3593 2948 3663 judicatus
2979 3605 3051 3649 est
3075 3615 3093 3654 :
3117 3597 3227 3666 jam
3257 3599 3398 3652 enim
3425 3587 3559 3670 pne?

1967 3679 2242 3749 judicatus
2263 3682 2329 3736 ad
2345 3698 2557 3752 pmnam
2578 3693 2678 3739 est.
2722 3703 2740 3735 ι
2779 3684 2844 3738 Ει
2873 3696 2992 3755 post
3019 3686 3187 3756 pauca
3219 3707 3232 3741 :
3271 3709 3288 3740 ι
3318 3689 3438 3744 Non
3472 3709 3552 3745 rc-

1973 3784 2216 3842 surgunt,
2243 3775 2430 3844 inquit,
2462 3774 2608 3846 impii
2655 3776 2708 3830 in
2743 3777 2975 3848 judicio,
3005 3795 3108 3832 non
3166 3793 3453 3852 resurgunt
3499 3791 3559 3836 ut.

1967 3861 2298 3932 judicentur,
2347 3865 2437 3935 qui
2478 3864 2590 3935 jam
2622 3864 2845 3934 judicati
2886 3877 3030 3923 sunt.
3085 3868 3246 3942 257
3274 3871 3375 3940 Qui
3413 3875 3556 3930 enim

1975 3969 2081 4009 non
2113 3953 2284 4008 credit
2304 3954 2358 4007 in
2397 3970 2504 4020 me,
2529 3952 2642 4024 jam
2665 3953 2940 4024 judicatus
2969 3969 3070 4013 est.
3108 3979 3127 4011 ι

2046 4087 2178 4144 Item
2229 4087 2282 4143 in
2332 4086 2554 4160 Dialogo
2591 4107 2605 4144 :
2639 4107 2661 4141 ι
2691 4089 2851 4145 Aliud
2892 4098 2977 4147 est
2999 4093 3208 4150 caedere
3235 4096 3480 4168 magistri
3505 4108 3564 4154 et

1977 4178 2216 4249 parentis
2266 4176 2482 4246 all‘ectu,
2531 4178 2675 4235 aliud
2724 4189 2915 4237 contra
2966 4185 3306 4242 adversarios
3356 4189 3559 4245 crudeli

1978 4269 2158 4325 animo
2201 4269 2478 4325 desaevire.
2546 4269 2719 4338 Quam
2769 4272 2840 4327 ob
2907 4289 3126 4330 causam
3177 4286 3228 4332 et
3282 4279 3338 4333 in
3385 4281 3561 4350 primo

1978 4358 2186 4431 psalmo
2213 4360 2380 4426 canit,
2426 4361 2677 4430 quoniam
2723 4377 2828 4418 non
2879 4375 3166 4435 resurgunt
3201 4367 3348 4438 impii
3377 4370 3432 4423 in
3467 4369 3562 4440 ju-

1981 4453 2177 4508 dicium
2212 4470 2225 4506 :
2251 4453 2363 4522 jam
2407 4453 2554 4510 enim
2595 4453 2650 4507 in
2683 4452 2948 4521 judicium
2988 4457 3319 4526 praijudicati
3349 4453 3495 4515 sunt.
3535 4480 3555 4512 ο

292 4521 848 4630 (Ιὶιιθὶιῖεοιηριιι-ειιιὶιί
884 4521 1066 4632 plures
1095 4521 1306 4617 sinteis
1334 4578 1471 4632 quos
1501 4521 1568 4617 in
1602 4562 1684 4618 sui
1724 4563 1874 4634 regni
1908 4521 1954 4580 υ
1982 4543 2124 4599 idem
2165 4543 2219 4598 in
2257 4543 2633 4614 θκβιθηθιίοηθ
2674 4543 2824 4600 Isaia?
2867 4547 3144 4617 Ρτοριιθω
3188 4551 3329 4619 (εαρο
3367 4549 3558 4622 xx”):

293 4653 522 4721 gloriam
582 4654 720 4710 filios
765 4655 1142 4723 promissionis
1189 4655 1577 4726 praedestinare
1625 4656 1878 4725 dignatus

291 4753 484 4808 est,nt
508 4745 670 4799 etiam
702 4745 814 4814 ipsa
863 4744 1188 4814 rejectorum
1234 4745 1578 4802 multitudine
1620 4745 1876 4802 ostende-

296 4844 451 4888 retur
475 4851 636 4903 quam
664 4835 862 4890 nullius
891 4835 1147 4890 momenti
1189 4835 1259 4888 sit
1283 4835 1424 4904 apud
1468 4835 1634 4889 Deum
1674 4834 1878 4904 justum

293 4927 639 4996 quantalibet
707 4928 1067 4981 numerositas
1119 4926 1420 4994 justissime
1477 4927 1875 4980 damnatorum.

295 5018 475 5086 Atque
501 5026 554 5070 ut
589 5017 714 5072 hinc
752 5033 964 5086 quoque
1008 5016 1312 5086 intelligant
1335 5016 1426 5084 qui
1453 5031 1522 5070 ex
1562 5015 1678 5085 ipsa
1730 5016 1882 5069 dam-

372 5166 399 5192 δ
447 5150 541 5205 Vir
565 5161 795 5205 sanctus.
839 5149 1012 5206 Locus
1033 5149 1352 5220 Hieronymi
1376 5147 1729 5220 Augustinum
1758 5147 1882 5220 Iau-

295 5223 502 5278 dantis.
551 5221 624 5276 Et
661 5231 874 5276 constat
923 5217 1280 5292 Augustinum
1331 5217 1498 5292 fuisse
1536 5218 1880 5292 superstitem

299 5294 652 5362 Hieronymo.
728 5293 916 5362 Itaque
963 5289 1320 5360 Augustinum
1364 5289 1526 5362 etiam
1590 5289 1882 5362 viventem,

297 5359 546 5418 sanctum
598 5362 774 5416 virum
819 5359 978 5418 vocat
1005 5359 1104 5432 pro
1147 5375 1296 5416 more
1323 5361 1404 5432 sui
1445 5359 1649 5426 sazculi,
1682 5360 1750 5414 de
1777 5373 1885 5427 quo

301 5449 456 5487 more
488 5447 586 5486 nos
639 5433 881 5502 pluribus
918 5429 1151 5486 diximus
1201 5432 1268 5485 ad
1316 5429 1652 5502 Salvianum,
1706 5445 1883 5502 neque

301 5503 473 5573 repeti
497 5512 580 5555 est
604 5500 757 5574 opus.
806 5504 1016 5557 Addere
1050 5513 1229 5574 tamen
1265 5503 1435 5574 visum
1461 5510 1568 5574 est
1615 5500 1882 5570 insignem

301 5570 480 5628 locum
506 5590 569 5627 ex
600 5570 736 5627 libro
765 5574 937 5643 primo
967 5573 1138 5627 sancti
1165 5571 1407 5643 Gregorii
1439 5572 1504 5626 de
1532 5570 1670 5643 Cura
1702 5580 1883 5643 pasto-

303 5646 428 5705 rali,
457 5660 574 5712 cap.
606 5643 691 5697 Η.
721 5640 972 5713 Loquens
1013 5644 1157 5713 enim
1209 5640 1299 5713 vir'
1333 5651 1553 5713 sanctus
1604 5642 1670 5695 de
1721 5640 1884 5713 malis

300 5711 604 5783 episcopis,
664 5714 780 5769 haec
820 5711 1210 5781 gemebundus
1268 5711 1520 5765 inclamat
1568 5727 1581 5764 :
1640 5731 1656 5761 ι
1717 5711 1884 5765 Nemo

301 5785 502 5853 quippe
541 5785 769 5852 amplius
797 5786 848 5838 in
884 5783 1118 5838 Ecclesia
1171 5792 1348 5847 nocet,
1399 5799 1560 5850 quam
1615 5783 1704 5849 qui
1756 5797 1878 5850 per-

1986 4657 2004 4688 ι
2037 4637 2143 4692 Pro
2189 4637 2446 4707 dissipata
2503 4649 2646 4692 terra
2689 4655 2792 4693 ιιι
2835 4650 3135 4710 corruptum
3175 4643 3348 4696 orbem
3391 4644 3563 4699 inter-

1983 4731 2176 4800 pretati
2208 4739 2365 4796 sunt;
2397 4739 2450 4786 et
2479 4745 2577 4800 pro
2615 4731 2805 4801 amicta
2837 4730 2972 4799 facie
2998 4731 3162 4796 illius,
3193 4733 3246 4788 id
3271 4744 3352 4790 est
3383 4745 3560 4803 terrae,

1983 4823 2144 4878 iidem
2192 4821 2626 4888 transtulerunt,
2669 4832 2716 4876 et
2768 4821 3010 4877 reuelabit
3056 4822 3243 4894 facient
3295 4827 3449 4894 eius,
3501 4838 3565 4883 ut

1982 4917 2279 4988 procedant
2325 4918 2518 4972 mortui
2569 4917 2635 4972 de
2686 4917 2948 4987 sepulcris
2996 4919 3145 4984 suis;
3193 4919 3307 4975 sive
3345 4923 3562 4978 nudabit

1982 5026 2122 5074 eam,
2152 5018 2210 5063 ut
2250 5007 2433 5063 omnia
2479 5021 2640 5084 opera
2677 5005 2793 5074 ejus
2821 5010 3164 5077 proferantur
3188 5011 3240 5064 in
3267 5013 3561 5082 publicum,

1988 5155 2142 5194 verse
2169 5153 2351 5208 agens,
2383 5154 2580 5193 nomen
2632 5137 2712 5191 vel
2765 5139 3009 5194 ordinem
3049 5143 3350 5200 sanctitatis
3378 5147 3562 5204 habet.

1991 5211 2402 5286 Delinqnentem
2432 5221 2664 5286 namque
2688 5208 2830 5286 hunc
2856 5224 3014 5286 nemo
3061 5213 3380 5284 redarguere
3425 5234 3565 5286 pne-

1990 5278 2185 5354 sumit;
2217 5290 2273 5335 et
2299 5281 2349 5333 in
2371 5278 2679 5354 exemplum
2703 5278 3563 5354 culpavehementereiitenditur,

1990 5352 2213 5424 quando
2251 5364 2350 5420 pro
2417 5349 2718 5424 reverentia
2762 5349 2987 5424 ordinis
3026 5363 3277 5424 peccator
3335 5349 3567 5414 honora;

1993 5420 2098 5493 tur.
2135 5442 2158 5493 _i
2196 5420 2253 5474 In
2280 5421 2526 5474 eumdem
2559 5420 2774 5493 modum
2796 5420 2866 5493 de
2893 5420 3180 5493 religiosis,
3221 5425 3273 5479 id
3298 5438 3380 5483 est
3402 5427 3564 5484 cleri-

1991 5492 2094 5568 eis,
2132 5491 2186 5568 in
2219 5495 2529 5568 universum
2553 5489 2691 5568 dixit
2717 5489 3132 5568 Salviantts'lib.
3182 5510 3237 5568 v,
3268 5512 3389 5568 pag.
3423 5500 3520 5553 H7
3549 5518 3561 5552 :

1996 5585 2013 5637 ι
2048 5562 2148 5630 Qui
2176 5561 2402 5637 scilicet,
2435 5559 2628 5637 inquit,
2661 5571 2783 5637 post
2805 5571 3044 5618 veterum
3077 5559 3396 5637 flagitiorum
3445 5583 3569 5637 pro-

1990 5635 2086 5689 bra
2120 5642 2174 5688 et
2210 5631 2436 5706 crimina
2472 5631 2639 5706 titulo
2662 5631 2879 5706 Sibimet
2928 5631 3234 5706 sanctitatis
3285 5631 3565 5706 inscripto,

1993 5720 2098 5759 non
2127 5703 2534 5758 conversatione
2556 5702 2695 5764 aliis,
2725 5702 2818 5756 sed
2842 5702 3175 5772 professione
3213 5721 3407 5765 nomen
3444 5702 3564 5766 tan;

1996 5786 2104 5830 tum
2137 5777 2502 5837 dmnntavere,
2528 5789 2632 5826 non
2659 5773 2840 5827 vitam.
2875 5795 2892 5825 ι
