4034 6298
520 345 627 403 665

1547 348 1609 403 Β.
1650 347 1709 404 S.
1748 346 1909 405 LUPi
1948 338 2240 401 ABBATIS
2274 337 2777 396 FERBARIENSIS

511 470 567 544 et
593 461 973 531 dispergantur
1000 460 1334 517 habitatores
1357 459 1411 514 in
1437 458 1649 516 diversa
1680 459 1817 526 loca,
1848 456 2085 530 praemiis
2113 461 2160 519 Α
2192 451 2343 510 Unde
2380 465 2601 507 necesse
2640 460 2746 516 est,
2792 450 2993 506 fratres
3037 449 3367 517 chan'ssimi,
3418 461 3474 507 nt
3522 454 3577 508 in
3625 472 3773 512 omne

512 551 596 607 vel
619 551 897 622 suppliciis
922 551 1197 608 destinati.
1227 571 1247 604 ι

584 640 701 696 Νοιι
751 642 1176 699 contemnendus
1221 638 1433 699 auditor
1490 641 1729 712 ejusdem
1775 641 2090 715 Hieronymi

509 733 789 805 Philippus
817 735 871 790 in
906 736 1240 806 expositione
1265 737 1546 793 sententiae
1578 736 1724 793 beati
1745 736 1848 793 Job
1877 754 1893 790 :
1926 737 2087 791 Ante-

509 843 669 897 quam
704 827 816 882 dies
860 828 973 897 ejus
1020 827 1337 897 impleantur
1379 830 1566 900 peribit
1610 829 1733 902 (Job
1786 828 1898 901 xv).
1941 828 2093 884 Tunc

510 917 671 982 dies,
724 917 934 988 inquit,
988 918 1409 991 uniuscujusque
1455 920 1668 992 impleri
1725 921 1927 976 dicitur
1968 934 2092 975 cum

510 1007 775 1062 honorum
814 1008 1094 1064 hominum
1141 1025 1207 1066 ac
1237 1010 1503 1066 malorum
1552 1011 1835 1065 retributio
1864 1009 2091 1065 venerit.

512 1095 609 1152 Hic
636 1111 768 1169 ergo
797 1098 980 1163 homo,
1010 1101 1123 1155 sive
1161 1100 1428 1167 diabolus,
1474 1110 1601 1157 ante
1647 1100 1945 1171 perspicuae
1970 1114 2087 1154 seu.

511 1186 694 1260 tentia:
749 1187 888 1244 diem
939 1204 1101 1259 quam
1162 1190 1211 1245 ei
1266 1191 1522 1246 Dominus
1566 1192 1619 1245 in
1672 1190 1853 1247 futuro
1891 1189 2095 1259 judicio

509 1277 735 1332 daturus
777 1287 901 1344 est,
946 1280 1228 1349 praesa-itus
1255 1281 1309 1336 in
1357 1283 1829 1353 prtedestinatione
1874 1283 2090 1353 peribit,

511 1366 653 1422 sicut
672 1366 818 1422 etde
851 1368 1143 1423 incrudelis
1168 1368 1436 1442 Propheta
1467 1371 1598 1426 dicit
1625 1389 1639 1426 :
1673 1369 1798 1426 Non
1830 1380 2095 1442 resurgent

508 1457 656 1528 impii
687 1460 743 1512 in
763 1458 972 1529 judicio
1002 1458 1174 1531 (Psal.
1205 1461 1277 1533 I);
1322 1461 1408 1516 vel
1436 1461 1696 1519 Dominus
1731 1463 1807 1517 ait
1831 1461 1887 1518 in
1915 1462 2095 1518 Evan-

509 1549 651 1622 gelio
711 1567 726 1604 :
773 1550 877 1616 Qui
934 1561 1107 1607 autem
1153 1569 1255 1607 non
1308 1553 1490 1620 credit,
1530 1552 1646 1624 jam
1698 1554 1972 1624 judicatus
2018 1565 2095 1610 est

509 1640 694 1711 (Joan.
721 1641 828 1712 ιιι).

581 1730 815 1789 Sanctus
868 1749 1007 1806 papa
1072 1735 1364 1807 Gregorius
1429 1737 1842 1808 praedestinatos
1920 1739 2092 1796 malos

506 1824 779 1893 pressiore
805 1825 981 1881 adhuc
1007 1827 1174 1883 verbo
1203 1827 1443 1884 insinuat
1487 1827 1600 1900 (lib.
1626 1845 1819 1897 χχχιιι,
1846 1829 2089 1902 cap.ll).

513 1932 530 1963 ς
574 1913 911 1979 Leviathan,
962 1916 1138 1988 inquit
1182 1918 1313 1984 ille,
1363 1919 1456 1988 qui
1509 1934 1633 1974 cum
1678 1921 1937 1976 membris
1979 1922 2091 1975 suis

507 2004 726 2059 aeternis
751 2012 836 2060 est
867 2006 1534 2077 cruciatibusdeputatus,
1582 2017 1638 2063 et
1664 2008 1819 2063 dolus
1844 2008 1899 2062 in
1930 2024 2090 2063 manu

506 2092 623 2163 ejus
651 2091 922 2163 dirigitur,
961 2101 1019 2149 et
1047 2093 1102 2149 in
1128 2094 1268 2150 collo
1292 2095 1408 2163 ejus
1451 2094 1709 2150 fortitudo
1754 2097 2088 2164 demoratur,

510 2186 611 2240 hnc
647 2184 793 2254 quod
823 2185 1191 2255 tetnporaliter
1217 2200 1468 2256 perversa
1491 2196 1678 2243 contra
1709 2189 1878 2244 bonos
1905 2189 2090 2245 volun-

434 2264 451 2275 ’
510 2283 619 2329 tate
660 2275 973 2341 desiderat,
1027 2277 1364 2348 perversiore
1410 2277 1665 2334 facultate
1728 2289 2086 2346 consummat,

506 2365 674 2437 258
711 2376 769 2421 ut
820 2376 968 2423 tanto
1008 2368 1059 2423 ei
1099 2368 1167 2423 de
1214 2369 1542 2425 adversitate
1591 2370 1644 2425 in
1674 2372 1923 2440 praesenti
1956 2371 2089 2426 nihil

507 2458 686 2523 obstet
722 2466 926 2527 quanto
951 2459 1001 2515 ei
1046 2458 1102 2514 in
1143 2469 1420 2529 posterum
1463 2462 1531 2516 de
1573 2462 1929 2533 prosperitate
1955 2461 2090 2517 nihil

508 2557 769 2604 remanet.
816 2568 835 2600 ι
871 2548 1074 2606 Eadem
1124 2559 1302 2608 tamen
1341 2553 1742 2623 prmdestinatio
1785 2552 1872 2609 vel
1922 2553 2089 2623 depu-

508 2642 665 2705 tatio,
696 2641 1147 2712 quemadmodum
1196 2643 1270 2699 sit
1323 2643 1668 2716 intelligenda
1703 2660 1980 2716 esponens
2029 2645 2086 2700 in

510 2732 804 2790 Moralibus
835 2751 851 2789 :
890 2754 910 2785 ι
963 2734 1089 2788 Non
1130 2736 1314 2806 quasi,
1349 2736 1539 2806 inquit,
1572 2736 1799 2792 crudelis
1824 2736 2087 2792 suscitabo

505 2839 644 2878 etim.
692 2822 823 2889 Quis
868 2824 1007 2879 enim
1049 2825 1291 2880 resistere
1323 2835 1487 2896 potest
1510 2825 1677 2881 vultui
1712 2842 1847 2891 meo,
1887 2836 1935 2881 et
1970 2828 2088 2898 quis

505 2922 627 2967 ante
654 2913 795 2967 dedit
828 2912 955 2967 mihi
981 2923 1036 2967 ut
1084 2913 1301 2969 reddam
1341 2914 1424 2970 ei?
1455 2924 1638 2985 aperte
1666 2916 1922 2972 insinuat.
1970 2915 2087 2973 Non

505 3016 651 3064 etim,
682 3001 876 3083 inquit,
904 3002 1057 3072 quasi
1081 3003 1318 3060 crudelis
1343 3005 1568 3069 suscito,
1597 3005 1723 3075 quia
1745 3005 1812 3061 de
1832 3005 1950 3077 ejus
1970 3006 2085 3062 for-

2158 616 2162 620 Δ
2194 543 2334 612 quod
2362 542 2598 612 agimus,
2627 540 3016 610 omnipotentis
3045 555 3211 612 super
3236 556 3337 598 nos
3364 542 3577 598 Domini
3602 546 3771 599 consi-

2193 633 2263 705 lia
2292 631 2501 688 occulta
2535 632 2855 696 timeamus;
2889 645 2983 697 ne,
3011 631 3140 688 dum
3162 646 3317 687 mens
3335 640 3518 687 nostra
3546 634 3775 690 exterius

2194 724 2313 780 fusa
2360 739 2392 778 a
2434 738 2535 779 sua
2582 737 2641 779 se
2684 723 2962 779 voluntate
2993 738 3100 779 non
3146 731 3389 789 revocat,
3423 724 3571 779 intus
3597 734 3775 781 contra

2193 831 2313 872 eam
2348 815 2511 886 judex
2568 813 2886 869 terribiliter
2914 815 3142 869 adversa
3170 813 3440 885 disponat.
3469 814 3626 882 Quod
3654 815 3779 873 bene

2194 907 2477 963 Psalmista
2505 900 2723 962 intuens
2750 906 2875 962 ait:
2920 904 3099 962 Venite
3145 915 3194 961 et
3237 907 3406 961 videte
3462 923 3626 978 opera
3672 908 3776 962 Do-

2195 1000 2344 1063 mini,
2374 1016 2532 1070 quam
2580 998 2828 1054 terribilis
2858 999 2917 1053 in
2960 998 3197 1054 consiliis
3240 1014 3399 1076 super
3443 1000 3587 1069 ﬁlios
3631 1001 3776 1055 homi-

2197 1108 2321 1146 num
2354 1089 2528 1161 (Psal.
2581 1091 2732 1163 va).
2768 1091 2916 1147 Vidit
2943 1105 3182 1162 namque
3221 1092 3364 1161 quod
3407 1091 3547 1147 alius
3578 1092 3782 1147 miseri-

2197 1182 2434 1237 corditer
2487 1190 2732 1248 vocatur,
2788 1180 2927 1237 alius
2968 1180 3182 1251 iustitia
3211 1182 3464 1253 exigente
3492 1181 3780 1251 repellitur.

2198 1272 2264 1329 Et
2305 1273 2432 1342 quia
2459 1271 2561 1326 alia
2604 1272 2874 1342 parcendo
2906 1271 3185 1334 Dominus,
3213 1269 3318 1325 alia
3356 1270 3646 1325 irascendo
3682 1270 3770 1325 dis

2195 1364 2368 1436 ponit,
2405 1363 2625 1435 expavit
2668 1363 2812 1433 quod
2855 1370 3141 1433 penetrare
3185 1377 3296 1417 non
3325 1360 3523 1431 potuit,
3547 1369 3607 1415 et
3632 1375 3783 1431 quem

2198 1473 2304 1513 non
2329 1456 2501 1512 solum
2530 1454 2955 1527 investigabilem
2988 1455 3040 1509 in
3074 1454 3399 1524 quibusdam
3425 1453 3545 1508 suis
3570 1462 3781 1508 senten-

2198 1549 2289 1604 tiis
2320 1588 2336 1612 ,
2385 1547 2482 1603 sed
2548 1548 2715 1602 etiam
2767 1544 3113 1601 inﬂexibilem
3163 1545 3340 1609 vidit,
3392 1543 3696 1599 terribilem
3733 1544 3785 1598 in

2197 1637 2439 1694 consiliis
2485 1651 2607 1693 esse
2654 1636 2997 1692 memoravit.
3056 1654 3076 1686 ι
3134 1634 3300 1700 Beda,
3345 1633 3548 1689 divinis
3600 1633 3783 1688 litteris

2198 1731 2439 1802 impense
2485 1730 2715 1794 doctus,
2783 1730 2957 1784 bonos
3003 1727 3283 1798 malosque
3334 1727 3786 1799 prmdeStinatos,

2194 1836 2468 1893 exponens
2494 1821 2622 1876 illud
2660 1819 2885 1877 Genesis
2918 1837 2930 1873 :
2961 1817 3193 1890 Surgite,
3236 1819 3549 1890 egredimini
3578 1820 3644 1872 de
3678 1818 3787 1873 loco

2191 1913 2315 1980 isto,
2361 1913 2486 1984 quia
2531 1912 2720 1967 delebit
2766 1911 3026 1966 Dominus
3073 1911 3332 1965 civitatem
3367 1911 3532 1975 hanc,
3561 1921 3613 1965 et
3653 1912 3784 1966 uisus

2192 2012 2267 2057 est
2314 2002 2389 2057 eis
2437 2002 2591 2069 quasi
2636 2000 2821 2056 ludens
2866 2000 3008 2071 loqui
3058 1998 3213 2073 (Cen.
3249 1999 3388 2071 xxx),
3414 2000 3789 2057 indubitanter

2192 2094 2446 2150 asseruit.
2504 2112 2523 2145 ι
2567 2092 2719 2160 Quod
2766 2092 2986 2158 ostium,
3042 2076 3254 2164 inquit,
3298 2091 3402 2148 Lot
3438 2091 3786 2149 obcluseruut

2192 2184 2393 2256 angeli,
2446 2199 2513 2240 ne
2562 2183 2646 2240 vel
2696 2183 2872 2254 ipsum
2900 2182 2987 2238 vel
3029 2182 3264 2253 aliquem
3294 2184 3363 2238 de
3414 2183 3583 2239 domo
3625 2182 3787 2252 ipsius

2190 2282 2412 2346 possent
2460 2274 2529 2329 ad
2579 2273 2911 2343 perdendum
2949 2288 3144 2345 rapere
3191 2272 3505 2337 Sodomitas,
3541 2281 3788 2344 patenter

2190 2363 2428 2420 insinuat
2462 2364 2587 2435 quia
2637 2364 2840 2420 nullum
2895 2366 2962 2420 de
3006 2364 3193 2421 electis
3237 2364 3334 2421 Dei
3383 2364 3672 2434 perditura
3710 2372 3787 2419 est

2189 2455 2438 2526 impietas
2463 2462 2519 2510 et
2547 2454 2851 2526 persecutio
2873 2456 3251 2526 reprobornm,
3296 2455 3516 2509 dicente
3560 2453 3786 2510 Domino

2188 2546 2255 2603 de
2300 2545 2492 2602 ovibus
2544 2547 2658 2601 suis
2706 2564 2720 2602 :
2772 2544 2841 2601 Et
2891 2562 2985 2617 ego
3035 2547 3197 2600 vitam
3245 2554 3501 2601 internum
3556 2546 3629 2600 do
3673 2546 3736 2598 iis
3765 2584 3781 2609 ,

2187 2648 2237 2694 et
2284 2654 2389 2694 non
2442 2637 2681 2710 peribunt
2730 2637 2789 2692 in
2830 2646 3083 2692 internum
3112 2675 3129 2701 ,
3173 2646 3223 2690 et
3278 2651 3382 2690 non
3445 2635 3621 2705 rapiet
3700 2650 3785 2688 eos

2181 2731 2458 2802 quisquam
2508 2728 2574 2784 de
2621 2744 2781 2783 manu
2837 2743 2953 2782 utea
2994 2725 3202 2796 (Jonn.
3253 2740 3286 2780 ι
3323 2724 3364 2795 ).
3432 2724 3595 2792 Quod
3660 2724 3782 2779 item

2184 2819 2286 2875 Lot
2308 2860 2322 2885 ,
2363 2818 2617 2874 facultate
2663 2819 2732 2873 ab
2777 2817 2983 2885 angelis
3026 2816 3150 2871 data
3179 2855 3195 2881 ,
3255 2813 3461 2870 nullum
3513 2816 3586 2871 de
3649 2815 3779 2870 civi-

2186 2910 2287 2966 bus
2321 2908 2564 2980 perlidis,
2591 2922 2660 2963 ne
2682 2907 2753 2963 de
2777 2907 2892 2963 suis
2913 2906 3132 2977 quidem
3154 2905 3401 2977 cognatis
3421 2905 3542 2960 sive
3567 2904 3779 2963 amicis.

2188 3012 2217 3043 ι
2247 2999 2531 3055 tamenetsi
2577 2998 2805 3053 multum
2876 3008 3143 3062 conatus,
3193 2995 3368 3067 potuit
3418 2996 3488 3050 ad
3552 2994 3780 3050 salutem

506 3093 738 3155 titudiue
768 3101 825 3149 et
865 3093 1067 3149 electos
1106 3109 1256 3149 meos
1282 3102 1528 3166 potenter
1555 3095 1755 3166 eripio,
1786 3105 1843 3151 et
1867 3111 2082 3152 rursum
2118 3142 2161 3166 η
2193 3104 2469 3155 revocare,
2499 3088 2768 3161 significat
2796 3089 2941 3158 quod
2982 3088 3180 3143 nullius
3223 3087 3381 3142 labor
3427 3086 3674 3143 hominis
3716 3085 3780 3139 ad

509 3183 769 3252 reprohos
815 3198 923 3238 non
973 3181 1172 3254 injuste
1219 3182 1314 3239 sed
1356 3184 1747 3240 rationabiliter
1786 3185 2005 3252 damno,
2036 3186 2095 3243 id

509 3281 612 3337 est,
646 3281 701 3327 et
733 3288 828 3329 eos
873 3288 1014 3344 quos
1059 3274 1292 3345 benigne
1329 3273 1469 3346 eligo
1516 3275 1727 3346 eripere
1776 3276 2095 3334 mirabiliter

506 3378 759 3432 possum,
798 3372 855 3419 et
901 3379 1001 3419 eos
1048 3379 1185 3434 quos
1241 3379 1438 3437 respuo
1483 3382 1591 3422 non
1642 3366 1838 3441 injuste
1863 3368 2094 3424 derelin-

509 3469 637 3523 quo.
676 3475 697 3507 ι
749 3454 817 3510 Ει
866 3463 991 3525 post
1041 3454 1318 3526 aliquanta
1367 3474 1380 3513 :
1424 3474 1444 3508 ι
1491 3456 1629 3514 Miro
1669 3458 1847 3523 modo,
1896 3459 2093 3529 inquit,

509 3560 696 3615 aequus
734 3546 988 3604 omnibus
1047 3544 1309 3602 Conditor
1349 3555 1407 3603 et
1440 3549 1699 3618 quosdam
1729 3549 1993 3622 prieeligit
2039 3561 2096 3606 et

511 3630 771 3704 quosdam
796 3635 850 3693 in
874 3637 989 3692 suis
1008 3637 1254 3707 reprobis
1274 3639 1517 3695 moribus
1532 3639 1677 3709 juste
1698 3640 2041 3712 derelinquit.
2069 3660 2090 3694 ι

501 3729 635 3784 Item
658 3729 712 3785 in
753 3728 1044 3786 Moralibus
1081 3745 1359 3801 exponens
1389 3729 1609 3805 (Horat.
1639 3732 1733 3788 lib.
1765 3748 1827 3798 ιι,
1855 3748 1976 3805 cap.
2005 3733 2091 3806 5):

418 3812 423 3817 ’
503 3819 563 3875 Si
602 3821 954 3886 destruxerit,
994 3836 1143 3876 nemo
1187 3831 1262 3876 est
1294 3822 1385 3892 qui
1433 3822 1690 3893 aediﬁcet;
1736 3823 1783 3877 si
1828 3823 2097 3880 incluserit

505 3909 786 3974 hominem,
818 3907 997 3962 nullus
1025 3918 1100 3963 est
1130 3910 1218 3981 qui
1240 3910 1440 3981 aperiat
1467 3906 1588 3982 (Job
1636 3911 1760 3984 xu).
1795 3931 1814 3964 ι
1847 3909 2099 3984 Οιιιιιίροο

506 4009 652 4065 tens,
680 3998 880 4068 inquit,
912 3999 1053 4055 Deus
1076 3999 1371 4055 humanum
1398 4015 1493 4056 cor
1519 4002 1752 4057 destruit
1787 4018 1911 4057 cum
1934 4002 2097 4059 relin-

504 4090 645 4159 quit,
660 4089 896 4145 tediflcat
909 4089 1037 4144 dum
1054 4089 1244 4161 replet.
1262 4091 1447 4161 Neque
1463 4092 1607 4148 enim
1625 4094 1916 4148 humanam
1947 4110 2099 4150 men-

507 4190 616 4236 tem
629 4178 945 4235 debellando
973 4181 1224 4248 destruit,
1253 4184 1349 4239 sed
1366 4185 1688 4252 recedendo,
1722 4186 1849 4257 quia
1883 4186 1950 4241 ad
1975 4201 2100 4257 per-

508 4271 770 4327 ditionem
814 4287 968 4329 suam
1027 4271 1227 4330 suﬁlcit
1269 4274 1371 4331 sibi
1422 4275 1663 4332 dimissa.
1721 4297 1742 4331 ι
1795 4278 1926 4334 Item
1976 4288 2101 4351 post

504 4365 781 4436 aliquanta
833 4366 986 4437 (cap.
1030 4366 1174 4440 eod.)
1227 4386 1241 4422 :
1287 4387 1307 4419 ι
1362 4366 1422 4424 Si
1476 4368 1744 4424 incluserit
1787 4371 2049 4426 hominem
2078 4412 2095 4440 ,

504 4456 681 4514 nullus
692 4467 775 4512 est
799 4457 924 4529 quia
952 4459 1174 4530 aperiat.
1201 4457 1338 4525 Quia
1360 4459 1500 4515 sicut
1520 4473 1677 4515 nemo
1700 4459 1917 4515 obsistit
1938 4460 2099 4532 largi-

505 4550 602 4605 tati
630 4549 910 4616 vocantis,
940 4549 1015 4605 ita
1042 4549 1222 4607 nullus
1246 4550 1429 4606 obviat
1466 4551 1690 4622 iustitiae
1720 4538 2094 4624 relinquentis.

505 4642 785 4698 includere
813 4643 997 4713 itaque
1041 4642 1136 4697 Dei
1162 4650 1265 4707 est,
1292 4640 1493 4697 clausis
1539 4658 1645 4697 non
1676 4644 1905 4713 aperire.
1946 4643 2097 4701 Unde

504 4745 557 4791 et
596 4735 664 4789 ad
692 4734 932 4807 Moysem
976 4734 1177 4790 dicitur
1217 4734 1283 4790 de
1313 4733 1615 4800 Pharaone,
1665 4751 1768 4806 ego
1815 4737 2095 4795 obdurabo

505 4838 602 4878 cor
651 4822 789 4893 ejus.
843 4823 1126 4880 Obdurare
1176 4825 1376 4895 quippe
1442 4840 1539 4896 per
1592 4824 1855 4893 justitiam
1896 4828 2095 4884 dicitur

503 4912 721 4981 quando
746 4927 844 4971 cor
866 4914 1155 4983 reprobum
1183 4928 1280 4984 per
1307 4915 1535 4984 gratiam
1564 4930 1671 4969 non
1694 4915 1917 4971 emollit.
1961 4936 1981 4970 ι

574 5000 720 5056 idem
804 5003 858 5057 in
938 5003 1320 5073 explanatione
1399 5004 1726 5076 evangelicae
1808 5008 2092 5063 sententia:

508 5092 715 5161 (homil.
746 5109 821 5158 tv,
849 5094 903 5147 in
942 5093 1169 5168 Evang.)
1197 5112 1210 5150 :
1244 5093 1312 5150 In
1337 5097 1471 5150 aiant
1500 5098 1731 5167 geniium
1761 5113 1824 5153 ne
1859 5097 2092 5153 abieritis

505 5181 720 5252 (Matth.
752 5182 841 5256 10)
882 5197 950 5237 :t
995 5183 1226 5253 Subtili,
1273 5186 1390 5254 ait,
1437 5185 1761 5256 occultoque
1804 5185 2011 5255 judicio
2059 5203 2091 5247 a

504 5258 861 5346 quorumdam
890 5277 1111 5332 auribus
1138 5277 1451 5347 praedicatio
1476 5276 1642 5348 259
1664 5285 1851 5333 sancta
1881 5278 2094 5333 subtra-

506 5364 671 5428 hitur,
722 5369 855 5436 quia
899 5367 1149 5423 suscitari
1192 5381 1291 5437 per
1337 5366 1567 5437 gratiam
1623 5384 1730 5423 non
1787 5377 2086 5424 merentur.

575 5516 602 5545 θ
646 5503 957 5576 Tameneai.
988 5503 1095 5561 Pro
1123 5504 1329 5559 tametsi
1357 5519 1374 5555 :
1405 5519 1564 5575 quani
1598 5520 1804 5568 vocem,
1836 5503 2087 5576 quae-jam

506 5576 576 5629 ita
636 5575 966 5641 exoleverat,
1024 5584 1084 5629 ut
1130 5590 1296 5647 prope
1342 5590 1372 5628 a
1419 5576 1633 5647 nemine
1679 5588 2088 5647 agtnnsceretur,

507 5649 729 5700 retraxit
752 5662 816 5701 ex
844 5646 967 5702 fuaa
997 5645 1244 5700 summus
1267 5653 1321 5698 et
1345 5659 1469 5699 cum
1500 5645 1605 5698 illis
1635 5645 1904 5701 veteribus
1933 5664 2086 5702 com-

505 5731 670 5782 paruit
697 5720 775 5771 Tus
803 5714 851 5769 Ι.
883 5714 943 5771 C.
973 5714 1203 5772 Jacobus
1229 5714 1500 5785 Cujacius,
1527 5725 1581 5768 ut
1627 5715 1865 5773 Muretus
1906 5729 2089 5773 uoster

2194 3196 2477 3236 numerum
2509 3177 3011 3250 praedestinatorum
3054 3179 3147 3248 qui
3175 3186 3304 3232 ante
3335 3177 3780 3233 constitutionem

2192 3271 2378 3327 mundi
2405 3270 2571 3343 260
2612 3269 2769 3325 electi
2805 3276 2931 3325 sunt
2955 3284 2986 3323 a
3013 3267 3259 3333 Domino,
3281 3265 3366 3322 vel
3404 3280 3576 3321 unam
3618 3264 3784 3336 possit

2193 3363 2428 3418 animam
2458 3362 2714 3431 adjicere.
2756 3360 2915 3418 Novit
2959 3362 3105 3416 enim
3133 3362 3274 3417 Deus
3323 3359 3415 3430 qui
3469 3368 3607 3414 sunt
3647 3359 3783 3427 ejus.

2195 3452 2396 3508 Verum
2427 3451 2531 3507 etsi
2580 3458 2820 3521 nostram
2865 3449 3216 3523 fragilitatem
3246 3449 3339 3519 qui
3368 3447 3436 3503 ad
3480 3450 3783 3504 electorum

2193 3553 2398 3600 sortem
2426 3544 2699 3616 pertinent
2738 3543 2904 3609 latet,
2931 3558 3040 3599 non
3085 3551 3264 3599 tamen
3299 3541 3371 3597 ab
3413 3544 3629 3611 agenda
3656 3557 3784 3599 cura

2195 3643 2395 3690 nostra
2464 3633 2656 3689 salutis
2720 3633 3044 3689 cessandum
3070 3673 3086 3698 ,
3148 3648 3250 3689 nec
3328 3633 3397 3688 ab
3448 3633 3785 3689 instruendis

2193 3713 2457 3798 proximis
2502 3726 2683 3798 lingua
2724 3737 2809 3782 est
2852 3727 3207 3786 continenda;
3237 3726 3333 3781 sed
3361 3725 3428 3780 ad
3470 3725 3783 3796 exemplum

2195 3816 2341 3873 beati
2378 3816 2482 3872 Lot
2520 3825 2579 3871 et
2621 3815 2776 3872 nobis
2820 3825 2971 3872 caste
3011 3816 3298 3872 vivendum
3321 3856 3339 3880 ,
3387 3823 3446 3870 et
3482 3817 3785 3871 errantium

2196 3923 2408 3979 quoque
2446 3906 2769 3963 correctioni
2808 3905 3042 3962 ollleium
3080 3905 3298 3978 pietatis
3340 3905 3782 3976 impendentium.

2196 3999 2420 4054 Constat
2466 3997 2612 4052 enim
2646 3996 2789 4066 quod
2835 3997 2938 4052 etsi
2967 3996 3379 4067 praedestinatos
3402 3996 3472 4051 ad
3502 3996 3783 4053 interitum

2197 4091 2409 4146 salvare
2439 4090 2745 4161 nequimus,
2775 4098 2976 4145 nostra:
3008 4098 3187 4145 tamen
3217 4089 3589 4162 benignitatis,
3623 4106 3782 4160 quam

2196 4196 2322 4252 erga
2370 4165 2583 4235 illortim
2625 4179 2855 4237 salutem
2902 4180 3284 4250 impendimus,
3322 4181 3635 4236 mercedem
3680 4196 3785 4237 non

2200 4270 2498 4341 perdimus.
2531 4288 2551 4324 ι
3277 4336 3280 4340 Α

2268 4362 2501 4418 Sanctus
2518 4361 2853 4433 Fulgentius,
2880 4360 3177 4433 Ruspensis
3196 4362 3489 4433 provincia:
3514 4361 3783 4417 Africana

2201 4453 2486 4524 episcopus
2539 4453 2633 4521 (ut
2677 4453 2871 4508 scribit
2926 4451 3164 4509 Joannes
3214 4453 3469 4509 Romana:
3531 4453 3783 4510 Ecclesia

2200 4542 2502 4614 diaconus),
2536 4542 2589 4597 in
2633 4541 2771 4599 libro
2799 4543 2867 4598 ad
2893 4542 3116 4600 Petrum
3139 4543 3207 4599 de
3233 4543 3436 4615 Regula
3462 4560 3608 4601 vera:
3638 4546 3779 4607 fidei,

2196 4634 2265 4700 de
2302 4635 2718 4706 prmdestinatis,
2752 4635 2855 4693 hoc
2898 4639 3058 4693 modo
3105 4639 3361 4693 disseruit
3408 4639 3497 4711 (de
3534 4638 3670 4696 Fide
3714 4639 3780 4693 ad

2198 4725 2371 4792 Petr.,
2395 4744 2447 4782 c.
2466 4726 2558 4799 35)
2578 4745 2592 4783 ;
2612 4747 2631 4779 ι
2654 4727 2989 4784 Firmissime
3018 4740 3141 4784 tene
3160 4740 3216 4785 et
3238 4730 3547 4787 nullatenus
3570 4733 3782 4787 dubites

2195 4835 2387 4876 omnes
2454 4835 2591 4890 quos
2649 4836 2774 4876 vasa
2827 4821 3211 4878 misericordia
3253 4824 3491 4893 gratuita
3549 4825 3779 4880 bonitate

2196 4911 2339 4968 Deus
2360 4908 2488 4967 facit
2511 4922 2636 4967 ante
2661 4912 3101 4969 constitutionem
3127 4913 3310 4968 mundi
3362 4914 3417 4968 in
3440 4916 3778 4986 adoptionem

2195 5004 2425 5059 ﬁliorum
2475 5003 2568 5059 Dei
2621 5004 3033 5072 praedestinatos
3087 5020 3118 5058 a
3179 5006 3324 5070 Deo,
3376 5020 3554 5076 neque
3607 5006 3778 5076 perire

2193 5111 2353 5168 posse
2398 5095 2631 5166 aliquem
2681 5112 2868 5152 eorum
2915 5112 3052 5169 quos
3100 5098 3243 5154 Deus
3286 5090 3690 5169 praedestinavit
3713 5096 3775 5151 ad

2196 5203 2445 5259 regnum,
2468 5203 2566 5243 nec
2595 5203 2921 5259 quemquam
2948 5203 3134 5253 eorum
3163 5205 3301 5259 quos
3324 5189 3466 5247 Deus
3492 5207 3602 5247 non
3646 5204 3777 5261 pne-

2197 5279 2484 5334 destinavit
2526 5279 2596 5334 ad
2632 5281 2798 5335 vitam
2826 5280 2933 5335 ulla
2964 5294 3126 5350 posse
3154 5281 3366 5338 ratione
3385 5282 3610 5337 salvari.
3636 5280 3772 5335 Pue-

2198 5370 2485 5447 destinatio
2530 5370 2674 5426 enim
2724 5371 2813 5427 illa
2852 5373 3102 5444 gratuita:
3130 5373 3439 5430 donationis
3468 5383 3553 5431 est
3580 5389 3774 5447 przepa-

2198 5506 2274 5579 ait
2303 5507 2356 5560 in
2402 5504 2541 5579 libro
2592 5521 2644 5579 xi
2690 5504 2839 5579 Var._
2862 5505 3034 5571 Lect.,
3069 5522 3189 5579 cap.
3228 5510 3293 5564 17
3317 5548 3330 5572 ,
3365 5507 3453 5562 ubi
3490 5507 3644 5563 all‘ert
3670 5504 3773 5576 plu-

2199 5577 2334 5648 rima
2367 5576 2699 5648 uestimonia,
2755 5577 2950 5646 quibus
2990 5576 3181 5648 probet
3216 5594 3335 5631 eam
3376 5592 3502 5635 esse
3553 5579 3772 5632 retinen-

2198 5647 2341 5702 dam.
2371 5646 2443 5700 Ea
2470 5661 2681 5702 rursum
2705 5650 2874 5704 utitur
2895 5646 3077 5719 Lupus
3100 5648 3200 5704 col.
3224 5648 3333 5704 238
3524 5674 3535 5681 -
