4034 6298
294 334 398 391 657

1262 341 1594 400 COLLECT.
1633 346 1721 401 DE
1759 345 2006 402 TIilBUS
2041 349 2571 418 QUr'ESTIONIBUS

3449 365 3552 422 ϐω

293 449 455 511 ratio,
487 463 590 518 qua
640 464 738 504 nos
764 449 1053 519 Apostolus
1081 452 1158 507 ait
1182 455 1590 524 prmdestinatos
1617 457 1670 512 in
1703 461 1869 530 adop-
1896 463 1944 519 A
1973 462 2245 520 nationem
2299 465 2448 522 solus
2522 468 2920 537 introduxerit,
2983 484 3132 528 cum‘
3159 473 3385 544 simplex
3457 478 3550 534 Dei

298 538 503 595 tionem
533 537 765 593 ﬁliorum
795 538 890 594 Dei
919 556 1016 612 per
1038 540 1218 597 Jesnm
1245 544 1515 602 Christum
1540 549 1591 602 in
1623 549 1815 618 ipsum.
1847 571 1865 602 ι

362 631 494 685 Item
544 629 856 702 Fulgentius
905 633 960 687 in
1009 632 1143 689 libro
1183 636 1249 690 ad
1294 637 1582 694 Monimum
1625 641 1763 712 (cap.
1793 643 1873 713 5.)

290 736 509 777 sensum
545 723 689 777 beati
718 723 998 794 Augustini
1031 726 1098 780 de
1145 729 1536 795 praedestinatis
1575 733 1641 786 ad
1687 733 1872 788 interi-

291 823 406 868 tum
465 814 549 869 his
599 816 778 869 verbis
831 817 1144 884 expressit:
1180 837 1197 870 ι
1255 820 1394 876 Nihil
1437 822 1578 876 aliud
1611 865 1625 889 ,
1677 825 1866 896 inquit,

290 905 660 975 accipiendum
703 906 952 961 existimo
989 907 1042 962 in
1091 907 1182 964 illo
1214 912 1387 966 sancti
1434 913 1716 984 Augustini
1750 931 1870 971 ser-

291 1010 485 1060 mone,
533 997 675 1066 quod
729 997 795 1050 ad
836 998 1109 1052 interitum
1153 1002 1414 1071 quosdam
1461 1007 1872 1074 prmdestinatos

290 1086 495 1152 ﬁrmat,
537 1087 638 1142 nisi
675 1087 739 1141 ad
772 1088 1047 1142 interitum
1092 1092 1358 1161 supplicii,
1391 1109 1496 1149 non
1526 1095 1730 1161 delicti,
1771 1114 1870 1154 ne-

287 1193 394 1248 que
426 1178 492 1232 ad
523 1177 719 1232 malum
751 1179 892 1248 quod
923 1177 1121 1248 injuste
1164 1182 1474 1246 admittunt,
1529 1187 1621 1241 sed
1653 1187 1718 1240 ad
1751 1203 1872 1243 cru-

288 1267 487 1321 cia'tum
543 1267 701 1338 261
754 1283 913 1337 quem
950 1267 1248 1339 justissimc
1288 1273 1591 1342 patientur;
1641 1293 1738 1332 nec
1804 1279 1870 1334 ad

286 1367 566 1427 peccatum
598 1397 613 1422 ,
671 1373 782 1427 quo
831 1359 1019 1428 prima:
1095 1365 1506 1420 resurrectionis
1549 1367 1869 1425 beneﬁcium

287 1456 383 1502 aut
426 1464 531 1503 non
562 1449 832 1519 accipiunt
881 1459 974 1504 aut
998 1451 1272 1519 amittunt,
1305 1455 1398 1511 sed
1439 1458 1505 1512 ad
1539 1468 1867 1518 tormentum

285 1539 429 1610 quod
482 1539 588 1594 illis
636 1540 854 1612 pmpria
889 1541 1146 1612 iniquitas
1175 1545 1314 1601 male
1351 1548 1493 1618 parit
1535 1558 1590 1606 et
1643 1553 1869 1622 aequitas

285 1632 466 1684 divina
518 1631 666 1687 bene
685 1633 963 1700 retribuit;
997 1650 1096 1690 nec
1135 1637 1202 1692 ad
1246 1648 1474 1695 mortem
1520 1644 1714 1699 anima:
1758 1646 1869 1716 pri-

283 1736 450 1783 mam,
482 1721 534 1775 in
566 1737 671 1792 qua
722 1733 1021 1779 nascuntur
1063 1728 1290 1796 parvuli,
1320 1731 1402 1786 vel
1435 1732 1487 1786 in
1516 1749 1700 1803 quam,
1728 1737 1867 1792 sicut

1971 560 2163 608 natura
2209 555 2459 626 simplici,
2521 556 2624 616 hoc
2675 561 2776 616 est'
2805 577 2910 616 una
2950 563 3422 633 prtedestinatione
3469 583 3554 623 se-

1970 643 2202 698 cundum
2241 661 2336 702 eos
2381 647 2552 705 bonos
2595 650 2871 722 malosque
2917 652 3195 724 complexa
3237 655 3326 710 sit.
3364 655 3467 723 Qui
3507 659 3551 713 si

1970 734 2285 792 intueantur
2321 739 2456 794 alios
2491 754 2611 796 esse
2643 744 2734 809 qui
2785 744 2850 798 ad
2902 747 3178 802 dexteram
3225 749 3396 818 gratia
3445 758 3554 804 sta-

1972 832 2214 892 tuuntur,
2246 827 2380 884 alios
2408 831 2498 900 qui
2523 832 2590 886 ad
2619 833 2892 889 sinistram
2915 836 3124 906 justitia
3153 837 3550 908 relinquuntur,

1973 919 2255 973 tamenetsi
2305 919 2411 986 sit,
2455 929 2514 976 ut
2561 922 2787 992 volunt,
2846 927 3068 997 simplex
3113 930 3551 998 praedestinatio,

1969 1007 2236 1079 duplicem
2282 1013 2400 1081 ejus
2445 1029 2550 1069 non
2597 1015 2869 1086 negabunt
2907 1017 3193 1084 ell‘ectum,
3239 1037 3361 1097 cum
3409 1023 3552 1078 aliud

1970 1097 2040 1151 sit
2067 1098 2300 1154 debitam
2333 1116 2547 1171 poenam
2579 1103 2757 1170 luere,
2799 1107 2940 1162 aliud
2984 1110 3274 1180 gratuitam
3321 1111 3550 1181 gloriam

1970 1198 2268 1258 reportare.
2298 1189 2409 1247 Nec
2436 1193 2463 1232 δ
2487 1194 2644 1250 docto
2666 1211 2784 1251 Vtro
2800 1199 2948 1253 verbi
2974 1199 3296 1256 calumniam
3328 1201 3554 1259 ulterius

1969 1282 2074 1337 nisi
2119 1285 2466 1340 contentione
2514 1286 2981 1357 impudentissima
3023 1294 3454 1350 commovebunt.
3507 1297 3554 1350 Α

1970 1387 2074 1443 qua
2118 1381 2298 1430 tamen
2357 1385 2414 1430 ut
2463 1378 2680 1433 tandem
2725 1379 3016 1451 aliquando
3063 1384 3466 1453 conquiescant,
3497 1395 3554 1442 et

1968 1461 2178 1517 docturi
2208 1465 2358 1534 prius
2388 1476 2411 1505 ο
2455 1466 2522 1522 ad
2552 1468 2800 1524 doctores
2845 1472 3103 1527 accedant
3148 1473 3395 1541 docendi,
3441 1490 3551 1532 non

1963 1551 2294 1622 judicaturi;
2328 1566 2646 1612 reecnseant
2692 1560 3016 1614 sententiam
3060 1560 3154 1616 Dei
3213 1564 3280 1618 ad
3333 1564 3552 1620 beatum

1968 1639 2069 1696 Job
2104 1659 2117 1696 :
2161 1641 2414 1714 Nunquid
2467 1646 2619 1708 nosti,
2657 1646 2850 1718 inquit,
2883 1649 3117 1705 ordinem
3154 1651 3289 1717 caeli,
3317 1663 3365 1707 et
3391 1671 3551 1723 pones

1969 1734 2224 1787 rationem
2249 1733 2363 1803 ejus
2385 1735 2441 1789 in
2465 1737 2643 1790 terra?
2666 1737 2786 1808 (Job
2825 1739 3075 1811 xxxviii.)
3097 1751 3152 1796 et
3177 1742 3392 1798 beatum
3417 1743 3552 1800 Gre-

282 1813 475 1868 beatus
526 1811 758 1870 Jacobus
802 1814 935 1871 dicit
979 1816 1120 1888 (Jac.
1158 1819 1224 1885 ι),
1275 1824 1712 1894 concupiscentia
1768 1844 1864 1884 sua
1895 1821 1941 1880 Β
1969 1823 2176 1892 gorium
2220 1833 2274 1878 et
2304 1838 2514 1880 summe
2537 1826 2751 1882 doctum
2785 1836 2839 1884 et
2875 1829 3010 1884 mire
3033 1828 3322 1886 facundum
3355 1832 3408 1886 in
3431 1832 3548 1902 ejus

281 1904 540 1958 abs:racti
571 1913 628 1958 et
673 1904 836 1959 illecti
882 1907 1128 1962 recidunt
1162 1909 1473 1979 criminosi;
1506 1915 1599 1968 sed
1625 1916 1691 1969 ad
1722 1933 1866 1973 mor-

282 2002 391 2050 tem
419 1996 727 2059 secundam,
764 2011 924 2066 quam
974 2014 1192 2057 necesse
1247 2010 1330 2057 est
1377 2005 1672 2074 patiantur,
1708 2011 1867 2065 retri-

281 2089 484 2143 buente
524 2086 823 2156 justissimo
861 2087 1075 2158 judice;
1127 2108 1220 2148 seu
1257 2096 1347 2159 qui
1389 2105 1515 2152 ante
1556 2111 1864 2170 perceptam

279 2179 510 2248 gratiam
539 2179 792 2238 baptismi
840 2181 1122 2238 discedunt
1147 2185 1214 2240 de
1247 2188 1480 2255 szeculo;
1513 2190 1625 2246 sive
1673 2194 1764 2262 qui
1809 2195 1861 2250 in

279 2282 512 2322 vacuum
565 2270 796 2339 gratiam
848 2270 943 2326 Dei
990 2274 1311 2344 recipientes
1339 2319 1356 2344 ,
1420 2289 1541 2350 post
1585 2293 1861 2354 acceptum

278 2359 614 2429 baptismum
657 2376 830 2432 usque
874 2363 926 2417 in
972 2363 1132 2420 tinem
1180 2371 1462 2437 prmsentis
1490 2374 1614 2428 vita:
1657 2376 1864 2432 malunt

279 2450 423 2504 servi
483 2467 602 2507 esse
641 2455 884 2521 peccati,
933 2470 1033 2510 nec
1079 2457 1284 2523 volunt.
1336 2461 1462 2516 dum
1523 2472 1733 2536 tempus
1779 2478 1864 2523 est

279 2541 633 2609 acceptabile,
659 2551 714 2597 et
741 2544 856 2600 dies
881 2545 1089 2613 salutis,
1117 2551 1357 2605 converti
1389 2567 1418 2606 a
1460 2554 1542 2607 via
1575 2573 1670 2610 sua
1721 2559 1862 2615 mala

276 2641 338 2685 nt
361 2633 564 2697 vivant,
601 2644 652 2688 et
699 2636 1006 2704 ignorantes
1029 2641 1282 2708 quoniam
1314 2642 1616 2713 benignitas
1667 2648 1759 2703 Dei
1794 2650 1860 2705 ad

279 2726 650 2798 jﬂ‘mlentiam
703 2742 795 2783 eos
838 2729 1081 2799 adducit,
1115 2733 1216 2804 ipsi
1265 2737 1561 2792 secundum
1605 2739 1859 2796 duritiam

277 2836 434 2874 suam
463 2829 518 2875 et
545 2818 890 2891 imptenitens
931 2837 1026 2876 cor
1071 2822 1440 2882 thesaurizant
1485 2828 1586 2884 sibi
1615 2829 1748 2886 iram
1805 2832 1860 2888 in

277 2912 366 2966 die
395 2913 486 2966 ira:
515 2922 571 2968 et
593 2912 940 2973 revelationis
962 2915 1092 2982 justi
1114 2915 1301 2984 judicii
1327 2918 1442 2975 Dei.
1479 2941 1498 2972 ι

349 3002 479 3058 Item
530 3017 555 3044 ﬂ
628 3005 864 3064 Joannes
939 3005 1196 3064 Ecclesiae
1266 3010 1525 3070 Romana:
1600 3017 1860 3076 diaconus

274 3095 684 3164 praedestinatos
743 3099 911 3155 malos
962 3100 1303 3158 sermonibus
1360 3102 1503 3158 beati
1569 3107 1855 3180 Augustini

274 3188 586 3254 expressit,
636 3188 819 3244 volens
865 3192 1149 3248 ostendere
1198 3195 1324 3263 quid
1395 3195 1665 3268 signiticet
1725 3200 1853 3257 illud

277 3275 506 3333 Genesis
555 3279 690 3350 (cup.
720 3281 758 3350 I)
809 3299 820 3334 :
871 3273 1438 3357 Congregcnturbqitre
1461 3307 1578 3359 quia
1608 3291 1701 3346 sub
1730 3292 1858 3348 coelo

273 3378 396 3422 sunt
448 3369 503 3422 in
534 3368 704 3424 locum
736 3387 920 3439 unum,
949 3383 997 3426 et
1029 3385 1275 3444 appareat
1305 3378 1457 3432 arida
1486 3395 1499 3432 :
1537 3399 1555 3432 ι
1593 3381 1730 3450 Quid
1751 3394 1852 3451 est,

275 3457 474 3528 inquit,
498 3459 672 3514 arida.
700 3458 755 3514 In
788 3459 1027 3516 Ecclesia
1054 3461 1204 3517 arida
1227 3473 1452 3520 vocatur
1471 3472 1649 3526 omnis
1676 3473 1857 3529 anima

273 3552 465 3609 sitiens
512 3554 817 3610 Dominum.
867 3554 1174 3627 Segregatae
1231 3567 1357 3614 sunt
1405 3562 1549 3616 enim
1600 3578 1774 3634 aquae,
1804 3575 1860 3622 et

278 3645 532 3713 apparuit
555 3645 726 3700 arida.
755 3645 901 3701 Mare
927 3646 1028 3702 hoc
1051 3648 1301 3704 saeculum
1334 3661 1437 3719 est,
1466 3663 1520 3708 et
1557 3670 1710 3724 aqua:
1738 3672 1858 3727 qua:

272 3747 402 3793 sunt
414 3752 612 3794 amara:
627 3749 920 3812 segregata:
941 3750 1088 3807 sunt,
1108 3751 1162 3807 et
1188 3755 1524 3816 congregata:
1550 3748 1603 3801 in
1631 3763 1857 3820 congre-

272 3829 491 3900 gatione
538 3845 666 3896 una,
720 3831 772 3886 id
819 3840 905 3886 est
957 3833 1350 3902 przedestinataz
1395 3853 1446 3891 ιιι
1481 3854 1643 3893 unum
1676 3839 1858 3908 linem,

269 3934 383 3988 quo
427 3919 609 3990 dirigit
637 3921 778 3976 Deus
803 3922 1143 3992 omnipotens
1163 3941 1297 3995 quos
1312 3936 1524 3997 separat
1548 3944 1577 3982 a
1600 3931 1854 3986 sanctis.»

345 4011 582 4066 Isidorus
606 4012 889 4082 episcopus
922 4013 974 4068 in
1008 4013 1145 4070 libro
1169 4014 1572 4073 Sententiarum
1612 4019 1744 4090 (lib.
1777 4039 1814 4077 ιι
1843 4065 1858 4088 ,

271 4117 322 4153 c.
362 4099 467 4170 6):
514 4119 532 4152 ι
569 4099 792 4156 Gemina
852 4111 975 4170 est,
1024 4104 1217 4174 inquit,
1276 4109 1698 4176 praedestinatio,
1747 4112 1862 4169 sive

271 4190 569 4246 electorum
613 4192 774 4263 262
827 4193 893 4248 ad
951 4195 1213 4264 requiem,
1255 4195 1368 4252 sive
1413 4198 1761 4267 reproborum
1792 4202 1860 4256 ad

271 4293 525 4340 mortem.
592 4305 611 4338 ι
656 4285 809 4342 Hunc
857 4295 1036 4342 tamen
1088 4290 1304 4357 quidam
1356 4291 1858 4360 reprehendendum

270 4384 469 4448 putant
497 4383 639 4446 quod
666 4378 958 4448 geminam,
1007 4379 1108 4434 hoc
1156 4388 1261 4446 est,
1291 4380 1555 4452 duplicem
1587 4385 1862 4452 praedesti-

347 4507 1005 4582 n__Joaiines‘Diaconus.
1061 4509 1227 4579 IIujus
1273 4520 1357 4566 est
1407 4528 1536 4582 ergo
1591 4514 1858 4582 expositio

272 4579 337 4652 in
395 4558 1004 4652 aestuosam?
1050 4558 1226 4636 ὖέἑτῖῗ
1252 4558 1858 4652 ειῖἷὲιοῖῗιυόᾇῦἴᾜῑῖ
1886 4558 1935 4616 D

272 4647 417 4774 alii:
464 4644 634 4704 sancti
667 4648 909 4719 Gregorii
948 4665 1139 4721 papae,
1187 4667 1293 4707 non
1342 4644 1477 4709 adeo
1523 4644 1856 4724 exploratum

315 4734 346 4773 a
423 4729 526 4774 IIII'.

315 4729 526 4774 abetur.

347 4789 386 4832 λ
411 4789 575 4843 Docto
605 4791 738 4844 viro.
778 4789 1005 4847 Isidoro.
1071 4814 1080 4822 ·

350 4869 374 4898 ο
405 4860 490 4914 Ad
519 4860 776 4914 doctores.
809 4861 1072 4915 Nimirum
1104 4861 1349 4926 docendi,
1400 4873 1460 4917 ut
1501 4865 1681 4920 statim
1733 4865 1864 4920 dicit

271 4928 479 5005 Lupus.
506 4929 639 5005 Nam
685 4931 1075 5005 disc_ere_pr_ius
1110 4934 1350 5005 quisque_
1383 4933 1528 5005 debet
1580 4945 1858 5005 antequam

271 5001 459 5073 doceat
476 5017 494 5065 ;
524 5009 582 5055 ut
609 5000 678 5073 _i_n
714 5001 948 5073 epistola
976 5000 1278 5073 23_scribit
1305 5001 1586 5057 Hormisda
1620 5000 1856 5073 pontifex

273 5070 572 5142 Romanus.
609 5069 771 5126 Unde"
800 5080 857 5126 et
896 5073 1010 5126 hzec
1045 5071 1368 5128 leestinus
1413 5089 1546 5142 papa
1589 5069 1861 5130 scribebat

273 5141 344 5196 ad
375 5141 657 5211 episcopos
682 5142 1080 5211 provinciarum
1121 5141 1442 5198 Viennensis
1467 5141 1521 5197 et
1551 5143 1860 5198 Narbonen-

271 5211 398 5282 sis:
442 5230 462 5264 ς
512 5210 700 5267 Sciant
743 5213 886 5282 quod
933 5212 1034 5266 sibi
1085 5228 1272 5269 omnes
1337 5213 1426 5282 qui
1479 5213 1618 5270 male
1665 5214 1860 5269 docent

272 5281 492 5354 discere
543 5283 715 5352 magis
758 5298 822 5354 ac
872 5283 1044 5354 magis
1086 5281 1366 5352 competat
1399 5299 1560 5353 quam
1583 5285 1797 5354 docere.
1833 5304 1851 5337 ι

272 5349 522 5424 Julianus
549 5349 762 5422 quoque
796 5351 906 5406 Pou
930 5349 1099 5419 crius,
1149 5349 1291 5408 haud
1330 5349 1496 5408 multo
1526 5364 1648 5424 post
1687 5353 1860 5424 Coele—

272 5421 476 5476 stinum
501 5463 516 5486 ,
546 5421 786 5492 graviter
813 5425 1247 5492 conquerebatur
1271 5424 1324 5480 in
1370 5425 1506 5480 libro
1528 5421 1590 5480 in
1640 5425 1706 5480 de
1740 5423 1854 5478 Vita

271 5492 692 5566 contemplativa
747 5508 863 5566 cap.
912 5494 980 5566 ll}
1021 5508 1142 5566 esse
1189 5496 1448 5564 quosdam
1486 5497 1585 5566 (qui
1631 5495 1854 5566 gestiunt

273 5561 461 5636 docere
485 5561 628 5636 Quod
655 5561 912 5636 nesciunt.
941 5562 1093 5631 Quod
1121 5561 1283 5620 etiam
1312 5566 1453 5636 dolet
1476 5561 1532 5621 δῖ
1563 5561 1856 5636 Gregorius

273 5631 329 5706 in
381 5631 602 5706 prologo
651 5633 718 5687 ad
748 5702 761 5706 _
790 5632 1004 5706 librum
1037 5636 1267 5704 primum
1325 5635 1480 5693 Cura:
1546 5631 1851 5706 pastoralis.

274 5700 561 5756 Eamdem'
579 5702 852 5778 querelam
897 5700 1076 5778 acrius
1116 5715 1300 5778 movet
1347 5700 1726 5778 Hieronymus,
1758 5722 1856 5777 pro

273 5786 429 5827 more
469 5773 609 5840 suo,"
635 5773 690 5828 in
734 5773 958 5844 cpistola
1001 5778 1066 5830 ad
1115 5775 1398 5830 Paulinum
1431 5773 1802 5850 presbyterum
1838 5795 1851 5831 :

1967 1914 2340 1986 explanatione
2393 1917 2892 1987 praedestinationes
2937 1919 3131 1990 plurali
3179 1936 3404 1976 numero
3455 1938 3552 1992 po-

1965 2008 2136 2064 suisse
2168 2008 2444 2063 invenient
2479 2009 2697 2079 (Μοι-αΙ.
2734 2011 2826 2067 lib.
2858 2027 2987 2079 xxx,
3032 2028 3153 2084 cap.
3186 2015 3298 2084 I8).
3331 2035 3350 2066 ι
3386 2013 3546 2071 Ordi-

1965 2115 2111 2164 nem,
2148 2100 2340 2170 inquit,
2369 2100 2491 2156 cmli
2538 2117 2716 2168 nosse,
2746 2113 2827 2157 est
2857 2118 3217 2174 supernarum
3241 2105 3549 2176 dispositio-

1964 2205 2092 2244 num
2121 2189 2359 2244 occultas
2400 2188 2427 2228 ἀ
2470 2190 2974 2259 ρι’ωάρειίιιειιίοιιεε
3011 2193 3234 2259 videre;
3282 2195 3546 2250 rationem

1962 2293 2091 2336 vero
2133 2278 2249 2349 ejus
2278 2281 2330 2334 in
2360 2287 2504 2335 terra
2557 2295 2776 2350 ponere,
2807 2291 2892 2338 est
2939 2291 3064 2339 ante
3111 2284 3346 2339 humana
3376 2285 3541 2341 corda

1963 2372 2150 2428 talium
2184 2382 2512 2429 secretorum
2543 2388 2735 2429 causas
2773 2375 3002 2446 aperire.
3032 2394 3052 2427 ι

2034 2467 2110 2523 De
2139 2466 2310 2522 libero
2340 2467 2579 2522 Arbitrio
2607 2467 2796 2524 beatus
2840 2467 3169 2539 Augustinus
3199 2469 3251 2522 in
3303 2469 3441 2523 libro
3473 2470 3545 2524 ad

1961 2557 2308 2612 Laurentium
2358 2558 2484 2626 quid
2535 2558 2872 2613 sentiendum
2928 2560 3012 2614 his
3060 2561 3241 2616 verbis
3277 2561 3536 2616 ostendit.
3625 2635 3628 2640 _

1961 2651 2168 2706 Libero
2183 2650 2407 2706 arbitrio
2432 2649 2572 2706 male
2593 2659 2748 2705 utens
2768 2651 2930 2706 homo
2958 2661 3014 2707 et
3043 2667 3100 2707 se
3122 2652 3352 2723 perdidit
3371 2661 3427 2708 et
3457 2653 3539 2722 ip-

1961 2757 2101 2796 sum.
2131 2739 2284 2796 Sicut
2313 2740 2454 2795 enim
2484 2739 2574 2808 qui
2610 2753 2670 2792 se
2703 2739 2919 2804 occidit,
2965 2741 3149 2810 utique
3203 2741 3427 2796 vivendo
3483 2756 3542 2796 se

1961 2833 2176 2898 occidit,
2202 2833 2294 2886 sed
2321 2847 2379 2887 se
2403 2831 2700 2886 occidendo
2734 2845 2839 2887 non
2893 2832 3046 2898 vivit,
3099 2847 3198 2888 nec
3247 2846 3306 2886 se
3362 2819 3536 2902 Ipsum

1960 2923 2161 2994 poterit
2185 2921 2504 2977 resuscitare
2521 2936 2640 2975 cum
2669 2920 2946 2987 occiderit,
2968 2921 3040 2976 ita
3071 2937 3194 2976 cum
3223 2921 3392 2976 libero
3413 2937 3537 2992 pce-

1959 3021 2109 3070 caret
2151 3011 2396 3078 arbitrio,
2449 3011 2651 3067 victore
2679 3020 2896 3082 peccato
2935 3012 3193 3067 amissum
3220 3021 3303 3067 est
3329 3021 3381 3067 et
3408 3013 3541 3068 libe-

1961 3121 2082 3160 rum
2129 3103 2433 3158 arbitrium.
2465 3102 2508 3155 A
2538 3116 2644 3171 quo
2669 3101 2811 3156 enim
2843 3105 2964 3171 quis
3011 3102 3254 3157 devictus
3279 3111 3382 3167 est,
3411 3102 3538 3157 huic

1883 3169 1928 3232 Ο
1959 3206 2014 3252 et
2040 3212 2228 3252 servus
2262 3195 2506 3250 addictus
2526 3169 2626 3248 est.
2677 3193 2838 3265 263
2861 3169 3008 3248 I‘etri
3049 3202 3196 3249 certe
3210 3193 3436 3264 apostoli
3457 3203 3543 3250 est

1959 3290 2060 3345 ista
2081 3287 2344 3344 sententia
2362 3304 2373 3338 τ
2389 3299 2509 3356 qum
2533 3300 2653 3339 cum
2680 3299 2804 3339 vera
2830 3284 2922 3350 sit,
2938 3284 3132 3355 qualis,
3149 3299 3349 3355 quaeso,
3371 3293 3544 3355 potest

1958 3379 2099 3436 servi
2130 3377 2325 3432 addicti
2350 3391 2468 3431 esse
2499 3375 2736 3441 libertas,
2762 3375 2861 3430 nisi
2894 3373 3106 3445 quando
3152 3391 3274 3430 cum
3316 3390 3545 3446 peccare

1958 3470 2222 3530 delectat?
2241 3467 2567 3525 Liberaliter
2593 3466 2737 3522 enim
2791 3467 2960 3522 servit
2998 3467 3090 3536 qui
3113 3468 3192 3521 sui
3218 3467 3418 3522 domini
3447 3482 3543 3522 vo-

1958 3567 2218 3621 luntatem
2236 3563 2466 3618 libenter
2492 3558 2830 3631 facit,acper
2847 3556 2947 3611 hoc
2973 3556 3038 3610 ad
3068 3557 3396 3626 peccandum
3413 3556 3548 3610 liber

1960 3672 2044 3716 est
2084 3657 2177 3729 qui
2225 3655 2430 3728 peccati
2462 3669 2650 3710 servus
2672 3661 2771 3706 est.
2808 3648 2958 3708 Unde
2979 3648 3045 3703 ad
3069 3661 3212 3716 juste
3237 3646 3541 3701 faciendum

1958 3751 2096 3806 liber
2108 3763 2212 3804 non
2227 3748 2352 3810 erit,
2367 3745 2470 3800 nisi
2487 3761 2516 3799 a
2531 3751 2754 3815 peccato
2770 3741 3052 3806 liberatus,
3068 3754 3186 3795 esse
3199 3739 3423 3811 jtlstititc
3436 3751 3546 3792 cm-

1959 3841 2100 3913 perit
2128 3853 2336 3896 servus.
2367 3837 2488 3906 Ipsa
2516 3842 2599 3913 e_st
2626 3849 2754 3888 vera
2780 3834 2998 3888 libertas
3021 3842 3240 3902 prepter
3266 3831 3392 3886 recti
3419 3829 3543 3886 llach

1959 3902 2253 3996 licentiam,
2273 3902 2431 3983 simul
2452 3935 2503 3981 et
2527 3902 2618 3997 pia
2640 3924 2874 3980 servitus
2899 3933 3119 3994 propter
3147 3923 3396 3994 praecepti
3419 3923 3540 3977 obe-

1961 4021 2243 4079 dientiam.
2276 4018 2382 4074 Sed
2413 4018 2481 4072 ad
2514 4018 2651 4071 bene
2678 4014 2980 4068 faciendum
3025 4015 3127 4068 ista
3157 4012 3379 4068 libertas
3402 4013 3543 4068 unde

1962 4115 2067 4172 erit
2092 4111 2299 4168 homini
2328 4109 2542 4165 addicto
2571 4115 2628 4162 et
2652 4105 2888 4172 vendito,
2921 4107 3019 4160 nisi
3039 4121 3159 4160 eum
3185 4106 3413 4160 redimat
3443 4123 3540 4160 cu-

1955 4206 2044 4276 jus
2074 4204 2160 4259 illa
2181 4217 2284 4257 vox
2311 4185 2431 4256 est:
2463 4195 2520 4254 Si
2560 4214 2646 4253 vos
2696 4195 2869 4251 Filius
2911 4196 3225 4261 liberaverit,
3264 4206 3386 4250 tunc
3428 4213 3546 4250 vere

1961 4297 2108 4350 liberi
2136 4293 2320 4349 eritis?
2347 4288 2527 4363 (Joan.
2559 4286 2700 4358 vni.)
2727 4285 2876 4354 Quod
2906 4294 3193 4356 antequam
3221 4286 3332 4340 lieri
3365 4285 3417 4338 in
3449 4285 3546 4340 ho-

1965 4387 2109 4441 mine
2139 4382 2378 4453 incipiat,
2405 4377 2673 4450 quomodo
2709 4377 2992 4447 quisquam
3025 4376 3091 4430 de
3121 4373 3287 4430 libero
3314 4375 3540 4429 arbitrio

1970 4537 1988 4570 ι
2030 4514 2154 4573 Sola
2185 4515 2587 4588 Scripturarum
2616 4509 3056 4588 ars_est_,_iuquit,
3086 4523 3246 4588 quam
3291 4505 3544 4588 sibipas-

1963 4588 2063 4644 sim
2114 4575 2645 4642 omnes-vindicant.
2694 4575 2992 4635 Scribimus
3037 4575 3234 4631 indocti
3293 4575 3543 4644 doctique

1959 4665 2207 4730 poemata
2247 4651 2658 4730 passim.__IIanc
2702 4649 2916 4730 garrula
2962 4662 3115 4730 anus,
3168 4647 3307 4728 hanc
3343 4645 3544 4726 delirus

1961 4717 2146 4788 senex,
2179 4717 2320 4780 hanc
2365 4723 2604 4796 sophista
2626 4717 2891 4796 verbosus
2915 4759 2928 4780 ,
2975 4718 3111 4772 hanc
3141 4717 3375 4796 universi
3405 4731 3540 4796 prte-

1961 4786 2220 4861 sumunt,
2271 4786 2551 4858 lacerant,
2607 4791 2814 4861 docent
2852 4799 2977 4861 ante
3024 4801 3186 4856 quam
3248 4786 3474 4861 discant.
3521 4808 3538 4834 ι

1962 4869 2102 4936 Quin
2130 4876 2185 4922 et
2208 4857 2518 4939 Bernardus
2545 4875 2773 4939 quoque
2806 4860 2856 4913 in
2895 4857 3546 4939 lioc.ar_gmn6nto_vehe-

1964 4927 2115 4994 mcns
2145 4953 2265 4992 esse
2310 4927 2716 4995 videturfduin
2759 4931 2873 4984 bzec
2917 4927 3114 4982 scribit
3147 4927 3199 4980 in
3238 4927 3414 4996 capite
3453 4941 3542 4980 se-

1965 5009 2140 5064 cundo
2188 5007 2256 5060 de
2309 5005 2429 5060 Vita
2487 5001 2665 5077 sancti-
2709 4999 2986 5054 Malachim
3024 4997 3266 5077 z'ygant
3313 4997 3545 5077 [ioc-qui

1964 5081 2149 5133 docere
2189 5093 2306 5148 qua:
2350 5091 2454 5148 non
2487 5072 2710 5148 didicere
2735 5079 3006 5148 conantur.
3169 5083 3267 5148 nos
3295 5067 3545 5148 videlicet

1965 5137 2226 5218 exemplis
2249 5161 2314 5200 ac
2356 5141 2693 5218 documentis
2734 5139 2987 5218 instruxit
3019 5137 3311 5208 antiquitas
3325 5154 3354 5218 ;_
3379 5149 3436 5192 ut
3462 5138 3536 5192 in-

1969 5209 2328 5290 tclligéremus
2357 5213 2630 5268 vitandam
2668 5213 2719 5264 in
2746 5209 2938 5275 primis
2963 5224 3081 5290 esse
3112 5209 3448 5290 arogantiam
3479 5223 3543 5261 ac

1965 5278 2115 5360 prius
2146 5288 2354 5360 discere
2379 5300 2482 5360 _nos
2506 5290 2976 5360 oportereﬂquanr
3006 5279 3142 5360 alios
3181 5278 3375 5360 docere
3400 5293 3539 5360 pra;~

1966 5348 2262 5414 sumamus.
2293 5356 2427 5412 Vide
2475 5348 2720 5411 sanctum
2757 5349 3073 5421 Gregorium
3123 5350 3176 5404 in
3223 5349 3360 5404 libro
3411 5364 3427 5402 ι
3476 5348 3544 5402 de

1961 5427 2384 5505 Curapasto‘rali.
2405 5439 2524 5505 cap.
2556 5425 2607 5478 1.
2704 5491 2748 5505 η
2791 5493 2802 5505 0
3009 5501 3018 5505 _
3095 5491 3126 5505 ,Δ
3175 5491 3206 5505 Δ,
3469 5487 3514 5505 η,

2047 5499 2074 5538 d
2125 5489 2645 5552 Prtedestinat'iones.
2704 5491 2839 5546 IIuic
2901 5491 3208 5546 auctoritati
3281 5506 3338 5545 se
3399 5489 3544 5542 suni-

1961 5572 2171 5648 cien_ter
2197 5567 2540 5648 respondisse
2579 5563 3020 5648 aitnlllncmar'us
3042 5562 3094 5615 in
3121 5575 3239 5648 cap.
3353 5568 3540 5648 {postc-

1961 5640 2120 5695 riuris
2152 5632 2331 5708 operis
2365 5647 2628 5694 adversus
2653 5632 3110 5694 licitesehalcuin,
3141 5632 3196 5684 in
3245 5632 3421 5700 capite
3460 5646 3541 5682 sc-
3604 5655 3628 5662 κ

1960 5711 2137 5767 condo
2160 5709 2380 5780 epilogi.
