4034 6298
526 350 630 407 659

1566 355 1625 409 Β.
1670 354 1728 411 s.
1767 354 1925 413 LUPI
1961 330 2254 413 saeuis
2291 338 2827 417 rennsmuusm'
3667 365 3753 422 eoo

523 468 578 522 iu
605 465 746 520 bono
795 464 1059 534 gloriatur
1104 480 1283 536 opere,
1312 464 1405 546 qui
1453 466 1689 521 nondum
1734 473 1818 521 est
1869 467 2005 522 liber
2032 468 2101 522 ad
2129 472 2178 530 Α
2204 467 2341 540 fugit
2370 478 2560 524 natura
2586 478 2645 525 ut
2672 466 2985 526 miseriam?
3007 471 3135 542 quid
3167 472 3246 529 sic
3297 474 3493 546 appetit
3520 484 3577 532 ut
3612 477 3761 537 beati

522 558 856 621 onerandum
900 557 1073 613 bene?
1112 558 1258 628 (cap.
1286 544 1402 629 δῖ.)
1451 556 1561 612 Nisi
1589 571 1649 612 se
1688 572 1824 613 vana
1849 558 2102 628 superbia

416 692 429 699 -
522 649 740 705 inﬂatus
766 648 1009 715 extollat,
1067 664 1228 720 quam
1278 649 1495 705 cohibet
1545 649 1834 719 Apostolus
1870 650 2100 706 dicens:

523 739 712 795 Gratia
752 741 884 796 salvi
930 740 1061 811 facti
1087 739 1212 794 estis
1259 756 1353 810 per
1396 739 1554 809 [idem
1581 739 1797 811 (Ephes.
1824 738 1919 810 tt);
1960 749 2104 795 etne

522 833 697 902 ipsam
723 832 827 887 sibi
865 831 1058 887 saltem
1086 830 1246 886 ﬁdem
1270 831 1350 886 sic
1381 819 1701 902 arrogareut
1725 837 1784 884 ut
1809 845 1916 884 non
1945 828 2102 883 intel-

522 926 750 998 ligerent
779 926 1040 981 divinitus
1063 940 1184 982 esse
1207 926 1476 988 donatam,
1505 927 1646 981 sicut
1685 926 1825 980 idem
1875 926 2108 996 Aposto-

522 1017 608 1073 lus
641 1016 747 1070 alio
772 1016 895 1072 loco
919 1030 978 1071 se
1002 1016 1132 1072 dicit
1163 1025 1222 1071 ut
1260 1017 1433 1072 ﬁdelis
1478 1025 1624 1073 esset
1676 1016 2103 1072 misericordiam

522 1116 894 1172 consecutum,
935 1106 1019 1164 hic
1066 1111 1278 1178 quoque
1325 1107 1584 1180 adiunxit]
1610 1117 1771 1179 atque
1808 1110 1904 1175 ait,
1932 1110 2105 1164 ethoc

523 1213 626 1253 non
656 1213 722 1251 ea:
745 1198 914 1263 vobis,
940 1199 1031 1253 sed
1051 1198 1148 1254 Dei
1169 1199 1364 1254 donum
1406 1210 1482 1255 est
1505 1199 1552 1271 (l
1580 1198 1704 1255 Cor.
1735 1202 1858 1272 vn),
1889 1217 1995 1258 non
2037 1217 2103 1257 ex

520 1288 792 1357 operibus,
819 1304 888 1344 ne
919 1288 1057 1344 forte
1089 1290 1210 1360 quis
1249 1290 1558 1346 extollatur.
1591 1291 1658 1346 Et
1688 1306 1755 1347 ne
1789 1296 2113 1363 putarentur

523 1381 770 1437 tidelibus
813 1383 953 1438 bona
999 1399 1162 1454 opera
1222 1383 1490 1450 defutura,
1516 1401 1708 1441 rursus
1733 1386 1975 1457 adjecit:
2011 1382 2106 1456 Ip‘

520 1474 631 1529 sius
647 1474 785 1529 enim
808 1492 988 1530 sumus
1021 1475 1343 1547 figmentum,
1373 1480 1535 1532 creati
1570 1478 1623 1532 in
1665 1477 1874 1534 Christo
1900 1476 2027 1533 Iesu
2052 1478 2108 1533 in

522 1563 761 1631 operibus
783 1565 950 1632 bonis,
975 1583 1096 1636 qua!
1114 1567 1425 1638 prwparavit
1448 1567 1608 1631 Deus,
1635 1577 1690 1622 ut
1714 1568 1769 1622 iu
1792 1566 1899 1622 illis
1922 1568 2109 1623 ambu-

521 1655 686 1709 lemus
712 1653 927 1729 (Ephes.
976 1656 1058 1724 tt).
1091 1657 1244 1714 Tunc
1284 1674 1414 1732 ergo
1441 1658 1706 1715 eﬂicimur
1732 1674 1877 1716 vere
1928 1660 2106 1728 liberi,

522 1760 644 1801 cum
667 1745 811 1803 Deus
840 1763 940 1804 nos
992 1749 1166 1820 ﬁngit,
1193 1751 1244 1806 id
1277 1760 1359 1807 est
1406 1750 1607 1807 format
1635 1762 1690 1808 et
1714 1761 1884 1819 creat,
1914 1770 2020 1811 non
2049 1765 2106 1811 ut

2209 556 2450 613 tudinem
2470 559 2500 610 Ἰ
2525 558 2766 628 Denique
2786 559 3017 616 liberum
3041 560 3327 617 arbitrium
3343 564 3481 633 quod
3510 564 3575 621 de
3596 566 3684 623 hac
3708 584 3755 625 re

2203 647 2466 705 habemus
2493 649 2565 704 ita
2599 650 2759 706 nobis
2804 651 3125 707 naturaliter
3175 652 3396 709 insitum
3449 665 3529 711 est
3557 657 3756 712 utnulla

2205 742 2422 798 miseria
2444 743 2601 799 nobis
2626 745 2797 814 possit
2837 744 3059 812 auferri,
3083 746 3227 816 quod
3275 747 3457 802 miseri
3484 763 3601 803 esse
3630 748 3759 804 nolo.

2208 850 2344 896 mus,
2374 843 2431 889 et
2459 834 2705 891 volumus
2730 837 2897 902 beati,
2925 852 3099 907 usque
3130 838 3266 893 adeo
3293 847 3351 892 ut
3379 839 3539 893 etiam
3567 840 3659 909 ipsi
3682 840 3758 909 qui

2207 926 2346 983 male
2371 928 2598 983 vivendo
2626 940 2749 985 sunt
2775 931 2981 998 miseri,
3012 931 3152 987 male
3179 933 3361 987 vivere
3375 934 3584 1002 quidem
3599 934 3758 997 velint,

2206 1021 2379 1076 nolint
2410 1031 2588 1078 tamen
2614 1038 2734 1079 esse
2762 1026 3088 1091 miseri,sed
3138 1026 3304 1084 beati.
3360 1025 3473 1081 Iloc
3529 1035 3608 1081 est
3652 1024 3761 1079 illud

2208 1115 2492 1170 arbitrium
2551 1116 2603 1170 in
2646 1118 2846 1173 nostris
2895 1119 3165 1174 mentibus
3217 1119 3560 1175 itnmobiliter
3600 1118 3758 1182 ﬁxum,

2208 1194 2313 1261 non
2341 1224 2447 1278 quo
2486 1210 2623 1265 bene
2669 1225 2830 1281 agere
2858 1210 3103 1267 volumus
3136 1210 3282 1285 (nam
3337 1212 3390 1267 id
3419 1213 3645 1268 humana
3679 1210 3764 1265 ini-

2208 1297 2411 1367 quitate
2434 1299 2705 1368 potuimus
2727 1300 2997 1365 amittere,
3031 1309 3085 1356 et
3104 1303 3277 1378 gratia
3300 1316 3585 1371 possumus
3608 1300 3762 1355 divina

2209 1386 2519 1458 recipere),
2550 1388 2643 1444 sed
2671 1388 2896 1444 liberum
2923 1390 3231 1458 arbitrium,
3262 1407 3371 1461 quo
3397 1391 3543 1447 beati
3561 1406 3671 1445 esse
3691 1402 3765 1444 vo-

2210 1476 2405 1542 lumus,
2441 1486 2496 1532 et
2527 1478 2708 1534 miseri
2745 1479 3016 1546 nolumus,
3051 1495 3150 1536 nec
3177 1481 3359 1535 miseri
3388 1489 3612 1552 possunt
3633 1478 3766 1533 amit-

2212 1576 2351 1631 tere,
2380 1568 2479 1623 nec
2506 1566 2708 1624 beati.)
2726 1567 2855 1624 Item
2893 1579 3014 1641 post
3039 1585 3244 1641 pauca:
3269 1591 3287 1623 ‹
3311 1569 3422 1626 Hoc
3449 1569 3668 1626 libermn
3690 1584 3767 1623 ar-

2211 1658 2433 1714 bitrium
2456 1657 2742 1729 adiuvatur
2764 1676 2863 1733 per
2895 1661 2988 1717 Dei
3013 1662 3261 1735 gratiam,
3297 1672 3355 1717 ut
3380 1650 3525 1735 quod
3575 1670 3769 1716 natura-

2210 1748 2337 1804 liter
2360 1749 2622 1814 volumus,
2656 1750 2759 1807 hoc
2782 1760 2904 1809 est:
2931 1752 3086 1807 beate
3110 1753 3312 1817 vivere,
3371 1753 3510 1808 bene
3567 1750 3769 1806 vivendo

522 1837 794 1903 homines,
815 1840 957 1910 quod
975 1839 1086 1908 jam
1109 1840 1255 1909 fecit,
1283 1843 1376 1898 sed
1398 1853 1459 1898 ut
1481 1843 1607 1899 boni
1635 1844 1887 1901 homines
1914 1846 2101 1913 simus,
2135 1829 2182 1888 Β
2209 1841 2410 1896 habere
2444 1841 2736 1911 possimus.
2778 1860 2797 1893 )
2831 1839 2984 1909 Quod
3033 1849 3219 1896 reatus
3248 1840 3455 1910 peccati
3506 1855 3769 1911 regenera-

524 1929 665 1998 quod
688 1944 829 1986 nunc
852 1933 1023 2002 gratia
1053 1948 1151 1987 sua
1184 1932 1334 2000 facit,
1375 1942 1435 1989 ut
1467 1936 1637 1992 simus
1657 1937 1709 1992 in
1738 1936 1954 1994 Christo
1978 1937 2106 1994 Jesu

524 2036 662 2075 nova
688 2033 959 2083 creatura.
986 2026 1280 2080 secundum
1309 2027 1451 2096 quod
1483 2026 1685 2083 dictum
1706 2035 1819 2083 est:
1841 2027 1946 2082 Cor
1964 2046 2109 2084 mun-

523 2113 650 2167 dum
680 2130 796 2168 crea
824 2115 880 2168 in
902 2130 1003 2180 me,
1031 2114 1166 2170 Deus
1187 2114 1360 2188 (Psal.
1379 2116 1453 2187 ι).
1481 2115 1665 2188 Neque
1685 2118 1828 2173 enim
1852 2133 1948 2174 cor
1969 2116 2106 2191 ejus,

524 2204 690 2278 264
709 2214 964 2274 quantum
998 2206 1232 2276 pertinet
1256 2208 1321 2263 ad
1350 2217 1596 2263 naturam
1635 2208 1812 2265 cordis
1865 2210 2106 2279 humani,

527 2310 634 2351 non
687 2297 799 2368 jam
861 2306 1144 2353 creaverat
1190 2300 1326 2355 Deus
1377 2300 1514 2372 (cap.
1545 2300 1660 2371 22).
1707 2299 1839 2357 Item
1869 2316 1935 2358 ne
1960 2303 2110 2374 quis-

523 2404 713 2458 quam,
745 2388 847 2443 etsi
877 2405 984 2443 nou
1012 2390 1077 2446 de
1107 2391 1384 2461 operibus,
1416 2392 1482 2446 de
1508 2392 1625 2463 ipso
1650 2392 1910 2465 glorietur
1939 2393 2110 2457 libero

524 2476 816 2535 voluntatis
845 2480 1095 2547 arbitrio,
1124 2491 1381 2554 tanquam
1430 2485 1499 2539 ab
1529 2485 1645 2555 ipso
1696 2485 1919 2558 incipiat
1953 2487 2111 2541 meri-

525 2584 659 2637 tam,
689 2572 775 2627 cui
809 2580 1061 2643 tanquam
1094 2575 1334 2631 debitum
1368 2577 1624 2632 reddatur
1651 2579 1931 2647 prmmium
1973 2578 2109 2635 bene

522 2665 780 2735 operaudi
811 2666 922 2738 ipsa
950 2656 1194 2732 libertas,
1218 2668 1665 2726 audiateumdem
1691 2671 1880 2742 gratiae
1907 2688 2107 2744 praeco-

524 2772 649 2811 nem
683 2757 948 2813 dicentem
977 2774 991 2812 :
1026 2758 1164 2814 Deus
1190 2760 1326 2814 enim
1354 2770 1428 2814 est
1459 2762 1548 2832 qui
1590 2772 1839 2833 operatur
1885 2780 1942 2819 in
1970 2765 2110 2820 vobis

522 2859 570 2904 et
596 2850 721 2905 velle
742 2859 788 2906 et
830 2852 1036 2924 operari
1081 2870 1175 2924 pro
1206 2853 1339 2907 bona
1367 2853 1626 2909 voluntate
1667 2854 1919 2928 (Philipp.
1948 2858 2032 2931 II),
2056 2867 2111 2913 et

522 2940 629 2996 alio
663 2940 817 2997 loco:
846 2941 1023 3015 Igitur
1078 2961 1181 2999 non
1230 2944 1468 3010 volentis,
1513 2963 1676 3017 neque
1713 2949 1987 3014 currentis,
2020 2949 2112 3004 sed

523 3035 811 3090 miserentis
856 3045 927 3090 est
976 3036 1071 3091 Dei
1119 3037 1296 3109 (Rom.
1328 3037 1429 3110 lx),
1471 3054 1591 3093 cum
1634 3040 1819 3110 procul
1859 3042 2039 3107 dubio,
2066 3043 2111 3098 si

525 3127 688 3182 homo
708 3127 825 3199 ejus
847 3116 1132 3185 mtatis'est
1160 3138 1216 3184 ut
1244 3131 1452 3186 ratione
1472 3128 1585 3200 jatn
1623 3142 1826 3199 utatur,
1859 3150 1963 3188 non
1986 3149 2110 3205 pos-

2211 1932 2377 1998 tione,
2401 1930 2632 1999 hoc'est,
2660 1932 2985 2002 baptismate
3015 1931 3276 1997 solvatur,
3307 1931 3587 1987 conﬂictus
3614 1939 3769 1984 autem

2209 2020 2327 2091 ejus
2353 2022 2790 2089 adhuc‘maneat,
2825 2022 2876 2078 in
2907 2024 3095 2079 eodem
3124 2037 3288 2094 opere
3336 2032 3664 2078 memoratus
3687 2036 3769 2074 au-

2209 2122 2328 2171 ctor
2381 2115 2688 2184 expressit:
2725 2135 2745 2166 ‹
2775 2115 2912 2183 Quid
2966 2113 3166 2185 litigas,
3216 2115 3415 2184 inquit,
3445 2114 3513 2169 de
3540 2112 3768 2183 concupi-

2210 2205 2414 2262 scentia
2444 2205 2706 2278 litigante,
2742 2206 2845 2260 hoc
2867 2215 2968 2267 est,
3003 2205 3068 2260 de
3093 2204 3210 2277 lege
3257 2206 3309 2260 in
3353 2204 3610 2261 membris
3634 2214 3771 2275 repu-

2209 2311 2408 2374 gnante
2429 2300 2531 2373 legi
2558 2296 2798 2357 mentis?
2820 2299 2928 2355 Lex
2956 2300 3161 2370 peccati
3193 2299 3414 2365 dicitur,
3445 2300 3569 2369 quia
3602 2297 3771 2353 suadet

2209 2404 2450 2468 peccata,
2484 2403 2664 2467 atque,
2684 2402 2740 2450 ut
2772 2395 2846 2449 ita
2872 2393 3126 2461 dixerim,
3168 2390 3344 2462 jubet,
3372 2391 3498 2446 etsi
3538 2389 3586 2446 ei
3618 2395 3773 2442 mente

2210 2487 2499 2552 serviatur,
2521 2487 2637 2541 sine
2658 2486 3006 2542 excusatione
3034 2492 3309 2555 peccatur.
3335 2482 3623 2537 Peccatum
3645 2478 3766 2534 diei-

2211 2587 2302 2633 tur
2324 2578 2436 2648 ipsa
2488 2577 2947 2647 concupiscentia,
2979 2575 3103 2646 quia
3138 2582 3365 2645 peccato
3391 2571 3535 2627 facta
3560 2578 3661 2635 est,
3692 2583 3770 2638 ap-

2210 2669 2450 2740 petitque
2469 2682 2715 2739 peccare.
2753 2666 2955 2723 Beatus
2983 2664 3101 2736 ejus
3130 2663 3546 2736 regeneratione
3588 2660 3775 2716 solutus

2211 2773 2312 2827 est,
2337 2758 2620 2816 conﬂictus
2666 2758 2785 2828 ejus
2835 2759 2902 2814 ad
2937 2773 3160 2829 agonem
3212 2755 3435 2812 relictus
3464 2762 3569 2810 est.
3596 2752 3771 2808 Malum

2209 2851 2328 2922 ejus
2349 2853 2551 2909 clarum
2582 2860 2683 2906 est.
2707 2850 2825 2906 Non
2849 2849 3055 2905 viribus
3075 2857 3275 2904 nostra:
3295 2846 3608 2912 voluntatis,
3635 2842 3780 2916 266

2210 2955 2270 3000 ut
2298 2952 2477 3015 putas,
2513 2944 2640 3000 huic
2663 2943 2999 3008 obsistimus,
3025 2940 3125 2996 nisi
3174 2941 3433 2996 divinitus
3460 2940 3773 3012 adjuvemur.

2214 3034 2596 3093 Debellandum
2633 3038 2736 3092 hoc
2789 3036 2988 3092 malum
3014 3042 3114 3098 est,
3145 3050 3250 3090 non
3296 3033 3642 3105 negandum;
3677 3029 3777 3083 vin-

2213 3130 2442 3185 cendum
2499 3137 2601 3193 est,
2660 3144 2764 3183 non
2820 3125 3194 3182 dill‘ereudum.
3228 3126 3412 3180 sltem
3448 3132 3567 3195 post
3614 3135 3776 3176 rerum

525 3217 597 3271 sit
618 3194 861 3281 credere,
893 3233 1136 3288 sperare,
1191 3218 1437 3292 diligere,
1470 3194 1568 3276 nisi
1603 3222 1752 3289 velit,
1786 3194 1886 3279 nec
1914 3194 2106 3294 perve-
2135 3194 2180 3254 δ
2218 3219 2445 3275 aliarum
2472 3219 2860 3297 amplissiman
2885 3217 3302 3287 disputationem
3332 3233 3346 3270 :
3378 3234 3396 3267 ι
3433 3210 3774 3281 Tam,inquit,

528 3308 647 3364 nire
670 3310 735 3363 ad
758 3309 989 3365 oalmam
1020 3326 1269 3382 superna:
1293 3312 1594 3369 vocationis
1620 3313 1736 3378 Dei,
1783 3315 1883 3371 nisi
1926 3314 2113 3370 volun-

526 3408 638 3454 tate
669 3402 989 3456 cucurrerit.
1024 3401 1305 3470 Quomodo
1344 3419 1473 3474 ergo
1519 3421 1623 3459 non
1667 3405 1903 3473 uolentis,
1951 3423 2114 3478 neque

525 3491 805 3556 currentis,
838 3491 938 3546 nisi
976 3493 1100 3564 quia
1144 3503 1199 3549 et
1227 3494 1340 3564 ipsa
1368 3494 1635 3561 voluntas,
1667 3496 1809 3552 sicut
1851 3497 2112 3569 scriptum

527 3592 630 3647 est,
653 3597 684 3636 a
720 3583 830 3639 Deo
857 3586 1228 3656 pméparatur?

600 3674 732 3729 Item
781 3675 835 3730 in
890 3675 1025 3733 libro
1054 3674 1500 3749 de,C6rreptione
1536 3687 1590 3735 et
1617 3677 1805 3735 Gratia
1835 3680 1973 3751 (cap.
2004 3681 2057 3749 l)
2095 3698 2109 3733 :

533 3782 551 3813 ι
590 3763 869 3832 Liberum,
896 3765 1093 3837 inquit,
1137 3767 1419 3823 arbitrium
1451 3776 1506 3823 et
1529 3767 1597 3823 ad
1626 3767 1822 3839 malum
1847 3778 1902 3824 et
1924 3768 1989 3824 ad
2020 3769 2115 3824 bo-

530 3874 657 3913 num
684 3857 988 3914 iaciendum
1017 3859 1383 3917 conﬁtendum
1412 3846 1496 3918 est
1522 3877 1624 3946 .os
1654 3864 1876 3920 habere.
1922 3862 2027 3919 Sed
2060 3864 2115 3919 iu

529 3946 673 4002 malo
698 3947 1099 4014 faciendoliber
1135 3960 1218 4005 est
1263 3951 1492 4023 quisque
1540 3952 1764 4022 iustitiae
1817 3969 2117 4026 servosque

530 4039 739 4107 peccati
764 4056 781 4107 ;
815 4040 869 4093 in
888 4041 1031 4097 bono
1057 4054 1238 4098 autem
1259 4044 1396 4101 liber
1415 4060 1536 4102 esse
1564 4047 1742 4102 nullus
1770 4029 1969 4118 potest,
2008 4047 2115 4103 nisi

531 4130 698 4185 fuerit
728 4130 991 4187 liberatus
1009 4122 1076 4189 ab
1103 4149 1170 4190 eo
1188 4135 1281 4206 qui
1309 4135 1446 4191 dixit
1477 4156 1490 4191 :
1516 4134 1575 4192 Si
1599 4154 1686 4192 vos
1718 4135 1893 4193 Filius
1926 4137 2117 4193 libera-

534 4226 680 4289 rerit,
735 4233 860 4279 tunc
908 4242 1021 4280 rere
1048 4225 1195 4281 liberi
1220 4228 1363 4283 erilis
1388 4228 1573 4300 (Joan.
1604 4228 1744 4299 VIII).
1768 4228 1880 4286 Nec
1935 4230 2007 4284 ita
2058 4240 2119 4287 ut

531 4330 655 4368 cum
685 4315 914 4387 quisque
941 4313 1107 4370 fuerit
1141 4332 1170 4370 a
1208 4319 1415 4387 peccati
1454 4319 1798 4374 damnatione
1834 4319 2116 4386 liberatus,

528 4407 642 4476 jam
674 4424 777 4462 non
811 4407 1047 4477 indigeat
1088 4408 1169 4464 sui
1200 4408 1507 4466 liberatoris
1532 4412 1734 4467 auxilio
1760 4429 1775 4479 ;
1802 4414 1896 4470 sed
1924 4414 1997 4470 ita
2024 4430 2119 4485 po-

533 4500 637 4553 tius
664 4508 723 4553 ιιι
748 4500 816 4556 ab
854 4499 946 4553 illo
974 4500 1218 4563 audiens,
1252 4501 1362 4555 sine
1388 4518 1468 4555 me
1504 4503 1633 4556 nihil
1683 4506 1897 4575 potestis
1946 4507 2122 4577 facere

533 4590 713 4661 (Joun.
750 4596 861 4664 xv),
893 4592 1040 4648 dicat
1072 4592 1121 4646 ei
1170 4600 1224 4646 et
1288 4592 1443 4663 ipse:
1479 4594 1706 4665 Adjutor
1749 4613 1892 4652 meus
1923 4615 1997 4664 es,
2060 4615 2124 4654 ne

532 4684 865 4757 derelinquas
918 4703 998 4742 me
1044 4684 1217 4756 (Psal.
1264 4688 1432 4759 xxvi).
1482 4709 1501 4742 ι
1552 4689 1685 4745 Item
1725 4700 1847 4762 post
1899 4694 2117 4750 multa:

541 4796 558 4823 ι
591 4774 862 4840 Liberum,
901 4777 1098 4848 inquit,
1136 4780 1418 4835 arbitrium
1448 4782 1516 4836 ad
1556 4782 1756 4838 malum
1805 4783 2023 4850 sullicit,
2051 4787 2119 4841 ad

536 4866 734 4921 bonum
767 4879 947 4925 autem
990 4886 1218 4942 parvum
1255 4881 1358 4936 est,
1388 4874 1490 4928 nisi
1537 4874 1820 4945 adjuvetur
1850 4877 1917 4932 ab
1944 4879 2118 4932 omni-

535 4968 755 5031 mteute
807 4961 965 5017 bono.
1005 4983 1022 5014 ι
1055 4962 1187 5017 Item
1217 4963 1269 5017 in
1306 4963 1447 5020 libro
1477 4965 1543 5020 de
1578 4965 1728 5022 Dono
1771 4983 2121 5037 perseveran-

535 5054 624 5107 tiae
675 5054 815 5123 (cap.
846 5052 938 5123 7):
977 5072 994 5105 ι
1032 5054 1134 5121 Qui
1190 5071 1296 5111 non
1348 5055 1581 5112 infertur
1638 5058 1691 5113 in
1746 5061 2119 5125 tentationem,

536 5161 641 5200 non
665 5143 897 5202 discedit
923 5159 953 5198 a
977 5144 1088 5200 Deo
1120 5164 1134 5199 :
1166 5163 1271 5203 non
1326 5159 1409 5203 est
1442 5150 1801 5213 hocomuino
1832 5153 1886 5206 in
1918 5153 2125 5208 virilms

534 5237 687 5293 liberi
717 5235 950 5305 arbitrii,
978 5238 1164 5307 quales
1190 5256 1332 5295 nunc
1380 5250 1523 5305 sunt,
1576 5253 1799 5313 peccato
1851 5246 2120 5313 resistere,

535 5328 679 5397 quod
709 5338 886 5385 tamen
917 5330 1096 5388 fuerat
1131 5330 1184 5386 in
1213 5332 1431 5387 homine
1454 5340 1745 5403 antequam
1784 5333 2022 5390 raderet.
2059 5356 2080 5389 ι

603 5420 766 5494 265
803 5420 946 5478 Idem
981 5429 1174 5481 aucior
1202 5421 1257 5476 in
1293 5430 1594 5478 memorato
1619 5438 1782 5494 opere
1811 5434 1999 5480 contra
2029 5423 2118 5479 Ju-

535 5514 759 5570 Iianum.
801 5533 821 5567 (
853 5514 1118 5583 Hominis,
1144 5515 1341 5585 inquit,
1371 5515 1600 5572 liberum
1644 5518 1925 5574 arbitrium
1983 5534 2118 5574 con-

534 5609 794 5679 genitum,
831 5613 1130 5669 etomuino
1161 5608 1544 5676 inasnissibile,
1576 5611 1704 5665 illud
1731 5620 1813 5664 est
1842 5627 1949 5680 quo
1978 5610 2119 5665 beati

534 5716 655 5758 esse
710 5719 898 5760 omnes
958 5704 1162 5770 volunt,
1192 5705 1358 5761 etiam
1404 5702 1438 5756 ii
1491 5702 1583 5771 qui
1604 5718 1668 5757 ea
1694 5702 1877 5757 nolunt
1903 5716 2025 5772 qua:
2049 5701 2119 5755 ad

486 5789 490 5794 ’
538 5791 923 5851 beatitudinem
949 5795 1167 5850 ducunt.
1202 5814 1219 5847 ι
1249 5795 1377 5851 Item
1436 5803 1553 5864 post
1586 5792 1749 5846 multa
1778 5808 1790 5845 :
1820 5810 1838 5843 ι
1870 5791 2010 5858 Quid
2044 5792 2124 5847 sic

2153 4548 2200 4608 D

2217 3311 2512 3383 malignum
2542 3310 2754 3366 esthoc
2787 3310 3041 3367 szeculum
3075 3318 3134 3365 ut
3166 3309 3269 3364 nisi
3295 3308 3499 3364 exitum
3528 3307 3649 3362 hinc
3680 3305 3778 3359 fue-

2215 3402 2309 3467 rit,
2333 3400 2599 3472 promissa
2629 3400 2843 3470 requies
2867 3400 3020 3455 nobis
3045 3400 3234 3454 adesse
3258 3414 3361 3453 non
3386 3398 3575 3468 possit.
3600 3394 3776 3463 Quam-

2215 3492 2299 3547 vis
2328 3507 2427 3562 per
2453 3490 2952 3562 praavaricationem
2996 3490 3154 3559 primi
3185 3489 3421 3544 hominis
3443 3487 3595 3542 labor
3616 3495 3773 3558 poste-

2221 3583 2293 3637 ris
2326 3581 2446 3653 ejus
2479 3582 2779 3645 advenerit,
2809 3589 2987 3634 tamen
3011 3581 3173 3634 etiam
3215 3589 3365 3634 reatu
3403 3576 3777 3649 praevaricatio-

2217 3674 2302 3730 nis
2329 3674 2471 3729 illius
2498 3689 2656 3745 quem
2690 3672 2952 3727 traximus
2968 3672 3080 3743 jam
3103 3671 3298 3734 soluto,
3326 3682 3377 3726 ut
3404 3670 3526 3724 fidei
3554 3682 3778 3726 exercea—

2220 3776 2306 3823 tur
2336 3781 2588 3832 examen,
2634 3765 2788 3821 labor
2843 3773 3089 3819 remanet
3124 3765 3189 3819 ad
3254 3775 3552 3819 certamen.
3582 3761 3777 3832 Oportet

2220 3860 2362 3916 enim
2394 3874 2494 3915 nos
2524 3866 2734 3914 certare
2763 3872 2886 3912 cum
2917 3855 3066 3911 vitiis
3091 3867 3146 3911 et
3174 3856 3228 3910 in
3260 3856 3376 3926 ipSo
3404 3855 3689 3911 certamine
3713 3850 3779 3903 la-

2219 3950 2414 4005 borare
2451 3949 2623 4004 donec
2635 3946 2867 4003 donetur
2890 3947 3045 4002 nobis
3071 3945 3437 4001 adversarium
3456 3959 3563 3999 non
3583 3944 3774 3997 habere.

2219 4042 2558 4112 Quapropter
2582 4048 2641 4095 ut
2667 4040 2792 4095 boni
2823 4038 3152 4109 praeliatores
3181 4035 3546 4108 perducantur
3570 4032 3633 4087 ad
3659 4043 3774 4101 prm-
3812 4054 3815 4055 ν

2220 4135 2352 4200 mia,
2405 4132 2667 4205 supplicia
2737 4139 3023 4187 vertuntur
3074 4129 3130 4184 in
3190 4127 3391 4200 przelia.
3450 4124 3776 4181 Parvulorum

2220 4241 2436 4297 quoque
2466 4225 2641 4280 soluto
2663 4232 2817 4280 reatu
2862 4220 3220 4293 originaliter,
3265 4211 3551 4290 propterea
3595 4214 3778 4310 labores

2223 4326 2462 4381 manent,
2513 4316 2759 4387 quamvis
2807 4330 2872 4370 ex
2916 4313 3035 4383 ipso
3090 4320 3242 4366 reatu
3284 4308 3581 4364 doceantur
3604 4307 3774 4361 exorti,

2226 4411 2351 4472 auia
2376 4410 2539 4464 etiam
2568 4408 2649 4463 sic
2671 4407 2783 4462 Deo
2806 4404 3006 4476 placuit
3047 4402 3204 4457 tidem
3230 4401 3462 4472 probare
3512 4395 3770 4465 majorum.

2227 4501 2272 4556 Α
2300 4501 2497 4573 quibus
2520 4501 2665 4555 enim
2688 4497 2988 4554 olferuntur
3014 4504 3071 4549 ut
3107 4501 3520 4565 regenerentur,
3556 4488 3775 4561 qualiset

2226 4602 2425 4666 quanta
2456 4592 2587 4648 ﬁdes
2613 4601 2758 4647 esset
2787 4604 2967 4646 rerum
2992 4587 3361 4649 invisibilium,
3390 4585 3434 4640 si
3466 4580 3684 4639 visibilis
3704 4592 3775 4632 re-

2225 4685 2528 4741 muneratio
2553 4682 2810 4737 continuo
2835 4687 3255 4750 scquerctur,ac
3282 4691 3388 4730 non
3420 4675 3613 4745 potius,
3634 4670 3776 4725 dilata

2223 4777 2412 4846 requie
2438 4792 2557 4847 quae
2577 4776 2927 4846 promittitur,
2959 4781 3211 4845 ageretur
3229 4771 3351 4827 ﬁdei
3381 4770 3645 4841 negotium
3671 4776 3774 4818 cum

2222 4868 2404 4931 corde,
2446 4881 2550 4920 non
2574 4880 2695 4920 cum
2731 4865 2921 4927 oculis,
2948 4878 3010 4919 ac
3037 4866 3115 4918 sic
3140 4862 3379 4917 futurum
3409 4860 3672 4919 szeculum,
3701 4850 3775 4905 ubi

2225 4959 2355 5015 nulli
2389 4956 2599 5013 laborés
2619 4965 2798 5021 erunt,
2821 4957 2963 5026 quod
2997 4954 3232 5010 nondum
3260 4952 3493 5015 videtur,
3526 4957 3580 5005 et
3614 4945 3773 5003 cretic-

2226 5063 2375 5109 retur
2403 5052 2673 5108 sincerius
2694 5060 2749 5123 et
2778 5048 3192 5117 desiderabilius
3217 5053 3586 5117 quaereretur;
3610 5056 3668 5095 ac
3697 5052 3776 5106 per

2226 5149 2328 5203 hoc
2363 5148 2503 5200 Deus
2530 5145 2744 5215 labores
2783 5151 3020 5205 nostros,
3057 5141 3108 5194 id
3155 5150 3239 5194 est
3280 5153 3468 5209 pinnas
3495 5145 3696 5191 nostras
3719 5128 3777 5182 ad

2225 5239 2486 5295 utilitates
2539 5247 2750 5292 nostras
2799 5233 3030 5291 mirabili
3081 5231 3411 5302 benignitate
3456 5226 3722 5285 convertit.
3754 5238 3769 5269 ι

2222 5333 2353 5388 Item
2396 5333 2453 5386 in
2509 5330 2698 5386 eodem
2744 5343 2949 5398 opere:
2985 5346 3003 5378 c
3036 5324 3301 5392 Quoniam
3355 5332 3476 5393 post
3524 5318 3772 5391 pristinam

2228 5423 2463 5486 ruinam,
2494 5421 2688 5492 inquit,
2719 5428 2829 5475 tam
2855 5434 3073 5491 gravem
3097 5426 3157 5472 ut
3182 5418 3235 5471 in
3264 5416 3423 5485 hujus
3462 5405 3772 5469 mortalitatis

2228 5517 2502 5573 miseriam
2535 5515 2874 5578 cadet-emus,
2906 5511 3057 5582 prius
3081 5511 3223 5565 Deus
3251 5523 3350 5563 nos
3378 5516 3585 5563 certare
3611 5496 3771 5556 voluit.

2227 5610 2436 5665 donans
2492 5604 2647 5661 nobis
2679 5616 2733 5658 ut
2762 5604 2880 5675 ejus
2905 5617 3130 5675 agamur
3158 5600 3384 5671 Spiritu,
3412 5608 3467 5655 et
3520 5588 3772 5669 mortilice-

2229 5715 2349 5753 mus
2391 5712 2554 5767 opera
2608 5696 2811 5761 carnis,
2843 5702 3007 5764 atque
3050 5693 3167 5763 ipso
3218 5691 3381 5745 dante
3410 5686 3674 5744 victoriam
3697 5686 3774 5746 ρετ

2232 5791 2515 5847 Dominum
2546 5798 2788 5844 nustrmn
2813 5787 2997 5845 Iesum
3022 5784 3182 5857 267
3211 5782 3486 5840 Christum
3530 5781 3581 5835 iu
3600 5782 3769 5831 ostenta
