  <div class='ocr_page' id='page_1' title='image "/cluster/home/n/w/nwhite01/storage/ocr_20150623/119/hvd.32044015466915/336.png"; bbox 0 0 4034 6298; ppageno 0'>
   <div class='ocr_carea' id='block_1_1' title="bbox 247 356 347 413">
    <p class='ocr_par' dir='ltr' id='par_1_1' title="bbox 247 356 347 413">
     <span class='ocr_line' id='line_1_1' title="bbox 247 356 347 413; baseline -0.02 0"><span class='ocrx_word' id='word_1_1' title='bbox 247 356 347 413; x_wconf 70' lang='grc'><strong>661</strong></span> 
     </span>
    </p>
   </div>
   <div class='ocr_carea' id='block_1_2' title="bbox 1198 346 2539 417">
    <p class='ocr_par' dir='ltr' id='par_1_2' title="bbox 1198 346 2539 417">
     <span class='ocr_line' id='line_1_2' title="bbox 1198 346 2539 417; baseline -0.001 -11"><span class='ocrx_word' id='word_1_2' title='bbox 1198 347 1531 406; x_wconf 85' lang='lat' dir='ltr'><strong>COLLECT.</strong></span> <span class='ocrx_word' id='word_1_3' title='bbox 1569 347 1657 402; x_wconf 83' lang='lat' dir='ltr'><strong>DE</strong></span> <span class='ocrx_word' id='word_1_4' title='bbox 1696 346 1949 404; x_wconf 79' lang='lat' dir='ltr'><strong>TRIBUS</strong></span> <span class='ocrx_word' id='word_1_5' title='bbox 1987 346 2539 417; x_wconf 69' lang='lat' dir='ltr'><strong>QUASSTIONIBUS.</strong></span> 
     </span>
    </p>
   </div>
   <div class='ocr_carea' id='block_1_3' title="bbox 3405 296 3509 402">
    <p class='ocr_par' dir='ltr' id='par_1_3' title="bbox 3405 296 3509 402">
     <span class='ocr_line' id='line_1_3' title="bbox 3405 296 3509 402; baseline 0 -1"><span class='ocrx_word' id='word_1_6' title='bbox 3405 296 3509 402; x_wconf 59' lang='lat' dir='ltr'><strong>ea</strong></span> 
     </span>
    </p>
   </div>
   <div class='ocr_carea' id='block_1_4' title="bbox 244 458 3505 539">
    <p class='ocr_par' dir='ltr' id='par_1_4' title="bbox 244 458 3505 539">
     <span class='ocr_line' id='line_1_4' title="bbox 244 458 3505 539; baseline -0.002 -12"><span class='ocrx_word' id='word_1_7' title='bbox 244 460 368 527; x_wconf 82' lang='lat' dir='ltr'><strong>cum</strong></span> <span class='ocrx_word' id='word_1_8' title='bbox 397 469 488 524; x_wconf 93' lang='lat' dir='ltr'><strong>illo</strong></span> <span class='ocrx_word' id='word_1_9' title='bbox 512 474 697 539; x_wconf 87' lang='lat' dir='ltr'><strong>postea</strong></span> <span class='ocrx_word' id='word_1_10' title='bbox 740 480 873 539; x_wconf 98' lang='lat' dir='ltr'><strong>pace</strong></span> <span class='ocrx_word' id='word_1_11' title='bbox 918 477 1227 535; x_wconf 88' lang='lat' dir='ltr'><strong>regnemus,</strong></span> <span class='ocrx_word' id='word_1_12' title='bbox 1257 462 1503 533; x_wconf 86' lang='lat' dir='ltr'><strong>profecto</strong></span> <span class='ocrx_word' id='word_1_13' title='bbox 1532 461 1634 517; x_wconf 87' lang='lat' dir='ltr'><strong>nisi</strong></span> <span class='ocrx_word' id='word_1_14' title='bbox 1687 461 1825 515; x_wconf 85' lang='lat' dir='ltr'><strong>Deus</strong></span> <span class='ocrx_word' id='word_1_15' title='bbox 1855 465 1899 524; x_wconf 85' lang='grc' dir='ltr'>Α</span> <span class='ocrx_word' id='word_1_16' title='bbox 1929 463 2128 531; x_wconf 78' lang='lat' dir='ltr'><strong>decuit,</strong></span> <span class='ocrx_word' id='word_1_17' title='bbox 2156 465 2438 521; x_wconf 87' lang='lat' dir='ltr'><strong>universos</strong></span> <span class='ocrx_word' id='word_1_18' title='bbox 2466 463 2715 519; x_wconf 89' lang='lat' dir='ltr'><strong>instituit.</strong></span> <span class='ocrx_word' id='word_1_19' title='bbox 2760 461 2837 519; x_wconf 79' lang='lat' dir='ltr'><strong>Ex</strong></span> <span class='ocrx_word' id='word_1_20' title='bbox 2900 458 3017 534; x_wconf 87' lang='lat' dir='ltr'><strong>ejus</strong></span> <span class='ocrx_word' id='word_1_21' title='bbox 3059 462 3293 520; x_wconf 78' lang='lat' dir='ltr'><strong>decretis</strong></span> <span class='ocrx_word' id='word_1_22' title='bbox 3340 466 3505 520; x_wconf 87' lang='lat' dir='ltr'><strong>verba</strong></span> 
     </span>
    </p>
   </div>
   <div class='ocr_carea' id='block_1_5' title="bbox 243 550 1827 628">
    <p class='ocr_par' dir='ltr' id='par_1_5' title="bbox 243 550 1827 628">
     <span class='ocr_line' id='line_1_5' title="bbox 243 550 1827 628; baseline -0.007 -11"><span class='ocrx_word' id='word_1_23' title='bbox 243 562 405 628; x_wconf 88' lang='lat' dir='ltr'><strong>adsit,</strong></span> <span class='ocrx_word' id='word_1_24' title='bbox 437 574 596 615; x_wconf 91' lang='lat' dir='ltr'><strong>nemo</strong></span> <span class='ocrx_word' id='word_1_25' title='bbox 623 566 709 614; x_wconf 90' lang='lat' dir='ltr'><strong>est</strong></span> <span class='ocrx_word' id='word_1_26' title='bbox 734 557 957 612; x_wconf 89' lang='lat' dir='ltr'><strong>idoneus</strong></span> <span class='ocrx_word' id='word_1_27' title='bbox 1012 562 1224 610; x_wconf 90' lang='lat' dir='ltr'><strong>certare</strong></span> <span class='ocrx_word' id='word_1_28' title='bbox 1254 569 1375 609; x_wconf 90' lang='lat' dir='ltr'><strong>cum</strong></span> <span class='ocrx_word' id='word_1_29' title='bbox 1403 553 1568 617; x_wconf 90' lang='lat' dir='ltr'><strong>vitiis,</strong></span> <span class='ocrx_word' id='word_1_30' title='bbox 1600 565 1670 607; x_wconf 93' lang='lat' dir='ltr'><strong>ne</strong></span> <span class='ocrx_word' id='word_1_31' title='bbox 1711 550 1827 606; x_wconf 86' lang='lat' dir='ltr'><strong>sine</strong></span> 
     </span>
    </p>
   </div>
   <div class='ocr_carea' id='block_1_6' title="bbox 241 643 1825 720">
    <p class='ocr_par' dir='ltr' id='par_1_6' title="bbox 241 643 1825 720">
     <span class='ocr_line' id='line_1_6' title="bbox 241 643 1825 720; baseline -0.007 -11"><span class='ocrx_word' id='word_1_32' title='bbox 241 652 539 709; x_wconf 81' lang='lat' dir='ltr'><strong>certamine</strong></span> <span class='ocrx_word' id='word_1_33' title='bbox 565 649 911 720; x_wconf 87' lang='lat' dir='ltr'><strong>pertrahatur</strong></span> <span class='ocrx_word' id='word_1_34' title='bbox 938 647 1007 701; x_wconf 88' lang='lat' dir='ltr'><strong>ab</strong></span> <span class='ocrx_word' id='word_1_35' title='bbox 1031 646 1134 711; x_wconf 91' lang='lat' dir='ltr'><strong>eis,</strong></span> <span class='ocrx_word' id='word_1_36' title='bbox 1163 653 1257 703; x_wconf 91' lang='lat' dir='ltr'><strong>aut</strong></span> <span class='ocrx_word' id='word_1_37' title='bbox 1284 661 1353 700; x_wconf 89' lang='lat' dir='ltr'><strong>ne</strong></span> <span class='ocrx_word' id='word_1_38' title='bbox 1370 643 1483 713; x_wconf 88' lang='lat' dir='ltr'><strong>jam</strong></span> <span class='ocrx_word' id='word_1_39' title='bbox 1523 653 1740 701; x_wconf 84' lang='lat' dir='ltr'><strong>certans</strong></span> <span class='ocrx_word' id='word_1_40' title='bbox 1768 643 1825 698; x_wconf 91' lang='lat' dir='ltr'><strong>in</strong></span> 
     </span>
    </p>
   </div>
   <div class='ocr_carea' id='block_1_7' title="bbox 242 734 1826 812">
    <p class='ocr_par' dir='ltr' id='par_1_7' title="bbox 242 734 1826 812">
     <span class='ocr_line' id='line_1_7' title="bbox 242 734 1826 812; baseline -0.006 -17"><span class='ocrx_word' id='word_1_41' title='bbox 242 740 361 812; x_wconf 91' lang='lat' dir='ltr'><strong>ipsa</strong></span> <span class='ocrx_word' id='word_1_42' title='bbox 390 755 579 796; x_wconf 89' lang='lat' dir='ltr'><strong>eorum</strong></span> <span class='ocrx_word' id='word_1_43' title='bbox 601 736 1000 795; x_wconf 80' lang='lat' dir='ltr'><strong>conﬂictatione</strong></span> <span class='ocrx_word' id='word_1_44' title='bbox 1012 737 1281 791; x_wconf 85' lang='lat' dir='ltr'><strong>vincatur.</strong></span> <span class='ocrx_word' id='word_1_45' title='bbox 1306 734 1433 791; x_wconf 89' lang='lat' dir='ltr'><strong>Ideo</strong></span> <span class='ocrx_word' id='word_1_46' title='bbox 1454 735 1508 789; x_wconf 91' lang='lat' dir='ltr'><strong>in</strong></span> <span class='ocrx_word' id='word_1_47' title='bbox 1533 735 1635 790; x_wconf 89' lang='lat' dir='ltr'><strong>hoc</strong></span> <span class='ocrx_word' id='word_1_48' title='bbox 1655 747 1826 805; x_wconf 92' lang='lat' dir='ltr'><strong>agone</strong></span> 
     </span>
    </p>
   </div>
   <div class='ocr_carea' id='block_1_8' title="bbox 242 823 1824 903">
    <p class='ocr_par' dir='ltr' id='par_1_8' title="bbox 242 823 1824 903">
     <span class='ocr_line' id='line_1_8' title="bbox 242 823 1824 903; baseline -0.004 -19"><span class='ocrx_word' id='word_1_49' title='bbox 242 830 417 903; x_wconf 72' lang='lat' dir='ltr'><strong>magis</strong></span> <span class='ocrx_word' id='word_1_50' title='bbox 446 846 545 886; x_wconf 87' lang='lat' dir='ltr'><strong>nos</strong></span> <span class='ocrx_word' id='word_1_51' title='bbox 567 830 710 885; x_wconf 84' lang='lat' dir='ltr'><strong>Deus</strong></span> <span class='ocrx_word' id='word_1_52' title='bbox 745 827 912 883; x_wconf 90' lang='lat' dir='ltr'><strong>voluit</strong></span> <span class='ocrx_word' id='word_1_53' title='bbox 931 825 1266 882; x_wconf 76' lang='lat' dir='ltr'><strong>orationibus</strong></span> <span class='ocrx_word' id='word_1_54' title='bbox 1295 834 1504 880; x_wconf 90' lang='lat' dir='ltr'><strong>certare</strong></span> <span class='ocrx_word' id='word_1_55' title='bbox 1530 840 1691 895; x_wconf 87' lang='lat' dir='ltr'><strong>quam</strong></span> <span class='ocrx_word' id='word_1_56' title='bbox 1728 823 1824 879; x_wconf 82' lang='lat' dir='ltr'><strong>.vi-</strong></span> 
     </span>
    </p>
   </div>
   <div class='ocr_carea' id='block_1_9' title="bbox 242 919 1825 994">
    <p class='ocr_par' dir='ltr' id='par_1_9' title="bbox 242 919 1825 994">
     <span class='ocr_line' id='line_1_9' title="bbox 242 919 1825 994; baseline -0.004 -15"><span class='ocrx_word' id='word_1_57' title='bbox 242 925 412 987; x_wconf 90' lang='lat' dir='ltr'><strong>ribus,</strong></span> <span class='ocrx_word' id='word_1_58' title='bbox 443 923 570 994; x_wconf 89' lang='lat' dir='ltr'><strong>quia</strong></span> <span class='ocrx_word' id='word_1_59' title='bbox 594 931 650 979; x_wconf 91' lang='lat' dir='ltr'><strong>et</strong></span> <span class='ocrx_word' id='word_1_60' title='bbox 687 923 834 993; x_wconf 91' lang='lat' dir='ltr'><strong>ipsas</strong></span> <span class='ocrx_word' id='word_1_61' title='bbox 872 921 1037 986; x_wconf 89' lang='lat' dir='ltr'><strong>vires,</strong></span> <span class='ocrx_word' id='word_1_62' title='bbox 1088 929 1319 991; x_wconf 91' lang='lat' dir='ltr'><strong>quantas</strong></span> <span class='ocrx_word' id='word_1_63' title='bbox 1354 920 1443 975; x_wconf 92' lang='lat' dir='ltr'><strong>hic</strong></span> <span class='ocrx_word' id='word_1_64' title='bbox 1497 919 1696 974; x_wconf 90' lang='lat' dir='ltr'><strong>habere</strong></span> <span class='ocrx_word' id='word_1_65' title='bbox 1727 932 1825 973; x_wconf 89' lang='lat' dir='ltr'><strong>nos</strong></span> 
     </span>
    </p>
   </div>
   <div class='ocr_carea' id='block_1_10' title="bbox 240 1009 1825 1083">
    <p class='ocr_par' dir='ltr' id='par_1_10' title="bbox 240 1009 1825 1083">
     <span class='ocr_line' id='line_1_10' title="bbox 240 1009 1825 1083; baseline -0.006 -15"><span class='ocrx_word' id='word_1_66' title='bbox 240 1014 524 1083; x_wconf 87' lang='lat' dir='ltr'><strong>competit,</strong></span> <span class='ocrx_word' id='word_1_67' title='bbox 560 1012 677 1082; x_wconf 87' lang='lat' dir='ltr'><strong>ipse</strong></span> <span class='ocrx_word' id='word_1_68' title='bbox 718 1010 1093 1067; x_wconf 85' lang='lat' dir='ltr'><strong>subministrat</strong></span> <span class='ocrx_word' id='word_1_69' title='bbox 1117 1009 1453 1066; x_wconf 77' lang='lat' dir='ltr'><strong>certantibus</strong></span> <span class='ocrx_word' id='word_1_70' title='bbox 1479 1022 1639 1077; x_wconf 90' lang='lat' dir='ltr'><strong>quem</strong></span> <span class='ocrx_word' id='word_1_71' title='bbox 1670 1020 1825 1077; x_wconf 85' lang='lat' dir='ltr'><strong>roga-</strong></span> 
     </span>
    </p>
   </div>
   <div class='ocr_carea' id='block_1_11' title="bbox 241 1097 1825 1175">
    <p class='ocr_par' dir='ltr' id='par_1_11' title="bbox 241 1097 1825 1175">
     <span class='ocr_line' id='line_1_11' title="bbox 241 1097 1825 1175; baseline -0.005 -15"><span class='ocrx_word' id='word_1_72' title='bbox 241 1120 385 1160; x_wconf 90' lang='lat' dir='ltr'><strong>mus.</strong></span> <span class='ocrx_word' id='word_1_73' title='bbox 420 1104 479 1161; x_wconf 90' lang='lat' dir='ltr'><strong>Si</strong></span> <span class='ocrx_word' id='word_1_74' title='bbox 508 1118 637 1175; x_wconf 88' lang='lat' dir='ltr'><strong>ergo</strong></span> <span class='ocrx_word' id='word_1_75' title='bbox 665 1104 701 1159; x_wconf 90' lang='lat' dir='ltr'><strong>ii</strong></span> <span class='ocrx_word' id='word_1_76' title='bbox 731 1118 961 1174; x_wconf 88' lang='lat' dir='ltr'><strong>quorum</strong></span> <span class='ocrx_word' id='word_1_77' title='bbox 991 1112 1180 1157; x_wconf 89' lang='lat' dir='ltr'><strong>contra</strong></span> <span class='ocrx_word' id='word_1_78' title='bbox 1214 1115 1434 1157; x_wconf 91' lang='lat' dir='ltr'><strong>carnem</strong></span> <span class='ocrx_word' id='word_1_79' title='bbox 1468 1099 1580 1170; x_wconf 90' lang='lat' dir='ltr'><strong>jam</strong></span> <span class='ocrx_word' id='word_1_80' title='bbox 1604 1097 1825 1169; x_wconf 87' lang='lat' dir='ltr'><strong>spiritus</strong></span> 
     </span>
    </p>
   </div>
   <div class='ocr_carea' id='block_1_12' title="bbox 239 1190 1825 1267">
    <p class='ocr_par' dir='ltr' id='par_1_12' title="bbox 239 1190 1825 1267">
     <span class='ocr_line' id='line_1_12' title="bbox 239 1190 1825 1267; baseline -0.004 -14"><span class='ocrx_word' id='word_1_81' title='bbox 239 1197 575 1267; x_wconf 84' lang='lat' dir='ltr'><strong>concupiscit</strong></span> <span class='ocrx_word' id='word_1_82' title='bbox 600 1196 667 1251; x_wconf 92' lang='lat' dir='ltr'><strong>ad</strong></span> <span class='ocrx_word' id='word_1_83' title='bbox 689 1195 929 1267; x_wconf 84' lang='lat' dir='ltr'><strong>singulos</strong></span> <span class='ocrx_word' id='word_1_84' title='bbox 962 1204 1116 1250; x_wconf 88' lang='lat' dir='ltr'><strong>actus</strong></span> <span class='ocrx_word' id='word_1_85' title='bbox 1143 1194 1386 1264; x_wconf 75' lang='lat' dir='ltr'><strong>indigent</strong></span> <span class='ocrx_word' id='word_1_86' title='bbox 1430 1191 1528 1246; x_wconf 89' lang='lat' dir='ltr'><strong>Dei</strong></span> <span class='ocrx_word' id='word_1_87' title='bbox 1558 1190 1728 1263; x_wconf 88' lang='lat' dir='ltr'><strong>gratia</strong></span> <span class='ocrx_word' id='word_1_88' title='bbox 1756 1205 1825 1246; x_wconf 90' lang='lat' dir='ltr'><strong>ne</strong></span> 
     </span>
    </p>
   </div>
   <div class='ocr_carea' id='block_1_13' title="bbox 237 1281 1822 1359">
    <p class='ocr_par' dir='ltr' id='par_1_13' title="bbox 237 1281 1822 1359">
     <span class='ocr_line' id='line_1_13' title="bbox 237 1281 1822 1359; baseline -0.004 -16"><span class='ocrx_word' id='word_1_89' title='bbox 237 1288 541 1349; x_wconf 88' lang='lat' dir='ltr'><strong>vincantur,</strong></span> <span class='ocrx_word' id='word_1_90' title='bbox 575 1287 789 1359; x_wconf 88' lang='lat' dir='ltr'><strong>qualem</strong></span> <span class='ocrx_word' id='word_1_91' title='bbox 812 1286 1117 1341; x_wconf 88' lang='lat' dir='ltr'><strong>libertatem</strong></span> <span class='ocrx_word' id='word_1_92' title='bbox 1143 1281 1433 1339; x_wconf 77' lang='lat' dir='ltr'><strong>voluntatis</strong></span> <span class='ocrx_word' id='word_1_93' title='bbox 1461 1281 1660 1337; x_wconf 90' lang='lat' dir='ltr'><strong>habere</strong></span> <span class='ocrx_word' id='word_1_94' title='bbox 1696 1295 1822 1351; x_wconf 88' lang='lat' dir='ltr'><strong>pos-</strong></span> 
     </span>
    </p>
   </div>
   <div class='ocr_carea' id='block_1_14' title="bbox 238 1371 1825 1450">
    <p class='ocr_par' dir='ltr' id='par_1_14' title="bbox 238 1371 1825 1450">
     <span class='ocr_line' id='line_1_14' title="bbox 238 1371 1825 1450; baseline -0.005 -17"><span class='ocrx_word' id='word_1_95' title='bbox 238 1387 368 1434; x_wconf 83' lang='lat' dir='ltr'><strong>sunt</strong></span> <span class='ocrx_word' id='word_1_96' title='bbox 391 1379 483 1450; x_wconf 91' lang='lat' dir='ltr'><strong>qui</strong></span> <span class='ocrx_word' id='word_1_97' title='bbox 514 1372 750 1433; x_wconf 87' lang='lat' dir='ltr'><strong>nondum</strong></span> <span class='ocrx_word' id='word_1_98' title='bbox 781 1377 846 1432; x_wconf 90' lang='lat' dir='ltr'><strong>de</strong></span> <span class='ocrx_word' id='word_1_99' title='bbox 867 1384 1136 1447; x_wconf 84' lang='lat' dir='ltr'><strong>potestate</strong></span> <span class='ocrx_word' id='word_1_100' title='bbox 1163 1376 1303 1430; x_wconf 89' lang='lat' dir='ltr'><strong>eruti</strong></span> <span class='ocrx_word' id='word_1_101' title='bbox 1331 1373 1698 1437; x_wconf 88' lang='lat' dir='ltr'><strong>tenebrarum,</strong></span> <span class='ocrx_word' id='word_1_102' title='bbox 1731 1371 1825 1426; x_wconf 86' lang='lat' dir='ltr'><strong>do-</strong></span> 
     </span>
    </p>
   </div>
   <div class='ocr_carea' id='block_1_15' title="bbox 236 1460 1825 1536">
    <p class='ocr_par' dir='ltr' id='par_1_15' title="bbox 236 1460 1825 1536">
     <span class='ocr_line' id='line_1_15' title="bbox 236 1460 1825 1536; baseline -0.006 -13"><span class='ocrx_word' id='word_1_103' title='bbox 236 1467 481 1523; x_wconf 86' lang='lat' dir='ltr'><strong>minante</strong></span> <span class='ocrx_word' id='word_1_104' title='bbox 509 1465 815 1536; x_wconf 69' lang='lat' dir='ltr'><strong>iniquitate,</strong></span> <span class='ocrx_word' id='word_1_105' title='bbox 837 1478 937 1520; x_wconf 89' lang='lat' dir='ltr'><strong>nec</strong></span> <span class='ocrx_word' id='word_1_106' title='bbox 956 1473 1171 1521; x_wconf 90' lang='lat' dir='ltr'><strong>certare</strong></span> <span class='ocrx_word' id='word_1_107' title='bbox 1198 1470 1497 1533; x_wconf 68' lang='lat' dir='ltr'><strong>creperum,</strong></span> <span class='ocrx_word' id='word_1_108' title='bbox 1521 1468 1615 1516; x_wconf 89' lang='lat' dir='ltr'><strong>aut</strong></span> <span class='ocrx_word' id='word_1_109' title='bbox 1636 1460 1681 1515; x_wconf 90' lang='lat' dir='ltr'><strong>si</strong></span> <span class='ocrx_word' id='word_1_110' title='bbox 1704 1476 1825 1517; x_wconf 88' lang='lat' dir='ltr'><strong>cer-</strong></span> 
     </span>
    </p>
   </div>
   <div class='ocr_carea' id='block_1_16' title="bbox 238 1551 1823 1619">
    <p class='ocr_par' dir='ltr' id='par_1_16' title="bbox 238 1551 1823 1619">
     <span class='ocr_line' id='line_1_16' title="bbox 238 1551 1823 1619; baseline -0.005 -4"><span class='ocrx_word' id='word_1_111' title='bbox 238 1569 357 1616; x_wconf 80' lang='lat' dir='ltr'><strong>tare</strong></span> <span class='ocrx_word' id='word_1_112' title='bbox 383 1559 689 1619; x_wconf 87' lang='lat' dir='ltr'><strong>voluerunt,</strong></span> <span class='ocrx_word' id='word_1_113' title='bbox 716 1557 952 1613; x_wconf 90' lang='lat' dir='ltr'><strong>nondum</strong></span> <span class='ocrx_word' id='word_1_114' title='bbox 977 1556 1218 1612; x_wconf 76' lang='lat' dir='ltr'><strong>liberata:</strong></span> <span class='ocrx_word' id='word_1_115' title='bbox 1244 1553 1536 1609; x_wconf 84' lang='lat' dir='ltr'><strong>voluntatis</strong></span> <span class='ocrx_word' id='word_1_116' title='bbox 1563 1551 1823 1607; x_wconf 88' lang='lat' dir='ltr'><strong>servitute</strong></span> 
     </span>
    </p>
   </div>
   <div class='ocr_carea' id='block_1_17' title="bbox 234 1642 1818 1717">
    <p class='ocr_par' dir='ltr' id='par_1_17' title="bbox 234 1642 1818 1717">
     <span class='ocr_line' id='line_1_17' title="bbox 234 1642 1818 1717; baseline -0.005 -13"><span class='ocrx_word' id='word_1_117' title='bbox 234 1651 572 1707; x_wconf 86' lang='lat' dir='ltr'><strong>vincuntur?</strong></span> <span class='ocrx_word' id='word_1_118' title='bbox 604 1670 623 1703; x_wconf 77' lang='grc' dir='ltr'><strong><em>ι</em></strong></span> <span class='ocrx_word' id='word_1_119' title='bbox 655 1649 788 1705; x_wconf 84' lang='lat' dir='ltr'><strong>Item</strong></span> <span class='ocrx_word' id='word_1_120' title='bbox 820 1649 874 1703; x_wconf 91' lang='lat' dir='ltr'><strong>in</strong></span> <span class='ocrx_word' id='word_1_121' title='bbox 904 1647 1045 1703; x_wconf 90' lang='lat' dir='ltr'><strong>libro</strong></span> <span class='ocrx_word' id='word_1_122' title='bbox 1083 1645 1547 1717; x_wconf 80' lang='lat' dir='ltr'><strong>Retractationum</strong></span> <span class='ocrx_word' id='word_1_123' title='bbox 1597 1642 1818 1715; x_wconf 87' lang='lat' dir='ltr'><strong>priore:</strong></span> 
     </span>
    </p>
   </div>
   <div class='ocr_carea' id='block_1_18' title="bbox 240 1733 1817 1809">
    <p class='ocr_par' dir='ltr' id='par_1_18' title="bbox 240 1733 1817 1809">
     <span class='ocr_line' id='line_1_18' title="bbox 240 1733 1817 1809; baseline -0.003 -16"><span class='ocrx_word' id='word_1_124' title='bbox 240 1760 261 1793; x_wconf 73' lang='grc' dir='ltr'>ι</span> <span class='ocrx_word' id='word_1_125' title='bbox 295 1739 586 1805; x_wconf 89' lang='lat' dir='ltr'><strong>Perfectio,</strong></span> <span class='ocrx_word' id='word_1_126' title='bbox 617 1737 816 1809; x_wconf 89' lang='lat' dir='ltr'><strong>inquit,</strong></span> <span class='ocrx_word' id='word_1_127' title='bbox 844 1736 969 1792; x_wconf 92' lang='lat' dir='ltr'><strong>boni</strong></span> <span class='ocrx_word' id='word_1_128' title='bbox 989 1744 1075 1792; x_wconf 88' lang='lat' dir='ltr'><strong>est</strong></span> <span class='ocrx_word' id='word_1_129' title='bbox 1096 1746 1268 1792; x_wconf 90' lang='lat' dir='ltr'><strong>utnec</strong></span> <span class='ocrx_word' id='word_1_130' title='bbox 1294 1735 1409 1807; x_wconf 92' lang='lat' dir='ltr'><strong>ipsa</strong></span> <span class='ocrx_word' id='word_1_131' title='bbox 1430 1733 1817 1804; x_wconf 85' lang='lat' dir='ltr'><strong>concupiscen-</strong></span> 
     </span>
    </p>
   </div>
   <div class='ocr_carea' id='block_1_19' title="bbox 1927 552 3511 630">
    <p class='ocr_par' dir='ltr' id='par_1_19' title="bbox 1927 552 3511 630">
     <span class='ocr_line' id='line_1_19' title="bbox 1927 552 3511 630; baseline -0.002 -16"><span class='ocrx_word' id='word_1_132' title='bbox 1927 557 2042 614; x_wconf 70' lang='lat' dir='ltr'><strong>haec</strong></span> <span class='ocrx_word' id='word_1_133' title='bbox 2067 567 2194 614; x_wconf 90' lang='lat' dir='ltr'><strong>sunt</strong></span> <span class='ocrx_word' id='word_1_134' title='bbox 2214 567 2348 630; x_wconf 85' lang='lat' dir='ltr'><strong>(cap.</strong></span> <span class='ocrx_word' id='word_1_135' title='bbox 2370 558 2425 630; x_wconf 69' lang='grc' dir='ltr'><strong>ὅ)</strong></span> <span class='ocrx_word' id='word_1_136' title='bbox 2460 575 2474 611; x_wconf 90' lang='lat'><strong>:</strong></span> <span class='ocrx_word' id='word_1_137' title='bbox 2504 578 2521 609; x_wconf 74' lang='grc' dir='ltr'>ι</span> <span class='ocrx_word' id='word_1_138' title='bbox 2559 557 2613 612; x_wconf 91' lang='lat' dir='ltr'><strong>ln</strong></span> <span class='ocrx_word' id='word_1_139' title='bbox 2641 552 3316 627; x_wconf 68' lang='lat' dir='ltr'><strong>prmvaricatione,-inquit,</strong></span> <span class='ocrx_word' id='word_1_140' title='bbox 3350 555 3511 623; x_wconf 72' lang='lat' dir='ltr'><strong>Adre,‘</strong></span> 
     </span>
    </p>
   </div>
   <div class='ocr_carea' id='block_1_20' title="bbox 1925 648 3507 720">
    <p class='ocr_par' dir='ltr' id='par_1_20' title="bbox 1925 648 3507 720">
     <span class='ocr_line' id='line_1_20' title="bbox 1925 648 3507 720; baseline -0.002 -14"><span class='ocrx_word' id='word_1_141' title='bbox 1925 664 2114 706; x_wconf 89' lang='lat' dir='ltr'><strong>omnes</strong></span> <span class='ocrx_word' id='word_1_142' title='bbox 2168 650 2414 705; x_wconf 84' lang='lat' dir='ltr'><strong>homines</strong></span> <span class='ocrx_word' id='word_1_143' title='bbox 2472 648 2767 704; x_wconf 82' lang='lat' dir='ltr'><strong>naturalem</strong></span> <span class='ocrx_word' id='word_1_144' title='bbox 2817 649 3227 720; x_wconf 71' lang='lat' dir='ltr'><strong>possibilitatem</strong></span> <span class='ocrx_word' id='word_1_145' title='bbox 3269 657 3321 703; x_wconf 91' lang='lat' dir='ltr'><strong>et</strong></span> <span class='ocrx_word' id='word_1_146' title='bbox 3354 648 3507 703; x_wconf 55' lang='lat' dir='ltr'><strong>iunco</strong></span> 
     </span>
    </p>
   </div>
   <div class='ocr_carea' id='block_1_21' title="bbox 1927 739 3500 813">
    <p class='ocr_par' dir='ltr' id='par_1_21' title="bbox 1927 739 3500 813">
     <span class='ocr_line' id='line_1_21' title="bbox 1927 739 3500 813; baseline -0.003 -15"><span class='ocrx_word' id='word_1_147' title='bbox 1927 742 2158 798; x_wconf 88' lang='lat' dir='ltr'><strong>centiam</strong></span> <span class='ocrx_word' id='word_1_148' title='bbox 2184 742 2485 813; x_wconf 88' lang='lat' dir='ltr'><strong>perdidisse</strong></span> <span class='ocrx_word' id='word_1_149' title='bbox 2511 743 2719 797; x_wconf 88' lang='lat' dir='ltr'><strong>clarum</strong></span> <span class='ocrx_word' id='word_1_150' title='bbox 2745 749 2851 808; x_wconf 91' lang='lat' dir='ltr'><strong>est,</strong></span> <span class='ocrx_word' id='word_1_151' title='bbox 2879 748 2933 796; x_wconf 91' lang='lat' dir='ltr'><strong>et</strong></span> <span class='ocrx_word' id='word_1_152' title='bbox 2982 741 3251 796; x_wconf 83' lang='lat' dir='ltr'><strong>neminem</strong></span> <span class='ocrx_word' id='word_1_153' title='bbox 3281 739 3347 795; x_wconf 88' lang='lat' dir='ltr'><strong>de</strong></span> <span class='ocrx_word' id='word_1_154' title='bbox 3375 755 3500 810; x_wconf 85' lang='lat' dir='ltr'><strong>pro-</strong></span> 
     </span>
    </p>
   </div>
   <div class='ocr_carea' id='block_1_22' title="bbox 1928 832 3509 906">
    <p class='ocr_par' dir='ltr' id='par_1_22' title="bbox 1928 832 3509 906">
     <span class='ocr_line' id='line_1_22' title="bbox 1928 832 3509 906; baseline -0.002 -16"><span class='ocrx_word' id='word_1_155' title='bbox 1928 834 2089 893; x_wconf 90' lang='lat' dir='ltr'><strong>fundo</strong></span> <span class='ocrx_word' id='word_1_156' title='bbox 2112 836 2253 892; x_wconf 91' lang='lat' dir='ltr'><strong>illius</strong></span> <span class='ocrx_word' id='word_1_157' title='bbox 2282 837 2451 891; x_wconf 70' lang='lat' dir='ltr'><strong>ruina:</strong></span> <span class='ocrx_word' id='word_1_158' title='bbox 2476 851 2634 906; x_wconf 90' lang='lat' dir='ltr'><strong>posse</strong></span> <span class='ocrx_word' id='word_1_159' title='bbox 2662 850 2990 906; x_wconf 81' lang='lat' dir='ltr'><strong>consurgere</strong></span> <span class='ocrx_word' id='word_1_160' title='bbox 3018 832 3121 889; x_wconf 92' lang='lat' dir='ltr'><strong>nisi</strong></span> <span class='ocrx_word' id='word_1_161' title='bbox 3165 848 3287 888; x_wconf 87' lang='lat' dir='ltr'><strong>eum</strong></span> <span class='ocrx_word' id='word_1_162' title='bbox 3334 833 3509 905; x_wconf 82' lang='lat' dir='ltr'><strong>gratia</strong></span> 
     </span>
    </p>
   </div>
   <div class='ocr_carea' id='block_1_23' title="bbox 1926 912 3507 998">
    <p class='ocr_par' dir='ltr' id='par_1_23' title="bbox 1926 912 3507 998">
     <span class='ocr_line' id='line_1_23' title="bbox 1926 912 3507 998; baseline -0.001 -16"><span class='ocrx_word' id='word_1_163' title='bbox 1926 927 2231 983; x_wconf 89' lang='lat' dir='ltr'><strong>miserentis</strong></span> <span class='ocrx_word' id='word_1_164' title='bbox 2274 928 2369 983; x_wconf 92' lang='lat' dir='ltr'><strong>Dei</strong></span> <span class='ocrx_word' id='word_1_165' title='bbox 2426 912 2681 983; x_wconf 81' lang='lat' dir='ltr'><strong>erexerit.</strong></span> <span class='ocrx_word' id='word_1_166' title='bbox 2720 947 2741 980; x_wconf 73' lang='grc' dir='ltr'><strong><em>ι</em></strong></span> <span class='ocrx_word' id='word_1_167' title='bbox 2769 928 2903 984; x_wconf 87' lang='lat' dir='ltr'><strong>Item</strong></span> <span class='ocrx_word' id='word_1_168' title='bbox 2962 926 3098 998; x_wconf 87' lang='lat' dir='ltr'><strong>(cap.</strong></span> <span class='ocrx_word' id='word_1_169' title='bbox 3137 924 3234 997; x_wconf 84' lang='lat'><strong>6):</strong></span> <span class='ocrx_word' id='word_1_170' title='bbox 3273 943 3293 975; x_wconf 71' lang='grc' dir='ltr'>ι</span> <span class='ocrx_word' id='word_1_171' title='bbox 3326 922 3507 980; x_wconf 83' lang='lat' dir='ltr'><strong>Nemi-</strong></span> 
     </span>
    </p>
   </div>
   <div class='ocr_carea' id='block_1_24' title="bbox 1926 1015 3502 1087">
    <p class='ocr_par' dir='ltr' id='par_1_24' title="bbox 1926 1015 3502 1087">
     <span class='ocr_line' id='line_1_24' title="bbox 1926 1015 3502 1087; baseline -0.001 -16"><span class='ocrx_word' id='word_1_172' title='bbox 1926 1032 2050 1074; x_wconf 89' lang='lat' dir='ltr'><strong>nem</strong></span> <span class='ocrx_word' id='word_1_173' title='bbox 2087 1019 2271 1082; x_wconf 90' lang='lat' dir='ltr'><strong>etiam,</strong></span> <span class='ocrx_word' id='word_1_174' title='bbox 2323 1016 2517 1087; x_wconf 85' lang='lat' dir='ltr'><strong>inquit,</strong></span> <span class='ocrx_word' id='word_1_175' title='bbox 2560 1016 2899 1086; x_wconf 84' lang='lat' dir='ltr'><strong>baptismatis</strong></span> <span class='ocrx_word' id='word_1_176' title='bbox 2954 1015 3131 1087; x_wconf 88' lang='lat' dir='ltr'><strong>gratia</strong></span> <span class='ocrx_word' id='word_1_177' title='bbox 3188 1022 3502 1072; x_wconf 84' lang='lat' dir='ltr'><strong>renovatum</strong></span> 
     </span>
    </p>
   </div>
   <div class='ocr_carea' id='block_1_25' title="bbox 1926 1105 3508 1179">
    <p class='ocr_par' dir='ltr' id='par_1_25' title="bbox 1926 1105 3508 1179">
     <span class='ocr_line' id='line_1_25' title="bbox 1926 1105 3508 1179; baseline 0.001 -17"><span class='ocrx_word' id='word_1_178' title='bbox 1926 1107 2319 1165; x_wconf 89' lang='lat' dir='ltr'><strong>idoneumesse</strong></span> <span class='ocrx_word' id='word_1_179' title='bbox 2355 1109 2419 1163; x_wconf 91' lang='lat' dir='ltr'><strong>ad</strong></span> <span class='ocrx_word' id='word_1_180' title='bbox 2445 1109 2777 1179; x_wconf 87' lang='lat' dir='ltr'><strong>superandas</strong></span> <span class='ocrx_word' id='word_1_181' title='bbox 2823 1109 3019 1165; x_wconf 87' lang='lat' dir='ltr'><strong>diaboli</strong></span> <span class='ocrx_word' id='word_1_182' title='bbox 3068 1108 3291 1164; x_wconf 86' lang='lat' dir='ltr'><strong>insidias</strong></span> <span class='ocrx_word' id='word_1_183' title='bbox 3339 1116 3393 1162; x_wconf 89' lang='lat' dir='ltr'><strong>et</strong></span> <span class='ocrx_word' id='word_1_184' title='bbox 3439 1105 3508 1163; x_wconf 83' lang='lat' dir='ltr'><strong>ad</strong></span> 
     </span>
    </p>
   </div>
   <div class='ocr_carea' id='block_1_26' title="bbox 1925 1198 3507 1271">
    <p class='ocr_par' dir='ltr' id='par_1_26' title="bbox 1925 1198 3507 1271">
     <span class='ocr_line' id='line_1_26' title="bbox 1925 1198 3507 1271; baseline 0.001 -20"><span class='ocrx_word' id='word_1_185' title='bbox 1925 1198 2218 1255; x_wconf 87' lang='lat' dir='ltr'><strong>vincendas</strong></span> <span class='ocrx_word' id='word_1_186' title='bbox 2246 1200 2424 1256; x_wconf 88' lang='lat' dir='ltr'><strong>carnis</strong></span> <span class='ocrx_word' id='word_1_187' title='bbox 2452 1200 2931 1271; x_wconf 86' lang='lat' dir='ltr'><strong>concupiscentias,</strong></span> <span class='ocrx_word' id='word_1_188' title='bbox 2969 1199 3071 1255; x_wconf 92' lang='lat' dir='ltr'><strong>nisi</strong></span> <span class='ocrx_word' id='word_1_189' title='bbox 3102 1214 3199 1270; x_wconf 88' lang='lat' dir='ltr'><strong>per</strong></span> <span class='ocrx_word' id='word_1_190' title='bbox 3241 1198 3507 1271; x_wconf 64' lang='lat' dir='ltr'><strong>quotidiao</strong></span> 
     </span>
    </p>
   </div>
   <div class='ocr_carea' id='block_1_27' title="bbox 1926 1289 3507 1361">
    <p class='ocr_par' dir='ltr' id='par_1_27' title="bbox 1926 1289 3507 1361">
     <span class='ocr_line' id='line_1_27' title="bbox 1926 1289 3507 1361; baseline -0.001 -16"><span class='ocrx_word' id='word_1_191' title='bbox 1926 1306 2056 1345; x_wconf 90' lang='lat' dir='ltr'><strong>num</strong></span> <span class='ocrx_word' id='word_1_192' title='bbox 2086 1289 2412 1361; x_wconf 89' lang='lat' dir='ltr'><strong>adjutorium</strong></span> <span class='ocrx_word' id='word_1_193' title='bbox 2469 1290 2564 1345; x_wconf 89' lang='lat' dir='ltr'><strong>Dei</strong></span> <span class='ocrx_word' id='word_1_194' title='bbox 2595 1291 3054 1360; x_wconf 88' lang='lat' dir='ltr'><strong>perseverantiam</strong></span> <span class='ocrx_word' id='word_1_195' title='bbox 3093 1290 3247 1346; x_wconf 76' lang='lat' dir='ltr'><strong>bona:</strong></span> <span class='ocrx_word' id='word_1_196' title='bbox 3277 1305 3507 1345; x_wconf 60' lang='lat' dir='ltr'><strong>convero</strong></span> 
     </span>
    </p>
   </div>
   <div class='ocr_carea' id='block_1_28' title="bbox 1925 1381 3507 1454">
    <p class='ocr_par' dir='ltr' id='par_1_28' title="bbox 1925 1381 3507 1454">
     <span class='ocr_line' id='line_1_28' title="bbox 1925 1381 3507 1454; baseline 0 -17"><span class='ocrx_word' id='word_1_197' title='bbox 1925 1382 2149 1437; x_wconf 86' lang='lat' dir='ltr'><strong>sationis</strong></span> <span class='ocrx_word' id='word_1_198' title='bbox 2171 1384 2461 1453; x_wconf 90' lang='lat' dir='ltr'><strong>acceperit.</strong></span> <span class='ocrx_word' id='word_1_199' title='bbox 2501 1402 2520 1436; x_wconf 70' lang='grc' dir='ltr'><strong><em>ι</em></strong></span> <span class='ocrx_word' id='word_1_200' title='bbox 2548 1382 2677 1438; x_wconf 88' lang='lat' dir='ltr'><strong>Item</strong></span> <span class='ocrx_word' id='word_1_201' title='bbox 2703 1381 2843 1453; x_wconf 85' lang='lat' dir='ltr'><strong>(cap.</strong></span> <span class='ocrx_word' id='word_1_202' title='bbox 2872 1383 2926 1454; x_wconf 94' lang='lat'><strong>7)</strong></span> <span class='ocrx_word' id='word_1_203' title='bbox 2961 1397 2975 1437; x_wconf 89' lang='lat'><strong>:</strong></span> <span class='ocrx_word' id='word_1_204' title='bbox 3012 1383 3155 1453; x_wconf 90' lang='lat' dir='ltr'><strong>quod</strong></span> <span class='ocrx_word' id='word_1_205' title='bbox 3209 1397 3369 1438; x_wconf 89' lang='lat' dir='ltr'><strong>nemo</strong></span> <span class='ocrx_word' id='word_1_206' title='bbox 3405 1382 3507 1438; x_wconf 91' lang='lat' dir='ltr'><strong>nisi</strong></span> 
     </span>
    </p>
   </div>
   <div class='ocr_carea' id='block_1_29' title="bbox 1923 1472 3510 1542">
    <p class='ocr_par' dir='ltr' id='par_1_29' title="bbox 1923 1472 3510 1542">
     <span class='ocr_line' id='line_1_29' title="bbox 1923 1472 3510 1542; baseline -0.001 -13"><span class='ocrx_word' id='word_1_207' title='bbox 1923 1487 2023 1542; x_wconf 87' lang='lat' dir='ltr'><strong>per</strong></span> <span class='ocrx_word' id='word_1_208' title='bbox 2051 1472 2324 1533; x_wconf 86' lang='lat' dir='ltr'><strong>Christum</strong></span> <span class='ocrx_word' id='word_1_209' title='bbox 2360 1473 2533 1529; x_wconf 86' lang='lat' dir='ltr'><strong>libero</strong></span> <span class='ocrx_word' id='word_1_210' title='bbox 2554 1473 2692 1529; x_wconf 86' lang='lat' dir='ltr'><strong>bene</strong></span> <span class='ocrx_word' id='word_1_211' title='bbox 2738 1482 2923 1529; x_wconf 86' lang='lat' dir='ltr'><strong>utatur</strong></span> <span class='ocrx_word' id='word_1_212' title='bbox 2972 1472 3229 1541; x_wconf 80' lang='lat' dir='ltr'><strong>arbitrio;</strong></span> <span class='ocrx_word' id='word_1_213' title='bbox 3275 1473 3405 1528; x_wconf 87' lang='lat' dir='ltr'><strong>hinc</strong></span> <span class='ocrx_word' id='word_1_214' title='bbox 3456 1482 3510 1527; x_wconf 90' lang='lat' dir='ltr'><strong>et</strong></span> 
     </span>
    </p>
   </div>
   <div class='ocr_carea' id='block_1_30' title="bbox 1922 1562 3508 1635">
    <p class='ocr_par' dir='ltr' id='par_1_30' title="bbox 1922 1562 3508 1635">
     <span class='ocr_line' id='line_1_30' title="bbox 1922 1562 3508 1635; baseline -0.001 -17"><span class='ocrx_word' id='word_1_215' title='bbox 1922 1562 2292 1620; x_wconf 90' lang='lat' dir='ltr'><strong>Innocentium</strong></span> <span class='ocrx_word' id='word_1_216' title='bbox 2315 1579 2508 1635; x_wconf 86' lang='lat' dir='ltr'><strong>papam</strong></span> <span class='ocrx_word' id='word_1_217' title='bbox 2535 1562 2763 1620; x_wconf 85' lang='lat' dir='ltr'><strong>adhibet</strong></span> <span class='ocrx_word' id='word_1_218' title='bbox 2795 1573 2986 1619; x_wconf 91' lang='lat' dir='ltr'><strong>testem</strong></span> <span class='ocrx_word' id='word_1_219' title='bbox 3012 1564 3190 1635; x_wconf 90' lang='lat' dir='ltr'><strong>posita</strong></span> <span class='ocrx_word' id='word_1_220' title='bbox 3236 1563 3358 1635; x_wconf 86' lang='lat' dir='ltr'><strong>ejus</strong></span> <span class='ocrx_word' id='word_1_221' title='bbox 3387 1579 3508 1619; x_wconf 91' lang='lat' dir='ltr'><strong>sen-</strong></span> 
     </span>
    </p>
   </div>
   <div class='ocr_carea' id='block_1_31' title="bbox 1925 1652 3506 1725">
    <p class='ocr_par' dir='ltr' id='par_1_31' title="bbox 1925 1652 3506 1725">
     <span class='ocr_line' id='line_1_31' title="bbox 1925 1652 3506 1725; baseline 0 -18"><span class='ocrx_word' id='word_1_222' title='bbox 1925 1654 2092 1710; x_wconf 88' lang='lat' dir='ltr'><strong>tentia</strong></span> <span class='ocrx_word' id='word_1_223' title='bbox 2107 1652 2468 1725; x_wconf 81' lang='lat' dir='ltr'><strong>(Innocentius</strong></span> <span class='ocrx_word' id='word_1_224' title='bbox 2479 1654 2534 1709; x_wconf 85' lang='lat' dir='ltr'><strong>in</strong></span> <span class='ocrx_word' id='word_1_225' title='bbox 2556 1655 2782 1722; x_wconf 84' lang='lat' dir='ltr'><strong>epist.ad</strong></span> <span class='ocrx_word' id='word_1_226' title='bbox 2797 1653 3158 1710; x_wconf 81' lang='lat' dir='ltr'><strong>Milevitanum</strong></span> <span class='ocrx_word' id='word_1_227' title='bbox 3180 1652 3506 1724; x_wconf 78' lang='lat' dir='ltr'><strong>concilium):</strong></span> 
     </span>
    </p>
   </div>
   <div class='ocr_carea' id='block_1_32' title="bbox 1928 1732 3502 1816">
    <p class='ocr_par' dir='ltr' id='par_1_32' title="bbox 1928 1732 3502 1816">
     <span class='ocr_line' id='line_1_32' title="bbox 1928 1732 3502 1816; baseline -0.001 -18"><span class='ocrx_word' id='word_1_228' title='bbox 1928 1764 1948 1798; x_wconf 79' lang='lat' dir='ltr'><strong>s</strong></span> <span class='ocrx_word' id='word_1_229' title='bbox 1981 1745 2218 1802; x_wconf 83' lang='lat' dir='ltr'><strong>Adverte</strong></span> <span class='ocrx_word' id='word_1_230' title='bbox 2272 1746 2511 1812; x_wconf 88' lang='lat' dir='ltr'><strong>tandem,</strong></span> <span class='ocrx_word' id='word_1_231' title='bbox 2537 1761 2571 1801; x_wconf 93' lang='lat' dir='ltr'><strong>o</strong></span> <span class='ocrx_word' id='word_1_232' title='bbox 2597 1746 3043 1816; x_wconf 88' lang='lat' dir='ltr'><strong>pravissimarum</strong></span> <span class='ocrx_word' id='word_1_233' title='bbox 3100 1732 3358 1799; x_wconf 84' lang='lat' dir='ltr'><strong>mentium</strong></span> <span class='ocrx_word' id='word_1_234' title='bbox 3389 1758 3502 1815; x_wconf 88' lang='lat' dir='ltr'><strong>per-</strong></span> 
     </span>
    </p>
   </div>
   <div class='ocr_carea' id='block_1_33' title="bbox 234 1827 1825 1910">
    <p class='ocr_par' dir='ltr' id='par_1_33' title="bbox 234 1827 1819 1904">
     <span class='ocr_line' id='line_1_33' title="bbox 234 1827 1819 1904; baseline -0.005 -14"><span class='ocrx_word' id='word_1_235' title='bbox 234 1834 308 1890; x_wconf 87' lang='lat' dir='ltr'><strong>tia</strong></span> <span class='ocrx_word' id='word_1_236' title='bbox 332 1833 539 1904; x_wconf 88' lang='lat' dir='ltr'><strong>peccati</strong></span> <span class='ocrx_word' id='word_1_237' title='bbox 579 1833 651 1887; x_wconf 87' lang='lat' dir='ltr'><strong>sit</strong></span> <span class='ocrx_word' id='word_1_238' title='bbox 677 1832 727 1886; x_wconf 88' lang='lat' dir='ltr'><strong>in</strong></span> <span class='ocrx_word' id='word_1_239' title='bbox 759 1830 1018 1896; x_wconf 87' lang='lat' dir='ltr'><strong>homine;</strong></span> <span class='ocrx_word' id='word_1_240' title='bbox 1048 1828 1137 1885; x_wconf 91' lang='lat' dir='ltr'><strong>cui</strong></span> <span class='ocrx_word' id='word_1_241' title='bbox 1170 1828 1410 1901; x_wconf 84' lang='lat' dir='ltr'><strong>quidem,</strong></span> <span class='ocrx_word' id='word_1_242' title='bbox 1442 1828 1658 1900; x_wconf 91' lang='lat' dir='ltr'><strong>quando</strong></span> <span class='ocrx_word' id='word_1_243' title='bbox 1679 1827 1819 1883; x_wconf 90' lang='lat' dir='ltr'><strong>bene</strong></span> 
     </span>
    </p>
   </div>
   <div class='ocr_carea' id='block_1_34' title="bbox 1927 1827 3509 1910">
    <p class='ocr_par' dir='ltr' id='par_1_34' title="bbox 1927 1835 3509 1910">
     <span class='ocr_line' id='line_1_34' title="bbox 1927 1835 3509 1910; baseline -0.001 -18"><span class='ocrx_word' id='word_1_244' title='bbox 1927 1853 2083 1893; x_wconf 84' lang='lat' dir='ltr'><strong>versa</strong></span> <span class='ocrx_word' id='word_1_245' title='bbox 2109 1838 2379 1905; x_wconf 86' lang='lat' dir='ltr'><strong>doctrina,</strong></span> <span class='ocrx_word' id='word_1_246' title='bbox 2404 1838 2545 1908; x_wconf 90' lang='lat' dir='ltr'><strong>quod</strong></span> <span class='ocrx_word' id='word_1_247' title='bbox 2569 1840 2803 1910; x_wconf 90' lang='lat' dir='ltr'><strong>primum</strong></span> <span class='ocrx_word' id='word_1_248' title='bbox 2854 1838 3130 1893; x_wconf 87' lang='lat' dir='ltr'><strong>hominem</strong></span> <span class='ocrx_word' id='word_1_249' title='bbox 3179 1837 3253 1890; x_wconf 89' lang='lat' dir='ltr'><strong>ita</strong></span> <span class='ocrx_word' id='word_1_250' title='bbox 3288 1835 3509 1891; x_wconf 88' lang='lat' dir='ltr'><strong>libertas</strong></span> 
     </span>
    </p>
   </div>
   <div class='ocr_carea' id='block_1_35' title="bbox 231 1921 1820 1991">
    <p class='ocr_par' dir='ltr' id='par_1_35' title="bbox 231 1921 1820 1991">
     <span class='ocr_line' id='line_1_35' title="bbox 231 1921 1820 1991; baseline -0.004 -11"><span class='ocrx_word' id='word_1_251' title='bbox 231 1926 460 1991; x_wconf 80' lang='lat' dir='ltr'><strong>vivitur,</strong></span> <span class='ocrx_word' id='word_1_252' title='bbox 516 1941 623 1979; x_wconf 86' lang='lat' dir='ltr'><strong>non</strong></span> <span class='ocrx_word' id='word_1_253' title='bbox 673 1922 945 1981; x_wconf 78' lang='lat' dir='ltr'><strong>consentit</strong></span> <span class='ocrx_word' id='word_1_254' title='bbox 986 1921 1271 1989; x_wconf 86' lang='lat' dir='ltr'><strong>voluntas;</strong></span> <span class='ocrx_word' id='word_1_255' title='bbox 1306 1929 1685 1977; x_wconf 87' lang='lat' dir='ltr'><strong>verumtamen</strong></span> <span class='ocrx_word' id='word_1_256' title='bbox 1710 1933 1820 1974; x_wconf 92' lang='lat' dir='ltr'><strong>non</strong></span> 
     </span>
    </p>
   </div>
   <div class='ocr_carea' id='block_1_36' title="bbox 228 2010 1818 2088">
    <p class='ocr_par' dir='ltr' id='par_1_36' title="bbox 228 2010 1818 2088">
     <span class='ocr_line' id='line_1_36' title="bbox 228 2010 1818 2088; baseline -0.005 -17"><span class='ocrx_word' id='word_1_257' title='bbox 228 2017 454 2088; x_wconf 73' lang='lat' dir='ltr'><strong>perlicit</strong></span> <span class='ocrx_word' id='word_1_258' title='bbox 472 2017 697 2081; x_wconf 87' lang='lat' dir='ltr'><strong>bonum,</strong></span> <span class='ocrx_word' id='word_1_259' title='bbox 728 2014 856 2085; x_wconf 87' lang='lat' dir='ltr'><strong>quia</strong></span> <span class='ocrx_word' id='word_1_260' title='bbox 878 2013 1020 2068; x_wconf 90' lang='lat' dir='ltr'><strong>inest</strong></span> <span class='ocrx_word' id='word_1_261' title='bbox 1041 2012 1218 2069; x_wconf 87' lang='lat' dir='ltr'><strong>adhuc</strong></span> <span class='ocrx_word' id='word_1_262' title='bbox 1237 2010 1703 2082; x_wconf 89' lang='lat' dir='ltr'><strong>concupiscentia,</strong></span> <span class='ocrx_word' id='word_1_263' title='bbox 1730 2010 1818 2067; x_wconf 90' lang='lat' dir='ltr'><strong>cui</strong></span> 
     </span>
    </p>
   </div>
   <div class='ocr_carea' id='block_1_37' title="bbox 228 2101 1821 2179">
    <p class='ocr_par' dir='ltr' id='par_1_37' title="bbox 228 2101 1821 2179">
     <span class='ocr_line' id='line_1_37' title="bbox 228 2101 1821 2179; baseline -0.004 -17"><span class='ocrx_word' id='word_1_264' title='bbox 228 2115 501 2179; x_wconf 73' lang='lat' dir='ltr'><strong>repugnat</strong></span> <span class='ocrx_word' id='word_1_265' title='bbox 531 2106 797 2162; x_wconf 88' lang='lat' dir='ltr'><strong>voluntas.</strong></span> <span class='ocrx_word' id='word_1_266' title='bbox 844 2102 1010 2173; x_wconf 83' lang='lat' dir='ltr'><strong>Cujus</strong></span> <span class='ocrx_word' id='word_1_267' title='bbox 1060 2103 1509 2176; x_wconf 79' lang='lat' dir='ltr'><strong>concupiscentia:</strong></span> <span class='ocrx_word' id='word_1_268' title='bbox 1556 2110 1740 2157; x_wconf 88' lang='lat' dir='ltr'><strong>reatus</strong></span> <span class='ocrx_word' id='word_1_269' title='bbox 1766 2101 1821 2155; x_wconf 92' lang='lat' dir='ltr'><strong>in</strong></span> 
     </span>
    </p>
   </div>
   <div class='ocr_carea' id='block_1_38' title="bbox 226 2194 1823 2269">
    <p class='ocr_par' dir='ltr' id='par_1_38' title="bbox 226 2194 1823 2269">
     <span class='ocr_line' id='line_1_38' title="bbox 226 2194 1823 2269; baseline -0.002 -16"><span class='ocrx_word' id='word_1_270' title='bbox 226 2198 564 2269; x_wconf 80' lang='lat' dir='ltr'><strong>baptismate</strong></span> <span class='ocrx_word' id='word_1_271' title='bbox 611 2196 857 2262; x_wconf 84' lang='lat' dir='ltr'><strong>solvitur,</strong></span> <span class='ocrx_word' id='word_1_272' title='bbox 886 2196 981 2251; x_wconf 89' lang='lat' dir='ltr'><strong>sed</strong></span> <span class='ocrx_word' id='word_1_273' title='bbox 1028 2194 1314 2251; x_wconf 90' lang='lat' dir='ltr'><strong>inﬁrmitas</strong></span> <span class='ocrx_word' id='word_1_274' title='bbox 1360 2204 1562 2261; x_wconf 89' lang='lat' dir='ltr'><strong>manet,</strong></span> <span class='ocrx_word' id='word_1_275' title='bbox 1593 2195 1702 2261; x_wconf 88' lang='lat' dir='ltr'><strong>cui,</strong></span> <span class='ocrx_word' id='word_1_276' title='bbox 1733 2194 1823 2250; x_wconf 87' lang='lat' dir='ltr'><strong>do-</strong></span> 
     </span>
    </p>
   </div>
   <div class='ocr_carea' id='block_1_39' title="bbox 226 2285 1822 2359">
    <p class='ocr_par' dir='ltr' id='par_1_39' title="bbox 226 2285 1822 2359">
     <span class='ocr_line' id='line_1_39' title="bbox 226 2285 1822 2359; baseline -0.003 -13"><span class='ocrx_word' id='word_1_277' title='bbox 226 2305 338 2346; x_wconf 91' lang='lat' dir='ltr'><strong>nec</strong></span> <span class='ocrx_word' id='word_1_278' title='bbox 366 2298 607 2357; x_wconf 87' lang='lat' dir='ltr'><strong>sanetur,</strong></span> <span class='ocrx_word' id='word_1_279' title='bbox 636 2290 813 2346; x_wconf 88' lang='lat' dir='ltr'><strong>omnis</strong></span> <span class='ocrx_word' id='word_1_280' title='bbox 834 2288 1010 2343; x_wconf 86' lang='lat' dir='ltr'><strong>fidelis</strong></span> <span class='ocrx_word' id='word_1_281' title='bbox 1037 2288 1127 2359; x_wconf 91' lang='lat' dir='ltr'><strong>qui</strong></span> <span class='ocrx_word' id='word_1_282' title='bbox 1152 2286 1288 2343; x_wconf 90' lang='lat' dir='ltr'><strong>bene</strong></span> <span class='ocrx_word' id='word_1_283' title='bbox 1307 2285 1822 2358; x_wconf 87' lang='lat' dir='ltr'><strong>proficitstudiosis-</strong></span> 
     </span>
    </p>
   </div>
   <div class='ocr_carea' id='block_1_40' title="bbox 224 2374 773 2435">
    <p class='ocr_par' dir='ltr' id='par_1_40' title="bbox 224 2374 773 2435">
     <span class='ocr_line' id='line_1_40' title="bbox 224 2374 773 2435; baseline -0.005 -1"><span class='ocrx_word' id='word_1_284' title='bbox 224 2380 373 2435; x_wconf 85' lang='lat' dir='ltr'><strong>sime</strong></span> <span class='ocrx_word' id='word_1_285' title='bbox 400 2374 713 2434; x_wconf 82' lang='lat' dir='ltr'><strong>reluctatur.</strong></span> <span class='ocrx_word' id='word_1_286' title='bbox 754 2398 773 2431; x_wconf 76' lang='grc' dir='ltr'><strong><em>ι</em></strong></span> 
     </span>
    </p>
   </div>
   <div class='ocr_carea' id='block_1_41' title="bbox 304 2466 1817 2539">
    <p class='ocr_par' dir='ltr' id='par_1_41' title="bbox 304 2466 1817 2539">
     <span class='ocr_line' id='line_1_41' title="bbox 304 2466 1817 2539; baseline -0.002 -14"><span class='ocrx_word' id='word_1_287' title='bbox 304 2467 549 2525; x_wconf 80' lang='lat' dir='ltr'><strong>Alterum</strong></span> <span class='ocrx_word' id='word_1_288' title='bbox 572 2480 599 2510; x_wconf 77' lang='grc' dir='ltr'>ι</span> <span class='ocrx_word' id='word_1_289' title='bbox 629 2468 809 2524; x_wconf 90' lang='lat' dir='ltr'><strong>lumen</strong></span> <span class='ocrx_word' id='word_1_290' title='bbox 839 2475 1198 2523; x_wconf 89' lang='lat' dir='ltr'><strong>tractatorum</strong></span> <span class='ocrx_word' id='word_1_291' title='bbox 1232 2466 1591 2539; x_wconf 84' lang='lat' dir='ltr'><strong>Hieronymus</strong></span> <span class='ocrx_word' id='word_1_292' title='bbox 1616 2466 1668 2521; x_wconf 91' lang='lat' dir='ltr'><strong>in</strong></span> <span class='ocrx_word' id='word_1_293' title='bbox 1697 2466 1817 2522; x_wconf 87' lang='lat' dir='ltr'><strong>Dia-</strong></span> 
     </span>
    </p>
   </div>
   <div class='ocr_carea' id='block_1_42' title="bbox 223 2556 1822 2635">
    <p class='ocr_par' dir='ltr' id='par_1_42' title="bbox 223 2556 1822 2635">
     <span class='ocr_line' id='line_1_42' title="bbox 223 2556 1822 2635; baseline -0.002 -21"><span class='ocrx_word' id='word_1_294' title='bbox 223 2557 395 2631; x_wconf 77' lang='lat' dir='ltr'><strong>Iugo:</strong></span> <span class='ocrx_word' id='word_1_295' title='bbox 433 2578 457 2635; x_wconf 62' lang='lat' dir='ltr'><strong>r</strong></span> <span class='ocrx_word' id='word_1_296' title='bbox 486 2558 601 2614; x_wconf 72' lang='lat' dir='ltr'><strong>Non</strong></span> <span class='ocrx_word' id='word_1_297' title='bbox 629 2558 768 2620; x_wconf 85' lang='lat' dir='ltr'><strong>ideo,</strong></span> <span class='ocrx_word' id='word_1_298' title='bbox 795 2557 988 2629; x_wconf 85' lang='lat' dir='ltr'><strong>inquit,</strong></span> <span class='ocrx_word' id='word_1_299' title='bbox 1015 2557 1273 2629; x_wconf 69' lang='lat' dir='ltr'><strong>peccavit,</strong></span> <span class='ocrx_word' id='word_1_300' title='bbox 1300 2556 1472 2611; x_wconf 89' lang='lat' dir='ltr'><strong>Adam</strong></span> <span class='ocrx_word' id='word_1_301' title='bbox 1529 2557 1654 2627; x_wconf 89' lang='lat' dir='ltr'><strong>quia</strong></span> <span class='ocrx_word' id='word_1_302' title='bbox 1682 2557 1822 2611; x_wconf 87' lang='lat' dir='ltr'><strong>Deus</strong></span> 
     </span>
    </p>
   </div>
   <div class='ocr_carea' id='block_1_43' title="bbox 227 2644 1867 2716">
    <p class='ocr_par' dir='ltr' id='par_1_43' title="bbox 227 2644 1867 2716">
     <span class='ocr_line' id='line_1_43' title="bbox 227 2644 1867 2716; baseline -0.002 -11"><span class='ocrx_word' id='word_1_303' title='bbox 227 2648 341 2705; x_wconf 84' lang='lat' dir='ltr'><strong>hoc</strong></span> <span class='ocrx_word' id='word_1_304' title='bbox 375 2648 613 2702; x_wconf 90' lang='lat' dir='ltr'><strong>futurum</strong></span> <span class='ocrx_word' id='word_1_305' title='bbox 636 2656 886 2712; x_wconf 83' lang='lat' dir='ltr'><strong>noverat,</strong></span> <span class='ocrx_word' id='word_1_306' title='bbox 907 2647 1001 2701; x_wconf 86' lang='lat' dir='ltr'><strong>sed</strong></span> <span class='ocrx_word' id='word_1_307' title='bbox 1033 2645 1304 2716; x_wconf 70' lang='lat' dir='ltr'><strong>praescivit</strong></span> <span class='ocrx_word' id='word_1_308' title='bbox 1325 2647 1466 2701; x_wconf 90' lang='lat' dir='ltr'><strong>Deus</strong></span> <span class='ocrx_word' id='word_1_309' title='bbox 1494 2646 1650 2716; x_wconf 87' lang='lat' dir='ltr'><strong>quasi</strong></span> <span class='ocrx_word' id='word_1_310' title='bbox 1680 2644 1821 2702; x_wconf 90' lang='lat' dir='ltr'><strong>Deus</strong></span> <span class='ocrx_word' id='word_1_311' title='bbox 1860 2666 1867 2669; x_wconf 66' lang='lat'><strong>‘</strong></span> 
     </span>
    </p>
   </div>
   <div class='ocr_carea' id='block_1_44' title="bbox 223 2721 1820 2813">
    <p class='ocr_par' dir='ltr' id='par_1_44' title="bbox 223 2721 1820 2813">
     <span class='ocr_line' id='line_1_44' title="bbox 223 2721 1820 2813; baseline -0.002 -16"><span class='ocrx_word' id='word_1_312' title='bbox 223 2742 379 2813; x_wconf 87' lang='lat' dir='ltr'><strong>quod</strong></span> <span class='ocrx_word' id='word_1_313' title='bbox 427 2741 518 2796; x_wconf 92' lang='lat' dir='ltr'><strong>ille</strong></span> <span class='ocrx_word' id='word_1_314' title='bbox 546 2750 664 2797; x_wconf 90' lang='lat' dir='ltr'><strong>erat</strong></span> <span class='ocrx_word' id='word_1_315' title='bbox 715 2740 934 2813; x_wconf 86' lang='lat' dir='ltr'><strong>propria</strong></span> <span class='ocrx_word' id='word_1_316' title='bbox 988 2739 1261 2795; x_wconf 87' lang='lat' dir='ltr'><strong>voluntate</strong></span> <span class='ocrx_word' id='word_1_317' title='bbox 1315 2739 1575 2795; x_wconf 89' lang='lat' dir='ltr'><strong>facturus.</strong></span> <span class='ocrx_word' id='word_1_318' title='bbox 1611 2759 1631 2793; x_wconf 74' lang='grc' dir='ltr'><strong><em>ι</em></strong></span> <span class='ocrx_word' id='word_1_319' title='bbox 1687 2721 1820 2795; x_wconf 82' lang='lat' dir='ltr'><strong>ltem</strong></span> 
     </span>
    </p>
   </div>
   <div class='ocr_carea' id='block_1_45' title="bbox 222 2829 1815 2906">
    <p class='ocr_par' dir='ltr' id='par_1_45' title="bbox 222 2829 1815 2906">
     <span class='ocr_line' id='line_1_45' title="bbox 222 2829 1815 2906; baseline -0.004 -17"><span class='ocrx_word' id='word_1_320' title='bbox 222 2843 360 2906; x_wconf 87' lang='lat' dir='ltr'><strong>post</strong></span> <span class='ocrx_word' id='word_1_321' title='bbox 411 2833 689 2902; x_wconf 87' lang='lat' dir='ltr'><strong>aliquanta</strong></span> <span class='ocrx_word' id='word_1_322' title='bbox 725 2850 738 2886; x_wconf 90' lang='lat'><strong>:</strong></span> <span class='ocrx_word' id='word_1_323' title='bbox 774 2850 795 2884; x_wconf 74' lang='grc' dir='ltr'><strong><em>ι</em></strong></span> <span class='ocrx_word' id='word_1_324' title='bbox 832 2830 1092 2887; x_wconf 89' lang='lat' dir='ltr'><strong>Dominus</strong></span> <span class='ocrx_word' id='word_1_325' title='bbox 1140 2831 1316 2902; x_wconf 91' lang='lat' dir='ltr'><strong>inquit</strong></span> <span class='ocrx_word' id='word_1_326' title='bbox 1365 2831 1433 2886; x_wconf 87' lang='lat' dir='ltr'><strong>ad</strong></span> <span class='ocrx_word' id='word_1_327' title='bbox 1482 2829 1815 2901; x_wconf 89' lang='lat' dir='ltr'><strong>discipulos:</strong></span> 
     </span>
    </p>
   </div>
   <div class='ocr_carea' id='block_1_46' title="bbox 224 2917 1821 2998">
    <p class='ocr_par' dir='ltr' id='par_1_46' title="bbox 224 2917 1821 2998">
     <span class='ocr_line' id='line_1_46' title="bbox 224 2917 1821 2998; baseline -0.001 -18"><span class='ocrx_word' id='word_1_328' title='bbox 224 2926 350 2998; x_wconf 85' lang='lat' dir='ltr'><strong>Ego</strong></span> <span class='ocrx_word' id='word_1_329' title='bbox 377 2917 493 2981; x_wconf 78' lang='lat' dir='ltr'><strong>sum</strong></span> <span class='ocrx_word' id='word_1_330' title='bbox 524 2928 658 2993; x_wconf 83' lang='lat' dir='ltr'><strong>vitis,</strong></span> <span class='ocrx_word' id='word_1_331' title='bbox 688 2934 777 2981; x_wconf 80' lang='lat' dir='ltr'><strong>vas</strong></span> <span class='ocrx_word' id='word_1_332' title='bbox 802 2927 969 2991; x_wconf 85' lang='lat' dir='ltr'><strong>rami,‘</strong></span> <span class='ocrx_word' id='word_1_333' title='bbox 997 2927 1086 2997; x_wconf 91' lang='lat' dir='ltr'><strong>qui</strong></span> <span class='ocrx_word' id='word_1_334' title='bbox 1115 2936 1288 2981; x_wconf 72' lang='lat' dir='ltr'><strong>manu</strong></span> <span class='ocrx_word' id='word_1_335' title='bbox 1341 2927 1396 2981; x_wconf 88' lang='lat' dir='ltr'><strong>in</strong></span> <span class='ocrx_word' id='word_1_336' title='bbox 1445 2942 1546 2992; x_wconf 88' lang='lat' dir='ltr'><strong>me,</strong></span> <span class='ocrx_word' id='word_1_337' title='bbox 1572 2935 1618 2979; x_wconf 88' lang='lat' dir='ltr'><strong>et</strong></span> <span class='ocrx_word' id='word_1_338' title='bbox 1641 2941 1735 2995; x_wconf 87' lang='lat' dir='ltr'><strong>ego</strong></span> <span class='ocrx_word' id='word_1_339' title='bbox 1766 2929 1821 2979; x_wconf 86' lang='lat' dir='ltr'><strong>in</strong></span> 
     </span>
    </p>
   </div>
   <div class='ocr_carea' id='block_1_47' title="bbox 221 3017 1822 3090">
    <p class='ocr_par' dir='ltr' id='par_1_47' title="bbox 221 3017 1822 3090">
     <span class='ocr_line' id='line_1_47' title="bbox 221 3017 1822 3090; baseline -0.001 -16"><span class='ocrx_word' id='word_1_340' title='bbox 221 3036 314 3084; x_wconf 81' lang='lat' dir='ltr'><strong>eo,</strong></span> <span class='ocrx_word' id='word_1_341' title='bbox 352 3021 450 3073; x_wconf 83' lang='lat' dir='ltr'><strong>iste</strong></span> <span class='ocrx_word' id='word_1_342' title='bbox 492 3019 674 3089; x_wconf 77' lang='lat' dir='ltr'><strong>a/feret</strong></span> <span class='ocrx_word' id='word_1_343' title='bbox 696 3018 926 3087; x_wconf 83' lang='lat' dir='ltr'><strong>fructum</strong></span> <span class='ocrx_word' id='word_1_344' title='bbox 952 3020 1198 3085; x_wconf 88' lang='lat' dir='ltr'><strong>multum,</strong></span> <span class='ocrx_word' id='word_1_345' title='bbox 1246 3020 1370 3090; x_wconf 84' lang='lat' dir='ltr'><strong>quia</strong></span> <span class='ocrx_word' id='word_1_346' title='bbox 1390 3021 1516 3074; x_wconf 71' lang='lat' dir='ltr'><strong>sine.</strong></span> <span class='ocrx_word' id='word_1_347' title='bbox 1557 3036 1639 3073; x_wconf 86' lang='lat' dir='ltr'><strong>me</strong></span> <span class='ocrx_word' id='word_1_348' title='bbox 1691 3017 1822 3073; x_wconf 81' lang='lat' dir='ltr'><strong>nihil</strong></span> 
     </span>
    </p>
   </div>
   <div class='ocr_carea' id='block_1_48' title="bbox 222 3108 1819 3184">
    <p class='ocr_par' dir='ltr' id='par_1_48' title="bbox 222 3108 1819 3184">
     <span class='ocr_line' id='line_1_48' title="bbox 222 3108 1819 3184; baseline 0.001 -21"><span class='ocrx_word' id='word_1_349' title='bbox 222 3110 449 3184; x_wconf 77' lang='lat' dir='ltr'><strong>potestis</strong></span> <span class='ocrx_word' id='word_1_350' title='bbox 469 3109 641 3178; x_wconf 82' lang='lat' dir='ltr'><strong>facere</strong></span> <span class='ocrx_word' id='word_1_351' title='bbox 658 3108 843 3181; x_wconf 78' lang='lat' dir='ltr'><strong>(Joan.</strong></span> <span class='ocrx_word' id='word_1_352' title='bbox 874 3110 984 3182; x_wconf 76' lang='lat' dir='ltr'><strong>xv).</strong></span> <span class='ocrx_word' id='word_1_353' title='bbox 1016 3109 1170 3165; x_wconf 88' lang='lat' dir='ltr'><strong>Sicut</strong></span> <span class='ocrx_word' id='word_1_354' title='bbox 1202 3110 1338 3165; x_wconf 90' lang='lat' dir='ltr'><strong>rami</strong></span> <span class='ocrx_word' id='word_1_355' title='bbox 1372 3119 1428 3165; x_wconf 89' lang='lat' dir='ltr'><strong>et</strong></span> <span class='ocrx_word' id='word_1_356' title='bbox 1456 3109 1581 3165; x_wconf 89' lang='lat' dir='ltr'><strong>folia</strong></span> <span class='ocrx_word' id='word_1_357' title='bbox 1628 3111 1819 3165; x_wconf 83' lang='lat' dir='ltr'><strong>vitium</strong></span> 
     </span>
    </p>
   </div>
   <div class='ocr_carea' id='block_1_49' title="bbox 1922 1930 3505 2004">
    <p class='ocr_par' dir='ltr' id='par_1_49' title="bbox 1922 1930 3505 2004">
     <span class='ocr_line' id='line_1_49' title="bbox 1922 1930 3505 2004; baseline -0.003 -18"><span class='ocrx_word' id='word_1_358' title='bbox 1922 1931 2036 2001; x_wconf 91' lang='lat' dir='ltr'><strong>ipsa</strong></span> <span class='ocrx_word' id='word_1_359' title='bbox 2062 1930 2274 2002; x_wconf 86' lang='lat' dir='ltr'><strong>decepit</strong></span> <span class='ocrx_word' id='word_1_360' title='bbox 2302 1941 2359 1986; x_wconf 95' lang='lat' dir='ltr'><strong>ut</strong></span> <span class='ocrx_word' id='word_1_361' title='bbox 2381 1933 2506 1989; x_wconf 90' lang='lat' dir='ltr'><strong>dum</strong></span> <span class='ocrx_word' id='word_1_362' title='bbox 2534 1932 2901 2004; x_wconf 85' lang='lat' dir='ltr'><strong>indulgentius</strong></span> <span class='ocrx_word' id='word_1_363' title='bbox 2948 1931 3116 1987; x_wconf 82' lang='lat' dir='ltr'><strong>frenis</strong></span> <span class='ocrx_word' id='word_1_364' title='bbox 3145 1930 3265 2001; x_wconf 83' lang='lat' dir='ltr'><strong>ejus</strong></span> <span class='ocrx_word' id='word_1_365' title='bbox 3308 1930 3505 1994; x_wconf 88' lang='lat' dir='ltr'><strong>utitur,</strong></span> 
     </span>
    </p>
   </div>
   <div class='ocr_carea' id='block_1_50' title="bbox 1923 2012 3523 2095">
    <p class='ocr_par' dir='ltr' id='par_1_50' title="bbox 1923 2012 3523 2095">
     <span class='ocr_line' id='line_1_50' title="bbox 1923 2012 3523 2095; baseline -0.001 -17"><span class='ocrx_word' id='word_1_366' title='bbox 1923 2023 1975 2078; x_wconf 90' lang='lat' dir='ltr'><strong>in</strong></span> <span class='ocrx_word' id='word_1_367' title='bbox 2001 2024 2505 2093; x_wconf 67' lang='lat' dir='ltr'><strong>praevaricationem</strong></span> <span class='ocrx_word' id='word_1_368' title='bbox 2528 2025 2954 2095; x_wconf 84' lang='lat' dir='ltr'><strong>praesumptione</strong></span> <span class='ocrx_word' id='word_1_369' title='bbox 2975 2024 3289 2080; x_wconf 88' lang='lat' dir='ltr'><strong>conciderit.</strong></span> <span class='ocrx_word' id='word_1_370' title='bbox 3315 2021 3428 2078; x_wconf 82' lang='lat' dir='ltr'><strong>Nec</strong></span> <span class='ocrx_word' id='word_1_371' title='bbox 3442 2012 3523 2078; x_wconf 9' lang='lat' dir='ltr'><strong>exi</strong></span> 
     </span>
    </p>
   </div>
   <div class='ocr_carea' id='block_1_51' title="bbox 1924 2112 3512 2186">
    <p class='ocr_par' dir='ltr' id='par_1_51' title="bbox 1924 2112 3512 2186">
     <span class='ocr_line' id='line_1_51' title="bbox 1924 2112 3512 2186; baseline -0.001 -17"><span class='ocrx_word' id='word_1_372' title='bbox 1924 2114 2027 2169; x_wconf 87' lang='lat' dir='ltr'><strong>hac</strong></span> <span class='ocrx_word' id='word_1_373' title='bbox 2059 2115 2237 2185; x_wconf 90' lang='lat' dir='ltr'><strong>potuit</strong></span> <span class='ocrx_word' id='word_1_374' title='bbox 2257 2116 2396 2182; x_wconf 92' lang='lat' dir='ltr'><strong>erui,</strong></span> <span class='ocrx_word' id='word_1_375' title='bbox 2439 2115 2542 2170; x_wconf 91' lang='lat' dir='ltr'><strong>nisi</strong></span> <span class='ocrx_word' id='word_1_376' title='bbox 2597 2115 2645 2171; x_wconf 89' lang='lat' dir='ltr'><strong>ei</strong></span> <span class='ocrx_word' id='word_1_377' title='bbox 2691 2115 3030 2186; x_wconf 88' lang='lat' dir='ltr'><strong>providentia</strong></span> <span class='ocrx_word' id='word_1_378' title='bbox 3086 2112 3512 2185; x_wconf 79' lang='lat' dir='ltr'><strong>regenerationis</strong></span> 
     </span>
    </p>
   </div>
   <div class='ocr_carea' id='block_1_52' title="bbox 1922 2205 3507 2280">
    <p class='ocr_par' dir='ltr' id='par_1_52' title="bbox 1922 2205 3507 2280">
     <span class='ocr_line' id='line_1_52' title="bbox 1922 2205 3507 2280; baseline -0.002 -18"><span class='ocrx_word' id='word_1_379' title='bbox 1922 2213 2122 2263; x_wconf 85' lang='lat' dir='ltr'><strong>statum</strong></span> <span class='ocrx_word' id='word_1_380' title='bbox 2164 2208 2405 2279; x_wconf 64' lang='lat' dir='ltr'><strong>pristina:</strong></span> <span class='ocrx_word' id='word_1_381' title='bbox 2449 2207 2712 2263; x_wconf 86' lang='lat' dir='ltr'><strong>libertatis</strong></span> <span class='ocrx_word' id='word_1_382' title='bbox 2740 2207 2906 2280; x_wconf 74' lang='lat'><strong>269</strong></span> <span class='ocrx_word' id='word_1_383' title='bbox 2933 2206 3137 2263; x_wconf 86' lang='lat' dir='ltr'><strong>Christi</strong></span> <span class='ocrx_word' id='word_1_384' title='bbox 3188 2205 3405 2260; x_wconf 89' lang='lat' dir='ltr'><strong>Domini</strong></span> <span class='ocrx_word' id='word_1_385' title='bbox 3430 2219 3507 2259; x_wconf 86' lang='lat' dir='ltr'><strong>re-</strong></span> 
     </span>
    </p>
   </div>
   <div class='ocr_carea' id='block_1_53' title="bbox 1921 2287 3511 2370">
    <p class='ocr_par' dir='ltr' id='par_1_53' title="bbox 1921 2287 3511 2370">
     <span class='ocr_line' id='line_1_53' title="bbox 1921 2287 3511 2370; baseline -0.002 -20"><span class='ocrx_word' id='word_1_386' title='bbox 1921 2295 2207 2354; x_wconf 87' lang='lat' dir='ltr'><strong>formasset</strong></span> <span class='ocrx_word' id='word_1_387' title='bbox 2235 2299 2515 2354; x_wconf 89' lang='lat' dir='ltr'><strong>adventus.</strong></span> <span class='ocrx_word' id='word_1_388' title='bbox 2556 2320 2574 2352; x_wconf 72' lang='grc' dir='ltr'><strong>ι</strong></span> <span class='ocrx_word' id='word_1_389' title='bbox 2606 2298 2740 2355; x_wconf 86' lang='lat' dir='ltr'><strong>item</strong></span> <span class='ocrx_word' id='word_1_390' title='bbox 2775 2287 3097 2354; x_wconf 81' lang='lat' dir='ltr'><strong>Caelestinus</strong></span> <span class='ocrx_word' id='word_1_391' title='bbox 3123 2294 3272 2370; x_wconf 81' lang='lat' dir='ltr'><strong>(Post</strong></span> <span class='ocrx_word' id='word_1_392' title='bbox 3298 2295 3445 2364; x_wconf 84' lang='lat' dir='ltr'><strong>epist.</strong></span> <span class='ocrx_word' id='word_1_393' title='bbox 3476 2293 3511 2347; x_wconf 76' lang='grc'><strong>5</strong></span> 
     </span>
    </p>
   </div>
   <div class='ocr_carea' id='block_1_54' title="bbox 1922 2386 3506 2467">
    <p class='ocr_par' dir='ltr' id='par_1_54' title="bbox 1922 2386 3506 2467">
     <span class='ocr_line' id='line_1_54' title="bbox 1922 2386 3506 2467; baseline -0.004 -22"><span class='ocrx_word' id='word_1_394' title='bbox 1922 2389 2203 2457; x_wconf 76' lang='lat' dir='ltr'><strong>Ctelestini,</strong></span> <span class='ocrx_word' id='word_1_395' title='bbox 2233 2406 2352 2462; x_wconf 88' lang='lat' dir='ltr'><strong>cap.</strong></span> <span class='ocrx_word' id='word_1_396' title='bbox 2390 2390 2487 2459; x_wconf 84' lang='lat'><strong>8),</strong></span> <span class='ocrx_word' id='word_1_397' title='bbox 2523 2410 2542 2443; x_wconf 71' lang='grc' dir='ltr'><strong><em>ι</em></strong></span> <span class='ocrx_word' id='word_1_398' title='bbox 2575 2392 2720 2462; x_wconf 88' lang='lat' dir='ltr'><strong>quod</strong></span> <span class='ocrx_word' id='word_1_399' title='bbox 2753 2391 2946 2467; x_wconf 60' lang='lat' dir='ltr'><strong>omnia</strong></span> <span class='ocrx_word' id='word_1_400' title='bbox 2997 2389 3174 2445; x_wconf 90' lang='lat' dir='ltr'><strong>studia</strong></span> <span class='ocrx_word' id='word_1_401' title='bbox 3230 2395 3286 2441; x_wconf 89' lang='lat' dir='ltr'><strong>et</strong></span> <span class='ocrx_word' id='word_1_402' title='bbox 3327 2386 3506 2441; x_wconf 87' lang='lat' dir='ltr'><strong>omnia</strong></span> 
     </span>
    </p>
   </div>
   <div class='ocr_carea' id='block_1_55' title="bbox 1921 2478 3511 2552">
    <p class='ocr_par' dir='ltr' id='par_1_55' title="bbox 1921 2478 3511 2552">
     <span class='ocr_line' id='line_1_55' title="bbox 1921 2478 3511 2552; baseline -0.003 -18"><span class='ocrx_word' id='word_1_403' title='bbox 1921 2494 2086 2552; x_wconf 88' lang='lat' dir='ltr'><strong>opera</strong></span> <span class='ocrx_word' id='word_1_404' title='bbox 2114 2498 2177 2538; x_wconf 90' lang='lat' dir='ltr'><strong>ac</strong></span> <span class='ocrx_word' id='word_1_405' title='bbox 2214 2483 2408 2538; x_wconf 90' lang='lat' dir='ltr'><strong>merita</strong></span> <span class='ocrx_word' id='word_1_406' title='bbox 2436 2491 2747 2538; x_wconf 88' lang='lat' dir='ltr'><strong>sanctorum</strong></span> <span class='ocrx_word' id='word_1_407' title='bbox 2775 2483 2841 2535; x_wconf 88' lang='lat' dir='ltr'><strong>ad</strong></span> <span class='ocrx_word' id='word_1_408' title='bbox 2868 2481 2959 2536; x_wconf 92' lang='lat' dir='ltr'><strong>Dei</strong></span> <span class='ocrx_word' id='word_1_409' title='bbox 3000 2480 3226 2549; x_wconf 81' lang='lat' dir='ltr'><strong>gloriam</strong></span> <span class='ocrx_word' id='word_1_410' title='bbox 3272 2478 3511 2547; x_wconf 79' lang='lat' dir='ltr'><strong>laudem-</strong></span> 
     </span>
    </p>
   </div>
   <div class='ocr_carea' id='block_1_56' title="bbox 1922 2570 3509 2646">
    <p class='ocr_par' dir='ltr' id='par_1_56' title="bbox 1922 2570 3509 2646">
     <span class='ocr_line' id='line_1_56' title="bbox 1922 2570 3509 2646; baseline -0.003 -17"><span class='ocrx_word' id='word_1_411' title='bbox 1922 2589 2027 2646; x_wconf 91' lang='lat' dir='ltr'><strong>que</strong></span> <span class='ocrx_word' id='word_1_412' title='bbox 2057 2573 2337 2631; x_wconf 88' lang='lat' dir='ltr'><strong>referenda</strong></span> <span class='ocrx_word' id='word_1_413' title='bbox 2364 2584 2508 2641; x_wconf 90' lang='lat' dir='ltr'><strong>sunt,</strong></span> <span class='ocrx_word' id='word_1_414' title='bbox 2538 2578 2663 2646; x_wconf 88' lang='lat' dir='ltr'><strong>quia</strong></span> <span class='ocrx_word' id='word_1_415' title='bbox 2696 2589 2854 2630; x_wconf 86' lang='lat' dir='ltr'><strong>nemo</strong></span> <span class='ocrx_word' id='word_1_416' title='bbox 2875 2574 2922 2628; x_wconf 83' lang='lat' dir='ltr'><strong>ei</strong></span> <span class='ocrx_word' id='word_1_417' title='bbox 2951 2573 3167 2628; x_wconf 83' lang='lat' dir='ltr'><strong>aliunde</strong></span> <span class='ocrx_word' id='word_1_418' title='bbox 3202 2570 3378 2642; x_wconf 89' lang='lat' dir='ltr'><strong>placet</strong></span> <span class='ocrx_word' id='word_1_419' title='bbox 3404 2571 3509 2626; x_wconf 90' lang='lat' dir='ltr'><strong>nisi</strong></span> 
     </span>
    </p>
   </div>
   <div class='ocr_carea' id='block_1_57' title="bbox 1921 2661 3507 2736">
    <p class='ocr_par' dir='ltr' id='par_1_57' title="bbox 1921 2661 3507 2736">
     <span class='ocr_line' id='line_1_57' title="bbox 1921 2661 3507 2736; baseline -0.003 -16"><span class='ocrx_word' id='word_1_420' title='bbox 1921 2680 1987 2720; x_wconf 84' lang='lat' dir='ltr'><strong>ex</strong></span> <span class='ocrx_word' id='word_1_421' title='bbox 2015 2680 2080 2720; x_wconf 89' lang='lat' dir='ltr'><strong>eo</strong></span> <span class='ocrx_word' id='word_1_422' title='bbox 2103 2665 2243 2734; x_wconf 89' lang='lat' dir='ltr'><strong>quod</strong></span> <span class='ocrx_word' id='word_1_423' title='bbox 2271 2666 2385 2736; x_wconf 88' lang='lat' dir='ltr'><strong>ipse</strong></span> <span class='ocrx_word' id='word_1_424' title='bbox 2411 2666 2693 2719; x_wconf 88' lang='lat' dir='ltr'><strong>donaverit</strong></span> <span class='ocrx_word' id='word_1_425' title='bbox 2716 2667 2852 2735; x_wconf 80' lang='lat' dir='ltr'><strong>(cap.</strong></span> <span class='ocrx_word' id='word_1_426' title='bbox 2880 2664 2988 2734; x_wconf 67' lang='lat'><strong>9).»</strong></span> <span class='ocrx_word' id='word_1_427' title='bbox 3006 2662 3137 2718; x_wconf 86' lang='lat' dir='ltr'><strong>Item</strong></span> <span class='ocrx_word' id='word_1_428' title='bbox 3162 2677 3177 2714; x_wconf 91' lang='lat'><strong>:</strong></span> <span class='ocrx_word' id='word_1_429' title='bbox 3206 2681 3226 2712; x_wconf 82' lang='grc'><strong><em>‹</em></strong></span> <span class='ocrx_word' id='word_1_430' title='bbox 3260 2661 3405 2721; x_wconf 84' lang='lat' dir='ltr'><strong>quod</strong></span> <span class='ocrx_word' id='word_1_431' title='bbox 3436 2661 3507 2715; x_wconf 88' lang='lat' dir='ltr'><strong>ita</strong></span> 
     </span>
    </p>
   </div>
   <div class='ocr_carea' id='block_1_58' title="bbox 1922 2751 3507 2825">
    <p class='ocr_par' dir='ltr' id='par_1_58' title="bbox 1922 2751 3507 2825">
     <span class='ocr_line' id='line_1_58' title="bbox 1922 2751 3507 2825; baseline -0.001 -16"><span class='ocrx_word' id='word_1_432' title='bbox 1922 2754 2064 2810; x_wconf 89' lang='lat' dir='ltr'><strong>Deus</strong></span> <span class='ocrx_word' id='word_1_433' title='bbox 2095 2756 2149 2810; x_wconf 94' lang='lat' dir='ltr'><strong>in</strong></span> <span class='ocrx_word' id='word_1_434' title='bbox 2180 2755 2434 2811; x_wconf 88' lang='lat' dir='ltr'><strong>cordibus</strong></span> <span class='ocrx_word' id='word_1_435' title='bbox 2456 2755 2734 2811; x_wconf 88' lang='lat' dir='ltr'><strong>hominum</strong></span> <span class='ocrx_word' id='word_1_436' title='bbox 2765 2765 2926 2825; x_wconf 88' lang='lat' dir='ltr'><strong>atque</strong></span> <span class='ocrx_word' id='word_1_437' title='bbox 2956 2755 3009 2808; x_wconf 90' lang='lat' dir='ltr'><strong>in</strong></span> <span class='ocrx_word' id='word_1_438' title='bbox 3038 2753 3155 2823; x_wconf 89' lang='lat' dir='ltr'><strong>ipso</strong></span> <span class='ocrx_word' id='word_1_439' title='bbox 3176 2751 3346 2806; x_wconf 89' lang='lat' dir='ltr'><strong>libero</strong></span> <span class='ocrx_word' id='word_1_440' title='bbox 3375 2766 3507 2822; x_wconf 89' lang='lat' dir='ltr'><strong>ope—</strong></span> 
     </span>
    </p>
   </div>
   <div class='ocr_carea' id='block_1_59' title="bbox 1922 2843 3502 2918">
    <p class='ocr_par' dir='ltr' id='par_1_59' title="bbox 1922 2843 3502 2918">
     <span class='ocr_line' id='line_1_59' title="bbox 1922 2843 3502 2918; baseline -0.004 -16"><span class='ocrx_word' id='word_1_441' title='bbox 1922 2857 2072 2903; x_wconf 88' lang='lat' dir='ltr'><strong>retur</strong></span> <span class='ocrx_word' id='word_1_442' title='bbox 2102 2847 2326 2903; x_wconf 86' lang='lat' dir='ltr'><strong>arbitrio</strong></span> <span class='ocrx_word' id='word_1_443' title='bbox 2366 2857 2426 2902; x_wconf 91' lang='lat' dir='ltr'><strong>ut</strong></span> <span class='ocrx_word' id='word_1_444' title='bbox 2454 2855 2640 2913; x_wconf 88' lang='lat' dir='ltr'><strong>sancta</strong></span> <span class='ocrx_word' id='word_1_445' title='bbox 2678 2846 2957 2918; x_wconf 86' lang='lat' dir='ltr'><strong>cogitatio,</strong></span> <span class='ocrx_word' id='word_1_446' title='bbox 3018 2845 3167 2916; x_wconf 90' lang='lat' dir='ltr'><strong>pium</strong></span> <span class='ocrx_word' id='word_1_447' title='bbox 3197 2843 3502 2906; x_wconf 89' lang='lat' dir='ltr'><strong>consilium,</strong></span> 
     </span>
    </p>
   </div>
   <div class='ocr_carea' id='block_1_60' title="bbox 1919 2936 3511 3010">
    <p class='ocr_par' dir='ltr' id='par_1_60' title="bbox 1919 2936 3511 3010">
     <span class='ocr_line' id='line_1_60' title="bbox 1919 2936 3511 3010; baseline -0.003 -15"><span class='ocrx_word' id='word_1_448' title='bbox 1919 2940 2206 3010; x_wconf 89' lang='lat' dir='ltr'><strong>omnisque</strong></span> <span class='ocrx_word' id='word_1_449' title='bbox 2241 2948 2420 2996; x_wconf 90' lang='lat' dir='ltr'><strong>motus</strong></span> <span class='ocrx_word' id='word_1_450' title='bbox 2461 2939 2614 2995; x_wconf 77' lang='lat' dir='ltr'><strong>bona:</strong></span> <span class='ocrx_word' id='word_1_451' title='bbox 2642 2939 2932 2995; x_wconf 71' lang='lat' dir='ltr'><strong>voluntaiis</strong></span> <span class='ocrx_word' id='word_1_452' title='bbox 2957 2953 3023 2993; x_wconf 76' lang='lat' dir='ltr'><strong>ex</strong></span> <span class='ocrx_word' id='word_1_453' title='bbox 3078 2937 3190 2992; x_wconf 91' lang='lat' dir='ltr'><strong>Deo</strong></span> <span class='ocrx_word' id='word_1_454' title='bbox 3242 2938 3333 3002; x_wconf 89' lang='lat' dir='ltr'><strong>sit,</strong></span> <span class='ocrx_word' id='word_1_455' title='bbox 3384 2936 3511 3006; x_wconf 87' lang='lat' dir='ltr'><strong>quia</strong></span> 
     </span>
    </p>
   </div>
   <div class='ocr_carea' id='block_1_61' title="bbox 1920 3026 3512 3101">
    <p class='ocr_par' dir='ltr' id='par_1_61' title="bbox 1920 3026 3512 3101">
     <span class='ocr_line' id='line_1_61' title="bbox 1920 3026 3512 3101; baseline -0.004 -14"><span class='ocrx_word' id='word_1_456' title='bbox 1920 3048 2027 3088; x_wconf 90' lang='lat' dir='ltr'><strong>non</strong></span> <span class='ocrx_word' id='word_1_457' title='bbox 2068 3032 2171 3086; x_wconf 84' lang='lat' dir='ltr'><strong>nisi</strong></span> <span class='ocrx_word' id='word_1_458' title='bbox 2197 3046 2296 3101; x_wconf 88' lang='lat' dir='ltr'><strong>per</strong></span> <span class='ocrx_word' id='word_1_459' title='bbox 2316 3030 2465 3086; x_wconf 89' lang='lat' dir='ltr'><strong>illum</strong></span> <span class='ocrx_word' id='word_1_460' title='bbox 2504 3030 2704 3101; x_wconf 83' lang='lat' dir='ltr'><strong>aliquid</strong></span> <span class='ocrx_word' id='word_1_461' title='bbox 2756 3029 2880 3085; x_wconf 89' lang='lat' dir='ltr'><strong>boni</strong></span> <span class='ocrx_word' id='word_1_462' title='bbox 2916 3040 3221 3099; x_wconf 89' lang='lat' dir='ltr'><strong>possumus,</strong></span> <span class='ocrx_word' id='word_1_463' title='bbox 3252 3026 3371 3082; x_wconf 89' lang='lat' dir='ltr'><strong>sine</strong></span> <span class='ocrx_word' id='word_1_464' title='bbox 3406 3041 3512 3095; x_wconf 89' lang='lat' dir='ltr'><strong>quo</strong></span> 
     </span>
    </p>
   </div>
   <div class='ocr_carea' id='block_1_62' title="bbox 1919 3119 3514 3194">
    <p class='ocr_par' dir='ltr' id='par_1_62' title="bbox 1919 3119 3514 3194">
     <span class='ocr_line' id='line_1_62' title="bbox 1919 3119 3514 3194; baseline -0.004 -15"><span class='ocrx_word' id='word_1_465' title='bbox 1919 3123 2054 3179; x_wconf 81' lang='lat' dir='ltr'><strong>nihil</strong></span> <span class='ocrx_word' id='word_1_466' title='bbox 2101 3138 2402 3194; x_wconf 88' lang='lat' dir='ltr'><strong>possumus.</strong></span> <span class='ocrx_word' id='word_1_467' title='bbox 2440 3142 2458 3175; x_wconf 73' lang='grc' dir='ltr'><strong><em>ι</em></strong></span> <span class='ocrx_word' id='word_1_468' title='bbox 2494 3123 2626 3177; x_wconf 85' lang='lat' dir='ltr'><strong>Item</strong></span> <span class='ocrx_word' id='word_1_469' title='bbox 2659 3122 2795 3194; x_wconf 84' lang='lat' dir='ltr'><strong>(cap.</strong></span> <span class='ocrx_word' id='word_1_470' title='bbox 2841 3123 2927 3193; x_wconf 75' lang='lat'><strong>10)</strong></span> <span class='ocrx_word' id='word_1_471' title='bbox 2962 3141 2974 3176; x_wconf 92' lang='lat'><strong>:</strong></span> <span class='ocrx_word' id='word_1_472' title='bbox 3011 3141 3030 3174; x_wconf 72' lang='grc' dir='ltr'>ε</span> <span class='ocrx_word' id='word_1_473' title='bbox 3062 3121 3318 3192; x_wconf 87' lang='lat' dir='ltr'><strong>Quisquis</strong></span> <span class='ocrx_word' id='word_1_474' title='bbox 3369 3119 3514 3175; x_wconf 79' lang='lat' dir='ltr'><strong>dixe-</strong></span> 
     </span>
    </p>
   </div>
   <div class='ocr_carea' id='block_1_63' title="bbox 224 3201 1825 3286">
    <p class='ocr_par' dir='ltr' id='par_1_63' title="bbox 224 3201 1818 3274">
     <span class='ocr_line' id='line_1_63' title="bbox 224 3201 1818 3274; baseline 0 -18"><span class='ocrx_word' id='word_1_475' title='bbox 224 3201 382 3257; x_wconf 81' lang='lat' dir='ltr'><strong>illi’co</strong></span> <span class='ocrx_word' id='word_1_476' title='bbox 400 3202 794 3258; x_wconf 88' lang='lat' dir='ltr'><strong>contabescunt</strong></span> <span class='ocrx_word' id='word_1_477' title='bbox 836 3207 961 3257; x_wconf 89' lang='lat' dir='ltr'><strong>cum</strong></span> <span class='ocrx_word' id='word_1_478' title='bbox 1012 3201 1215 3257; x_wconf 80' lang='lat' dir='ltr'><strong>fuerint</strong></span> <span class='ocrx_word' id='word_1_479' title='bbox 1242 3218 1272 3256; x_wconf 87' lang='lat' dir='ltr'><strong>a</strong></span> <span class='ocrx_word' id='word_1_480' title='bbox 1305 3202 1530 3259; x_wconf 88' lang='lat' dir='ltr'><strong>matrice</strong></span> <span class='ocrx_word' id='word_1_481' title='bbox 1572 3202 1818 3274; x_wconf 79' lang='lat' dir='ltr'><strong>praecisa,</strong></span> 
     </span>
    </p>
   </div>
   <div class='ocr_carea' id='block_1_64' title="bbox 1927 3201 3512 3286">
    <p class='ocr_par' dir='ltr' id='par_1_64' title="bbox 1927 3210 3512 3286">
     <span class='ocr_line' id='line_1_64' title="bbox 1927 3210 3512 3286; baseline -0.004 -17"><span class='ocrx_word' id='word_1_482' title='bbox 1927 3215 2017 3281; x_wconf 90' lang='lat' dir='ltr'><strong>rit,</strong></span> <span class='ocrx_word' id='word_1_483' title='bbox 2044 3215 2162 3270; x_wconf 90' lang='lat' dir='ltr'><strong>ideo</strong></span> <span class='ocrx_word' id='word_1_484' title='bbox 2187 3214 2341 3269; x_wconf 89' lang='lat' dir='ltr'><strong>nobis</strong></span> <span class='ocrx_word' id='word_1_485' title='bbox 2369 3213 2597 3286; x_wconf 81' lang='lat' dir='ltr'><strong>gratiam</strong></span> <span class='ocrx_word' id='word_1_486' title='bbox 2642 3211 3046 3282; x_wconf 84' lang='lat' dir='ltr'><strong>justiﬁcationis</strong></span> <span class='ocrx_word' id='word_1_487' title='bbox 3074 3213 3212 3279; x_wconf 89' lang='lat' dir='ltr'><strong>dari,</strong></span> <span class='ocrx_word' id='word_1_488' title='bbox 3256 3224 3313 3267; x_wconf 89' lang='lat' dir='ltr'><strong>ut</strong></span> <span class='ocrx_word' id='word_1_489' title='bbox 3370 3210 3512 3282; x_wconf 85' lang='lat' dir='ltr'><strong>quod</strong></span> 
     </span>
    </p>
   </div>
   <div class='ocr_carea' id='block_1_65' title="bbox 225 3296 1816 3370">
    <p class='ocr_par' dir='ltr' id='par_1_65' title="bbox 225 3296 1816 3370">
     <span class='ocr_line' id='line_1_65' title="bbox 225 3296 1816 3370; baseline -0.001 -16"><span class='ocrx_word' id='word_1_490' title='bbox 225 3298 310 3354; x_wconf 74' lang='lat' dir='ltr'><strong>ita</strong></span> <span class='ocrx_word' id='word_1_491' title='bbox 336 3298 515 3354; x_wconf 89' lang='lat' dir='ltr'><strong>omnis</strong></span> <span class='ocrx_word' id='word_1_492' title='bbox 534 3297 811 3353; x_wconf 88' lang='lat' dir='ltr'><strong>hominum</strong></span> <span class='ocrx_word' id='word_1_493' title='bbox 837 3296 1096 3353; x_wconf 80' lang='lat' dir='ltr'><strong>fortitudo</strong></span> <span class='ocrx_word' id='word_1_494' title='bbox 1129 3297 1298 3370; x_wconf 73' lang='lat'><strong>268</strong></span> <span class='ocrx_word' id='word_1_495' title='bbox 1325 3298 1609 3354; x_wconf 88' lang='lat' dir='ltr'><strong>marcessit</strong></span> <span class='ocrx_word' id='word_1_496' title='bbox 1635 3306 1691 3354; x_wconf 90' lang='lat' dir='ltr'><strong>et</strong></span> <span class='ocrx_word' id='word_1_497' title='bbox 1720 3298 1816 3353; x_wconf 85' lang='lat' dir='ltr'><strong>de-</strong></span> 
     </span>
    </p>
   </div>
   <div class='ocr_carea' id='block_1_66' title="bbox 227 3388 1816 3464">
    <p class='ocr_par' dir='ltr' id='par_1_66' title="bbox 227 3388 1816 3464">
     <span class='ocr_line' id='line_1_66' title="bbox 227 3388 1816 3464; baseline -0.001 -18"><span class='ocrx_word' id='word_1_498' title='bbox 227 3392 398 3464; x_wconf 87' lang='lat' dir='ltr'><strong>perit,</strong></span> <span class='ocrx_word' id='word_1_499' title='bbox 428 3391 473 3447; x_wconf 90' lang='lat' dir='ltr'><strong>si</strong></span> <span class='ocrx_word' id='word_1_500' title='bbox 499 3408 529 3446; x_wconf 92' lang='lat' dir='ltr'><strong>a</strong></span> <span class='ocrx_word' id='word_1_501' title='bbox 556 3391 652 3447; x_wconf 89' lang='lat' dir='ltr'><strong>Dei</strong></span> <span class='ocrx_word' id='word_1_502' title='bbox 682 3391 883 3447; x_wconf 79' lang='lat' dir='ltr'><strong>auxilio</strong></span> <span class='ocrx_word' id='word_1_503' title='bbox 914 3392 1217 3446; x_wconf 83' lang='lat' dir='ltr'><strong>deseratur.</strong></span> <span class='ocrx_word' id='word_1_504' title='bbox 1257 3388 1451 3456; x_wconf 85' lang='lat' dir='ltr'><strong>Nemo,</strong></span> <span class='ocrx_word' id='word_1_505' title='bbox 1504 3390 1703 3460; x_wconf 87' lang='lat' dir='ltr'><strong>inquit,</strong></span> <span class='ocrx_word' id='word_1_506' title='bbox 1733 3406 1816 3460; x_wconf 86' lang='lat' dir='ltr'><strong>po-</strong></span> 
     </span>
    </p>
   </div>
   <div class='ocr_carea' id='block_1_67' title="bbox 228 3479 1821 3552">
    <p class='ocr_par' dir='ltr' id='par_1_67' title="bbox 228 3479 1821 3552">
     <span class='ocr_line' id='line_1_67' title="bbox 228 3479 1821 3552; baseline -0.004 -11"><span class='ocrx_word' id='word_1_507' title='bbox 228 3493 331 3540; x_wconf 84' lang='lat' dir='ltr'><strong>test</strong></span> <span class='ocrx_word' id='word_1_508' title='bbox 362 3483 534 3538; x_wconf 77' lang='lat' dir='ltr'><strong>uenire</strong></span> <span class='ocrx_word' id='word_1_509' title='bbox 566 3483 637 3537; x_wconf 80' lang='lat' dir='ltr'><strong>ad</strong></span> <span class='ocrx_word' id='word_1_510' title='bbox 697 3499 776 3537; x_wconf 87' lang='lat' dir='ltr'><strong>me</strong></span> <span class='ocrx_word' id='word_1_511' title='bbox 821 3483 921 3537; x_wconf 85' lang='lat' dir='ltr'><strong>nisi</strong></span> <span class='ocrx_word' id='word_1_512' title='bbox 952 3479 1135 3546; x_wconf 87' lang='lat' dir='ltr'><strong>Pater,</strong></span> <span class='ocrx_word' id='word_1_513' title='bbox 1178 3483 1266 3552; x_wconf 87' lang='lat' dir='ltr'><strong>qui</strong></span> <span class='ocrx_word' id='word_1_514' title='bbox 1290 3482 1429 3536; x_wconf 85' lang='lat' dir='ltr'><strong>misit</strong></span> <span class='ocrx_word' id='word_1_515' title='bbox 1475 3498 1576 3547; x_wconf 81' lang='lat' dir='ltr'><strong>me,</strong></span> <span class='ocrx_word' id='word_1_516' title='bbox 1601 3481 1821 3536; x_wconf 75' lang='lat' dir='ltr'><strong>traxerit</strong></span> 
     </span>
    </p>
   </div>
   <div class='ocr_carea' id='block_1_68' title="bbox 228 3569 1821 3644">
    <p class='ocr_par' dir='ltr' id='par_1_68' title="bbox 228 3569 1821 3644">
     <span class='ocr_line' id='line_1_68' title="bbox 228 3569 1821 3644; baseline -0.003 -15"><span class='ocrx_word' id='word_1_517' title='bbox 228 3590 357 3629; x_wconf 81' lang='lat' dir='ltr'><strong>eum</strong></span> <span class='ocrx_word' id='word_1_518' title='bbox 381 3572 564 3642; x_wconf 85' lang='lat' dir='ltr'><strong>(Joan.</strong></span> <span class='ocrx_word' id='word_1_519' title='bbox 592 3572 691 3644; x_wconf 79' lang='lat' dir='ltr'><strong>vr).</strong></span> <span class='ocrx_word' id='word_1_520' title='bbox 717 3571 943 3640; x_wconf 83' lang='lat' dir='ltr'><strong>Quando</strong></span> <span class='ocrx_word' id='word_1_521' title='bbox 990 3570 1144 3637; x_wconf 85' lang='lat' dir='ltr'><strong>dicit,</strong></span> <span class='ocrx_word' id='word_1_522' title='bbox 1173 3586 1320 3626; x_wconf 84' lang='lat' dir='ltr'><strong>nemo</strong></span> <span class='ocrx_word' id='word_1_523' title='bbox 1353 3569 1517 3642; x_wconf 79' lang='lat' dir='ltr'><strong>potest</strong></span> <span class='ocrx_word' id='word_1_524' title='bbox 1547 3571 1720 3627; x_wconf 80' lang='lat' dir='ltr'><strong>venire</strong></span> <span class='ocrx_word' id='word_1_525' title='bbox 1752 3571 1821 3625; x_wconf 85' lang='lat' dir='ltr'><strong>ad</strong></span> 
     </span>
    </p>
   </div>
   <div class='ocr_carea' id='block_1_69' title="bbox 198 3659 1823 3737">
    <p class='ocr_par' dir='ltr' id='par_1_69' title="bbox 198 3659 1823 3737">
     <span class='ocr_line' id='line_1_69' title="bbox 198 3659 1823 3737; baseline -0.001 -19"><span class='ocrx_word' id='word_1_526' title='bbox 198 3672 338 3727; x_wconf 83' lang='lat' dir='ltr'><strong>&#39;me,</strong></span> <span class='ocrx_word' id='word_1_527' title='bbox 369 3661 570 3737; x_wconf 82' lang='lat' dir='ltr'><strong>frangit</strong></span> <span class='ocrx_word' id='word_1_528' title='bbox 609 3661 1008 3732; x_wconf 89' lang='lat' dir='ltr'><strong>superbientem</strong></span> <span class='ocrx_word' id='word_1_529' title='bbox 1068 3660 1280 3716; x_wconf 89' lang='lat' dir='ltr'><strong>arbitrii</strong></span> <span class='ocrx_word' id='word_1_530' title='bbox 1322 3660 1649 3725; x_wconf 89' lang='lat' dir='ltr'><strong>libertatem,</strong></span> <span class='ocrx_word' id='word_1_531' title='bbox 1678 3659 1823 3730; x_wconf 90' lang='lat' dir='ltr'><strong>quod</strong></span> 
     </span>
    </p>
   </div>
   <div class='ocr_carea' id='block_1_70' title="bbox 228 3748 1823 3820">
    <p class='ocr_par' dir='ltr' id='par_1_70' title="bbox 228 3748 1823 3820">
     <span class='ocr_line' id='line_1_70' title="bbox 228 3748 1823 3820; baseline -0.003 -11"><span class='ocrx_word' id='word_1_532' title='bbox 228 3751 454 3809; x_wconf 87' lang='lat' dir='ltr'><strong>etiamsi</strong></span> <span class='ocrx_word' id='word_1_533' title='bbox 510 3750 639 3806; x_wconf 90' lang='lat' dir='ltr'><strong>velit</strong></span> <span class='ocrx_word' id='word_1_534' title='bbox 685 3751 753 3806; x_wconf 90' lang='lat' dir='ltr'><strong>ad</strong></span> <span class='ocrx_word' id='word_1_535' title='bbox 813 3749 1089 3806; x_wconf 88' lang='lat' dir='ltr'><strong>Christum</strong></span> <span class='ocrx_word' id='word_1_536' title='bbox 1140 3764 1388 3820; x_wconf 87' lang='lat' dir='ltr'><strong>pergere,</strong></span> <span class='ocrx_word' id='word_1_537' title='bbox 1420 3750 1524 3805; x_wconf 89' lang='lat' dir='ltr'><strong>nisi</strong></span> <span class='ocrx_word' id='word_1_538' title='bbox 1556 3750 1651 3803; x_wconf 89' lang='lat' dir='ltr'><strong>ﬁat</strong></span> <span class='ocrx_word' id='word_1_539' title='bbox 1691 3748 1823 3805; x_wconf 90' lang='lat' dir='ltr'><strong>illud</strong></span> 
     </span>
    </p>
   </div>
   <div class='ocr_carea' id='block_1_71' title="bbox 229 3839 1826 3913">
    <p class='ocr_par' dir='ltr' id='par_1_71' title="bbox 229 3839 1826 3913">
     <span class='ocr_line' id='line_1_71' title="bbox 229 3839 1826 3913; baseline -0.003 -15"><span class='ocrx_word' id='word_1_540' title='bbox 229 3841 385 3913; x_wconf 85' lang='lat' dir='ltr'><strong>quod</strong></span> <span class='ocrx_word' id='word_1_541' title='bbox 407 3840 670 3912; x_wconf 85' lang='lat' dir='ltr'><strong>sequitur,</strong></span> <span class='ocrx_word' id='word_1_542' title='bbox 699 3839 863 3897; x_wconf 87' lang='lat' dir='ltr'><strong>Pater</strong></span> <span class='ocrx_word' id='word_1_543' title='bbox 890 3855 1043 3896; x_wconf 93' lang='lat' dir='ltr'><strong>meus</strong></span> <span class='ocrx_word' id='word_1_544' title='bbox 1070 3841 1308 3899; x_wconf 72' lang='lat' dir='ltr'><strong>coelesﬁs</strong></span> <span class='ocrx_word' id='word_1_545' title='bbox 1337 3841 1565 3897; x_wconf 78' lang='lat' dir='ltr'><strong>traxerit</strong></span> <span class='ocrx_word' id='word_1_546' title='bbox 1588 3855 1733 3905; x_wconf 90' lang='lat' dir='ltr'><strong>eum,</strong></span> <span class='ocrx_word' id='word_1_547' title='bbox 1758 3853 1826 3895; x_wconf 90' lang='lat' dir='ltr'><strong>ne</strong></span> 
     </span>
    </p>
   </div>
   <div class='ocr_carea' id='block_1_72' title="bbox 230 3928 1827 4003">
    <p class='ocr_par' dir='ltr' id='par_1_72' title="bbox 230 3928 1827 4003">
     <span class='ocr_line' id='line_1_72' title="bbox 230 3928 1827 4003; baseline -0.004 -15"><span class='ocrx_word' id='word_1_548' title='bbox 230 3932 533 4003; x_wconf 88' lang='lat' dir='ltr'><strong>quidquam</strong></span> <span class='ocrx_word' id='word_1_549' title='bbox 556 3931 752 4002; x_wconf 91' lang='lat' dir='ltr'><strong>cupiat,</strong></span> <span class='ocrx_word' id='word_1_550' title='bbox 770 3931 969 3986; x_wconf 81' lang='lat' dir='ltr'><strong>frustra</strong></span> <span class='ocrx_word' id='word_1_551' title='bbox 1001 3930 1223 3985; x_wconf 88' lang='lat' dir='ltr'><strong>nitatur.</strong></span> <span class='ocrx_word' id='word_1_552' title='bbox 1251 3929 1422 3985; x_wconf 88' lang='lat' dir='ltr'><strong>Simul</strong></span> <span class='ocrx_word' id='word_1_553' title='bbox 1444 3939 1499 3985; x_wconf 91' lang='lat' dir='ltr'><strong>et</strong></span> <span class='ocrx_word' id='word_1_554' title='bbox 1524 3930 1627 3985; x_wconf 90' lang='lat' dir='ltr'><strong>hoc</strong></span> <span class='ocrx_word' id='word_1_555' title='bbox 1652 3928 1827 3983; x_wconf 88' lang='lat' dir='ltr'><strong>anim-</strong></span> 
     </span>
    </p>
   </div>
   <div class='ocr_carea' id='block_1_73' title="bbox 231 4025 1823 4097">
    <p class='ocr_par' dir='ltr' id='par_1_73' title="bbox 231 4025 1823 4097">
     <span class='ocr_line' id='line_1_73' title="bbox 231 4025 1823 4097; baseline -0.002 -14"><span class='ocrx_word' id='word_1_556' title='bbox 231 4027 630 4083; x_wconf 82' lang='lat' dir='ltr'><strong>advertendum</strong></span> <span class='ocrx_word' id='word_1_557' title='bbox 670 4026 815 4096; x_wconf 88' lang='lat' dir='ltr'><strong>quod</strong></span> <span class='ocrx_word' id='word_1_558' title='bbox 862 4026 953 4097; x_wconf 89' lang='lat' dir='ltr'><strong>qui</strong></span> <span class='ocrx_word' id='word_1_559' title='bbox 997 4026 1244 4091; x_wconf 90' lang='lat' dir='ltr'><strong>trahitur,</strong></span> <span class='ocrx_word' id='word_1_560' title='bbox 1276 4040 1382 4080; x_wconf 93' lang='lat' dir='ltr'><strong>non</strong></span> <span class='ocrx_word' id='word_1_561' title='bbox 1412 4036 1603 4097; x_wconf 91' lang='lat' dir='ltr'><strong>sponte</strong></span> <span class='ocrx_word' id='word_1_562' title='bbox 1629 4025 1823 4091; x_wconf 89' lang='lat' dir='ltr'><strong>currit,</strong></span> 
     </span>
    </p>
   </div>
   <div class='ocr_carea' id='block_1_74' title="bbox 231 4116 1824 4183">
    <p class='ocr_par' dir='ltr' id='par_1_74' title="bbox 231 4116 1824 4183">
     <span class='ocr_line' id='line_1_74' title="bbox 231 4116 1824 4183; baseline -0.001 -9"><span class='ocrx_word' id='word_1_563' title='bbox 231 4118 334 4174; x_wconf 88' lang='lat' dir='ltr'><strong>sed</strong></span> <span class='ocrx_word' id='word_1_564' title='bbox 361 4123 456 4172; x_wconf 81' lang='lat' dir='ltr'><strong>aut</strong></span> <span class='ocrx_word' id='word_1_565' title='bbox 482 4125 804 4182; x_wconf 86' lang='lat' dir='ltr'><strong>retractans,</strong></span> <span class='ocrx_word' id='word_1_566' title='bbox 830 4126 927 4172; x_wconf 87' lang='lat' dir='ltr'><strong>aut</strong></span> <span class='ocrx_word' id='word_1_567' title='bbox 953 4117 1159 4183; x_wconf 90' lang='lat' dir='ltr'><strong>tardus,</strong></span> <span class='ocrx_word' id='word_1_568' title='bbox 1188 4117 1496 4173; x_wconf 87' lang='lat' dir='ltr'><strong>autinvitus</strong></span> <span class='ocrx_word' id='word_1_569' title='bbox 1520 4116 1824 4173; x_wconf 89' lang='lat' dir='ltr'><strong>adducitur.</strong></span> 
     </span>
    </p>
   </div>
   <div class='ocr_carea' id='block_1_75' title="bbox 232 4205 1831 4280">
    <p class='ocr_par' dir='ltr' id='par_1_75' title="bbox 232 4205 1831 4280">
     <span class='ocr_line' id='line_1_75' title="bbox 232 4205 1831 4280; baseline 0.001 -17"><span class='ocrx_word' id='word_1_570' title='bbox 232 4207 344 4277; x_wconf 86' lang='lat' dir='ltr'><strong>Qui</strong></span> <span class='ocrx_word' id='word_1_571' title='bbox 375 4224 481 4263; x_wconf 90' lang='lat' dir='ltr'><strong>non</strong></span> <span class='ocrx_word' id='word_1_572' title='bbox 528 4216 708 4280; x_wconf 79' lang='lat' dir='ltr'><strong>potest</strong></span> <span class='ocrx_word' id='word_1_573' title='bbox 753 4208 868 4263; x_wconf 92' lang='lat' dir='ltr'><strong>suis</strong></span> <span class='ocrx_word' id='word_1_574' title='bbox 895 4208 1101 4262; x_wconf 87' lang='lat' dir='ltr'><strong>viribus</strong></span> <span class='ocrx_word' id='word_1_575' title='bbox 1129 4217 1183 4263; x_wconf 92' lang='lat' dir='ltr'><strong>et</strong></span> <span class='ocrx_word' id='word_1_576' title='bbox 1205 4208 1390 4264; x_wconf 92' lang='lat' dir='ltr'><strong>labore</strong></span> <span class='ocrx_word' id='word_1_577' title='bbox 1414 4207 1599 4264; x_wconf 91' lang='lat' dir='ltr'><strong>venire</strong></span> <span class='ocrx_word' id='word_1_578' title='bbox 1646 4208 1714 4263; x_wconf 90' lang='lat' dir='ltr'><strong>ad</strong></span> <span class='ocrx_word' id='word_1_579' title='bbox 1746 4205 1831 4264; x_wconf 84' lang='lat' dir='ltr'><strong>Je-</strong></span> 
     </span>
    </p>
   </div>
   <div class='ocr_carea' id='block_1_76' title="bbox 229 4302 1832 4374">
    <p class='ocr_par' dir='ltr' id='par_1_76' title="bbox 229 4302 1832 4374">
     <span class='ocr_line' id='line_1_76' title="bbox 229 4302 1832 4374; baseline -0.002 -15"><span class='ocrx_word' id='word_1_580' title='bbox 229 4320 387 4371; x_wconf 81' lang='lat' dir='ltr'><strong>sum,</strong></span> <span class='ocrx_word' id='word_1_581' title='bbox 412 4305 682 4374; x_wconf 88' lang='lat' dir='ltr'><strong>quomodo</strong></span> <span class='ocrx_word' id='word_1_582' title='bbox 708 4312 884 4374; x_wconf 87' lang='lat' dir='ltr'><strong>potest</strong></span> <span class='ocrx_word' id='word_1_583' title='bbox 910 4303 1092 4359; x_wconf 88' lang='lat' dir='ltr'><strong>omnia</strong></span> <span class='ocrx_word' id='word_1_584' title='bbox 1124 4302 1283 4359; x_wconf 90' lang='lat' dir='ltr'><strong>simul</strong></span> <span class='ocrx_word' id='word_1_585' title='bbox 1304 4311 1527 4373; x_wconf 88' lang='lat' dir='ltr'><strong>peccata</strong></span> <span class='ocrx_word' id='word_1_586' title='bbox 1556 4302 1751 4369; x_wconf 88' lang='lat' dir='ltr'><strong>vitare,</strong></span> <span class='ocrx_word' id='word_1_587' title='bbox 1776 4310 1832 4358; x_wconf 88' lang='lat' dir='ltr'><strong>et</strong></span> 
     </span>
    </p>
   </div>
   <div class='ocr_carea' id='block_1_77' title="bbox 232 4392 924 4462">
    <p class='ocr_par' dir='ltr' id='par_1_77' title="bbox 232 4392 924 4462">
     <span class='ocr_line' id='line_1_77' title="bbox 232 4392 924 4462; baseline -0.003 -14"><span class='ocrx_word' id='word_1_588' title='bbox 232 4393 419 4448; x_wconf 78' lang='lat' dir='ltr'><strong>vitare</strong></span> <span class='ocrx_word' id='word_1_589' title='bbox 438 4392 491 4447; x_wconf 88' lang='lat' dir='ltr'><strong>in</strong></span> <span class='ocrx_word' id='word_1_590' title='bbox 516 4393 872 4462; x_wconf 81' lang='lat' dir='ltr'><strong>perpetuum?</strong></span> <span class='ocrx_word' id='word_1_591' title='bbox 904 4412 924 4445; x_wconf 71' lang='grc' dir='ltr'><strong><em>ι</em></strong></span> 
     </span>
    </p>
   </div>
   <div class='ocr_carea' id='block_1_78' title="bbox 312 4481 1831 4555">
    <p class='ocr_par' dir='ltr' id='par_1_78' title="bbox 312 4481 1831 4555">
     <span class='ocr_line' id='line_1_78' title="bbox 312 4481 1831 4555; baseline 0 -18"><span class='ocrx_word' id='word_1_592' title='bbox 312 4481 690 4540; x_wconf 72' lang='lat' dir='ltr'><strong>melestinus</strong></span> <span class='ocrx_word' id='word_1_593' title='bbox 739 4484 904 4539; x_wconf 91' lang='lat' dir='ltr'><strong>etiam</strong></span> <span class='ocrx_word' id='word_1_594' title='bbox 958 4498 1113 4553; x_wconf 86' lang='lat' dir='ltr'><strong>papa,</strong></span> <span class='ocrx_word' id='word_1_595' title='bbox 1141 4483 1350 4555; x_wconf 88' lang='lat' dir='ltr'><strong>magnis</strong></span> <span class='ocrx_word' id='word_1_596' title='bbox 1393 4482 1831 4539; x_wconf 91' lang='lat' dir='ltr'><strong>annumerandus</strong></span> 
     </span>
    </p>
   </div>
   <div class='ocr_carea' id='block_1_79' title="bbox 1920 3301 3514 3375">
    <p class='ocr_par' dir='ltr' id='par_1_79' title="bbox 1920 3301 3514 3375">
     <span class='ocr_line' id='line_1_79' title="bbox 1920 3301 3514 3375; baseline -0.003 -16"><span class='ocrx_word' id='word_1_597' title='bbox 1920 3303 2099 3360; x_wconf 86' lang='lat' dir='ltr'><strong>facere</strong></span> <span class='ocrx_word' id='word_1_598' title='bbox 2131 3304 2386 3374; x_wconf 87' lang='lat' dir='ltr'><strong>jubemur</strong></span> <span class='ocrx_word' id='word_1_599' title='bbox 2414 3318 2511 3375; x_wconf 89' lang='lat' dir='ltr'><strong>per</strong></span> <span class='ocrx_word' id='word_1_600' title='bbox 2538 3302 2766 3357; x_wconf 89' lang='lat' dir='ltr'><strong>liberum</strong></span> <span class='ocrx_word' id='word_1_601' title='bbox 2797 3303 3102 3368; x_wconf 88' lang='lat' dir='ltr'><strong>arbitrium,</strong></span> <span class='ocrx_word' id='word_1_602' title='bbox 3146 3301 3359 3356; x_wconf 80' lang='lat' dir='ltr'><strong>facilius</strong></span> <span class='ocrx_word' id='word_1_603' title='bbox 3387 3315 3514 3369; x_wconf 89' lang='lat' dir='ltr'><strong>pos-</strong></span> 
     </span>
    </p>
   </div>
   <div class='ocr_carea' id='block_1_80' title="bbox 1922 3394 3504 3469">
    <p class='ocr_par' dir='ltr' id='par_1_80' title="bbox 1922 3394 3504 3469">
     <span class='ocr_line' id='line_1_80' title="bbox 1922 3394 3504 3469; baseline -0.004 -18"><span class='ocrx_word' id='word_1_604' title='bbox 1922 3397 2090 3451; x_wconf 88' lang='lat' dir='ltr'><strong>simus</strong></span> <span class='ocrx_word' id='word_1_605' title='bbox 2119 3396 2344 3467; x_wconf 89' lang='lat' dir='ltr'><strong>implere</strong></span> <span class='ocrx_word' id='word_1_606' title='bbox 2371 3409 2469 3466; x_wconf 90' lang='lat' dir='ltr'><strong>per</strong></span> <span class='ocrx_word' id='word_1_607' title='bbox 2494 3394 2749 3469; x_wconf 88' lang='lat' dir='ltr'><strong>gratiam,</strong></span> <span class='ocrx_word' id='word_1_608' title='bbox 2783 3404 3038 3464; x_wconf 89' lang='lat' dir='ltr'><strong>tanquam</strong></span> <span class='ocrx_word' id='word_1_609' title='bbox 3065 3394 3165 3448; x_wconf 80' lang='lat' dir='ltr'><strong>etsi</strong></span> <span class='ocrx_word' id='word_1_610' title='bbox 3186 3394 3357 3464; x_wconf 89' lang='lat' dir='ltr'><strong>gratia</strong></span> <span class='ocrx_word' id='word_1_611' title='bbox 3397 3406 3504 3446; x_wconf 89' lang='lat' dir='ltr'><strong>non</strong></span> 
     </span>
    </p>
   </div>
   <div class='ocr_carea' id='block_1_81' title="bbox 1922 3484 3518 3556">
    <p class='ocr_par' dir='ltr' id='par_1_81' title="bbox 1922 3484 3518 3556">
     <span class='ocr_line' id='line_1_81' title="bbox 1922 3484 3518 3556; baseline -0.004 -12"><span class='ocrx_word' id='word_1_612' title='bbox 1922 3488 2164 3554; x_wconf 83' lang='lat' dir='ltr'><strong>daretur,</strong></span> <span class='ocrx_word' id='word_1_613' title='bbox 2208 3500 2316 3542; x_wconf 88' lang='lat' dir='ltr'><strong>non</strong></span> <span class='ocrx_word' id='word_1_614' title='bbox 2379 3486 2594 3556; x_wconf 90' lang='lat' dir='ltr'><strong>quidem</strong></span> <span class='ocrx_word' id='word_1_615' title='bbox 2635 3484 2813 3550; x_wconf 83' lang='lat' dir='ltr'><strong>facile,</strong></span> <span class='ocrx_word' id='word_1_616' title='bbox 2862 3485 2957 3540; x_wconf 88' lang='lat' dir='ltr'><strong>sed</strong></span> <span class='ocrx_word' id='word_1_617' title='bbox 3014 3491 3518 3553; x_wconf 82' lang='lat' dir='ltr'><strong>tamen‘posscmus</strong></span> 
     </span>
    </p>
   </div>
   <div class='ocr_carea' id='block_1_82' title="bbox 1922 3573 3508 3649">
    <p class='ocr_par' dir='ltr' id='par_1_82' title="bbox 1922 3573 3508 3649">
     <span class='ocr_line' id='line_1_82' title="bbox 1922 3573 3508 3649; baseline -0.006 -15"><span class='ocrx_word' id='word_1_618' title='bbox 1922 3581 2086 3635; x_wconf 88' lang='lat' dir='ltr'><strong>etiam</strong></span> <span class='ocrx_word' id='word_1_619' title='bbox 2117 3580 2233 3634; x_wconf 89' lang='lat' dir='ltr'><strong>sine</strong></span> <span class='ocrx_word' id='word_1_620' title='bbox 2267 3579 2354 3632; x_wconf 88' lang='lat' dir='ltr'><strong>illa</strong></span> <span class='ocrx_word' id='word_1_621' title='bbox 2388 3578 2611 3649; x_wconf 87' lang='lat' dir='ltr'><strong>implere</strong></span> <span class='ocrx_word' id='word_1_622' title='bbox 2665 3576 2842 3630; x_wconf 89' lang='lat' dir='ltr'><strong>divina</strong></span> <span class='ocrx_word' id='word_1_623' title='bbox 2896 3575 3170 3638; x_wconf 88' lang='lat' dir='ltr'><strong>mandata,</strong></span> <span class='ocrx_word' id='word_1_624' title='bbox 3218 3573 3508 3626; x_wconf 85' lang='lat' dir='ltr'><strong>anathema</strong></span> 
     </span>
    </p>
   </div>
   <div class='ocr_carea' id='block_1_83' title="bbox 1924 3663 3514 3731">
    <p class='ocr_par' dir='ltr' id='par_1_83' title="bbox 1924 3663 3514 3731">
     <span class='ocr_line' id='line_1_83' title="bbox 1924 3663 3514 3731; baseline -0.007 -5"><span class='ocrx_word' id='word_1_625' title='bbox 1924 3670 2011 3727; x_wconf 88' lang='lat' dir='ltr'><strong>sit.</strong></span> <span class='ocrx_word' id='word_1_626' title='bbox 2057 3669 2133 3725; x_wconf 91' lang='lat' dir='ltr'><strong>De</strong></span> <span class='ocrx_word' id='word_1_627' title='bbox 2160 3667 2422 3725; x_wconf 82' lang='lat' dir='ltr'><strong>fructibus</strong></span> <span class='ocrx_word' id='word_1_628' title='bbox 2450 3669 2597 3723; x_wconf 90' lang='lat' dir='ltr'><strong>enim</strong></span> <span class='ocrx_word' id='word_1_629' title='bbox 2629 3666 3007 3721; x_wconf 88' lang='lat' dir='ltr'><strong>mandatorum</strong></span> <span class='ocrx_word' id='word_1_630' title='bbox 3045 3663 3306 3719; x_wconf 85' lang='lat' dir='ltr'><strong>Dominus</strong></span> <span class='ocrx_word' id='word_1_631' title='bbox 3333 3663 3514 3731; x_wconf 86' lang='lat' dir='ltr'><strong>loque-</strong></span> 
     </span>
    </p>
   </div>
   <div class='ocr_carea' id='block_1_84' title="bbox 1923 3754 3513 3826">
    <p class='ocr_par' dir='ltr' id='par_1_84' title="bbox 1923 3754 3513 3826">
     <span class='ocr_line' id='line_1_84' title="bbox 1923 3754 3513 3826; baseline -0.004 -10"><span class='ocrx_word' id='word_1_632' title='bbox 1923 3760 2102 3826; x_wconf 86' lang='lat' dir='ltr'><strong>batur,</strong></span> <span class='ocrx_word' id='word_1_633' title='bbox 2133 3759 2225 3813; x_wconf 90' lang='lat' dir='ltr'><strong>ubi</strong></span> <span class='ocrx_word' id='word_1_634' title='bbox 2253 3773 2358 3813; x_wconf 90' lang='lat' dir='ltr'><strong>non</strong></span> <span class='ocrx_word' id='word_1_635' title='bbox 2389 3759 2486 3825; x_wconf 88' lang='lat' dir='ltr'><strong>ait,</strong></span> <span class='ocrx_word' id='word_1_636' title='bbox 2515 3758 2634 3813; x_wconf 86' lang='lat' dir='ltr'><strong>sine</strong></span> <span class='ocrx_word' id='word_1_637' title='bbox 2663 3770 2750 3812; x_wconf 91' lang='lat' dir='ltr'><strong>me</strong></span> <span class='ocrx_word' id='word_1_638' title='bbox 2797 3754 3068 3811; x_wconf 82' lang='lat' dir='ltr'><strong>difﬁcilius</strong></span> <span class='ocrx_word' id='word_1_639' title='bbox 3121 3754 3370 3826; x_wconf 88' lang='lat' dir='ltr'><strong>potestis,</strong></span> <span class='ocrx_word' id='word_1_640' title='bbox 3394 3754 3513 3820; x_wconf 90' lang='lat' dir='ltr'><strong>sed,</strong></span> 
     </span>
    </p>
   </div>
   <div class='ocr_carea' id='block_1_85' title="bbox 1926 3847 2863 3921">
    <p class='ocr_par' dir='ltr' id='par_1_85' title="bbox 1926 3847 2863 3921">
     <span class='ocr_line' id='line_1_85' title="bbox 1926 3847 2863 3921; baseline -0.011 -12"><span class='ocrx_word' id='word_1_641' title='bbox 1926 3853 2043 3910; x_wconf 89' lang='lat' dir='ltr'><strong>sine</strong></span> <span class='ocrx_word' id='word_1_642' title='bbox 2071 3866 2156 3907; x_wconf 90' lang='lat' dir='ltr'><strong>me</strong></span> <span class='ocrx_word' id='word_1_643' title='bbox 2187 3850 2321 3906; x_wconf 89' lang='lat' dir='ltr'><strong>nihil</strong></span> <span class='ocrx_word' id='word_1_644' title='bbox 2352 3850 2577 3921; x_wconf 89' lang='lat' dir='ltr'><strong>potestis</strong></span> <span class='ocrx_word' id='word_1_645' title='bbox 2606 3847 2806 3903; x_wconf 85' lang='lat' dir='ltr'><strong>facere.</strong></span> <span class='ocrx_word' id='word_1_646' title='bbox 2844 3866 2863 3899; x_wconf 73' lang='grc' dir='ltr'><strong><em>ι</em></strong></span> 
     </span>
    </p>
   </div>
   <div class='ocr_carea' id='block_1_86' title="bbox 2001 3931 3516 4010">
    <p class='ocr_par' dir='ltr' id='par_1_86' title="bbox 2001 3931 3516 4010">
     <span class='ocr_line' id='line_1_86' title="bbox 2001 3931 3516 4010; baseline -0.003 -13"><span class='ocrx_word' id='word_1_647' title='bbox 2001 3940 2237 3997; x_wconf 92' lang='lat' dir='ltr'><strong>Sanctus</strong></span> <span class='ocrx_word' id='word_1_648' title='bbox 2265 3954 2478 4010; x_wconf 91' lang='lat' dir='ltr'><strong>quoque</strong></span> <span class='ocrx_word' id='word_1_649' title='bbox 2508 3931 2644 4010; x_wconf 60' lang='lat' dir='ltr'><strong>papa</strong></span> <span class='ocrx_word' id='word_1_650' title='bbox 2690 3937 3005 4010; x_wconf 87' lang='lat' dir='ltr'><strong>Gregorius,</strong></span> <span class='ocrx_word' id='word_1_651' title='bbox 3056 3936 3214 3992; x_wconf 87' lang='lat' dir='ltr'><strong>boms</strong></span> <span class='ocrx_word' id='word_1_652' title='bbox 3265 3936 3516 3993; x_wconf 89' lang='lat' dir='ltr'><strong>omnibus</strong></span> 
     </span>
    </p>
   </div>
   <div class='ocr_carea' id='block_1_87' title="bbox 1926 4027 3514 4100">
    <p class='ocr_par' dir='ltr' id='par_1_87' title="bbox 1926 4027 3514 4100">
     <span class='ocr_line' id='line_1_87' title="bbox 1926 4027 3514 4100; baseline -0.004 -11"><span class='ocrx_word' id='word_1_653' title='bbox 1926 4033 2110 4090; x_wconf 88' lang='lat' dir='ltr'><strong>Latini</strong></span> <span class='ocrx_word' id='word_1_654' title='bbox 2136 4031 2403 4088; x_wconf 91' lang='lat' dir='ltr'><strong>sermonis</strong></span> <span class='ocrx_word' id='word_1_655' title='bbox 2428 4029 2722 4100; x_wconf 87' lang='lat' dir='ltr'><strong>capacibus</strong></span> <span class='ocrx_word' id='word_1_656' title='bbox 2749 4044 2967 4100; x_wconf 66' lang='lat' dir='ltr'><strong>sumque</strong></span> <span class='ocrx_word' id='word_1_657' title='bbox 2990 4027 3251 4085; x_wconf 69' lang='lat' dir='ltr'><strong>doctrinm</strong></span> <span class='ocrx_word' id='word_1_658' title='bbox 3274 4029 3361 4099; x_wconf 89' lang='lat' dir='ltr'><strong>pie</strong></span> <span class='ocrx_word' id='word_1_659' title='bbox 3384 4038 3514 4084; x_wconf 77' lang='lat' dir='ltr'><strong>stu-</strong></span> 
     </span>
    </p>
   </div>
   <div class='ocr_carea' id='block_1_88' title="bbox 1929 4120 3513 4195">
    <p class='ocr_par' dir='ltr' id='par_1_88' title="bbox 1929 4120 3513 4195">
     <span class='ocr_line' id='line_1_88' title="bbox 1929 4120 3513 4195; baseline -0.004 -12"><span class='ocrx_word' id='word_1_660' title='bbox 1929 4125 2095 4183; x_wconf 89' lang='lat' dir='ltr'><strong>diosis</strong></span> <span class='ocrx_word' id='word_1_661' title='bbox 2127 4125 2414 4195; x_wconf 87' lang='lat' dir='ltr'><strong>plurimum</strong></span> <span class='ocrx_word' id='word_1_662' title='bbox 2446 4121 2760 4187; x_wconf 88' lang='lat' dir='ltr'><strong>collaturus,</strong></span> <span class='ocrx_word' id='word_1_663' title='bbox 2792 4121 3010 4177; x_wconf 82' lang='lat' dir='ltr'><strong>humani</strong></span> <span class='ocrx_word' id='word_1_664' title='bbox 3035 4120 3240 4176; x_wconf 88' lang='lat' dir='ltr'><strong>arbitrii</strong></span> <span class='ocrx_word' id='word_1_665' title='bbox 3266 4122 3513 4193; x_wconf 89' lang='lat' dir='ltr'><strong>proprie-</strong></span> 
     </span>
    </p>
   </div>
   <div class='ocr_carea' id='block_1_89' title="bbox 1932 4212 3514 4272">
    <p class='ocr_par' dir='ltr' id='par_1_89' title="bbox 1932 4212 3514 4272">
     <span class='ocr_line' id='line_1_89' title="bbox 1932 4212 3514 4272; baseline -0.002 0"><span class='ocrx_word' id='word_1_666' title='bbox 1932 4225 2098 4272; x_wconf 90' lang='lat' dir='ltr'><strong>tatem</strong></span> <span class='ocrx_word' id='word_1_667' title='bbox 2137 4214 2405 4271; x_wconf 88' lang='lat' dir='ltr'><strong>subtiliter</strong></span> <span class='ocrx_word' id='word_1_668' title='bbox 2425 4229 2488 4270; x_wconf 93' lang='lat' dir='ltr'><strong>ac</strong></span> <span class='ocrx_word' id='word_1_669' title='bbox 2518 4213 2785 4270; x_wconf 88' lang='lat' dir='ltr'><strong>suavitate</strong></span> <span class='ocrx_word' id='word_1_670' title='bbox 2828 4212 2985 4270; x_wconf 89' lang='lat' dir='ltr'><strong>solita</strong></span> <span class='ocrx_word' id='word_1_671' title='bbox 3036 4213 3253 4269; x_wconf 90' lang='lat' dir='ltr'><strong>homilia</strong></span> <span class='ocrx_word' id='word_1_672' title='bbox 3296 4229 3435 4269; x_wconf 90' lang='lat' dir='ltr'><strong>nona</strong></span> <span class='ocrx_word' id='word_1_673' title='bbox 3460 4214 3514 4269; x_wconf 92' lang='lat' dir='ltr'><strong>in</strong></span> 
     </span>
    </p>
   </div>
   <div class='ocr_carea' id='block_1_90' title="bbox 1933 4305 3516 4378">
    <p class='ocr_par' dir='ltr' id='par_1_90' title="bbox 1933 4305 3516 4378">
     <span class='ocr_line' id='line_1_90' title="bbox 1933 4305 3516 4378; baseline -0.004 -13"><span class='ocrx_word' id='word_1_674' title='bbox 1933 4308 2270 4365; x_wconf 80' lang='lat' dir='ltr'><strong>Ezechielem</strong></span> <span class='ocrx_word' id='word_1_675' title='bbox 2317 4306 2621 4378; x_wconf 86' lang='lat' dir='ltr'><strong>expressit:</strong></span> <span class='ocrx_word' id='word_1_676' title='bbox 2657 4324 2677 4358; x_wconf 72' lang='grc' dir='ltr'>ι</span> <span class='ocrx_word' id='word_1_677' title='bbox 2713 4305 2919 4371; x_wconf 84' lang='lat' dir='ltr'><strong>Audivi,</strong></span> <span class='ocrx_word' id='word_1_678' title='bbox 2958 4305 3151 4376; x_wconf 88' lang='lat' dir='ltr'><strong>inquit,</strong></span> <span class='ocrx_word' id='word_1_679' title='bbox 3205 4321 3378 4359; x_wconf 82' lang='lat' dir='ltr'><strong>vocem</strong></span> <span class='ocrx_word' id='word_1_680' title='bbox 3434 4321 3516 4358; x_wconf 84' lang='lat' dir='ltr'><strong>se-</strong></span> 
     </span>
    </p>
   </div>
   <div class='ocr_carea' id='block_1_91' title="bbox 1931 4395 3511 4474">
    <p class='ocr_par' dir='ltr' id='par_1_91' title="bbox 1931 4395 3511 4474">
     <span class='ocr_line' id='line_1_91' title="bbox 1931 4395 3511 4474; baseline -0.004 -19"><span class='ocrx_word' id='word_1_681' title='bbox 1931 4401 2160 4474; x_wconf 85' lang='lat' dir='ltr'><strong>quentis,</strong></span> <span class='ocrx_word' id='word_1_682' title='bbox 2186 4409 2234 4455; x_wconf 85' lang='lat' dir='ltr'><strong>et</strong></span> <span class='ocrx_word' id='word_1_683' title='bbox 2257 4399 2391 4453; x_wconf 72' lang='lat' dir='ltr'><strong>dixit</strong></span> <span class='ocrx_word' id='word_1_684' title='bbox 2419 4397 2489 4452; x_wconf 84' lang='lat' dir='ltr'><strong>ad</strong></span> <span class='ocrx_word' id='word_1_685' title='bbox 2510 4414 2589 4452; x_wconf 88' lang='lat' dir='ltr'><strong>me</strong></span> <span class='ocrx_word' id='word_1_686' title='bbox 2611 4411 2630 4449; x_wconf 88' lang='lat'><strong>:</strong></span> <span class='ocrx_word' id='word_1_687' title='bbox 2652 4395 2760 4451; x_wconf 85' lang='lat' dir='ltr'><strong>Fili</strong></span> <span class='ocrx_word' id='word_1_688' title='bbox 2781 4398 3027 4463; x_wconf 82' lang='lat' dir='ltr'><strong>hominis,</strong></span> <span class='ocrx_word' id='word_1_689' title='bbox 3060 4406 3140 4451; x_wconf 87' lang='lat' dir='ltr'><strong>sta</strong></span> <span class='ocrx_word' id='word_1_690' title='bbox 3167 4412 3321 4466; x_wconf 85' lang='lat' dir='ltr'><strong>super</strong></span> <span class='ocrx_word' id='word_1_691' title='bbox 3359 4396 3511 4465; x_wconf 85' lang='lat' dir='ltr'><strong>pedes</strong></span> 
     </span>
    </p>
   </div>
   <div class='ocr_carea' id='block_1_92' title="bbox 1934 4486 3516 4562">
    <p class='ocr_par' dir='ltr' id='par_1_92' title="bbox 1934 4486 3516 4562">
     <span class='ocr_line' id='line_1_92' title="bbox 1934 4486 3516 4562; baseline -0.005 -16"><span class='ocrx_word' id='word_1_692' title='bbox 1934 4503 2071 4558; x_wconf 90' lang='lat' dir='ltr'><strong>tuos,</strong></span> <span class='ocrx_word' id='word_1_693' title='bbox 2097 4501 2145 4547; x_wconf 87' lang='lat' dir='ltr'><strong>et</strong></span> <span class='ocrx_word' id='word_1_694' title='bbox 2165 4490 2349 4562; x_wconf 83' lang='lat' dir='ltr'><strong>loquar</strong></span> <span class='ocrx_word' id='word_1_695' title='bbox 2374 4499 2543 4544; x_wconf 86' lang='lat' dir='ltr'><strong>tecum</strong></span> <span class='ocrx_word' id='word_1_696' title='bbox 2569 4488 2786 4559; x_wconf 74' lang='lat' dir='ltr'><strong>(Ezech.</strong></span> <span class='ocrx_word' id='word_1_697' title='bbox 2812 4489 2895 4560; x_wconf 86' lang='lat' dir='ltr'><strong>ll).</strong></span> <span class='ocrx_word' id='word_1_698' title='bbox 2926 4487 3028 4543; x_wconf 91' lang='lat' dir='ltr'><strong>Ubi</strong></span> <span class='ocrx_word' id='word_1_699' title='bbox 3050 4488 3223 4543; x_wconf 89' lang='lat' dir='ltr'><strong>adhuc</strong></span> <span class='ocrx_word' id='word_1_700' title='bbox 3245 4486 3516 4550; x_wconf 82' lang='lat' dir='ltr'><strong>subditur,</strong></span> 
     </span>
    </p>
   </div>
   <div class='ocr_carea' id='block_1_93' title="bbox 235 4573 1825 4655">
    <p class='ocr_par' dir='ltr' id='par_1_93' title="bbox 235 4573 1825 4644">
     <span class='ocr_line' id='line_1_93' title="bbox 235 4573 1825 4644; baseline -0.002 -12"><span class='ocrx_word' id='word_1_701' title='bbox 235 4574 583 4641; x_wconf 87' lang='lat' dir='ltr'><strong>doctoribus,</strong></span> <span class='ocrx_word' id='word_1_702' title='bbox 613 4575 679 4631; x_wconf 81' lang='lat' dir='ltr'><strong>de</strong></span> <span class='ocrx_word' id='word_1_703' title='bbox 713 4574 883 4631; x_wconf 87' lang='lat' dir='ltr'><strong>libero</strong></span> <span class='ocrx_word' id='word_1_704' title='bbox 905 4575 1153 4641; x_wconf 89' lang='lat' dir='ltr'><strong>arbitrio,</strong></span> <span class='ocrx_word' id='word_1_705' title='bbox 1183 4583 1244 4630; x_wconf 92' lang='lat' dir='ltr'><strong>ut</strong></span> <span class='ocrx_word' id='word_1_706' title='bbox 1275 4583 1482 4630; x_wconf 92' lang='lat' dir='ltr'><strong>tantum</strong></span> <span class='ocrx_word' id='word_1_707' title='bbox 1514 4573 1825 4644; x_wconf 86' lang='lat' dir='ltr'><strong>pontiﬁcem</strong></span> 
     </span>
    </p>
   </div>
   <div class='ocr_carea' id='block_1_94' title="bbox 1927 4573 3514 4655">
    <p class='ocr_par' dir='ltr' id='par_1_94' title="bbox 1932 4578 3514 4655">
     <span class='ocr_line' id='line_1_94' title="bbox 1932 4578 3514 4655; baseline -0.006 -16"><span class='ocrx_word' id='word_1_708' title='bbox 1932 4593 1978 4639; x_wconf 86' lang='lat' dir='ltr'><strong>et</strong></span> <span class='ocrx_word' id='word_1_709' title='bbox 1998 4585 2261 4655; x_wconf 78' lang='lat' dir='ltr'><strong>ingressus</strong></span> <span class='ocrx_word' id='word_1_710' title='bbox 2290 4590 2364 4636; x_wconf 85' lang='lat' dir='ltr'><strong>est</strong></span> <span class='ocrx_word' id='word_1_711' title='bbox 2396 4581 2451 4635; x_wconf 85' lang='lat' dir='ltr'><strong>in</strong></span> <span class='ocrx_word' id='word_1_712' title='bbox 2475 4596 2556 4634; x_wconf 86' lang='lat' dir='ltr'><strong>me</strong></span> <span class='ocrx_word' id='word_1_713' title='bbox 2583 4578 2808 4650; x_wconf 80' lang='lat' dir='ltr'><strong>Spintus</strong></span> <span class='ocrx_word' id='word_1_714' title='bbox 2849 4587 3122 4650; x_wconf 86' lang='lat' dir='ltr'><strong>postquam</strong></span> <span class='ocrx_word' id='word_1_715' title='bbox 3178 4578 3382 4632; x_wconf 78' lang='lat' dir='ltr'><strong>locutus</strong></span> <span class='ocrx_word' id='word_1_716' title='bbox 3437 4586 3514 4630; x_wconf 83' lang='lat' dir='ltr'><strong>est</strong></span> 
     </span>
    </p>
   </div>
   <div class='ocr_carea' id='block_1_95' title="bbox 315 4754 1828 4828">
    <p class='ocr_par' dir='ltr' id='par_1_95' title="bbox 315 4754 1828 4828">
     <span class='ocr_line' id='line_1_95' title="bbox 315 4754 1828 4828; baseline 0.002 -20"><span class='ocrx_word' id='word_1_717' title='bbox 315 4768 347 4798; x_wconf 79' lang='grc' dir='ltr'>ι</span> <span class='ocrx_word' id='word_1_718' title='bbox 386 4754 584 4828; x_wconf 79' lang='lat' dir='ltr'><strong>Lumen</strong></span> <span class='ocrx_word' id='word_1_719' title='bbox 600 4766 973 4828; x_wconf 69' lang='lat' dir='ltr'><strong>tractatorum.</strong></span> <span class='ocrx_word' id='word_1_720' title='bbox 1008 4757 1099 4812; x_wconf 89' lang='lat' dir='ltr'><strong>Sic</strong></span> <span class='ocrx_word' id='word_1_721' title='bbox 1139 4756 1391 4812; x_wconf 91' lang='lat' dir='ltr'><strong>eumdem</strong></span> <span class='ocrx_word' id='word_1_722' title='bbox 1439 4757 1828 4828; x_wconf 87' lang='lat' dir='ltr'><strong>Hieronymum</strong></span> 
     </span>
    </p>
   </div>
   <div class='ocr_carea' id='block_1_96' title="bbox 233 4824 1827 4897">
    <p class='ocr_par' dir='ltr' id='par_1_96' title="bbox 233 4824 1827 4897">
     <span class='ocr_line' id='line_1_96' title="bbox 233 4824 1827 4897; baseline -0.001 -13"><span class='ocrx_word' id='word_1_723' title='bbox 233 4825 575 4897; x_wconf 84' lang='lat' dir='ltr'><strong>Claudianus</strong></span> <span class='ocrx_word' id='word_1_724' title='bbox 599 4824 893 4897; x_wconf 83' lang='lat' dir='ltr'><strong>Mamertus</strong></span> <span class='ocrx_word' id='word_1_725' title='bbox 916 4835 1073 4882; x_wconf 89' lang='lat' dir='ltr'><strong>vocat</strong></span> <span class='ocrx_word' id='word_1_726' title='bbox 1099 4827 1439 4897; x_wconf 89' lang='lat' dir='ltr'><strong>potissimum</strong></span> <span class='ocrx_word' id='word_1_727' title='bbox 1473 4824 1827 4882; x_wconf 79' lang='lat' dir='ltr'><strong>tractatorum</strong></span> 
     </span>
    </p>
   </div>
   <div class='ocr_carea' id='block_1_97' title="bbox 235 4896 1830 4966">
    <p class='ocr_par' dir='ltr' id='par_1_97' title="bbox 235 4896 1830 4966">
     <span class='ocr_line' id='line_1_97' title="bbox 235 4896 1830 4966; baseline 0.002 -15"><span class='ocrx_word' id='word_1_728' title='bbox 235 4898 297 4951; x_wconf 90' lang='lat' dir='ltr'><strong>in</strong></span> <span class='ocrx_word' id='word_1_729' title='bbox 327 4896 469 4950; x_wconf 92' lang='lat' dir='ltr'><strong>libro</strong></span> <span class='ocrx_word' id='word_1_730' title='bbox 498 4896 732 4966; x_wconf 85' lang='lat' dir='ltr'><strong>secundo</strong></span> <span class='ocrx_word' id='word_1_731' title='bbox 761 4897 828 4952; x_wconf 90' lang='lat' dir='ltr'><strong>de</strong></span> <span class='ocrx_word' id='word_1_732' title='bbox 857 4905 1003 4952; x_wconf 88' lang='lat' dir='ltr'><strong>statu</strong></span> <span class='ocrx_word' id='word_1_733' title='bbox 1030 4896 1263 4960; x_wconf 73' lang='lat' dir='ltr'><strong>Animze,</strong></span> <span class='ocrx_word' id='word_1_734' title='bbox 1309 4911 1428 4966; x_wconf 90' lang='lat' dir='ltr'><strong>cap.</strong></span> <span class='ocrx_word' id='word_1_735' title='bbox 1460 4898 1512 4953; x_wconf 90' lang='lat'><strong>9.</strong></span> <span class='ocrx_word' id='word_1_736' title='bbox 1546 4897 1830 4954; x_wconf 83' lang='lat' dir='ltr'><strong>Tractatu—</strong></span> 
     </span>
    </p>
   </div>
   <div class='ocr_carea' id='block_1_98' title="bbox 236 4965 1831 5037">
    <p class='ocr_par' dir='ltr' id='par_1_98' title="bbox 236 4965 1831 5037">
     <span class='ocr_line' id='line_1_98' title="bbox 236 4965 1831 5037; baseline 0.002 -17"><span class='ocrx_word' id='word_1_737' title='bbox 236 4981 337 5022; x_wconf 85' lang='lat' dir='ltr'><strong>res</strong></span> <span class='ocrx_word' id='word_1_738' title='bbox 363 4978 543 5020; x_wconf 88' lang='lat' dir='ltr'><strong>autem</strong></span> <span class='ocrx_word' id='word_1_739' title='bbox 569 4965 721 5037; x_wconf 85' lang='lat' dir='ltr'><strong>dicti,</strong></span> <span class='ocrx_word' id='word_1_740' title='bbox 753 4982 1029 5037; x_wconf 79' lang='lat' dir='ltr'><strong>sacrarum</strong></span> <span class='ocrx_word' id='word_1_741' title='bbox 1054 4965 1385 5037; x_wconf 68' lang='lat' dir='ltr'><strong>litterarum</strong></span> <span class='ocrx_word' id='word_1_742' title='bbox 1420 4968 1742 5037; x_wconf 86' lang='lat' dir='ltr'><strong>interpretes</strong></span> <span class='ocrx_word' id='word_1_743' title='bbox 1775 4976 1831 5023; x_wconf 91' lang='lat' dir='ltr'><strong>et</strong></span> 
     </span>
    </p>
   </div>
   <div class='ocr_carea' id='block_1_99' title="bbox 234 5035 1828 5107">
    <p class='ocr_par' dir='ltr' id='par_1_99' title="bbox 234 5035 1828 5107">
     <span class='ocr_line' id='line_1_99' title="bbox 234 5035 1828 5107; baseline 0.003 -20"><span class='ocrx_word' id='word_1_744' title='bbox 234 5038 518 5107; x_wconf 77' lang='lat' dir='ltr'><strong>doctores,</strong></span> <span class='ocrx_word' id='word_1_745' title='bbox 555 5036 858 5107; x_wconf 80' lang='lat' dir='ltr'><strong>cujusmodi</strong></span> <span class='ocrx_word' id='word_1_746' title='bbox 907 5035 1024 5107; x_wconf 88' lang='lat' dir='ltr'><strong>fuit</strong></span> <span class='ocrx_word' id='word_1_747' title='bbox 1053 5035 1426 5107; x_wconf 72' lang='lat' dir='ltr'><strong>Hieronymus,</strong></span> <span class='ocrx_word' id='word_1_748' title='bbox 1460 5047 1516 5090; x_wconf 93' lang='lat' dir='ltr'><strong>ut</strong></span> <span class='ocrx_word' id='word_1_749' title='bbox 1542 5035 1706 5091; x_wconf 78' lang='lat' dir='ltr'><strong>etiam</strong></span> <span class='ocrx_word' id='word_1_750' title='bbox 1734 5038 1828 5092; x_wconf 87' lang='lat' dir='ltr'><strong>do—</strong></span> 
     </span>
    </p>
   </div>
   <div class='ocr_carea' id='block_1_100' title="bbox 235 5104 1828 5175">
    <p class='ocr_par' dir='ltr' id='par_1_100' title="bbox 235 5104 1828 5175">
     <span class='ocr_line' id='line_1_100' title="bbox 235 5104 1828 5175; baseline 0.001 -14"><span class='ocrx_word' id='word_1_751' title='bbox 235 5116 335 5161; x_wconf 88' lang='lat' dir='ltr'><strong>cet</strong></span> <span class='ocrx_word' id='word_1_752' title='bbox 360 5105 543 5175; x_wconf 85' lang='lat' dir='ltr'><strong>Lupus</strong></span> <span class='ocrx_word' id='word_1_753' title='bbox 568 5104 635 5161; x_wconf 55' lang='lat' dir='ltr'><strong>in&#39;</strong></span> <span class='ocrx_word' id='word_1_754' title='bbox 652 5104 877 5175; x_wconf 88' lang='lat' dir='ltr'><strong>epistola</strong></span> <span class='ocrx_word' id='word_1_755' title='bbox 907 5106 1084 5161; x_wconf 85' lang='lat' dir='ltr'><strong>tertia.</strong></span> <span class='ocrx_word' id='word_1_756' title='bbox 1137 5104 1469 5161; x_wconf 75' lang='lat' dir='ltr'><strong>Vocabulum</strong></span> <span class='ocrx_word' id='word_1_757' title='bbox 1509 5108 1611 5163; x_wconf 90' lang='lat' dir='ltr'><strong>hoc</strong></span> <span class='ocrx_word' id='word_1_758' title='bbox 1644 5115 1828 5162; x_wconf 91' lang='lat' dir='ltr'><strong>natum</strong></span> 
     </span>
    </p>
   </div>
   <div class='ocr_carea' id='block_1_101' title="bbox 278 5175 1829 5240">
    <p class='ocr_par' dir='ltr' id='par_1_101' title="bbox 278 5175 1829 5240">
     <span class='ocr_line' id='line_1_101' title="bbox 278 5175 1829 5240; baseline 0 -9"><span class='ocrx_word' id='word_1_759' title='bbox 278 5185 397 5231; x_wconf 87' lang='lat' dir='ltr'><strong>utat</strong></span> <span class='ocrx_word' id='word_1_760' title='bbox 426 5175 745 5232; x_wconf 84' lang='lat' dir='ltr'><strong>Sirmondus</strong></span> <span class='ocrx_word' id='word_1_761' title='bbox 771 5193 886 5233; x_wconf 58' lang='lat' dir='ltr'><strong>aevo</strong></span> <span class='ocrx_word' id='word_1_762' title='bbox 913 5175 1181 5231; x_wconf 82' lang='lat' dir='ltr'><strong>Vincentii</strong></span> <span class='ocrx_word' id='word_1_763' title='bbox 1209 5176 1527 5240; x_wconf 87' lang='lat' dir='ltr'><strong>Lirinensis,</strong></span> <span class='ocrx_word' id='word_1_764' title='bbox 1559 5177 1628 5232; x_wconf 91' lang='lat' dir='ltr'><strong>ob</strong></span> <span class='ocrx_word' id='word_1_765' title='bbox 1667 5178 1829 5231; x_wconf 90' lang='lat' dir='ltr'><strong>istum</strong></span> 
     </span>
    </p>
   </div>
   <div class='ocr_carea' id='block_1_102' title="bbox 257 5245 1831 5317">
    <p class='ocr_par' dir='ltr' id='par_1_102' title="bbox 257 5245 1831 5317">
     <span class='ocr_line' id='line_1_102' title="bbox 257 5245 1831 5317; baseline 0 -16"><span class='ocrx_word' id='word_1_766' title='bbox 257 5261 427 5301; x_wconf 79' lang='lat' dir='ltr'><strong>acum</strong></span> <span class='ocrx_word' id='word_1_767' title='bbox 471 5261 539 5302; x_wconf 83' lang='lat' dir='ltr'><strong>ex</strong></span> <span class='ocrx_word' id='word_1_768' title='bbox 588 5246 1012 5302; x_wconf 84' lang='lat' dir='ltr'><strong>Commonitorio</strong></span> <span class='ocrx_word' id='word_1_769' title='bbox 1063 5245 1338 5317; x_wconf 77' lang='lat' dir='ltr'><strong>Peregrini</strong></span> <span class='ocrx_word' id='word_1_770' title='bbox 1376 5264 1389 5301; x_wconf 89' lang='lat'><strong>:</strong></span> <span class='ocrx_word' id='word_1_771' title='bbox 1425 5247 1692 5317; x_wconf 73' lang='lat' dir='ltr'><strong>Doctores,</strong></span> <span class='ocrx_word' id='word_1_772' title='bbox 1741 5248 1831 5317; x_wconf 84' lang='lat' dir='ltr'><strong>qui</strong></span> 
     </span>
    </p>
   </div>
   <div class='ocr_carea' id='block_1_103' title="bbox 233 5315 1831 5399">
    <p class='ocr_par' dir='ltr' id='par_1_103' title="bbox 233 5315 1831 5399">
     <span class='ocr_line' id='line_1_103' title="bbox 233 5315 1831 5399; baseline 0 -29"><span class='ocrx_word' id='word_1_773' title='bbox 233 5325 556 5399; x_wconf 66' lang='lat' dir='ltr'><strong>tractatores</strong></span> <span class='ocrx_word' id='word_1_774' title='bbox 586 5333 722 5399; x_wconf 69' lang='lat' dir='ltr'><strong>nunc</strong></span> <span class='ocrx_word' id='word_1_775' title='bbox 740 5317 1088 5399; x_wconf 35' lang='lat' dir='ltr'><strong>appellantur</strong></span> <span class='ocrx_word' id='word_1_776' title='bbox 1116 5315 1319 5399; x_wconf 53' lang='lat' dir='ltr'><strong>Tamen</strong></span> <span class='ocrx_word' id='word_1_777' title='bbox 1342 5326 1472 5399; x_wconf 82' lang='lat' dir='ltr'><strong>ante</strong></span> <span class='ocrx_word' id='word_1_778' title='bbox 1488 5315 1831 5399; x_wconf 37' lang='lat' dir='ltr'><strong>Vincentium</strong></span> 
     </span>
    </p>
   </div>
   <div class='ocr_carea' id='block_1_104' title="bbox 236 5382 1830 5457">
    <p class='ocr_par' dir='ltr' id='par_1_104' title="bbox 236 5382 1830 5457">
     <span class='ocr_line' id='line_1_104' title="bbox 236 5382 1830 5457; baseline 0.003 -18"><span class='ocrx_word' id='word_1_779' title='bbox 236 5386 516 5440; x_wconf 87' lang='lat' dir='ltr'><strong>tractandi</strong></span> <span class='ocrx_word' id='word_1_780' title='bbox 544 5386 710 5441; x_wconf 88' lang='lat' dir='ltr'><strong>verbo</strong></span> <span class='ocrx_word' id='word_1_781' title='bbox 739 5382 820 5442; x_wconf 78' lang='lat' dir='ltr'><strong>usi</strong></span> <span class='ocrx_word' id='word_1_782' title='bbox 851 5395 1007 5441; x_wconf 89' lang='lat' dir='ltr'><strong>erant</strong></span> <span class='ocrx_word' id='word_1_783' title='bbox 1032 5382 1396 5454; x_wconf 85' lang='lat' dir='ltr'><strong>Tertullianus</strong></span> <span class='ocrx_word' id='word_1_784' title='bbox 1424 5395 1479 5441; x_wconf 92' lang='lat' dir='ltr'><strong>et</strong></span> <span class='ocrx_word' id='word_1_785' title='bbox 1505 5386 1830 5457; x_wconf 88' lang='lat' dir='ltr'><strong>Cyprianus,</strong></span> 
     </span>
    </p>
   </div>
   <div class='ocr_carea' id='block_1_105' title="bbox 232 5457 1823 5537">
    <p class='ocr_par' dir='ltr' id='par_1_105' title="bbox 232 5457 1823 5537">
     <span class='ocr_line' id='line_1_105' title="bbox 232 5457 1823 5537; baseline 0.001 -28"><span class='ocrx_word' id='word_1_786' title='bbox 232 5469 346 5537; x_wconf 77' lang='lat' dir='ltr'><strong>pro</strong></span> <span class='ocrx_word' id='word_1_787' title='bbox 374 5470 450 5537; x_wconf 82' lang='lat' dir='ltr'><strong>eo_</strong></span> <span class='ocrx_word' id='word_1_788' title='bbox 464 5458 612 5537; x_wconf 86' lang='lat' dir='ltr'><strong>quod</strong></span> <span class='ocrx_word' id='word_1_789' title='bbox 641 5457 996 5537; x_wconf 79' lang='lat' dir='ltr'><strong>nos_dic_i_t_nu_s</strong></span> <span class='ocrx_word' id='word_1_790' title='bbox 1021 5459 1225 5537; x_wconf 52' lang='lat' dir='ltr'><strong>docere.</strong></span> <span class='ocrx_word' id='word_1_791' title='bbox 1263 5457 1626 5537; x_wconf 78' lang='lat' dir='ltr'><strong>Tertullianus</strong></span> <span class='ocrx_word' id='word_1_792' title='bbox 1679 5457 1823 5537; x_wconf 77' lang='lat' dir='ltr'><strong>enim</strong></span> 
     </span>
    </p>
   </div>
   <div class='ocr_carea' id='block_1_106' title="bbox 234 5525 1824 5597">
    <p class='ocr_par' dir='ltr' id='par_1_106' title="bbox 234 5525 1824 5597">
     <span class='ocr_line' id='line_1_106' title="bbox 234 5525 1824 5597; baseline 0.003 -18"><span class='ocrx_word' id='word_1_793' title='bbox 234 5525 299 5579; x_wconf 87' lang='lat' dir='ltr'><strong>in</strong></span> <span class='ocrx_word' id='word_1_794' title='bbox 333 5525 511 5597; x_wconf 87' lang='lat' dir='ltr'><strong>capite</strong></span> <span class='ocrx_word' id='word_1_795' title='bbox 563 5525 803 5583; x_wconf 89' lang='lat' dir='ltr'><strong>secundo</strong></span> <span class='ocrx_word' id='word_1_796' title='bbox 854 5528 976 5582; x_wconf 90' lang='lat' dir='ltr'><strong>libri</strong></span> <span class='ocrx_word' id='word_1_797' title='bbox 1028 5527 1093 5582; x_wconf 89' lang='lat' dir='ltr'><strong>de</strong></span> <span class='ocrx_word' id='word_1_798' title='bbox 1143 5527 1563 5585; x_wconf 85' lang='lat' dir='ltr'><strong>Resurrcctione</strong></span> <span class='ocrx_word' id='word_1_799' title='bbox 1622 5528 1824 5592; x_wconf 90' lang='lat' dir='ltr'><strong>carnis,</strong></span> 
     </span>
    </p>
   </div>
   <div class='ocr_carea' id='block_1_107' title="bbox 232 5597 1831 5672">
    <p class='ocr_par' dir='ltr' id='par_1_107' title="bbox 232 5597 1831 5672">
     <span class='ocr_line' id='line_1_107' title="bbox 232 5597 1831 5672; baseline 0.003 -25"><span class='ocrx_word' id='word_1_800' title='bbox 232 5611 589 5672; x_wconf 74' lang='lat' dir='ltr'><strong>conquerens</strong></span> <span class='ocrx_word' id='word_1_801' title='bbox 639 5597 706 5672; x_wconf 81' lang='lat' dir='ltr'><strong>de</strong></span> <span class='ocrx_word' id='word_1_802' title='bbox 757 5598 993 5672; x_wconf 79' lang='lat' dir='ltr'><strong>versutia</strong></span> <span class='ocrx_word' id='word_1_803' title='bbox 1047 5597 1451 5672; x_wconf 67' lang='lat' dir='ltr'><strong>hmreticorum,</strong></span> <span class='ocrx_word' id='word_1_804' title='bbox 1500 5599 1591 5668; x_wconf 89' lang='lat' dir='ltr'><strong>qui</strong></span> <span class='ocrx_word' id='word_1_805' title='bbox 1618 5612 1831 5672; x_wconf 82' lang='lat' dir='ltr'><strong>semper</strong></span> 
     </span>
    </p>
   </div>
   <div class='ocr_carea' id='block_1_108' title="bbox 232 5666 1827 5739">
    <p class='ocr_par' dir='ltr' id='par_1_108' title="bbox 232 5666 1827 5739">
     <span class='ocr_line' id='line_1_108' title="bbox 232 5666 1827 5739; baseline 0.004 -22"><span class='ocrx_word' id='word_1_806' title='bbox 232 5667 496 5739; x_wconf 80' lang='lat' dir='ltr'><strong>obscuris</strong></span> <span class='ocrx_word' id='word_1_807' title='bbox 522 5666 655 5739; x_wconf 77' lang='lat' dir='ltr'><strong>falsa</strong></span> <span class='ocrx_word' id='word_1_808' title='bbox 686 5667 986 5739; x_wconf 87' lang='lat' dir='ltr'><strong>involvunt,</strong></span> <span class='ocrx_word' id='word_1_809' title='bbox 1016 5683 1082 5722; x_wconf 90' lang='lat' dir='ltr'><strong>ne</strong></span> <span class='ocrx_word' id='word_1_810' title='bbox 1110 5666 1653 5739; x_wconf 53' lang='lat' dir='ltr'><strong>intelligantur-J1me</strong></span> <span class='ocrx_word' id='word_1_811' title='bbox 1687 5666 1827 5723; x_wconf 83' lang='lat' dir='ltr'><strong>latus</strong></span> 
     </span>
    </p>
   </div>
   <div class='ocr_carea' id='block_1_109' title="bbox 232 5736 1829 5803">
    <p class='ocr_par' dir='ltr' id='par_1_109' title="bbox 232 5736 1829 5803">
     <span class='ocr_line' id='line_1_109' title="bbox 232 5736 1829 5803; baseline 0.004 -16"><span class='ocrx_word' id='word_1_812' title='bbox 232 5736 493 5803; x_wconf 84' lang='lat' dir='ltr'><strong>aperiant</strong></span> <span class='ocrx_word' id='word_1_813' title='bbox 531 5737 904 5794; x_wconf 88' lang='lat' dir='ltr'><strong>defensoribus</strong></span> <span class='ocrx_word' id='word_1_814' title='bbox 955 5754 1095 5795; x_wconf 76' lang='lat' dir='ltr'><strong>vera:</strong></span> <span class='ocrx_word' id='word_1_815' title='bbox 1158 5736 1307 5800; x_wconf 60' lang='lat' dir='ltr'><strong>fidei,</strong></span> <span class='ocrx_word' id='word_1_816' title='bbox 1339 5740 1416 5794; x_wconf 88' lang='lat' dir='ltr'><strong>ait</strong></span> <span class='ocrx_word' id='word_1_817' title='bbox 1448 5757 1460 5792; x_wconf 90' lang='lat'><strong>:</strong></span> <span class='ocrx_word' id='word_1_818' title='bbox 1500 5759 1517 5790; x_wconf 84' lang='grc'><strong><em>‹</em></strong></span> <span class='ocrx_word' id='word_1_819' title='bbox 1558 5739 1829 5801; x_wconf 66' lang='lat' dir='ltr'><strong>Haeretici,</strong></span> 
     </span>
    </p>
   </div>
   <div class='ocr_carea' id='block_1_110' title="bbox 230 5808 1833 5879">
    <p class='ocr_par' dir='ltr' id='par_1_110' title="bbox 230 5808 1833 5879">
     <span class='ocr_line' id='line_1_110' title="bbox 230 5808 1833 5879; baseline 0.004 -23"><span class='ocrx_word' id='word_1_820' title='bbox 230 5820 311 5857; x_wconf 77' lang='lat' dir='ltr'><strong>ex</strong></span> <span class='ocrx_word' id='word_1_821' title='bbox 342 5808 669 5862; x_wconf 78' lang='lat' dir='ltr'><strong>conscientia</strong></span> <span class='ocrx_word' id='word_1_822' title='bbox 700 5809 1047 5876; x_wconf 78' lang='lat' dir='ltr'><strong>infirmitatis,</strong></span> <span class='ocrx_word' id='word_1_823' title='bbox 1084 5825 1357 5879; x_wconf 86' lang='lat' dir='ltr'><strong>nunquam</strong></span> <span class='ocrx_word' id='word_1_824' title='bbox 1407 5809 1676 5864; x_wconf 67' lang='lat' dir='ltr'><strong>ordinat-ie</strong></span> <span class='ocrx_word' id='word_1_825' title='bbox 1727 5818 1833 5863; x_wconf 86' lang='lat' dir='ltr'><strong>tra-</strong></span> 
     </span>
    </p>
   </div>
   <div class='ocr_carea' id='block_1_111' title="bbox 1935 4751 3514 4834">
    <p class='ocr_par' dir='ltr' id='par_1_111' title="bbox 1935 4751 3514 4834">
     <span class='ocr_line' id='line_1_111' title="bbox 1935 4751 3514 4834; baseline -0.008 -16"><span class='ocrx_word' id='word_1_826' title='bbox 1935 4769 2099 4818; x_wconf 86' lang='lat' dir='ltr'><strong>ctant.</strong></span> <span class='ocrx_word' id='word_1_827' title='bbox 2135 4779 2154 4813; x_wconf 74' lang='grc'><strong>)</strong></span> <span class='ocrx_word' id='word_1_828' title='bbox 2188 4758 2485 4834; x_wconf 81' lang='lat' dir='ltr'><strong>Cyprianus</strong></span> <span class='ocrx_word' id='word_1_829' title='bbox 2513 4773 2640 4814; x_wconf 91' lang='lat' dir='ltr'><strong>vero</strong></span> <span class='ocrx_word' id='word_1_830' title='bbox 2693 4756 2744 4810; x_wconf 92' lang='lat' dir='ltr'><strong>in</strong></span> <span class='ocrx_word' id='word_1_831' title='bbox 2776 4754 3001 4834; x_wconf 68' lang='lat' dir='ltr'><strong>epistola</strong></span> <span class='ocrx_word' id='word_1_832' title='bbox 3029 4753 3119 4817; x_wconf 74' lang='lat'><strong>52,</strong></span> <span class='ocrx_word' id='word_1_833' title='bbox 3151 4753 3218 4807; x_wconf 90' lang='lat' dir='ltr'><strong>ad</strong></span> <span class='ocrx_word' id='word_1_834' title='bbox 3248 4751 3514 4807; x_wconf 84' lang='lat' dir='ltr'><strong>Antonia-</strong></span> 
     </span>
    </p>
   </div>
   <div class='ocr_carea' id='block_1_112' title="bbox 1933 4825 3518 4895">
    <p class='ocr_par' dir='ltr' id='par_1_112' title="bbox 1933 4825 3518 4895">
     <span class='ocr_line' id='line_1_112' title="bbox 1933 4825 3518 4895; baseline -0.006 -8"><span class='ocrx_word' id='word_1_835' title='bbox 1933 4847 2085 4895; x_wconf 92' lang='lat' dir='ltr'><strong>num,</strong></span> <span class='ocrx_word' id='word_1_836' title='bbox 2135 4825 2400 4886; x_wconf 74' lang='lat' dir='ltr'><strong>tractandi</strong></span> <span class='ocrx_word' id='word_1_837' title='bbox 2455 4843 2640 4883; x_wconf 89' lang='lat' dir='ltr'><strong>vocem</strong></span> <span class='ocrx_word' id='word_1_838' title='bbox 2688 4825 2975 4880; x_wconf 84' lang='lat' dir='ltr'><strong>manifeste</strong></span> <span class='ocrx_word' id='word_1_839' title='bbox 3016 4836 3297 4895; x_wconf 78' lang='lat' dir='ltr'><strong>usurpath</strong></span> <span class='ocrx_word' id='word_1_840' title='bbox 3327 4838 3423 4895; x_wconf 86' lang='lat' dir='ltr'><strong>pro</strong></span> <span class='ocrx_word' id='word_1_841' title='bbox 3451 4836 3518 4878; x_wconf 89' lang='lat' dir='ltr'><strong>eo</strong></span> 
     </span>
    </p>
   </div>
   <div class='ocr_carea' id='block_1_113' title="bbox 1934 4893 3518 4973">
    <p class='ocr_par' dir='ltr' id='par_1_113' title="bbox 1934 4893 3518 4973">
     <span class='ocr_line' id='line_1_113' title="bbox 1934 4893 3518 4973; baseline -0.006 -15"><span class='ocrx_word' id='word_1_842' title='bbox 1934 4893 2081 4973; x_wconf 83' lang='lat' dir='ltr'><strong>quod</strong></span> <span class='ocrx_word' id='word_1_843' title='bbox 2133 4901 2290 4970; x_wconf 79' lang='lat' dir='ltr'><strong>vulgo</strong></span> <span class='ocrx_word' id='word_1_844' title='bbox 2338 4901 2521 4954; x_wconf 81' lang='lat' dir='ltr'><strong>docere</strong></span> <span class='ocrx_word' id='word_1_845' title='bbox 2550 4898 2797 4952; x_wconf 90' lang='lat' dir='ltr'><strong>dicimus.</strong></span> <span class='ocrx_word' id='word_1_846' title='bbox 2852 4895 3133 4973; x_wconf 49' lang='lat' dir='ltr'><strong>Aitmenitn</strong></span> <span class='ocrx_word' id='word_1_847' title='bbox 3151 4911 3167 4946; x_wconf 89' lang='lat'><strong>:</strong></span> <span class='ocrx_word' id='word_1_848' title='bbox 3207 4912 3225 4945; x_wconf 72' lang='grc' dir='ltr'>ι</span> <span class='ocrx_word' id='word_1_849' title='bbox 3253 4893 3518 4973; x_wconf 62' lang='grc' dir='ltr'><strong>[εξρίξςορο</strong></span> 
     </span>
    </p>
   </div>
   <div class='ocr_carea' id='block_1_114' title="bbox 1936 4963 3512 5041">
    <p class='ocr_par' dir='ltr' id='par_1_114' title="bbox 1936 4963 3512 5041">
     <span class='ocr_line' id='line_1_114' title="bbox 1936 4963 3512 5041; baseline -0.006 -13"><span class='ocrx_word' id='word_1_850' title='bbox 1936 4963 2201 5028; x_wconf 63' lang='lat' dir='ltr'><strong>tractante</strong></span> <span class='ocrx_word' id='word_1_851' title='bbox 2224 4963 2611 5041; x_wconf 49' lang='lat' dir='ltr'><strong>&#39;cognoveram</strong></span> <span class='ocrx_word' id='word_1_852' title='bbox 2627 5037 2645 5041; x_wconf 33' lang='grc' dir='ltr'><strong>Α</strong></span> <span class='ocrx_word' id='word_1_853' title='bbox 2664 4983 2776 5041; x_wconf 73' lang='lat' dir='ltr'><strong>non</strong></span> <span class='ocrx_word' id='word_1_854' title='bbox 2787 5035 2799 5041; x_wconf 88' lang='lat'>_</span> <span class='ocrx_word' id='word_1_855' title='bbox 2815 4963 3237 5041; x_wconf 69' lang='lat' dir='ltr'><strong>sacrificandum</strong></span> <span class='ocrx_word' id='word_1_856' title='bbox 3273 4963 3512 5041; x_wconf 35' lang='lat' dir='ltr'><strong>idolis.)</strong></span> 
     </span>
    </p>
   </div>
   <div class='ocr_carea' id='block_1_115' title="bbox 1933 5032 3520 5110">
    <p class='ocr_par' dir='ltr' id='par_1_115' title="bbox 1933 5032 3520 5110">
     <span class='ocr_line' id='line_1_115' title="bbox 1933 5032 3520 5110; baseline -0.005 -13"><span class='ocrx_word' id='word_1_857' title='bbox 1933 5045 2000 5097; x_wconf 87' lang='lat' dir='ltr'><strong>Et</strong></span> <span class='ocrx_word' id='word_1_858' title='bbox 2025 5044 2301 5099; x_wconf 77' lang='lat' dir='ltr'><strong>iterumin</strong></span> <span class='ocrx_word' id='word_1_859' title='bbox 2322 5032 2560 5110; x_wconf 64' lang='lat' dir='ltr'><strong>cpistola</strong></span> <span class='ocrx_word' id='word_1_860' title='bbox 2581 5037 2650 5092; x_wconf 83' lang='grc'><strong>56</strong></span> <span class='ocrx_word' id='word_1_861' title='bbox 2677 5054 2689 5090; x_wconf 92' lang='lat'><strong>:</strong></span> <span class='ocrx_word' id='word_1_862' title='bbox 2724 5035 2865 5090; x_wconf 74' lang='lat' dir='ltr'><strong>«Nec</strong></span> <span class='ocrx_word' id='word_1_863' title='bbox 2888 5034 3192 5110; x_wconf 75' lang='lat' dir='ltr'><strong>quisquam,</strong></span> <span class='ocrx_word' id='word_1_864' title='bbox 3213 5032 3408 5089; x_wconf 89' lang='lat' dir='ltr'><strong>fratres</strong></span> <span class='ocrx_word' id='word_1_865' title='bbox 3437 5034 3520 5110; x_wconf 79' lang='lat' dir='ltr'><strong>di-</strong></span> 
     </span>
    </p>
   </div>
   <div class='ocr_carea' id='block_1_116' title="bbox 1926 5105 3573 5180">
    <p class='ocr_par' dir='ltr' id='par_1_116' title="bbox 1926 5105 3573 5180">
     <span class='ocr_line' id='line_1_116' title="bbox 1926 5105 3573 5180; baseline -0.006 -12"><span class='ocrx_word' id='word_1_866' title='bbox 1926 5113 2228 5177; x_wconf 83' lang='lat' dir='ltr'><strong>lectissimi,</strong></span> <span class='ocrx_word' id='word_1_867' title='bbox 2254 5105 2376 5166; x_wconf 73' lang='lat' dir='ltr'><strong>cuin</strong></span> <span class='ocrx_word' id='word_1_868' title='bbox 2405 5108 2672 5180; x_wconf 81' lang='lat' dir='ltr'><strong>populutn&#39;</strong></span> <span class='ocrx_word' id='word_1_869' title='bbox 2689 5113 2929 5180; x_wconf 82' lang='lat' dir='ltr'><strong>nostrum</strong></span> <span class='ocrx_word' id='word_1_870' title='bbox 2969 5105 3137 5180; x_wconf 79' lang='lat' dir='ltr'><strong>fugari</strong></span> <span class='ocrx_word' id='word_1_871' title='bbox 3166 5105 3513 5180; x_wconf 78' lang='lat' dir='ltr'><strong>conspexerit</strong></span> <span class='ocrx_word' id='word_1_872' title='bbox 3568 5138 3573 5143; x_wconf 70' lang='grc' dir='ltr'><em>ι</em></span> 
     </span>
    </p>
   </div>
   <div class='ocr_carea' id='block_1_117' title="bbox 1934 5172 3516 5251">
    <p class='ocr_par' dir='ltr' id='par_1_117' title="bbox 1934 5172 3516 5251">
     <span class='ocr_line' id='line_1_117' title="bbox 1934 5172 3516 5251; baseline -0.007 -12"><span class='ocrx_word' id='word_1_873' title='bbox 1934 5191 2079 5239; x_wconf 91' lang='lat' dir='ltr'><strong>metu</strong></span> <span class='ocrx_word' id='word_1_874' title='bbox 2108 5172 2498 5251; x_wconf 71' lang='lat' dir='ltr'><strong>persecutionis</strong></span> <span class='ocrx_word' id='word_1_875' title='bbox 2527 5187 2581 5233; x_wconf 91' lang='lat' dir='ltr'><strong>et</strong></span> <span class='ocrx_word' id='word_1_876' title='bbox 2606 5176 2809 5251; x_wconf 76' lang='lat' dir='ltr'><strong>spargi,</strong></span> <span class='ocrx_word' id='word_1_877' title='bbox 2828 5172 3202 5242; x_wconf 82' lang='lat' dir='ltr'><strong>conturbetur,</strong></span> <span class='ocrx_word' id='word_1_878' title='bbox 3231 5172 3372 5243; x_wconf 79' lang='lat' dir='ltr'><strong>qubd</strong></span> <span class='ocrx_word' id='word_1_879' title='bbox 3402 5172 3516 5251; x_wconf 78' lang='lat' dir='ltr'><strong>col-</strong></span> 
     </span>
    </p>
   </div>
   <div class='ocr_carea' id='block_1_118' title="bbox 1933 5245 3519 5315">
    <p class='ocr_par' dir='ltr' id='par_1_118' title="bbox 1933 5245 3519 5315">
     <span class='ocr_line' id='line_1_118' title="bbox 1933 5245 3519 5315; baseline -0.006 -6"><span class='ocrx_word' id='word_1_880' title='bbox 1933 5245 2125 5309; x_wconf 81' lang='lat' dir='ltr'><strong>lectam</strong></span> <span class='ocrx_word' id='word_1_881' title='bbox 2154 5250 2550 5307; x_wconf 84' lang='lat' dir='ltr'><strong>fraternitatem</strong></span> <span class='ocrx_word' id='word_1_882' title='bbox 2587 5245 2692 5302; x_wconf 88' lang='lat' dir='ltr'><strong>non</strong></span> <span class='ocrx_word' id='word_1_883' title='bbox 2723 5245 2922 5311; x_wconf 73' lang='lat' dir='ltr'><strong>videat,</strong></span> <span class='ocrx_word' id='word_1_884' title='bbox 2961 5261 3061 5301; x_wconf 90' lang='lat' dir='ltr'><strong>nec</strong></span> <span class='ocrx_word' id='word_1_885' title='bbox 3090 5253 3385 5301; x_wconf 89' lang='lat' dir='ltr'><strong>tractantes</strong></span> <span class='ocrx_word' id='word_1_886' title='bbox 3406 5245 3519 5315; x_wconf 84' lang='lat' dir='ltr'><strong>epi-</strong></span> 
     </span>
    </p>
   </div>
   <div class='ocr_carea' id='block_1_119' title="bbox 1934 5313 3517 5393">
    <p class='ocr_par' dir='ltr' id='par_1_119' title="bbox 1934 5313 3517 5393">
     <span class='ocr_line' id='line_1_119' title="bbox 1934 5313 3517 5393; baseline -0.006 -13"><span class='ocrx_word' id='word_1_887' title='bbox 1934 5339 2098 5393; x_wconf 88' lang='lat' dir='ltr'><strong>copos</strong></span> <span class='ocrx_word' id='word_1_888' title='bbox 2125 5324 2325 5393; x_wconf 67' lang='lat' dir='ltr'><strong>audiat.</strong></span> <span class='ocrx_word' id='word_1_889' title='bbox 2366 5340 2393 5393; x_wconf 18' lang='grc' dir='ltr'><strong>»Α</strong></span> <span class='ocrx_word' id='word_1_890' title='bbox 2427 5318 2563 5393; x_wconf 65' lang='lat' dir='ltr'><strong>Vide</strong></span> <span class='ocrx_word' id='word_1_891' title='bbox 2589 5316 2833 5393; x_wconf 78' lang='lat' dir='ltr'><strong>Juretum</strong></span> <span class='ocrx_word' id='word_1_892' title='bbox 2866 5317 2920 5371; x_wconf 92' lang='lat' dir='ltr'><strong>in</strong></span> <span class='ocrx_word' id='word_1_893' title='bbox 2951 5317 3093 5373; x_wconf 91' lang='lat' dir='ltr'><strong>notis</strong></span> <span class='ocrx_word' id='word_1_894' title='bbox 3128 5316 3197 5373; x_wconf 86' lang='lat' dir='ltr'><strong>ad</strong></span> <span class='ocrx_word' id='word_1_895' title='bbox 3235 5313 3517 5387; x_wconf 81' lang='lat' dir='ltr'><strong>epistolam</strong></span> 
     </span>
    </p>
   </div>
   <div class='ocr_carea' id='block_1_120' title="bbox 1937 5387 3603 5504">
    <p class='ocr_par' dir='ltr' id='par_1_120' title="bbox 1937 5387 3603 5504">
     <span class='ocr_line' id='line_1_120' title="bbox 1937 5387 3603 5504; baseline -0.01 -53"><span class='ocrx_word' id='word_1_896' title='bbox 1937 5387 2219 5504; x_wconf 54' lang='lat' dir='ltr'><strong>septimam</strong></span> <span class='ocrx_word' id='word_1_897' title='bbox 2251 5391 2428 5446; x_wconf 87' lang='lat' dir='ltr'><strong>lvonis</strong></span> <span class='ocrx_word' id='word_1_898' title='bbox 2446 5387 2823 5444; x_wconf 86' lang='lat' dir='ltr'><strong>Caruotcnsis.</strong></span> <span class='ocrx_word' id='word_1_899' title='bbox 3598 5437 3603 5441; x_wconf 61' lang='grc'>,</span> 
     </span>
     <span class='ocr_line' id='line_1_121' title="bbox 2065 5454 3510 5504; baseline 0 0"><span class='ocrx_word' id='word_1_900' title='bbox 2065 5462 2370 5504; x_wconf 66' lang='grc' dir='ltr'><strong>Ιῗηριιςιῑηηι</strong></span> <span class='ocrx_word' id='word_1_901' title='bbox 2392 5476 2550 5504; x_wconf 82' lang='lat' dir='ltr'><strong>nnna-</strong></span> <span class='ocrx_word' id='word_1_902' title='bbox 2575 5457 2711 5504; x_wconf 71' lang='lat' dir='ltr'><strong>Hine.</strong></span> <span class='ocrx_word' id='word_1_903' title='bbox 2759 5466 2906 5504; x_wconf 77' lang='lat' dir='ltr'><strong>natet</strong></span> <span class='ocrx_word' id='word_1_904' title='bbox 2935 5458 3276 5504; x_wconf 61' lang='lat' dir='ltr'><strong>existimasse</strong></span> <span class='ocrx_word' id='word_1_905' title='bbox 3301 5454 3510 5504; x_wconf 86' lang='lat' dir='ltr'><strong>Ltmnm</strong></span> 
     </span>
    </p>
   </div>
   <div class='ocr_carea' id='block_1_121' title="bbox 2065 5454 3511 5529">
    <p class='ocr_par' dir='ltr' id='par_1_121' title="bbox 2065 5454 3511 5529">
     <span class='ocr_line' id='line_1_122' title="bbox 2065 5454 3511 5529; baseline -0.005 -11"><span class='ocrx_word' id='word_1_906' title='bbox 2065 5462 2370 5518; x_wconf 76' lang='lat' dir='ltr'><strong>leestinus</strong></span> <span class='ocrx_word' id='word_1_907' title='bbox 2391 5476 2550 5529; x_wconf 86' lang='lat' dir='ltr'><strong>papa.</strong></span> <span class='ocrx_word' id='word_1_908' title='bbox 2574 5457 2906 5529; x_wconf 21' lang='lat' dir='ltr'><strong>Hinchpatet</strong></span> <span class='ocrx_word' id='word_1_909' title='bbox 2935 5458 3276 5529; x_wconf 68' lang='lat' dir='ltr'><strong>existimasse</strong></span> <span class='ocrx_word' id='word_1_910' title='bbox 3301 5454 3511 5529; x_wconf 82' lang='lat' dir='ltr'><strong>Lupum</strong></span> 
     </span>
    </p>
   </div>
   <div class='ocr_carea' id='block_1_122' title="bbox 1930 5527 3519 5599">
    <p class='ocr_par' dir='ltr' id='par_1_122' title="bbox 1930 5527 3519 5599">
     <span class='ocr_line' id='line_1_123' title="bbox 1930 5527 3519 5599; baseline -0.008 -6"><span class='ocrx_word' id='word_1_911' title='bbox 1930 5533 2208 5593; x_wconf 69' lang='lat' dir='ltr'><strong>leestini</strong></span> <span class='ocrx_word' id='word_1_912' title='bbox 2252 5527 2671 5599; x_wconf 46' lang='lat' dir='ltr'><strong>esse&#39;excerpta</strong></span> <span class='ocrx_word' id='word_1_913' title='bbox 2703 5527 2788 5599; x_wconf 82' lang='lat' dir='ltr'><strong>illa</strong></span> <span class='ocrx_word' id='word_1_914' title='bbox 2822 5527 3108 5599; x_wconf 10' lang='lat' dir='ltr'><strong>chVGratia</strong></span> <span class='ocrx_word' id='word_1_915' title='bbox 3137 5527 3230 5584; x_wconf 91' lang='lat' dir='ltr'><strong>Dei</strong></span> <span class='ocrx_word' id='word_1_916' title='bbox 3261 5535 3315 5582; x_wconf 90' lang='lat' dir='ltr'><strong>et</strong></span> <span class='ocrx_word' id='word_1_917' title='bbox 3347 5527 3519 5599; x_wconf 84' lang='lat' dir='ltr'><strong>libero</strong></span> 
     </span>
    </p>
   </div>
   <div class='ocr_carea' id='block_1_123' title="bbox 1934 5598 3517 5670">
    <p class='ocr_par' dir='ltr' id='par_1_123' title="bbox 1934 5598 3517 5670">
     <span class='ocr_line' id='line_1_124' title="bbox 1934 5598 3517 5670; baseline -0.008 -8"><span class='ocrx_word' id='word_1_918' title='bbox 1934 5605 2167 5662; x_wconf 89' lang='lat' dir='ltr'><strong>hominis</strong></span> <span class='ocrx_word' id='word_1_919' title='bbox 2197 5602 2441 5657; x_wconf 84' lang='lat' dir='ltr'><strong>arbitrio.</strong></span> <span class='ocrx_word' id='word_1_920' title='bbox 2478 5598 2591 5655; x_wconf 88' lang='lat' dir='ltr'><strong>Sed</strong></span> <span class='ocrx_word' id='word_1_921' title='bbox 2610 5598 2813 5654; x_wconf 89' lang='lat' dir='ltr'><strong>etillud</strong></span> <span class='ocrx_word' id='word_1_922' title='bbox 2853 5598 3122 5655; x_wconf 88' lang='lat' dir='ltr'><strong>afﬁrmare</strong></span> <span class='ocrx_word' id='word_1_923' title='bbox 3171 5612 3410 5670; x_wconf 69' lang='lat' dir='ltr'><strong>posspm,</strong></span> <span class='ocrx_word' id='word_1_924' title='bbox 3464 5598 3517 5650; x_wconf 93' lang='lat' dir='ltr'><strong>in</strong></span> 
     </span>
    </p>
   </div>
   <div class='ocr_carea' id='block_1_124' title="bbox 1933 5665 3517 5745">
    <p class='ocr_par' dir='ltr' id='par_1_124' title="bbox 1933 5665 3517 5745">
     <span class='ocr_line' id='line_1_125' title="bbox 1933 5665 3517 5745; baseline -0.007 -14"><span class='ocrx_word' id='word_1_925' title='bbox 1933 5692 1996 5731; x_wconf 87' lang='lat' dir='ltr'><strong>ea</strong></span> <span class='ocrx_word' id='word_1_926' title='bbox 2025 5689 2243 5745; x_wconf 83' lang='lat' dir='ltr'><strong>quoque</strong></span> <span class='ocrx_word' id='word_1_927' title='bbox 2268 5672 2532 5745; x_wconf 86' lang='lat' dir='ltr'><strong>sententia</strong></span> <span class='ocrx_word' id='word_1_928' title='bbox 2561 5670 2726 5726; x_wconf 83' lang='lat' dir='ltr'><strong>fuisse</strong></span> <span class='ocrx_word' id='word_1_929' title='bbox 2763 5685 3014 5745; x_wconf 71' lang='lat' dir='ltr'><strong>magnum</strong></span> <span class='ocrx_word' id='word_1_930' title='bbox 3068 5665 3264 5736; x_wconf 76' lang='lat' dir='ltr'><strong>virum,</strong></span> <span class='ocrx_word' id='word_1_931' title='bbox 3298 5665 3517 5721; x_wconf 83' lang='lat' dir='ltr'><strong>Petrum</strong></span> 
     </span>
    </p>
   </div>
   <div class='ocr_carea' id='block_1_125' title="bbox 1936 5741 3156 5813">
    <p class='ocr_par' dir='ltr' id='par_1_125' title="bbox 1936 5741 3156 5813">
     <span class='ocr_line' id='line_1_126' title="bbox 1936 5741 3156 5813; baseline -0.007 -12"><span class='ocrx_word' id='word_1_932' title='bbox 1936 5746 2001 5803; x_wconf 87' lang='lat' dir='ltr'><strong>de</strong></span> <span class='ocrx_word' id='word_1_933' title='bbox 2032 5741 2234 5812; x_wconf 79' lang='lat' dir='ltr'><strong>Marca,</strong></span> <span class='ocrx_word' id='word_1_934' title='bbox 2264 5743 2729 5813; x_wconf 83' lang='lat' dir='ltr'><strong>archiepiscopum</strong></span> <span class='ocrx_word' id='word_1_935' title='bbox 2770 5741 3156 5797; x_wconf 85' lang='lat' dir='ltr'><strong>Parisicnsctu.</strong></span> 
     </span>
    </p>
   </div>
  </div>
