4034 6298
567 391 674 451 eos
1562 386 1624 441 ιι.
1670 386 1727 446 s.
1773 384 1930 442 LUPI
1964 381 2260 439 seems
2302 381 2813 441 FERRABIENSIS‘
3722 372 3811 445 iet

560 503 714 568 mihi,
741 512 788 558 et
829 500 1010 557 statuit
1056 515 1138 554 me
1180 515 1337 569 super
1383 510 1536 569 pedes
1587 514 1749 553 meos.
1786 496 1926 552 Ecce
1972 495 2149 552 divina
2179 496 2226 555 A
2254 493 2370 564 quis
2395 504 2574 549 contra
2597 512 2691 550 nos
2719 496 2745 550 2’
2772 495 2863 568 qui
2901 490 3043 550 Filio
3067 495 3279 567 proprio
3318 512 3420 553 non
3458 500 3700 568 pepercit,
3735 503 3812 555 sed

562 609 664 650 vox
684 590 887 663 iacenti
912 590 1184 662 pr0phetae
1206 588 1369 661 jussit
1393 595 1453 644 ut
1480 597 1744 660 surgeret.
1790 586 1894 644 Sed
1923 600 2145 657 surgere

561 684 785 739 omnino
832 696 936 738 non
986 690 1185 753 posset,
1237 680 1340 736 nisi
1369 680 1422 735 in
1451 681 1596 736 hunc
1623 679 2009 750 omnipotentis
2050 677 2145 733 Dei

562 777 787 848 spiritus
812 777 1089 840 intrasset,
1126 773 1252 844 quia
1280 787 1346 828 ex
1381 771 1769 843 omnipotentis
1814 771 1910 826 Dei
1968 768 2145 841 gratia

562 868 632 923 ad
679 868 821 923 bona
867 880 1030 937 opera
1085 864 1270 922 conari
1312 863 1526 934 quidem
1551 877 1863 933 possumus,
1905 862 1998 917 sed
2029 862 2146 917 haec

564 956 787 1028 implere
813 971 918 1011 non
943 969 1248 1026 possumus,
1285 954 1329 1009 si
1359 953 1473 1023 ipse
1495 969 1598 1007 non
1623 953 1841 1023 adjuvat
1862 950 1953 1022 qui
1972 948 2144 1019 jubet.

565 1043 659 1100 Sic
695 1045 859 1116 27o
882 1043 1081 1100 Paulus
1106 1058 1228 1100 cum
1255 1042 1546 1113 discipulos
1574 1042 1894 1098 admoneret
1916 1042 2103 1098 dicens
2129 1059 2142 1096 :

565 1134 697 1188 Cum
724 1142 863 1188 metu
883 1142 931 1188 et
958 1144 1179 1189 tremore
1208 1143 1433 1188 vestram
1462 1133 1692 1203 ipsorum
1715 1130 1935 1186 salutem
1964 1149 2149 1203 opera-

562 1214 694 1278 mini
716 1221 938 1296 (Philip.
966 1225 1052 1294 ιι),
1074 1224 1219 1281 illico
1245 1222 1368 1294 quis
1393 1222 1448 1277 in
1474 1221 1554 1277 eis
1578 1223 1693 1278 haec
1722 1221 1837 1293 ipsa
1860 1223 2001 1277 bona
2021 1237 2149 1292 ope-

564 1323 778 1370 raretur
799 1311 1044 1383 adiunxit
1067 1315 1253 1370 dicens
1281 1331 1297 1369 :
1325 1313 1471 1368 Deus
1488 1321 1563 1368 est
1586 1313 1724 1367 enim
1767 1313 1858 1385 qui
1903 1323 2152 1384 operatur

560 1406 616 1462 in
638 1407 780 1462 vobis
801 1416 850 1462 et
879 1405 1005 1462 uelle
1032 1415 1081 1461 et
1102 1406 1352 1477 perﬁcere
1386 1421 1481 1476 pro
1502 1404 1638 1459 bona
1675 1403 1954 1460 voluntate.
2009 1403 2149 1460 Hinc

557 1500 808 1569 estquod
838 1499 951 1570 ipsa
978 1496 1194 1554 Veritas
1219 1496 1496 1569 discipulis
1524 1496 1656 1552 dicit
1688 1510 1704 1551 :
1733 1495 1860 1553 Siue
1900 1513 1981 1551 me
2018 1495 2151 1551 nihil

558 1590 772 1660 potestis
797 1590 972 1660 facere
994 1589 1176 1661 (Joan.
1199 1588 1312 1660 xv).
1343 1588 1449 1643 Sed
1479 1587 1531 1643 in
1562 1588 1647 1643 his
1695 1587 2148 1644 considerandum

559 1681 798 1752 estquia
844 1682 890 1737 si
913 1680 1059 1737 bono
1093 1689 1279 1738 nostra
1324 1681 1405 1736 sic
1455 1679 1843 1751 omnipotentis
1872 1679 1966 1735 Dei
2009 1680 2147 1735 dona

563 1779 689 1826 sunt
726 1778 788 1826 ut
819 1771 873 1825 in
911 1772 992 1828 eis
1035 1770 1239 1842 aliquid
1294 1782 1539 1829 nostrum
1597 1786 1702 1827 non
1748 1772 1839 1838 sit,
1893 1788 1994 1829 cur
2050 1788 2150 1828 nos

2252 601 2343 656 pro
2384 587 2529 642 nobis
2551 589 2789 643 omnibus
2818 587 3037 642 tradidit
3060 602 3179 642 eum
3210 585 3392 658 (Rom.
3417 589 3558 657 vm).
3591 607 3612 642 ι
3651 589 3705 644 In
3728 588 3812 646 Ec-

2251 674 2413 731 clesia
2445 678 2613 743 enim,
2643 693 2763 749 qute
2797 675 3061 747 sanguine
3085 674 3397 732 Mediatoris
3422 676 3625 733 nullum
3640 678 3813 734 habeo-

2252 763 2320 819 tis
2342 775 2619 836 peccatum
2652 769 2719 823 ah
2746 767 2894 823 omni
2919 775 3005 823 est
3046 766 3324 838 redempta
3374 777 3620 838 peccato,
3651 769 3814 825 intelli-

2252 860 2328 935 git
2355 876 2477 917 esse
2525 876 2715 917 omnes
2756 860 2849 932 qui
2896 858 3195 930 apostolico
3226 861 3538 917 testimonio
3597 875 3813 929 compre-

2251 952 2585 1018 hunduntur,
2629 952 2771 1023 quod
2824 959 2908 1009 est
2952 969 3050 1023 pro
3113 951 3262 1007 nobis
3318 953 3559 1008 omnibus
3614 954 3813 1008 tradidit

2248 1060 2386 1100 eum.
2874 1057 2883 1065 ”

2320 1133 2449 1191 Item
2477 1134 2619 1191 idem
2645 1142 2834 1192 auctor
2879 1135 2934 1191 in
2962 1149 3126 1207 opere
3170 1146 3470 1192 memorato
3516 1144 3703 1192 contra
3738 1134 3815 1191 lu-

2252 1227 2511 1284 lianum:
2567 1246 2587 1280 ι
2639 1227 3018 1294 Redimuntur,
3087 1228 3284 1299 inquit,
3342 1228 3651 1299 quicunque
3696 1227 3816 1283 redi-

2256 1327 2480 1373 muntur
2533 1316 2603 1372 ab
2640 1333 2706 1373 eo
2750 1317 2840 1388 qui
2878 1317 3031 1373 venit
3082 1334 3327 1388 quaerere
3372 1317 3514 1387 quod
3565 1317 3808 1387 perierat;

2264 1409 2433 1481 quiet
2469 1418 2758 1480 antequam
2784 1410 2994 1465 veniret
3016 1410 3068 1465 in
3089 1424 3276 1474 carne,
3324 1424 3423 1480 per
3460 1410 3635 1483 ipsam
3679 1410 3815 1465 ﬁdem

2256 1501 2500 1563 redemit,
2533 1517 2637 1572 qua
2672 1501 2996 1557 credebatur
3021 1516 3142 1557 esse
3164 1509 3447 1556 venturus.
3481 1501 3819 1558 Redimuntur

2256 1603 2437 1649 autem
2472 1593 2524 1649 itt
2554 1593 2855 1649 libertatem
2896 1593 3244 1650 beatitudinis
3294 1594 3702 1666 sempiternam,
3741 1594 3817 1650 ubi

2259 1693 2482 1756 peccato
2527 1682 2642 1753 jam
2695 1686 2897 1741 servire
2952 1700 3057 1740 non
3112 1685 3341 1756 possint.
3399 1705 3418 1739 ι
3486 1686 3561 1742 Et
3614 1686 3817 1741 manife—

2258 1773 2497 1830 stissime
2544 1774 2840 1845 explanans
2886 1774 3082 1845 populo
3123 1776 3295 1831 sancti
3352 1775 3631 1848 Evangelii
3662 1776 3819 1832 locum

561 1862 717 1930 quasi
765 1877 865 1932 pro
913 1863 1124 1918 meritis
1174 1872 1433 1919 aeternam
1486 1862 1898 1920 retributionem
1957 1863 2153 1936 quaeri-
2180 1881 2226 1941 Β
2254 1868 2548 1924 secundum
2585 1864 2845 1922 Joannem
2875 1885 2888 1921 :
2928 1865 3033 1922 Vos
3067 1883 3170 1922 non
3193 1868 3402 1924 creditis
3443 1870 3573 1940 quia
3598 1886 3697 1923 non
3718 1871 3820 1922 estis

567 1968 687 2005 mus
707 1951 733 2005 7
754 1950 812 2006 Si
835 1959 1015 2007 autem
1048 1951 1123 2007 ita
1150 1960 1337 2007 nostra
1365 1960 1493 2008 sunt
1517 1962 1577 2007 nt
1603 1952 1744 2008 dona
1777 1952 1872 2008 Dei
1902 1953 2148 2023 omnipo-

563 2041 725 2096 lentis
789 2056 894 2095 non
942 2041 1074 2108 sint,
1097 2058 1195 2098 cur
1215 2058 1281 2098 ex
1308 2042 1389 2098 eis
1415 2042 1767 2112 omnipotenti
1808 2041 1920 2099 Deo
1946 2043 2148 2116 gratias

560 2133 809 2204 agimus?
827 2132 935 2189 Sed
973 2135 1248 2190 sciendum
1276 2146 1360 2190 est
1379 2134 1521 2205 quod
1547 2134 1690 2189 mala
1729 2142 1912 2190 nostra
1941 2134 2146 2189 solum-

563 2223 723 2277 molo
748 2233 932 2280 nostra
956 2233 1100 2293 sunt,
1124 2223 1264 2280 bona
1290 2233 1470 2280 autem
1501 2232 1683 2280 nostra
1712 2233 1768 2281 et
1803 2225 2145 2296 omnipoten-

563 2314 631 2369 tis
677 2314 774 2369 Dei
824 2327 949 2371 sunt
994 2327 1051 2372 et
1095 2327 1276 2373 nostra
1310 2335 1322 2370 :
1352 2317 1477 2387 quia
1504 2316 1619 2388 ipse
1671 2315 1962 2386 aspirando
1993 2328 2018 2356 ι
2048 2331 2146 2371 nos

560 2396 822 2473 praevenit
853 2416 912 2463 ut
932 2407 1181 2470 velimus,
1236 2408 1328 2479 qui
1360 2407 1661 2479 adiuvando
1704 2407 2052 2477 subsequitur
2078 2422 2146 2462 ne

558 2500 792 2556 inaniter
819 2501 1063 2564 velimus,
1119 2501 1213 2557 sed
1253 2501 1522 2573 possimus
1556 2499 1776 2572 implere
1830 2515 1950 2570 quae
1976 2499 2148 2555 volui-

562 2607 699 2647 mus.
755 2589 1127 2652 Praeveniente
1176 2607 1305 2664 ergo
1341 2592 1512 2663 gratia
1541 2633 1555 2658 ,
1601 2601 1657 2649 et
1700 2592 1840 2647 bona
1871 2590 2147 2648 voluntate

564 2687 945 2755 subsequente,
971 2685 1076 2739 hoc
1101 2685 1245 2754 quod
1274 2685 1657 2756 omnipotentis
1685 2686 1778 2741 Dei
1809 2686 2006 2741 donum
2036 2695 2142 2752 est,

400 2774 405 2778 ’
470 2787 476 2793 ‘
558 2777 619 2831 lit
644 2777 895 2832 meritum
930 2785 1171 2833 nostrum
1202 2794 1215 2831 :
1247 2778 1390 2848 quod
1416 2777 1553 2834 bene
1598 2777 1796 2833 Paulus
1822 2778 1974 2834 brevi
2022 2793 2147 2833 sett-

560 2869 723 2922 tentia
753 2868 1005 2938 explicat,
1030 2870 1216 2925 dicens
1254 2883 1270 2924 :
1311 2866 1443 2924 Plus
1484 2868 1591 2924 illis
1634 2871 1871 2926 omnibus
1910 2868 2146 2925 laboravi

562 2959 612 3027 (I
640 2959 763 3014 Cor.
798 2968 925 3031 xv):
955 2960 1051 3030 qui
1074 2976 1141 3016 ne
1171 2976 1281 3015 sua:
1323 2960 1601 3015 videretur
1648 2961 1837 3015 virtuti
1867 2961 2142 3027 tribuisse,

564 3051 807 3123 adjunxit
837 3070 851 3117 ;
878 3069 982 3107 non
1005 3062 1178 3106 autent
1199 3068 1315 3122 ego,
1345 3051 1435 3105 sed
1455 3053 1626 3124 gratia
1642 3051 1736 3107 Dei
1759 3036 1980 3107 mecum.
2006 3051 2141 3120 Quia

563 3128 709 3197 enim
740 3143 946 3201 caelesti
971 3143 1110 3197 dono
1141 3150 1449 3213 praeventus
1493 3150 1596 3208 est,
1627 3143 1783 3212 quasi
1810 3143 2046 3198 alienum
2081 3157 2141 3198 se

2253 1974 2319 2013 ea:
2344 1956 2522 2012 ovibus
2544 1956 2668 2012 meis
2693 1955 2872 2029 (Joan.
2894 1955 2955 2027 x)
2987 1975 3000 2010 :
3036 1977 3054 2008 ι
3085 1956 3384 2025 Quomodo,
3412 1960 3509 2023 ait,
3540 1959 3661 2015 istis
3685 1959 3819 2024 dixit,

2250 2066 2352 2104 non
2375 2048 2497 2104 estis
2539 2066 2603 2103 ea:
2632 2048 2809 2103 ovibus
2834 2050 2959 2104 meis
2988 2049 3016 2103 ἵ
3061 2050 3186 2120 quia
3214 2050 3434 2107 videbat
3471 2065 3573 2108 eos
3598 2051 3669 2106 ad
3701 2066 3819 2106 seut-

2247 2142 2516 2212 piteruum
2565 2140 2838 2197 interitum
2887 2142 3334 2213 prtedestinatos,
3409 2159 3517 2199 non
3565 2144 3634 2199 ad
3674 2144 3818 2199 vitam

2254 2241 2512 2288 retentam
2544 2233 2628 2289 sui
2652 2233 2928 2304 sanguinis
2957 2234 3131 2305 pretio
3153 2245 3513 2305 comparatos.
3559 2253 3579 2287 ι

2316 2322 2450 2379 ltem
2480 2323 2547 2379 ad
2590 2322 2911 2379 Pollentium
2946 2324 3084 2380 libro
3116 2323 3299 2395 priore
3335 2342 3349 2379 :
3389 2344 3407 2377 ι
3441 2324 3602 2381 Sicut
3643 2323 3817 2386 omnis,

2248 2416 2445 2486 inquit,
2500 2416 2590 2486 qui
2634 2414 2836 2471 Christi
2870 2415 3131 2488 sanguine
3178 2414 3490 2486 redemptus
3550 2424 3637 2472 est
3680 2415 3819 2470 homo

2246 2519 2347 2572 est,
2389 2525 2492 2563 non
2523 2516 2700 2564 tamen
2737 2507 2917 2564 omnis
2946 2508 3037 2579 qui
3066 2507 3230 2563 homo
3251 2514 3336 2563 est
3378 2508 3549 2563 etiam
3582 2505 3820 2578 sanguine

2247 2598 2448 2654 Christi
2491 2599 2803 2670 redemptus
2850 2608 2954 2663 est.
2992 2598 3063 2654 ita
3110 2614 3270 2654 omne
3306 2598 3449 2668 quod
3498 2598 3634 2654 licet
3677 2596 3818 2667 272

2248 2706 2355 2745 non
2398 2688 2637 2760 expedit,
2690 2704 2788 2744 nec
2834 2697 3014 2742 tamen
3065 2702 3224 2742 omne
3263 2688 3406 2758 quod
3450 2702 3563 2742 non
3626 2684 3821 2756 expedit

2248 2784 2409 2839 etiam
2440 2798 2544 2837 non
2567 2781 2711 2835 licet.
2751 2801 2769 2834 ι
2822 2779 3016 2835 Beatus
3040 2794 3252 2851 quoque
3273 2778 3646 2851 Hieronymus
3671 2776 3813 2833 Com-

2248 2873 2514 2928 tuentario
2562 2872 2614 2926 itt
2645 2870 2951 2925 Matthmum
3000 2886 3057 2925 se
3103 2869 3244 2925 idem
3282 2871 3490 2925 sentire
3522 2865 3818 2922 manifestat

2247 2964 2333 3020 his
2363 2963 2588 3019 verbis:
2624 2983 2641 3014 ι
2689 2962 2840 3017 Sicut
2872 2961 3012 3016 (ilius
3062 2960 3300 3016 hominis
3340 2975 3447 3015 non
3489 2960 3645 3014 venit
3685 2957 3818 3014 mini-

2246 3054 2432 3119 strari,
2463 3053 2556 3109 sed
2584 3052 2895 3107 ministrare
2924 3048 3140 3122 (Matth.
3165 3048 3282 3120 xx).
3319 3067 3338 3101 r
3373 3048 3509 3104 Nota
3547 3048 3690 3118 quod
3715 3059 3818 3100 cre-

2248 3144 2349 3200 bro
2376 3142 2611 3199 diximus
2638 3158 2761 3198 eum
2805 3142 2897 3211 qui
2927 3140 3197 3196 ministret
3230 3139 3398 3194 lilium
3418 3139 3695 3211 appellare
3736 3138 3818 3191 ho-

569 3249 597 3285 a
627 3232 769 3288 bono
792 3238 1082 3303 suo‘opere
1110 3232 1349 3304 agnovit,
1373 3231 1560 3288 dicens
1588 3250 1603 3286 :
1632 3232 1759 3288 Non
1795 3244 1969 3286 autem
2012 3247 2144 3303 ego;
2171 3240 2218 3304 ο
2251 3233 2413 3287 minis
2434 3241 2481 3286 et
2501 3232 2628 3286 dare
2648 3230 2877 3285 animam
2903 3245 3054 3284 suam
3076 3227 3476 3298 redemptionem
3511 3244 3615 3298 pro
3638 3224 3817 3286 multis,

566 3323 663 3378 sed
692 3322 819 3393 quia
848 3323 1182 3393 praeveniens
1203 3323 1378 3393 gratia
1419 3324 1652 3380 liberum
1681 3324 1735 3380 in
1766 3339 1833 3381 eo
1861 3325 2143 3380 arbitrium

566 3413 773 3470 fecerat
806 3413 860 3469 in
887 3412 1052 3479 bono,
1081 3429 1189 3483 quo
1214 3414 1385 3470 libero
1438 3414 1667 3470 arbitrio
1715 3415 1965 3471 eamdem
2018 3431 2145 3487 gra-

563 3504 694 3558 tiam
724 3512 809 3559 est
837 3504 1155 3560 subsecutus
1184 3505 1238 3559 in
1278 3519 1461 3575 opere,
1501 3502 1745 3575 adjunxit
1772 3523 1786 3559 :
1818 3503 1925 3562 Sed
1976 3508 2147 3578 gratia

560 3599 918 3671 Deimeeum;
947 3613 1011 3654 ac
1062 3599 1107 3654 si
1151 3599 1355 3655 diceret
1383 3617 1397 3654 :
1421 3598 1479 3654 ln
1507 3598 1650 3655 bono
1679 3615 1839 3670 opere
1879 3599 2143 3663 laboravi,

565 3703 671 3744 non
696 3702 812 3758 ego,
846 3689 940 3745 sed
977 3697 1032 3744 et
1059 3703 1178 3762 ego.
1201 3687 1261 3745 In
1291 3704 1356 3745 eo
1377 3682 1728 3761 autemquod
1758 3690 1875 3747 solo
1930 3690 2142 3746 Domini

565 3778 706 3834 dono
732 3786 1038 3848 praeventus
1065 3795 1210 3847 sum,
1230 3796 1338 3835 non
1366 3795 1466 3851 ego
1490 3798 1505 3847 ;
1538 3780 1591 3836 in
1620 3796 1686 3837 eo
1711 3782 1854 3837 enim
1884 3781 2028 3852 quod
2047 3782 2143 3836 do-

560 3888 687 3927 num
711 3873 988 3930 voluntate
1018 3875 1339 3930 subsecutus
1376 3890 1516 3940 sum,
1547 3883 1603 3930 et
1628 3889 1747 3947 ego.
1791 3892 1811 3928 ι
1862 3874 1969 3931 Pro
2022 3874 2143 3945 qui-

556 3961 659 4018 bus
702 3961 905 4018 effusus
957 3966 1028 4019 sit
1062 3974 1116 4019 et
1156 3980 1293 4036 quos
1339 3966 1628 4021 redemerit
1671 3966 1892 4037 sanguis
1931 3964 2142 4022 Domini

564 4054 723 4125 271
757 4063 977 4110 sanctus
1002 4055 1332 4125 Augustinus
1356 4055 1409 4110 in
1437 4055 1650 4111 libroad
1682 4056 2032 4112 Laurentium
2058 4056 2145 4112 his

564 4142 748 4197 verbis
776 4142 1013 4198 declat-at
1041 4142 1131 4213 (In
1152 4142 1481 4210 Enehiridt'o,
1504 4159 1625 4215 cap.
1650 4145 1741 4217 61)
1771 4163 1784 4199 :
1819 4162 1838 4195 ι
1876 4143 1999 4200 Haec
2023 4159 2144 4215 quae

568 4235 622 4287 in
653 4234 853 4289 sanctis
889 4233 1097 4305 angelis
1125 4242 1181 4289 et
1204 4236 1494 4290 virtutibus
1516 4235 1609 4291 Dei
1626 4246 1708 4292 est
1728 4236 1990 4302 Ecclesia,
2017 4246 2141 4292 tunc

572 4328 730 4383 nobis
759 4326 917 4383 sicuti
948 4337 1037 4383 est
1066 4327 1366 4383 innotescet
1409 4344 1529 4382 cum
1561 4330 1609 4384 ei
1658 4329 1935 4401 conjuncti
1979 4327 2139 4384 fueri-

568 4433 691 4474 mus
712 4418 764 4472 in
793 4417 952 4472 linem
983 4418 1050 4474 ad
1086 4418 1247 4472 simul
1273 4419 1572 4474 habendam
1595 4419 1981 4476 beatitudinem
2007 4436 2142 4477 sem-

560 4511 847 4584 piternam.
871 4510 976 4565 Ista
1004 4526 1136 4567 vero
1158 4526 1279 4582 quae
1308 4512 1375 4566 ab
1404 4510 1492 4566 illa
1523 4512 1900 4585 peregrinatur
1928 4514 1981 4568 in
2029 4521 2142 4568 ter-

564 4603 643 4660 ris
669 4618 734 4659 co
776 4603 929 4659 nobis
978 4611 1060 4660 est
1107 4604 1285 4661 notior
1318 4618 1426 4673 quo
1456 4604 1508 4659 in
1545 4604 1633 4659 illa
1687 4620 1893 4668 sumus,
1928 4614 1983 4660 et
2015 4604 2140 4677 quia
2170 4596 2223 4659 D
2250 4619 2369 4661 sum
2416 4601 2729 4674 Hieronymi
2764 4599 2907 4656 Beda
2936 4598 2991 4653 in
3027 4595 3407 4668 explanatione
3450 4593 3615 4649 Marci
3649 4589 3809 4645 verbis
3894 4642 3901 4649 .

561 4695 841 4750 hominum
896 4705 1000 4759 est,
1049 4695 1192 4764 quod
1244 4704 1299 4750 et
1348 4709 1447 4749 nos
1473 4710 1677 4750 sumus.
1712 4693 1837 4750 Hinc
1883 4697 2145 4769 sanguine

569 4783 878 4839 \letliatoris
926 4784 1131 4840 nullum
1185 4783 1434 4840 habentis
1483 4794 1766 4854 peccatum
1803 4786 1872 4843 ab
1894 4788 2042 4843 omni
2062 4797 2148 4844 est

567 4876 841 4947 redempta
867 4888 1109 4947 peccato.
1151 4876 1279 4949 Ejus
1302 4894 1403 4933 vox
1429 4887 1513 4933 est
1542 4896 1558 4934 :
1594 4878 1655 4934 Si
1681 4878 1820 4934 Deus
1849 4896 1942 4950 pro
1975 4879 2142 4946 nobis,

636 5052 803 5139 eum»
823 5058 1086 5139 praevenit.
1122 5057 1269 5127 Epist
1307 5056 1375 5111 4:
1407 5055 1850 5139 (Siquidemsna
1879 5073 1978 5113 nos
2001 5059 2141 5114 Deus

569 5125 763 5192 gratia,
785 5134 847 5198 ut
897 5128 1029 5180 velle
1077 5144 1140 5181 ac
1166 5125 1346 5197 posse
1385 5125 1586 5196 aliquid
1618 5128 1740 5183 boui
1771 5143 2053 5198 queamus,
2084 5141 2138 5185 et

562 5196 817 5268 praevenit
849 5204 903 5249 et
923 5196 1285 5268 subsequitur.
1325 5218 1344 5251 ι

634 5263 662 5302 δ
718 5262 1164 5350 oraturus-erui.“
1196 5268 1319 5348 llaec
1341 5268 1746 5350 verba,‘(_i_nqttit
1776 5267 2039 5350 Rigaltius
2082 5270 2135 5350 in

450 5413 461 5423 .
560 5332 813 5423 llihro‘dleu
836 5334 1250 5423 Dttlchritutline'
1263 5340 1503 5423 corporis
1519 5332 1752 5423 .Christi.
1774 5411 1786 5422 .
1806 5332 2136 5423 ptinesigtti-

564 5403 730 5458 ﬁcaut
756 5405 1030 5479 Christum
1070 5423 1175 5461 non
1230 5403 1479 5464 habuisse
1516 5408 1745 5463 formam
1774 5403 2135 5479 imperio'tli-

597 5489 738 5529 nam.
777 5474 884 5530 Sed
908 5475 1081 5530 locum
1124 5478 1271 5533 hunc
1305 5478 1410 5535 alio
1438 5481 1599 5535 traxit
1629 5480 1817 5535 Petrus
1850 5474 2141 5537 Clamval-

578 5544 724 5621 ensis
769 5561 910 5621 anno
951 5547 1113 5621 l555.
1154 5546 1411 5621 Scribens
1439 5551 1582 5604 enim
1616 5551 1982 5619 longissimam
2029 5552 2141 5621 epi-

562 5616 779 5685 stolam,
828 5618 927 5671 sub
971 5618 1186 5672 nomine
1223 5618 1350 5673 .lesu
1382 5620 1605 5685 Christi,
1636 5616 2136 5676 adiunnoccntitim

562 5684 625 5760 _V|
657 5703 850 5758 papam
875 5697 927 5741 et
953 5689 1159 5742 curiam
1189 5689 1509 5752 Romanam,
1562 5691 1735 5760 ipsum
1759 5691 2032 5747 Christum
2057 5692 2136 5747 sic

558 5755 865 5825 loquentem
893 5760 1098 5814 inducit
1124 5760 1375 5831 incapite
1406 5761 1469 5815 l8
1495 5778 1507 5815 :
1545 5780 1564 5812 ι
1586 5755 2012 5816 Ἐνιεθιειιιὶοιιθιιι
2045 5778 2137 5815 utt-

560 5835 666 5880 tetn
728 5845 902 5885 rerum
933 5830 1307 5903 temporalium
1349 5847 1450 5885 non
1484 5832 1713 5886 faciliter
1765 5832 2011 5886 volumus
2043 5833 2136 5888 ad-

2252 3322 2515 3394 quandob
2549 3321 2778 3377 formam
2808 3320 2948 3375 servi
2976 3318 3188 3388 accepit
3229 3326 3289 3372 ut
3326 3333 3424 3388 pro
3464 3316 3668 3371 mundo
3704 3330 3813 3371 san-

2252 3417 2468 3489 guinem
2506 3412 2773 3469 funderet.
2810 3412 2878 3468 Et
2904 3427 3013 3466 non
3043 3410 3200 3475 dixit,
3243 3409 3371 3463 dare
3408 3408 3654 3463 animam
3681 3417 3817 3461 suam

2252 3507 2677 3579 redemptionem
2720 3521 2819 3576 pro
2848 3504 3118 3568 omnibus,
3167 3501 3265 3558 sed
3307 3517 3400 3571 pro
3425 3498 3635 3564 multis,
3658 3498 3709 3553 id
3746 3501 3817 3551 cst

2251 3612 2348 3668 pro
2379 3598 2461 3652 his
2489 3597 2579 3667 qui
2619 3596 2838 3651 credere
2861 3593 3144 3649 voluerint.
3196 3589 3350 3659 Quod
3385 3589 3701 3645 cautissime
3731 3588 3814 3641 doc

2250 3696 2368 3743 etor
2397 3687 2783 3743 celeberrimus
2827 3683 2960 3739 vidit
2981 3684 3046 3739 de
3082 3680 3551 3753 qualibuscunque
3589 3675 3816 3733 ﬁdelibus

2250 3780 2677 3851 intelligendum,
2715 3785 2935 3849 propter
2957 3774 3084 3830 illud
3118 3792 3132 3828 :
3162 3771 3361 3828 Peribit
3402 3772 3458 3824 in
3479 3779 3579 3824 tua
3619 3766 3814 3824 se'entia

2249 3871 2438 3943 frater,
2488 3881 2698 3942 propter
2728 3885 2881 3942 quem
2918 3865 3161 3922 Christus
3191 3874 3429 3920 mortuus
3455 3872 3556 3928 est,
3614 3867 3815 3932 propter

2247 3969 2376 4025 illud
2410 3968 2617 4025 etiam:
2654 3965 2964 4034 Quicunque
3013 3960 3264 4033 baptizati
3301 3974 3481 4015 sumus
3524 3957 3583 4012 in
3623 3952 3813 4011 Christo

2244 4060 2398 4125 Iesu,
2438 4060 2493 4113 in
2536 4066 2700 4111 marte
2744 4056 2907 4125 ipsius
2938 4052 3192 4123 baptizati
3220 4064 3400 4104 sumus
3439 4046 3492 4118 (1
3547 4045 3673 4101 Cor.
3719 4042 3810 4109 ιιι).

2246 4150 2464 4205 Necnon
2498 4155 2554 4202 et
2578 4154 2798 4217 propter
2830 4141 3001 4198 illud:
3060 4138 3271 4206 Quanto
3305 4138 3473 4208 magis
3514 4134 3713 4207 putatis
3735 4132 3813 4183 de-

2245 4242 2439 4295 teriora
2462 4238 2648 4292 mereri
2676 4233 2931 4306 supplicia
2964 4232 3055 4304 qui
3090 4230 3262 4301 ﬁlium
3297 4228 3392 4283 Dei
3420 4223 3809 4282 conculcaverit.

2245 4340 2290 4383 et
2313 4328 2620 4398 sanguinem
2646 4323 2958 4379 Testamenti
2977 4319 3232 4393 pollutum
3257 4318 3466 4373 duxerit
3506 4317 3563 4371 in
3587 4330 3688 4387 quo
3704 4326 3812 4366 sart-

2244 4419 2504 4490 ctiﬁcutus
2527 4427 2601 4472 est
2633 4417 2658 4471 .’
2683 4414 2869 4487 (Hebr.
2892 4413 2972 4485 x.)
3003 4413 3071 4467 Et
3099 4423 3431 4482 quacunque
3454 4407 3650 4464 similia
3677 4416 3810 4459 scru—

2246 4519 2452 4565 tatores
2491 4508 2563 4578 pii
2603 4506 2784 4562 valent
2828 4505 2881 4560 in
2907 4503 3104 4559 divinis
3130 4500 3358 4572 eloquiis
3384 4499 3646 4554 invenire.
3692 4495 3810 4550 Sen-

2251 4694 2419 4764 ipsius
2450 4694 2603 4765 ponit
2629 4710 2641 4747 :
2678 4711 2697 4745 ι
2724 4690 2858 4746 Nam
2889 4700 2944 4746 et
2969 4688 3137 4744 Filius
3167 4686 3405 4744 hominis
3436 4700 3543 4740 non
3573 4684 3717 4741 venit
3758 4688 3809 4734 ut

2248 4786 2656 4842 atinistraretur
2697 4782 2770 4848 ei,
2822 4780 2916 4839 sed
2953 4789 3011 4835 ut
3038 4778 3389 4834 ministraret.
3442 4774 3605 4841 Nota,
3631 4770 3806 4842 inquit,

2244 4877 2388 4950 quod
2440 4865 2633 4934 crebro
2684 4877 2916 4933 diximus
2956 4890 3083 4930 eum
3126 4874 3218 4945 qui
3274 4871 3611 4929 ministraret
3657 4868 3804 4924 tilium

2248 5062 2484 5126 mittere,
2531 5059 2683 5114 vobis
2709 5059 2899 5114 dantes
2926 5057 3229 5128 exemplum
3258 5063 3318 5112 ut
3336 5064 3519 5111 nostra
3547 5048 3804 5128 sectamini

2247 5125 2514 5202 vestigia;
2544 5128 2645 5202 qui
2673 5144 2793 5183 cum
2834 5129 2887 5184 in
2916 5125 3101 5202 forqma'
3126 5125 3219 5181 Dei
3241 5140 3507 5202 essemus,
3549 5125 3804 5202 nmt.rapi-

2244 5218 2371 5273 nam
2388 5194 2647 5255 'arbitr'ati
2680 5215 2888 5264 sumus,
2914 5198 3018 5273 sed
3031 5196 3386 5273 nosmetipsos
3406 5194 3803 5273 exinanivjmus.

2245 5272 2472 5327 formam
2505 5277 2842 5325 assumentes
2881 5268 3041 5324 servi.
3072 5266 3801 5337 Quidﬂigiturnexsecutiottetn

2247 5342 2611 5397 immediatam
2656 5339 2723 5411 in
2743 5340 2923 5411 regnis
2959 5328 3345 5411 temporalibus
3366 5332 3668 5411 all‘ee_tatis?
3694 5328 3801 5411 llaec

2246 5411 2457 5491 allectio
2483 5426 2550 5466 ex
2573 5400 2879 5491 ambitione
2906 5400 3211 5491 procedit.‘
3228 5405 3377 5461 Hane
3397 5405 3579 5491 potius
3600 5400 3802 5491 emitti:

2250 5482 2488 5538 utilitatis
2536 5480 2736 5535 virtute
2765 5470 2968 5535 debetis
3003 5475 3249 5547 exemplo
3293 5470 3461 5547 nostri
3517 5470 3802 5547 cordialiter

2245 5552 2540 5624 aspernari.
2577 5550 2641 5605 lli
2668 5550 2813 5624 enim
2843 5549 3170 5624 honores‘et
3199 5546 3402 5624 divitia:
3436 5548 3707 5599 transeunt
3733 5546 3797 5624 st-

2244 5616 2336 5678 ent
2385 5623 2594 5678 umbra.
2646 5639 2691 5673 ι.
2728 5620 2804 5675 Ex
2835 5616 3203 5675 vetustissimo
3244 5616 3431 5671 codice
3468 5624 3648 5670 nostro
3687 5623 3797 5665 ms..

2242 5693 2383 5773 unde
2412 5690 2657 5773 fortassis
2693 5691 3016 5773 eti-epistola
3064 5686 3487 5773 brevinprodibit
3536 5686 3587 5740 in
3623 5681 3795 5737 lucem.

2244 5764 2429 5819 Exstat
2459 5778 2599 5818 nunc
2627 5763 2677 5817 in
2702 5757 3030 5817 Bibliotheca
3050 5757 3176 5814 olim
3205 5757 3389 5828 Regia.
