4034 6298
258 347 362 405 665

1497 344 1586 402 DE
1626 344 1785 400 \‘ITA
1824 343 1882 400 S.
1926 344 2262 402 MAXIMINI.

3414 342 3519 399 666

257 453 513 529 appellari
535 451 769 511 hominis
793 465 839 508 et
857 453 985 509 dare
1003 456 1234 510 animam
1255 471 1407 509 suam
1428 455 1830 525 redemptionem
1863 475 1908 530 Α
1936 466 2191 511 calorum.
2219 454 2250 497 ι’
2271 454 2505 512 Ioannes
2523 462 2700 513 tamen
2742 424 3374 526 Constantinopolita’tms
3402 455 3518 525 epi-

253 566 348 622 pro
405 546 607 613 multis,
643 548 860 618 quando
905 545 1135 601 formam
1175 549 1318 602 servi
1364 548 1597 616 accepit,
1644 555 1704 601 ut
1735 561 1834 616 pro

254 641 457 697 mundo
478 639 795 709 sanguinem
835 636 1102 694 funderet.
1151 637 1219 692 Et
1245 654 1350 693 non
1377 637 1535 702 dixit,
1565 637 1696 692 dare
1722 639 1836 692 ani-

253 747 398 787 mam
421 743 574 786 suam
600 729 1018 800 redemptionem
1044 744 1142 800 pro
1169 730 1438 796 omnibus,
1471 729 1563 784 sed
1588 744 1682 798 pro
1707 727 1837 782 mul-

253 823 341 885 tis,
377 823 431 879 id
482 833 584 887 est,
624 837 722 893 pro
771 822 856 876 his
903 822 993 892 qui
1041 823 1264 878 credere
1307 821 1593 878 voluerint.
1645 841 1664 873 ι
1700 821 1832 876 Item

253 912 610 983 Hieronymus
621 911 926 967 edisserens
956 911 1084 966 illud
1107 911 1294 982 psalmi
1312 910 1518 982 (mn):
1545 909 1835 966 Vendidisti

253 1000 503 1072 populum
526 1010 671 1054 tuum
695 1001 804 1054 sine
825 1001 988 1070 pretio
1012 1014 1031 1052 .·
1055 998 1267 1071 (Usque
1283 1016 1443 1066 nunc,
1470 1001 1660 1070 inquit,
1688 1001 1754 1054 de
1774 1016 1834 1055 se

254 1089 420 1145 locuti
450 1089 610 1160 273
650 1097 776 1144 sunt
805 1098 1092 1160 martyres,
1123 1105 1265 1144 nunc
1299 1091 1366 1146 de
1393 1089 1698 1146 Judzcorutn
1741 1104 1837 1159 po-

251 1182 382 1253 pqu
423 1185 629 1248 dicunt,
679 1183 876 1252 quibus
923 1183 1124 1237 dictum
1155 1192 1274 1239 est:
1309 1181 1376 1237 In
1401 1184 1626 1254 peccatis
1653 1183 1836 1237 vestris

251 1273 446 1327 uenditi
466 1275 622 1337 estis;
651 1282 706 1326 et
732 1272 854 1327 ideo
879 1273 991 1327 sine
1011 1274 1201 1344 pretio,
1244 1274 1369 1344 quia
1396 1289 1502 1330 non
1531 1281 1612 1331 est
1636 1272 1838 1329 ell‘usus
1876 1263 1888 1276 ’

255 1365 396 1436 Agni
428 1365 646 1438 sanguis
671 1380 768 1435 pro
793 1365 890 1420 eis.
930 1383 948 1416 ι

326 1454 558 1511 Sanctus
581 1455 874 1526 Gregorius
900 1470 1038 1525 papa
1079 1457 1131 1510 in
1163 1454 1455 1512 Moralibus
1495 1455 1630 1527 (Lib.
1664 1472 1739 1522 tv,
1785 1472 1833 1511 e.

251 1544 370 1615 il),
401 1559 675 1615 esponens
705 1543 882 1600 locum
928 1545 1096 1612 illum,
1147 1561 1251 1600 non
1301 1555 1625 1616 computetur
1645 1546 1700 1599 in
1721 1545 1836 1600 die-

248 1637 350 1691 bus
373 1638 500 1691 anni
523 1637 643 1708 (Job
671 1640 812 1706 xm),
855 1637 1104 1693 eumdem
1129 1652 1348 1694 sensum
1397 1638 1592 1694 asserit
1613 1638 1696 1693 his
1718 1654 1838 1694 ver-

251 1727 359 1782 bis.
397 1745 416 1779 ι
440 1728 652 1782 Annum
680 1727 1116 1798 praedicationem
1131 1743 1376 1798 superum
1409 1729 1600 1800 gratim
1621 1743 1726 1783 non
1755 1729 1838 1784 in-

1935 565 2130 619 scopus
2157 548 2451 620 explanans
2478 547 2655 604 locum
2702 548 2850 603 illum
2879 546 3134 618 Epistola:
3160 547 3230 602 ad
3254 544 3512 601 Hebraeos

1937 639 2124 710 (Hebr.
2176 640 2258 711 ιι),
2292 640 2526 711 qualiter
2572 641 2743 712 gratia
2782 639 2876 695 Dei
2925 655 3022 710 pro
3073 636 3238 711 274
3270 637 3522 694 omnibus

1936 732 2230 803 gustaverit
2259 742 2488 787 mortem
2517 752 2530 786 :
2565 751 2585 784 ι
2623 731 2736 786 Νοιι
2768 747 2865 803 pro
2895 731 3141 786 ﬁdelibus
3177 738 3404 796 tantum,
3437 729 3520 783 in-

1936 823 2072 892 quit,
2114 821 2206 878 sed
2236 838 2335 893 pro
2365 823 2564 878 mundo
2593 823 2868 886 universo,
2923 831 2978 876 et
3017 822 3132 892 ipse
3173 820 3386 891 quidem
3422 832 3523 890 pro

1937 915 2188 970 omnibus
2237 923 2481 970 mortuus
2526 921 2629 969 est.
2687 913 2824 981 Quid
2879 922 3060 967 autem
3090 912 3132 967 si
3183 927 3290 966 non
3328 925 3520 965 omnes

1938 1007 2210 1062 credunt?
2255 1005 2346 1062 Ille
2374 1007 2515 1076 quod
2557 1021 2714 1060 suum
2763 1013 2883 1061 erat
2943 1005 3205 1075 implevit.
3239 1023 3259 1056 ι
3319 1001 3520 1060 Verum

1938 1097 2080 1152 hanc
2119 1095 2526 1165 intelligentiam
2556 1094 2754 1150 divinis
2800 1109 2903 1150 non
2957 1095 3231 1151 roboravit
3273 1092 3520 1162 eloquiis.

1941 1198 1963 1227 ε
1988 1187 2222 1243 Faustus
2250 1189 2414 1243 etiam
2437 1187 2674 1258 quidam,
2696 1201 2760 1240 ex
2794 1187 2987 1242 abbate
3007 1186 3288 1243 Lerinensi
3311 1186 3526 1258 Regen-

1938 1278 2014 1334 sis
2035 1277 2220 1333 Galliae
2249 1277 2552 1348 episcOpus,
2599 1277 2666 1331 de
2692 1276 2777 1332 his
2802 1275 2986 1341 rebus,
3024 1278 3126 1332 hoc
3152 1285 3235 1331 est
3283 1275 3350 1331 de
3378 1291 3518 1346 pra:-

1939 1368 2294 1426 destinatione
2331 1376 2385 1423 et
2414 1368 2584 1422 libero
2630 1366 2855 1422 arbitrio
2895 1375 2949 1421 et
2996 1366 3276 1438 sanguinis
3319 1366 3522 1421 Christi

1938 1458 2324 1527 redemptione,
2358 1456 2514 1528 longe
2542 1456 2756 1512 diversa
2791 1456 3159 1525 superioribus
3202 1455 3517 1526 praecellen—

1938 1547 2162 1603 tissimis
2211 1547 2520 1603 auctoribus
2559 1546 2796 1617 scripsit.
2849 1545 2954 1602 Sed
3001 1545 3386 1617 intelligendus
3432 1546 3518 1599 in-

1939 1647 2121 1708 specta
2148 1638 2452 1694 divinorum
2474 1637 2808 1707 eloquiorum
2845 1637 3128 1706 integritas
3161 1637 3378 1692 errandi
3432 1653 3524 1691 oe—

1940 1727 2212 1784 casionem
2241 1728 2455 1798 penitus
2485 1726 2742 1793 abstulit,
2773 1735 2829 1783 et
2867 1727 3336 1782 reverentissimus
3383 1742 3521 1798 papa

245 1817 634 1872 convenienter
678 1816 972 1887 accipimus
997 1835 1010 1870 :
1039 1817 1164 1886 quia
1205 1816 1348 1872 sicut
1378 1817 1430 1871 in
1456 1832 1601 1872 anno
1631 1831 1829 1888 conge-
1859 1823 1908 1882 B
1934 1818 2181 1875 Gelasius
2203 1835 2324 1874 cum
2347 1820 2685 1891 septuaginta
2712 1820 2978 1890 episcopis
2998 1820 3128 1875 viris
3141 1819 3523 1875 eruditissimis

243 1905 348 1961 stis
385 1905 575 1960 diebus
607 1915 818 1975 tempus
851 1904 1155 1976 perﬁcitur,
1189 1905 1263 1960 ita
1291 1905 1344 1960 in
1375 1920 1607 1975 superna
1658 1906 1831 1977 gratia

244 1995 512 2051 virtutum
555 1995 830 2067 multiplex
876 1997 986 2052 vita
1015 1997 1334 2067 completur.
1384 1997 1570 2052 Potest
1618 2013 1714 2068 per
1739 2014 1838 2052 an-

244 2104 382 2142 num
428 2090 590 2144 etiam
627 2088 914 2144 multitudo
963 2088 1187 2161 intelligi
1239 2088 1636 2160 redemptorum
1667 2105 1681 2142 :
1711 2090 1836 2160 quia

244 2180 393 2236 Sicut
431 2196 497 2236 ex
527 2181 730 2237 dierum
782 2181 1120 2236 multitudine
1159 2197 1335 2238 annus
1365 2182 1597 2248 ducitur,
1645 2181 1716 2236 ita
1770 2196 1837 2237 ex

248 2271 572 2327 collectione
601 2273 866 2327 bonorum
887 2271 1124 2326 omnium
1150 2271 1239 2325 illa
1271 2271 1562 2327 electorum
1591 2271 1839 2327 innume-

245 2363 439 2417 rabilis
467 2362 792 2418 universitas
820 2362 1088 2432 expletur.
1145 2382 1163 2414 ι

325 2454 436 2510 Nec
473 2453 777 2510 mirandum
825 2456 931 2510 duo
957 2452 1256 2509 clarissima
1295 2454 1495 2510 Iumina
1535 2453 1836 2521 doctorum,

247 2546 473 2601 beatum
521 2545 879 2618 Augustinum
930 2554 985 2601 et
1013 2545 1420 2618 Hieronymum,
1467 2555 1663 2616 etpost
1719 2545 1838 2602 illos

247 2639 575 2709 Gregorium
615 2649 670 2695 et
696 2639 917 2704 Bedam,
961 2640 1013 2694 in
1042 2639 1145 2695 hoc
1192 2655 1352 2696 sensu
1401 2639 1653 2703 inveniri,
1712 2654 1833 2693 cum

249 2745 443 2787 eorum
500 2730 745 2786 doctrina
776 2746 841 2785 ex
871 2730 1178 2802 evangelica
1209 2728 1440 2799 pendeat
1491 2729 1834 2784 auctoritate.

253 2823 314 2875 In
345 2837 450 2890 qua
481 2821 696 2890 quidem
739 2821 876 2891 apud
914 2833 940 2861 ι
967 2820 1274 2874 Μιιιιιιωιιιιι
1304 2821 1382 2876 sic
1408 2820 1718 2874 invenitur:
1750 2819 1839 2872 Bi-

252 2911 360 2966 bite
389 2927 455 2966 ea:
477 2911 572 2966 hoc
611 2928 807 2966 omnes.
843 2909 945 2965 Hic
991 2921 1066 2965 est
1099 2912 1234 2965 enim
1255 2912 1469 2982 sanguis
1511 2927 1654 2964 meus
1702 2909 1840 2964 Novi

257 2998 597 3063 Testamenti,
639 2998 728 3069 qui
749 3014 843 3065 pro
869 2997 1043 3052 multis
1085 2999 1382 3068 e/fundetur
1407 2999 1459 3052 in
1484 2998 1838 3053 remissionem

252 3098 586 3157 yeccaturum
644 3088 858 3161 (Matth.
902 3088 1072 3158 xxvi).
1116 3088 1269 3160 Apud
1320 3089 1555 3144 Marcum
1610 3097 1836 3144 autem:

1937 1920 2182 1967 statuens
2221 1912 2311 1981 qui
2343 1911 2633 1982 scriptores
2681 1919 2862 1967 essent
2906 1911 2989 1965 vel
3017 1927 3122 1964 non
3156 1919 3340 1966 essent
3384 1910 3523 1966 reci-

1937 2001 2143 2072 piendi,
2189 2007 2313 2071 post
2338 2001 2776 2070 approbationem
2820 2001 3105 2071 Augustini
3160 2009 3216 2055 et
3249 2000 3522 2071 amplissi-

1937 2106 2055 2146 mas
2102 2091 2290 2146 laudes
2342 2090 2687 2163 Hieronymi,
2742 2099 3098 2146 memoratum
3150 2089 3412 2146 Faustum
3453 2092 3522 2146 ah

1938 2183 2262 2260 auctoritate
2304 2182 2387 2236 his
2434 2183 2614 2239 verbis
2663 2183 2937 2238 removit:
3000 2182 3266 2253 Opuscula
3327 2181 3519 2238 Fausti

1938 2271 2183 2343 Regensis
2232 2269 2374 2325 Galli
2418 2272 2736 2343 apocrypha.
2784 2270 2892 2326 Nos
2939 2271 3100 2342 igitur
3149 2272 3520 2342 incorruptum

1939 2373 2251 2418 sanctarum
2301 2361 2706 2432 Scripturarum
2740 2369 3028 2431 sequentes
3079 2361 3434 2428 intellectum,
3469 2372 3524 2418 et

1937 2454 1965 2494 ἀ
2011 2454 2321 2524 apostolica:
2385 2454 2528 2508 sedis
2589 2454 2908 2524 gravitatem
2957 2454 3330 2524 suspicientes,
3391 2455 3522 2524 quid

1939 2547 2080 2601 aliud
2103 2547 2346 2601 dicamus
2366 2546 2466 2600 nisi
2493 2563 2506 2598 :
2534 2545 2733 2600 Taeeat
2761 2545 2992 2602 Faustus
3031 2555 3087 2600 et
3115 2545 3366 2601 similiter
3395 2561 3518 2602 sen-

1940 2638 2165 2702 tientes;
2187 2637 2479 2706 loquantur
2500 2651 2620 2690 cum
2651 2636 2765 2690 suis
2793 2635 3136 2692 consortibus
3165 2634 3522 2707 Hieronymus

1939 2736 1995 2782 et
2021 2727 2372 2798 Augustinus.
2401 2725 2620 2781 Scilicet
2646 2725 2786 2781 illius
2811 2727 3081 2798 proverbii
3115 2727 3464 2781 recordantes
3497 2743 3512 2780 :

1941 2815 2301 2872 Conticescant
2331 2833 2476 2871 ranae
2503 2816 2629 2870 dum
2656 2815 2840 2870 calum
2867 2827 3032 2871 tonat.
3061 2817 3237 2886 Atque
3276 2825 3336 2870 ut
3378 2816 3520 2871 hunc
3554 2883 3563 2890 _

1942 2918 2186 2964 nostrum
2226 2908 2463 2964 laborem
2517 2907 2854 2963 fructuosum
2905 2909 3118 2963 caeteris
3154 2907 3523 2978 relinquamus

1941 3003 2069 3058 illud
2095 3016 2309 3072 semper
2333 3000 2589 3056 memoria
2637 3000 2924 3055 tenendum
2953 3000 3020 3054 de
3047 2998 3293 3069 reprobis
3336 3013 3518 3052 mone—

1941 3109 2108 3150 mus:
2161 3093 2266 3160 Qui
2293 3093 2534 3163 elongant
2582 3109 2638 3147 se
2676 3110 2707 3146 a
2751 3101 2819 3155 te,
2873 3091 3115 3162 peribunt
3157 3107 3174 3156 ;
3232 3091 3297 3144 de
3335 3088 3526 3144 electis

257 3177 364 3232 Hic
399 3189 471 3232 est
492 3181 705 3248 sanguis
727 3196 870 3233 meus
913 3178 1049 3232 Novi
1073 3178 1406 3244 Testamenti,
1434 3179 1522 3250 qui
1543 3193 1638 3242 pro
1659 3177 1838 3233 multis
1865 3185 1909 3247 (ζ
1943 3200 2070 3240 vero
2095 3202 2108 3238 :
2133 3183 2202 3238 In
2223 3182 2363 3237 omni
2381 3191 2528 3253 gente
2548 3183 2638 3254 qui
2671 3182 2812 3236 timet
2863 3181 3052 3246 Deum,
3097 3179 3297 3249 etfacit
3341 3178 3522 3232 υοικη.

253 3269 510 3339 [nudetur
536 3269 726 3339 (Marc.
754 3271 884 3340 χιι).
918 3270 1069 3339 Apud
1093 3269 1293 3324 Lucam
1317 3285 1446 3326 vero
1476 3287 1490 3323 :
1525 3269 1628 3324 Hic
1650 3279 1722 3323 est
1749 3287 1838 3323 ca-

253 3360 336 3414 lix
386 3359 589 3415 Noram
641 3361 1024 3416 Testamentum
1070 3363 1123 3415 in
1147 3363 1400 3432 sanguine
1444 3378 1580 3429 meo,
1619 3361 1708 3431 qui
1742 3377 1836 3431 pro

255 3452 402 3506 vobis
453 3453 718 3522 fundetur.
750 3453 902 3508 Unde
946 3455 1334 3508 concordantes
1361 3453 1538 3517 Lacte,
1569 3468 1691 3508 cum
1723 3467 1837 3508 rem

255 3543 497 3602 divinam
525 3545 756 3615 agimus,
783 3545 834 3598 in
856 3559 1036 3614 prece,
1065 3545 1152 3600 hic
1173 3555 1254 3599 est
1274 3544 1411 3599 calix
1431 3544 1707 3615 sanguinis
1733 3543 1835 3598 mei

255 3635 395 3690 Novi
470 3645 524 3691 et
571 3641 757 3692 :eterni
817 3636 1147 3693 Testamenti
1223 3639 1534 3705 mysterium
1588 3636 1709 3691 ﬁdei
1750 3637 1839 3706 qui

252 3743 356 3794 pro
407 3727 575 3794 vobis,
634 3728 979 3786 concinentes
1026 3736 1202 3782 autem
1257 3728 1505 3782 Matthaao
1552 3736 1607 3782 et
1661 3727 1840 3782 Marco

257 3817 530 3884 addimus,
571 3835 664 3889 pro
687 3820 863 3874 multis
902 3820 1203 3890 eﬂ'undetur
1242 3820 1297 3874 in
1324 3819 1678 3874 remissionem
1724 3835 1841 3888 pee-

333 3961 362 3989 ι
403 3948 555 4023 Apud
590 3950 920 4005 Matthwum.
979 3951 1103 4023 Haec
1159 3952 1320 4023 trium
1377 3950 1830 4023 evangelistarum

258 4019 380 4092 loca
409 4020 573 4092 refert
593 4023 758 4092 etiam
789 4023 840 4076 in
868 4022 1091 4092 epistola
1119 4021 1240 4076 127.

337 4089 366 4128 ι)
395 4085 627 4164 Joannes
665 4089 760 4162 Cp.
801 4085 1168 4164 Cogtiomento
1197 4092 1645 4164 Chrysostomus.
1682 4091 1844 4164 Eum-

261 4157 388 4232 tlem
419 4175 579 4232 porro
605 4157 777 4217 locum
803 4157 983 4216 Ian—dat
1007 4161 1186 4232 Lupus
1215 4163 1266 4215 in
1298 4157 1522 4231 epistola
1556 4163 1678 4227 128,
1712 4161 1844 4216 etin

265 4228 519 4302 libro;de
547 4231 727 4302 tribus
748 4228 1165 4299 Quaestionibns,
1200 4228 1466 4302 pagfﬂu.

343 4309 365 4372 ξ
400 4298 656 4372 Faustus.
691 4298 822 4357 Vide
862 4313 1020 4357 notas
1043 4304 1109 4357 ad
1139 4298 1418 4372 ep'istnlam
1453 4303 1572 4356 ιη.

337 4367 365 4406 δ
397 4371 702 4439 Apostolicw
723 4373 876 4427 sedis.
907 4373 960 4426 Id
984 4383 1088 4436 est,
1112 4367 1386 4428 Romanae.
1417 4373 1674 4439 Quamvis
1703 4371 1845 4426 enim

267 4452 459 4496 omnes
487 4443 641 4497 sedes
665 4445 996 4514 episcopales
1021 4445 1329 4498 dicerentur
1361 4443 1488 4498 olim
1520 4442 1846 4513 apostolicae,

277 4599 816 4628 m

1607 4619 1718 4630 —_

1940 3287 2098 3331 tatem
2123 3275 2254 3346 ejus,
2298 3286 2536 3345 acceptus
2555 3284 2630 3328 est
2672 3273 2767 3328 illi.
2829 3274 2893 3328 Et
2921 3281 2980 3327 ut
3005 3272 3073 3327 ab
3097 3271 3200 3326 illis
3231 3269 3322 3326 Dei
3347 3269 3518 3340 gratia

1939 3367 2194 3438 separati,
2233 3366 2353 3423 istis
2390 3367 2577 3421 eadem
2610 3365 2702 3420 Dei
2736 3363 2906 3436 gratia
2939 3363 3228 3426 sociemur,
3284 3361 3519 3415 assiduis

1939 3459 2189 3530 precibus
2201 3457 2561 3514 communiter
2581 3456 2998 3526 implorandum.
3018 3454 3152 3508 Nam
3175 3453 3265 3523 qui
3291 3452 3527 3523 parvulis

1941 3548 2291 3618 regeneratis,
2356 3561 2587 3617 moxque
2643 3546 2752 3598 vita
2805 3543 3218 3604 excedentibus,
3261 3541 3518 3596 inetl'abili

1946 3637 2147 3706 pietate
2197 3634 2584 3691 beatitudinem
2625 3633 2868 3703 largitur,
2931 3631 3093 3685 etiam
3137 3645 3324 3684 eorum
3364 3627 3524 3684 saluti

1947 3728 2178 3798 benigne
2219 3725 2498 3798 prospexit
2521 3725 2717 3795 quibus
2740 3722 2976 3794 perfecte
3002 3723 3055 3777 in
3081 3737 3140 3776 se
3176 3735 3394 3791 sperare
3433 3719 3526 3774 do-

1947 3819 2118 3874 navit.

1950 3952 2195 4006 Romana
2231 3958 2407 4005 tamen
2429 3947 2662 4020 speciali
2685 3948 2918 4020 quodam
2946 3944 3107 4020 modo
3135 3944 3272 3998 dicta
3298 3950 3381 4020 est
3403 3955 3531 4010 apo-

1951 4021 2163 4086 stolica,
2202 4021 2343 4091 quod
2387 4011 2531 4074 illam
2564 4011 2757 4091 Petrus
2784 4028 2839 4072 et
2877 4014 3103 4091 Paulus,
3154 4011 3524 4091 apostolorum

1950 4081 2192 4164 videlicet
2216 4081 2533 4164 'principes,
2578 4087 2975 4164 constituerint,
3008 4093 3076 4164 et
3118 4081 3255 4164 apud
3286 4081 3532 4164 Damam

1948 4161 2150 4217 Christi
2191 4151 2452 4219 martvrio
2493 4151 2694 4213 fuerint
2739 4156 3060 4219 consecrati,
3104 4151 3166 4209 ut
3190 4152 3424 4207 diximus
3465 4151 3532 4204 ad

1951 4232 2292 4287 Vincentium
2334 4223 2706 4300 Lirinensem.
2738 4228 2948 4300 Quanta
2986 4234 3167 4279 autem
3215 4223 3343 4300 olim
3385 4227 3533 4300 esset
3609 4295 3612 4298 q

1951 4302 2367 4370 apostolicarum
2401 4300 2604 4372 sedium
2659 4289 2890 4372 dignitas
2937 4305 2993 4351 et
3035 4293 3340 4372 auctoritas.
3366 4289 3530 4372 pluri-

1951 4356 2074 4434 hius,
2107 4356 2214 4427 nec
2230 4372 2412 4434 dante,
2446 4371 2687 4424 dicemus
2716 4356 2791 4422 3d
2815 4365 3177 4436 Agobardnm.
3211 4356 3380 4432 (Vide
3413 4356 3533 4411 Pa-

1954 4442 2075 4496 trol.
2123 4453 2248 4496 tam.
2275 4439 2432 4512 CIV.)

1954 4442 2075 4496 trol.
2123 4453 2248 4496 tom.
2275 4441 2407 4495 CIV.

1737 4587 3532 4631 rw

822 4742 1047 4814 ²⁷⁵“
1110 4766 1455 4882 VlTA
1539 4766 2053 4878 SANCTI
2139 4713 2818 4876 MAXIMINI

1511 4999 1785 5042 EPISCOPI
1831 4990 2268 5041 TREVIBENSIS.

1405 5142 1783 5210 AUCTOR]?
1822 5141 2144 5204 SANCTO
2191 5140 2424 5201 LUPO.

353 5401 532 5469 Lupus
564 5401 810 5456 Wal.!oni
846 5419 943 5456 suo
970 5401 1198 5455 salutem

353 5492 570 5546 Amicos
619 5492 859 5547 honestis
905 5502 1114 5546 certare
1167 5489 1374 5554 otIicns,
1413 5503 1581 5558 seque
1632 5487 1856 5542 invicem

356 5636 379 5662 α
423 5622 573 5679 Hanc
623 5627 806 5680 Sancti
859 5624 1158 5686 Maximini,
1203 5621 1542 5677 Trevirensis
1599 5621 1857 5690 episcopi,

288 5685 462 5747 Vitam
494 5697 700 5762 primus
735 5697 964 5750 omnium
989 5694 1156 5748 edidit
1203 5693 1410 5747 Surius.
1461 5685 1739 5745 Assentior
1765 5685 1855 5744 an-

287 5772 393 5816 tem
426 5767 792 5820 eruditissimo
839 5768 952 5822 viro
982 5763 1171 5820 Joanni
1216 5764 1459 5818 Ccrardo
1517 5763 1726 5828 Vossio,
1771 5762 1858 5833 qui

1888 5402 1937 5460 D
1965 5392 2100 5448 velle
2130 5390 2362 5448 sinceris
2408 5385 2706 5461 przevenire
2732 5383 3025 5454 obsequiis,
3083 5383 3224 5438 inter
3272 5381 3541 5452 prtecipua

1969 5489 2217 5543 humana:
2239 5487 2360 5540 vitae
2391 5484 2602 5556 negotia
2629 5497 2735 5535 nou
2760 5480 3030 5534 immerito
3050 5479 3357 5547 deputatur.
3380 5475 3548 5544 Quipo

1969 5619 2177 5688 Lupum
2206 5617 2454 5672 abbatem
2475 5614 2881 5671 Ferraricnsem
2920 5611 3052 5688 Vitae
3090 5608 3244 5688 istius
3270 5615 3544 5688 auctorem

1968 5672 2116 5744 ess'se
2141 5696 2309 5757 putat.
2351 5688 2640 5740 Valdnncnt
2670 5693 2869 5746 autem,
2895 5683 2978 5736 cui
3005 5696 3128 5757 eam
3149 5675 3390 5757 inscribit
3420 5672 3548 5757 λιιι-

1968 5775 2088 5829 pars,
2119 5743 2258 5813 liand
2290 5759 2454 5812 alium
2499 5773 2620 5812 esse
2663 5772 2784 5810 reor
2820 5743 2980 5823 quam
3039 5750 3330 5803 Vallonctn
3383 5743 3550 5797 abba.
