4034 6298
597 336 694 393 671

1623 347 1686 404 Β.
1728 349 1786 404 S.
1829 349 1989 406 LUPl
2026 345 2318 406 ABBATIS
2360 351 2860 412 FERRARIENSIS
3745 365 3836 422 οη

597 446 808 514 praefati
835 447 1136 507 Constantii
1172 453 1338 523 regis-
1376 454 1568 510 fultam
1601 460 1853 528 praesidio
1873 501 1888 525 ,
1921 476 2171 531 persecu—
2201 465 2246 523 Α
2278 461 2401 516 terit
2424 463 2702 519 aestimari.
2731 464 2837 522 Sed
2859 467 2939 523 eis
2968 467 3056 523 ille
3082 484 3189 524 non
3230 478 3512 530 contentus
3538 488 3651 530 rem
3676 477 3834 534 intulit

602 547 713 593 tam
744 541 971 608 exsiliis,
1001 547 1411 612 carceribus,’et
1431 550 1596 604 variis
1624 551 1968 608 aﬂlictionum
1999 555 2173 610 modis

596 632 831 701 primum
861 634 1234 701 Athanasium.
1261 639 1452 696 deinde
1481 656 1674 698 omnes
1702 659 1807 699 non
1848 660 1958 700 sua:
2004 648 2174 716 partis

595 723 878 794 episcopos
903 726 1249 795 declarasset,
1277 732 1463 800 paucis
1491 732 1806 801 interjectis,
1859 739 1995 792 sexti
2022 739 2172 803 anni,

597 811 642 864 si
693 828 815 881 quae
868 815 1006 872 forte
1034 815 1283 884 fuissent,
1316 835 1404 877 res
1453 825 1828 880 memorabiles
1866 836 2172 895 notaturus,

597 902 941 972 Maximinus,
973 907 1170 980 inquit,
1212 910 1552 968 Treverorum
1574 916 1841 987 episcopus
1878 919 2052 975 clarus
2079 923 2175 976 Ita-

592 992 826 1048 bebatur.

1203 1072 1433 1130 CAPUT
1469 1074 1554 1130 111.

667 1173 766 1230 Hic
790 1176 834 1230 si
861 1179 982 1247 quis
1003 1180 1254 1252 inspiciat
1281 1185 1546 1242 insaniam
1573 1190 1752 1246 Ariani
1779 1193 2035 1265 principis
2060 1203 2171 1252 tum

592 1280 752 1335 quam
785 1269 1020 1325 maxime
1068 1272 1383 1332 efferbuisse
1419 1277 1578 1335 facile
1626 1281 1874 1354 intelligit
1917 1301 2172 1355 persecu-

595 1355 852 1422 tionibus,
881 1375 1001 1429 qua;
1030 1363 1191 1433 vulgo
1218 1367 1360 1422 veris
1382 1368 1811 1438 importabantur
1833 1375 2169 1443 prmsulibus,

593 1455 840 1502 sanctum
869 1465 1083 1521 quoque
1109 1453 1460 1513 Maximinum
1484 1459 1737 1517 alacriter
1757 1465 2169 1535 participatum,

594 1547 660 1588 ac
689 1534 904 1593 violata:
942 1540 1063 1596 fidei
1103 1559 1207 1598 non
1237 1544 1535 1604 declinasse
1563 1552 1720 1605 modo
1748 1534 2016 1626 contagia,
2077 1556 2169 1610 sed

592 1623 757 1678 etiam
786 1638 1115 1686 assertorum
1140 1632 1257 1702 ejus
1278 1639 1551 1707 perversis
1581 1655 1644 1696 ac
1667 1623 2172 1702 violentis—molitio-

592 1717 754 1774 nibus
783 1720 1048 1780 obviasse.
1081 1726 1191 1784 Nec
1218 1731 1351 1786 adeo
1381 1731 1559 1788 fuerat
1585 1751 1873 1806 operosum
1905 1755 1998 1794 eas
2027 1739 2168 1794 cele-

2276 553 2526 609 maximis
2550 570 2668 609 meo
2681 554 2884 625 judicio
2905 557 3153 616 laudibus
3181 567 3634 634 prosequendam.
3662 569 3702 622 Α
3727 587 3832 640 quo,

2275 645 2466 714 inquit,
2509 658 2534 686 ι
2565 647 2704 702 haud
2745 648 2967 705 dubium
3004 651 3132 722 quin
3179 652 3489 722 Maximino,
3535 658 3835 715 Athanasius

2274 734 2647 792 Alexandriam
2690 739 2939 796 Ecclesiae
2979 743 3269 812 episcopus,
3313 762 3429 799 cum
3469 765 3501 801 a
3541 746 3835 805 Constantia

2272 839 2595 898 quereretur
2615 830 2683 883 ad
2709 848 2935 902 prunam,
2961 833 3248 902 honoriﬁce
3275 848 3546 906 susceptus
3577 850 3669 892 est.
3702 838 3743 894 Ο
3767 842 3834 894 vi-

2275 934 2395 972 rum
2432 920 2818 984 beatissimum,
2864 925 3196 995 summisque
3233 927 3573 997 principibus
3609 927 3836 984 Ecclesia:

2274 1011 2467 1064 merito
2497 1015 2904 1081 coaequandum.
2949 1016 3039 1084 qui
3080 1017 3244 1087 regite
3271 1020 3558 1088 potestatis
3605 1020 3834 1090 injustqu

2273 1103 2541 1171 spreverit
2589 1103 2870 1174 impetum,
2917 1117 3126 1162 etcum
3178 1110 3442 1179 periculo,
3489 1112 3537 1166 si
3578 1127 3682 1167 non
3712 1114 3834 1178 vita,

2273 1199 2420 1246 certe
2455 1192 2751 1263 dignitatis,
2802 1195 3080 1266 amplexus
3133 1197 3207 1252 sit
3245 1199 3549 1254 custodiam
3594 1201 3838 1255 mandata:

2274 1281 2532 1336 divinitus
2579 1283 2881 1339 charitatis.
2931 1284 3040 1340 Fac
3088 1285 3233 1340 enim
3263 1287 3430 1357 280
3469 1287 3837 1358 imperatorem

2274 1371 2472 1426 furiata
2509 1382 2689 1428 mente
2737 1375 3055 1444 proditionis
3096 1377 3318 1446 pmmia
3359 1388 3769 1448 proponentem,
3800 1379 3836 1434 si

2273 1464 2480 1533 opinari
2505 1466 2763 1535 potuisset
2787 1467 2900 1522 fore
2926 1467 3158 1538 aliquem
3191 1469 3304 1540 qui,
3331 1485 3456 1525 cum
3485 1471 3720 1537 valeret,
3747 1489 3837 1528 non

2273 1555 2447 1610 solum
2473 1556 2828 1612 Athanasium
2858 1559 3082 1614 minime
3105 1561 3378 1629 proderet,
3421 1562 3520 1616 sed
3551 1563 3715 1618 etiam
3738 1572 3836 1618 stu-

2274 1646 2427 1702 diose
2454 1647 2675 1713 celaret,
2701 1663 2834 1717 quas
2867 1650 3308 1720 proscriptiones,
3336 1666 3458 1720 quae
3485 1652 3712 1717 exsilia,
3740 1668 3839 1723 qua

2275 1745 2541 1792 tormenta
2565 1738 2868 1794 minaturus
2896 1740 3107 1806 fuisset,
3139 1741 3592 1813 deprehensoque
3629 1751 3838 1813 postmo-

593 1812 727 1865 riter
747 1815 1070 1887 penitusque
1099 1823 1433 1892 subvertere,
1460 1827 1561 1882 nisi
1585 1831 1776 1885 merito
1820 1836 2164 1892 exsecrabilis

2272 1827 2397 1880 dum
2446 1828 2726 1894 illaturus;
2761 1840 2816 1882 et
2854 1829 3056 1898 liquido
3091 1831 3370 1901 apparebit
3412 1812 3681 1902 quantum
3723 1847 3839 1903 pou—

592 1904 888 1975 impietatis
935 1912 1327 1973 miserabiliter
1369 1924 1627 1978 excticcati
1661 1925 1802 1982 illius
1832 1926 2024 1986 nefarii
2054 1949 2170 1988 sce-

591 1997 722 2055 leris
752 2003 831 2056 vel
883 2003 1190 2064 inventores
1235 2011 1319 2064 vel
1347 2011 1661 2072 defensores
1710 2018 1887 2075 lumen
1946 2025 2170 2080 rationis

591 2105 931 2162 nequaquam
961 2096 1250 2156 admittere
1276 2105 1700 2161 consensissent.
1735 2108 1867 2162 Nam
1909 2113 2029 2182 quis
2074 2131 2171 2168 un-

590 2197 775 2252 quam,
805 2201 1008 2256 quaeso,
1040 2191 1106 2246 de
1135 2195 1696 2254 consubstantialitate
1740 2201 1917 2259 Patris
1947 2217 2001 2260 et
2049 2206 2169 2262 Filii

589 2273 674 2328 vel
723 2291 821 2346 per
853 2281 1088 2348 quietem
1135 2286 1206 2339 sit
1244 2303 1407 2344 ausus
1454 2291 1724 2361 dubitare,
1776 2297 1877 2352 nisi
1905 2300 1992 2368 qui
2024 2300 2169 2355 illam

587 2368 1054 2430 evidentissimam
1109 2376 1203 2432 Dei
1255 2383 1578 2438 sententiam
1624 2388 1788 2442 surda
1841 2393 2172 2459 praeterierit

589 2474 756 2515 aure:
794 2463 907 2534 Ego
942 2476 991 2520 et
1032 2465 1195 2524 Pater
1222 2488 1383 2527 unum
1412 2478 1638 2531 sumus?
1674 2479 1852 2547 (Joan.
1885 2482 1964 2553 x.)
1994 2482 2168 2538 Unum

585 2553 729 2607 enim
760 2555 916 2622 dixit,
943 2566 1146 2614 tantum
1175 2577 1234 2618 se
1262 2565 1506 2634 profecto
1535 2568 1719 2624 volens
1745 2571 1910 2643 279
1942 2575 2167 2648 intelligi

585 2655 822 2713 quantus
853 2647 1016 2705 Pater
1044 2667 1166 2708 esse
1197 2659 1558 2726 cognoscitur.
1592 2659 1818 2719 Scilicet
1847 2647 2166 2736 mysterium

585 2734 927 2805 baptismatis
973 2741 1024 2795 in
1053 2744 1273 2799 nomine
1317 2746 1495 2804 Patris
1535 2759 1590 2804 ct
1625 2767 1724 2808 suo
1756 2769 1820 2809 ac
1850 2734 2018 2812 sancti
2051 2758 2170 2828 Spi-

587 2824 726 2880 ritus
749 2842 853 2881 non
881 2829 1038 2885 aliter
1069 2835 1206 2888 tradi
1225 2835 1479 2905 jussisset
1507 2839 1775 2908 ﬁdelibus,
1804 2844 1906 2899 nisi
1929 2824 2169 2916 teque-ut

585 2914 732 2970 Patri
759 2929 1053 2991 sanctoque
1095 2922 1343 2994 Spiritui,
1399 2928 1498 2983 sibi
1524 2947 1737 3001 quoque
1783 2914 2042 2992 voluisset
2082 2938 2172 2994 de-

585 3007 738 3064 ferri.
766 3011 965 3066 Verum
989 3016 1114 3084 quis
1137 3016 1257 3073 illos
1279 3017 1445 3074 ferret
1466 3037 1570 3076 non
1596 3023 1775 3080 minus
1789 3026 1983 3083 stultos
2005 3044 2167 3098 quam

589 3101 786 3171 impios
808 3105 830 3157 ?
852 3106 1089 3174 Denique
1116 3125 1235 3163 cum
1265 3110 1379 3180 ipse
1411 3113 1576 3168 Filius
1597 3115 1764 3181 dicat,
1793 3115 1860 3172 Ut
1884 3135 2058 3174 omnes
2080 3121 2169 3176 Ito-

2275 1919 2616 1987 dnsjustitim
2648 1920 2805 1973 tribui
2828 1919 3022 1975 debeat
3050 1922 3175 1976 huic
3204 1921 3262 1976 S.
3297 1921 3580 1978 Maximini
3614 1933 3841 1979 constan-

2275 2008 2380 2063 tiae.
2415 2009 2662 2064 Profecto
2713 2010 2903 2065 fiducia
2961 2027 3027 2065 ex
3080 2012 3277 2067 divinis
3329 2015 3563 2083 eloquiis
3605 2024 3840 2084 concepta

2273 2100 2455 2154 docuit
2506 2112 2775 2171 quatenus
2813 2103 2880 2156 sit
2916 2102 3262 2159 smcularibus
3289 2109 3661 2175 potestatibus
3700 2109 3836 2162 obse-

2273 2191 2565 2258 quendum.
2595 2191 2778 2261 Neque
2805 2193 2948 2247 enim
2982 2193 3096 2264 ipse
3126 2195 3266 2250 Deus
3303 2195 3448 2263 justa
3483 2198 3842 2267 praecipientes

2273 2283 2648 2337 contemnendi
2684 2283 2990 2338 hominibus
3011 2295 3100 2339 aut
3131 2301 3457 2356 quemquam
3501 2289 3840 2359 imperatores

2273 2374 2468 2444 injusta
2496 2375 2747 2443 jubentcs
2771 2379 3021 2433 audiendi
3052 2390 3374 2449 potestatem
3402 2383 3560 2439 fecit.
3606 2383 3735 2440 Nam
3755 2385 3837 2440 etsi

2272 2467 2606 2536 prmscripsit
2627 2477 2685 2522 ut
2708 2467 2906 2523 Caesari
2940 2485 3059 2538 quae
3087 2481 3212 2525 sunt
3241 2470 3472 2550 Caesaris
3512 2483 3572 2528 et
3603 2474 3710 2530 Deo
3739 2489 3839 2544 qua:

2271 2567 2396 2612 sunt
2440 2559 2532 2614 Dei
2593 2561 2878 2616 reddamus
2930 2560 3158 2630 (Matth.
3211 2565 3419 2636 xm),
3480 2567 3630 2636 quod
3684 2576 3837 2621 tamen

2273 2646 2325 2702 id
2359 2647 2493 2702 citra
2527 2648 2870 2704 violationem
2906 2665 3127 2705 suorum
3165 2651 3281 2707 fieri
3310 2654 3547 2709 voluerit
3577 2657 3839 2709 mandato-

2273 2756 2392 2795 rum
2422 2741 2712 2810 Apostolus
2741 2743 3060 2807 declaravit,
3093 2745 3180 2814 qui
3209 2747 3452 2802 dicturus
3476 2748 3673 2820 Regem
3695 2751 3837 2803 Itono-

2272 2831 2492 2899 riﬁcate,
2509 2831 2674 2886 Deum
2693 2834 2864 2888 timete
2887 2833 2938 2906 (I
2959 2834 3102 2890 Petr.
3122 2835 3207 2907 tt),
3232 2839 3675 2908 prtemittendum
3702 2855 3837 2894 cura-

2269 2920 2365 2975 vit.
2400 2920 2504 2977 Sed
2533 2939 2565 2978 ο
2597 2924 2764 2978 nostri
2795 2926 3052 2996 temporis
3073 2943 3253 2983 mores
3291 2929 3628 3000 degeneres!
3658 2932 3834 2988 Omnes

2269 3028 2407 3082 pene
2429 3012 2542 3081 jam
2568 3017 2719 3071 nervi
2743 3017 2955 3088 pristini
2988 3021 3196 3076 roboris
3219 3024 3600 3079 conciderunt.
3627 3025 3836 3081 Levibus

2274 3105 2571 3160 terroribus
2611 3104 2781 3162 fracta
2837 3110 3001 3164 cessit
3021 3112 3354 3182 constantia.
3404 3112 3587 3168 Pluris
3628 3115 3832 3185 pecunia

591 3169 860 3263 "oriﬁcent
902 3169 1104 3251 Filium
1152 3169 1300 3254 sicut.
1330 3202 1677 3273 honoriﬁcam
1710 3169 1923 3262 Patrem
1981 3209 2162 3280 (Joan.
2194 3169 2238 3232 Ο
2271 3207 2430 3262 (ιιιθηι
2469 3194 2700 3264 Ῑυδίίῑῖδν
2748 3198 3066 3255 πειίῐηθίυτο
3100 3201 3233 3269 Quis
3274 3201 3387 3272 iam
3430 3203 3834 3274 ίπιρθτειιοτίδυε

589 3281 666 3353 v),
719 3282 774 3337 in
830 3292 1034 3340 tantam
1067 3286 1456 3357 imperitissimi
1505 3293 1750 3350 homines
1804 3307 2168 3368 proruperant

589 3374 870 3430 audaciam
899 3386 960 3432 ut
1011 3379 1271 3434 minorem
1315 3381 1476 3439 Patre
1501 3384 1696 3440 Filium
1733 3401 1852 3442 esse
1879 3391 2169 3445 contende-

588 3471 728 3516 rent.
753 3464 816 3518 Hi
846 3464 1050 3522 callidis
1073 3480 1512 3538 argumentorum
1542 3477 1866 3532 commentis
1895 3494 1989 3533 sua
2019 3479 2160 3535 nite-

582 3551 781 3607 bantur
819 3563 1079 3611 astruere.
1143 3558 1342 3615 Contra
1402 3578 1499 3632 pcr
1553 3563 1945 3633 Athanasium,
2004 3579 2165 3641 atque

588 3639 935 3698 Maximinum
964 3655 1297 3719 cmterosque
1321 3661 1748 3721 propugnatores
1771 3671 1834 3710 ac
1858 3657 2022 3712 duces
2047 3639 2160 3712 cla-

586 3731 830 3790 rissimos
855 3737 1159 3806 apostolicae
1200 3739 1457 3797 doctrina:
1487 3757 1702 3814 semper
1748 3747 2044 3817 superabat
2069 3765 2165 3803 au-

581 3823 827 3878 ctoritas.
875 3823 1168 3883 Laboriose
1191 3829 1530 3886 mendacium
1560 3834 1845 3903 exquisitis
1867 3837 2163 3892 ornabatur

582 3915 885 3971 sententiis.
929 3916 1036 3972 Per
1073 3934 1132 3974 se
1155 3921 1288 3976 satis
1306 3921 1522 3985 decora,
1552 3925 1777 3991 simplex
1809 3928 2008 3984 veritas
2030 3929 2164 3984 emi-

582 4006 763 4060 nebat.
795 4007 1076 4064 Postremo
1120 4020 1360 4082 potestas
1401 4015 1632 4070 humana
1662 4017 1970 4074 fortissimis
1997 4021 2164 4076 bella-

581 4095 788 4150 toribus
836 4101 1197 4158 turbulentum
1231 4106 1522 4175 minaxque
1571 4107 1768 4162 bellum
1811 4109 2157 4168 conflaverat.

587 4183 776 4240 Divina
821 4189 1075 4258 majestas
1117 4195 1376 4262 animum,
1414 4197 1578 4258 vires,
1623 4213 1797 4263 arma,
1844 4201 2040 4270 quibus
2086 4202 2162 4257 illi

582 4275 880 4342 vixcercnt,
916 4282 1268 4339 ministrabat.

1201 4397 1427 4455 CAPUT
1465 4399 1554 4454 IV.

651 4475 727 4530 Ex
758 4479 843 4535 bis
891 4496 1012 4551 quae
1043 4486 1395 4554 praemisimus
1435 4489 1578 4545 beati
1611 4489 1925 4563 Hieronymi
1956 4494 2156 4562 verbis,
2184 4503 2236 4562 Ι)

577 4567 682 4622 etsi
708 4584 879 4638 pauca
907 4573 1033 4640 sint,
1069 4584 1246 4632 tamen
1273 4579 1404 4633 satis
1435 4579 1710 4637 Maximini
1759 4586 2020 4640 sanctitas
2060 4600 2156 4657 po-

650 4711 676 4740 α
713 4701 874 4756 Haud
915 4707 1133 4760 dubium
1167 4709 1293 4779 quin
1341 4709 1654 4769 Maximino.
1680 4714 1986 4774 Familiaris
2007 4719 2158 4792 Lupo

580 4768 831 4821 lmmendi
869 4777 1078 4821 mmlne
1111 4789 1167 4821 III,
1191 4779 1426 4821 alivimnc
1450 4782 1513 4821 ad
1545 4800 1648 4821 nan
1698 4786 1804 4821 002

602 4774 831 4838 oquemli
869 4777 1081 4840 modus,
1111 4774 1426 4834 ut'diximus
1449 4782 1513 4834 ad
1545 4800 1666 4854 pag.
1698 4786 1822 4841 225.
2065 4774 2104 4792 γ’
2134 4774 2150 4777 ⁷

714 4840 988 4925 μαιεὸινιιηι
1029 4859 1322 4927 praetore;
1350 4850 1444 4905 llic
1471 4851 1680 4927 Lupum
1720 4860 2067 4927 reprehendit
2093 4862 2156 4916 il-

580 4909 937 4994 lustrissiqius
967 4909 1258 4994 cardinalis
1285 4909 1719 4994 Baronius'quod
1758 4909 2158 4987 Exaudiant

584 4987 710 5072 tunc
739 4983 805 5036 ad
837 4985 1090 5072 reviros
1122 4993 1434 5072 accessisse
1475 4983 1832 5072 Athanasium
1869 5015 1990 5053 cum
2030 4983 2152 5072 fuga

583 5049 765 5138 lapsus
792 5070 820 5106 a
852 5054 1170 5138 Constantio
1202 5060 1329 5132 imp.
1361 5061 1697 5138 Constantini
1737 5049 1847 5138 ﬁlio

584 5126 670 5199 tur
698 5122 762 5172 ad
789 5137 998 5193 pmnas.
1025 5127 1243 5195 Jurenc,
1275 5122 1340 5186 an
1375 5133 1591 5199 injuria,
1623 5151 1743 5189 eum
1772 5122 2156 5196 Barcinius—re-

582 5187 826 5275 darguat,
882 5212 986 5250 non
1039 5209 1122 5275 est
1161 5187 1263 5275 mei
1312 5187 1980 5275 simi-lium,pronuntiare.
2023 5211 2154 5266 Illud

585 5268 794 5346 tantum
845 5270 1182 5346 monuerim,
1235 5273 1410 5328 locum
1458 5268 1766 5346 Hieronymi
1827 5280 1986 5346 paulo
2031 5290 2156 5335 ante

583 5329 846 5416 prolatum
872 5336 1038 5416 vit-lori
1073 5329 1250 5416 facere
1281 5360 1377 5416 pro
1406 5329 1678 5400 sententia;
1702 5329 2152 5416 anift’jiéteiiiiiﬁ

586 5398 820 5483 Hilarius
854 5405 1085 5483 validum
1117 5413 1239 5466 hinc
1269 5398 1430 5469 t'clum
1481 5398 1741 5471 adversus
1777 5398 1958 5474 hostes
1983 5421 2152 5474 Atha-

583 5477 718 5552 nasii
782 5477 950 5552 sumit
1005 5483 1147 5548 qttod
1192 5483 1240 5537 ei
1294 5487 1597 5539 comnmnio
1654 5489 1856 5541 reddita
1915 5491 2074 5544 fuerit
2123 5505 2152 5544 a

579 5539 888 5626 Maximino,
924 5539 1128 5626 _utpo_tc
1162 5555 1276 5623 qui,
1317 5565 1512 5624 [ιι-αξιοι·
1551 5539 1797 5626 proprias
1824 5539 2068 5624 virtute-sv,
2099 5561 2151 5615 in

579 5613 1026 5698 excellentissima
1056 5613 1400 5698 Trevirorum
1415 5613 1564 5698 urbe
1583 5613 1867 5698 cpiscopus
1893 5613 2025 5684 erat.
2056 5613 2152 5686 Sic

575 5689 824 5771 Fllllllfti}
859 5689 911 5742 in
960 5691 1314 5771 fragmentis:
1353 5713 1370 5743 ι
1409 5695 1512 5771 sed
1555 5689 1826 5771 ignorasse
1851 5715 1956 5771 vos
1987 5717 2153 5771 nega-

571 5751 696 5808 bitis
726 5751 1211 5831 Atltaziasiofcujus
1239 5751 1642 5822 dautnationent
1677 5787 1703 5821 a
1738 5751 1891 5824 vobis
1922 5751 2143 5838 Valerus,

2270 3283 2572 3340 divinorum
2601 3297 2989 3359 praeceptorum
3034 3306 3281 3348 reserare
3323 3293 3622 3350 salutarem
3656 3295 3832 3351 severi-

2271 3383 2432 3430 tatem
2466 3392 2569 3431 non
2615 3378 2961 3434 reformidet?
2995 3382 3128 3449 Quis
3175 3379 3256 3438 eis
3301 3399 3398 3438 sua
3446 3386 3691 3453 pericula
3736 3385 3833 3440 zelo

2267 3464 2434 3519 divini
2461 3467 2672 3522 timoris
2699 3484 2960 3524 accensus
2987 3471 3189 3541 absque
3216 3470 3341 3526 fuco
3370 3472 3700 3529 adulationis
3727 3488 3830 3544 ape-

2269 3554 2407 3610 riat?
2435 3556 2546 3627 Ego
2576 3557 2733 3628 plane
2764 3575 2869 3614 non
2910 3577 3028 3615 sum
3074 3561 3286 3626 dubius,
3315 3572 3407 3618 aut
3430 3566 3726 3627 neminem,
3756 3574 3832 3618 aut

2269 3662 2453 3700 rarum
2509 3663 2650 3703 nunc
2701 3664 2842 3716 esse,
2877 3651 2968 3720 qui
3019 3651 3064 3707 si
3117 3652 3431 3722 quemlibet,
3489 3664 3550 3709 ut
3584 3655 3831 3725 quondam

2268 3755 2496 3810 magnus
2538 3741 2665 3796 fecit
2707 3743 3055 3808 Athanasius,
3101 3743 3315 3814 iniquos
3341 3754 3521 3801 motus
3569 3748 3833 3816 imperato-

2267 3846 2386 3884 rum
2426 3830 2547 3902 fnga
2581 3832 2936 3888 declinantem
2987 3835 3216 3899 videret,
3271 3835 3340 3896 ei,
3395 3844 3453 3890 ut
3499 3835 3826 3897 Maximinus,

2267 3922 2533 3991 gremium
2565 3923 2870 3988 charitatis,
2899 3923 3008 3978 Deo
3037 3925 3188 3990 fisus,
3214 3926 3483 3994 aperiret;
3522 3928 3636 3983 imo
3658 3929 3685 3968 ι’
3717 3927 3830 3980 latc-

2265 4012 2418 4066 bram
2442 4025 2699 4082 praestare
2724 4014 2810 4069 vel
2839 4016 3232 4071 remotissimus
3269 4017 3496 4087 quisque
3543 4019 3827 4089 refugeret;

2266 4119 2356 4169 ne,
2387 4105 2513 4160 dum
2566 4106 2728 4160 alium
2777 4117 2960 4179 tegere
3004 4109 3308 4173 moliretur,
3357 4113 3712 4183 semetipsum
3760 4110 3826 4163 la-

2265 4198 2418 4264 queis
2441 4198 2766 4254 calamitatis
2797 4211 3112 4271 exponeret.
3156 4203 3227 4256 At
3270 4202 3601 4261 Maximinus
3632 4206 3680 4259 in
3706 4205 3829 4260 cele-

2265 4275 2498 4343 berrima
2526 4290 2687 4360 281
2728 4289 3024 4361 eademque
3069 4300 3194 4346 tunc
3231 4303 3252 4332 ο
3285 4293 3429 4363 regia
3471 4294 3693 4349 civitate
3735 4294 3826 4347 for-

2265 4380 2534 4434 tissimum
2561 4383 2834 4451 excipiens
2882 4381 3279 4450 Confessorem,
3309 4386 3434 4441 dum
3465 4385 3584 4454 ejus
3621 4389 3826 4457 ingenue

2263 4473 2682 4529 communicavit
2747 4473 3006 4543 periculo,
3076 4477 3420 4547 participium
3465 4479 3574 4533 sibi
3641 4479 3824 4548 peperit

2264 4564 2444 4636 gloriae
2470 4565 2813 4636 sempiternae

2263 4727 2910 4814 pqsacius,_.Satttrnintts
2954 4732 3194 4814 exigunt,
3234 4733 3307 4814 ab
3343 4733 3496 4814 Qsio,
3522 4736 3815 4814 Maximino.

2261 4798 2401 4874 iulio
2426 4799 2690 4874 redditam
2721 4798 3174 4874 communionem.
3213 4824 3230 4855 ι
3267 4805 3308 4858 E
3337 4807 3555 4861 diverso
3578 4804 3818 4874 Sulpitius

2263 4869 2645 4945 Severushjnc
2676 4887 2889 4945 quoque
2937 4873 3330 4945 Priscillianum
3381 4875 3606 4945 ejusque
3663 4869 3817 4945 socios

2262 4939 2498 5010 in,cnlpa
2544 4939 2712 5015 fuisse
2751 4939 2832 5015 ait
2867 4945 3010 5015 quod
3044 4943 3330 5015 Damasum
3380 4939 3686 5015 episcopum
3727 4944 3817 4996 Ro—

2259 5025 2478 5063 manum
2508 5019 2562 5064 et
2588 5011 2928 5066 Ambrosium
2959 5011 3427 5075 Mediolanensem,
3466 5034 3483 5066 ι
3525 5011 3748 5075 quorum
3763 5027 3813 5064 ea

2261 5089 2581 5150 tempestate
2606 5097 2814 5136 summa
2840 5083 3135 5139 auctoritas
3149 5093 3286 5150 crat,
3321 5104 3338 5135 ι
3368 5085 3468 5140 sibi
3491 5083 3815 5140 adversantes

2260 5149 2570 5205 habuerint.

2332 5230 2353 5257 ο
2391 5219 2552 5294 Regio
2592 5221 2817 5274 civitate.
2854 5220 2910 5294 _|d
2936 5230 3020 5294 est
3067 5222 3397 5294 Trevirensi,
3446 5223 3598 5294 cujus
3635 5235 3809 5294 magna

2261 5298 2373 5363 tum
2405 5290 2637 5363 dignitas
2666 5299 2780 5363 erat
2817 5291 2886 5345 ob
2923 5293 3125 5363 sedem
3149 5292 3388 5362 praafccti
3421 5289 3671 5363 praetorio
3696 5289 3811 5363 Gal-

2262 5359 2455 5442 liaru'm
2489 5358 2595 5414 illic
2622 5375 2652 5412 a
2682 5359 3038 5415 Constantino
3081 5358 3273 5442 Magno
3314 5358 3691 5442 constitutam.
3721 5360 3810 5440 Ita:

2262 5445 2367 5498 quc
2395 5429 2574 5510 Lupus
2605 5445 2708 5483 non
2751 5439 2857 5510 tam
2904 5429 3245 5510 respexitjnl
3299 5429 3809 5510 mtatem_Maximini

2261 5515 2421 5570 quam
2449 5501 2513 5553 ad
2543 5501 2820 5570 sequentia
2855 5508 3121 5568 tempora.
3149 5502 3424 5557 Treverim
3454 5504 3596 5558 enim
3629 5501 3808 5570 regiam

2259 5569 2531 5640 civitatem
2562 5580 2747 5639 postea
2792 5571 2919 5624 fecit
2959 5570 3219 5625 Maximus
3250 5572 3542 5640 imperator
3569 5569 3704 5627 circa
3729 5583 3808 5620 an-

2258 5655 2384 5712 num
2435 5633 2668 5712 585,:ut
2724 5641 2911 5696 scribit
2942 5640 3237 5712 Gregorius
3281 5633 3610 5698 Titioncnsis
3655 5641 3739 5694 lib.
3775 5652 3806 5698 ι.

2259 5707 2416 5774 Hist,
2443 5726 2562 5782 cap.
2589 5710 2676 5765 58.
