4034 6298
596 264 700 321 (ἰτὸ

1632 261 1692 314 u.
1737 259 1794 314 s.
1835 258 1991 315 we:
2028 257 2314 313 ABBATIS
2356 224 2865 315 rennAnIENSIs

3747 270 3828 325 ωε

599 375 743 429 illius
775 371 1097 444 exuptabilis
1123 370 1249 437 loci,
1278 384 1437 439 quem
1470 369 1582 439 ipse
1611 384 1734 423 Cllln
1774 368 1937 423 sociis
1963 365 2176 437 penitus
2207 372 2248 428 Α
2281 367 2606 439 paralyticus
2633 368 2852 438 quidam
2890 369 3049 428 beato
3075 369 3364 429 Maximino
3393 375 3666 430 sanandus
3690 376 3825 433 offer-

600 464 896 533 iguoraret,
924 460 1141 530 aliquod
1171 466 1508 514 mererentur
1535 457 1811 512 indicium.
1852 457 1951 511 Vix
1978 455 2178 511 oratio-

601 555 685 608 uis
715 554 876 608 verba
910 552 1140 616 finierat,
1166 566 1285 604 cum
1310 565 1443 620 puer
1468 564 1681 620 gregem
1717 548 1897 603 ovium
1925 562 2176 617 sequens,

602 645 819 699 nomine
848 643 988 698 beati
1036 640 1306 695 Maximini
1337 653 1363 679 ι
1385 639 1620 708 jurative
1667 646 1963 708 assumpto,
1995 654 2176 704 ovem,

604 735 648 789 si
671 750 775 803 quo
798 734 909 803 ipse
941 730 1124 795 nollet,
1153 730 1459 794 accederet,
1487 730 1591 783 ictu
1622 728 1980 798 repellendam
2008 728 2181 782 mina-

606 834 690 879 tus
712 834 812 878 est.
849 821 945 877 llic
972 822 1152 876 senior
1176 819 1531 890 stupefactus,
1559 819 1803 884 ubinam,
1829 834 1987 889 quem
2012 818 2182 872 nomi-

502 918 509 927 ’
607 921 809 976 nasset,
839 912 1157 967 Maximinus
1183 911 1567 982 requiesceret,
1608 917 1975 980 percontatur.
2004 909 2181 979 Atque

566 1010 571 1015 ‘
603 1020 735 1073 puer
766 1003 999 1057 vicissim
1028 1004 1274 1072 quisnam
1304 1012 1449 1058 esset
1477 1002 1567 1074 qui
1600 1011 1707 1058 tam
1756 1001 1887 1057 clari
1930 1001 2029 1055 viri
2070 1016 2182 1055 mc-

604 1096 828 1149 moriam
877 1095 1108 1150 nesciret
1155 1096 1469 1150 admirando
1513 1095 1848 1164 perquirens,
1895 1103 2179 1163 postquam

604 1188 821 1242 rescivit
850 1186 1064 1241 aliunde
1090 1186 1463 1253 adventantes,
1492 1202 1587 1241 eos
1609 1186 1674 1240 ad
1713 1185 1886 1239 locum
1915 1186 2184 1240 desidera-

604 1286 715 1332 tqu
742 1294 922 1349 usquq
940 1263 1207 1348 perduxit.
1238 1277 1313 1331 lta
1340 1278 1414 1332 illi
1438 1278 1716 1332 laudantes
1748 1277 1910 1332 Deum
1941 1280 2186 1331 beatum-

603 1390 708 1444 que
735 1364 1103 1435 Maximinum,
1132 1371 1293 1427 etiam
1315 1372 1555 1444 angelica
1580 1371 1908 1426 revelatione
1927 1370 2185 1426 certiores

603 1465 776 1520 effecti
810 1476 954 1529 sunt,
999 1463 1106 1519 illic
1142 1463 1230 1518 ubi
1274 1471 1629 1519 monstratum
1675 1461 1873 1526 fuerat,
1911 1461 2187 1516 invenien-

602 1557 732 1613 dum
758 1555 900 1625 quod
924 1563 1247 1625 quaererent.
1270 1554 1471 1610 Verum
1499 1562 1682 1607 custos
1716 1550 1979 1616 ecclesiae,
2009 1550 2153 1620 suspi
2173 1580 2186 1590 -

604 1658 760 1705 catus
784 1648 835 1704 id
872 1648 1014 1719 quod
1044 1647 1246 1711 evenit,
1272 1656 1333 1700 ut
1372 1646 1562 1701 eadem
1602 1644 1830 1701 ecclesia
1861 1643 2189 1698 excederent

2284 466 2387 511 tur.
2431 457 2544 511 Nec
2587 459 2740 512 irrita
2779 467 2901 514 vota
2945 458 3095 515 fuere
3146 460 3399 516 fidelium.
3458 462 3698 533 Namque
3735 467 3829 523 sine

2280 549 2537 605 dilatione
2578 559 2777 620 optata:
2824 552 3067 606 redditus
3133 553 3349 623 sanitati
3400 555 3828 625 speciosissimum

2281 641 2647 708 spectaculum
2704 642 3039 699 intuentibus
3088 645 3336 714 prmbuit.
3396 645 3582 717 thue
3633 652 3827 720 gratiam

2282 731 2484 788 referre
2517 733 2829 807 viderentur
2875 735 2993 805 ejus
3028 735 3133 791 loci
3180 737 3544 804 habitatores,
3582 742 3827 799 ecclesiam

2283 822 2392 878 Deo
2423 822 2522 879 sub
2548 824 2757 880 honore
2786 825 2927 881 beati
2959 826 3259 892 Maximini,
3287 828 3374 883 ubi
3410 830 3535 899 ejus
3564 846 3725 886 sacrze
3765 848 3830 889 re-

2283 913 2461 984 liquis:
2487 915 2704 972 fuerant
2728 919 2937 988 positae,
2960 919 3337 977 condiderunt.
3363 921 3628 994 Evogium
3645 935 3830 982 vocatur

2283 1007 2585 1071 castellum,
2618 1008 2685 1063 ad
2721 1009 2977 1065 ditionem
3020 1008 3135 1078 jam
3178 1012 3458 1081 pertinens
3488 1014 3827 1069 Treverorum.

2283 1092 2396 1150 Hoc
2426 1097 2684 1169 ingressis
2722 1100 3105 1169 exsequiarum
3134 1100 3348 1171 bajulis,
3378 1102 3630 1171 quaedam
3668 1102 3828 1160 femina

2284 1186 2516 1257 maligno
2548 1187 2741 1257 spiritu
2771 1188 2992 1244 obsessa
3021 1192 3300 1259 quazrebat
3325 1192 3459 1262 quid
3500 1192 3576 1245 ita
3604 1191 3830 1249 Trevero-

2285 1292 2403 1330 rum
2426 1276 2656 1347 populus
2701 1277 2917 1332 beatum
2949 1278 3073 1334 illuc
3116 1278 3469 1335 Maximinum
3513 1282 3828 1350 deportasset,

2285 1381 2406 1421 cum
2436 1367 2485 1423 ei
2514 1377 2735 1438 possent
2757 1367 2998 1423 sufficere
3025 1364 3201 1433 sancti
3232 1370 3326 1425 Dei
3360 1371 3684 1437 Eueharius,
3710 1371 3832 1430 Vale-

2287 1456 2420 1523 rius,
2446 1467 2501 1513 et
2521 1457 2815 1523 Maternus,
2842 1474 3048 1515 necnon
3072 1460 3330 1533 Agritius,
3355 1476 3499 1535 quos
3521 1462 3770 1521 daemones
3789 1472 3831 1519 ut

2286 1548 2549 1604 violentos
2574 1549 2738 1622 285
2762 1561 3076 1622 paterentur
3107 1561 3360 1608 tortores.
3396 1551 3509 1608 Nec
3539 1554 3626 1610 diu
3662 1558 3832 1610 teterri-

2290 1661 2409 1701 mus
2438 1644 2606 1701 hostis
2634 1647 2845 1702 misera:
2872 1646 3186 1705 infelicitate
3212 1650 3430 1706 ltetatus
3459 1657 3567 1705 est.
3594 1649 3829 1718 Siquidem

604 1742 696 1811 qui
726 1741 1073 1803 advenerant,
1101 1747 1158 1792 et
1181 1746 1432 1793 eventum
1467 1735 1547 1791 rei
1589 1734 1921 1797 celaverant,
1952 1732 2188 1803 impera-
2218 1714 2263 1775 Β
2288 1735 2414 1805 'post
2440 1736 2749 1805 praemissas
2777 1752 2959 1801 voces,
2991 1740 3202 1813 meritis
3233 1740 3375 1795 beati
3405 1714 3688 1795 Maximini
3715 1739 3832 1795 exire

605 1832 704 1886 vit.
740 1830 861 1886 Mox
911 1829 1196 1887 celerrima
1228 1826 1371 1881 fama
1421 1841 1534 1881 rem
1584 1825 1898 1894 dissipante,
1934 1823 2188 1879 immanis

608 1921 839 1974 excitata
887 1933 1078 1972 manus
1125 1916 1512 1986 Aquitanorum
1558 1914 1823 1970 Treveros
1869 1912 2192 1970 moliebatur

608 2010 726 2066 loco
756 2024 973 2073 arcere;
1016 2006 1388 2078 potuissetque
1428 2006 1691 2060 committi
1719 2005 1747 2045 δ
1780 2003 1990 2061 facinus
2016 2004 2189 2075 pessi-

609 2116 774 2161 mum,
808 2099 863 2152 ni
891 2097 1111 2152 Treveri
1140 2094 1565 2151 Christianitatis
1595 2095 1990 2150 fraternitatem
2018 2110 2189 2166 oppo-

608 2202 802 2247 nentes
828 2190 1015 2245 orandi
1064 2195 1271 2243 tantum
1296 2186 1476 2243 studio
1516 2201 1575 2242 se
1617 2187 1938 2242 convenisse
1971 2186 2189 2241 firmas-

610 2293 753 2341 sent.
786 2280 1043 2353 Aquitani
1073 2278 1343 2335 Treveros
1370 2279 1454 2335 sui
1483 2279 1675 2335 timore
1717 2278 1996 2348 perculsos
2043 2277 2188 2332 arbi—

613 2376 842 2437 trantes,
882 2372 1010 2427 hinc
1059 2369 1273 2425 remissi
1324 2368 1532 2433 lzetitia,
1588 2367 1716 2422 vino
1758 2367 2066 2436 indulgent;
2113 2374 2191 2432 et,

610 2466 758 2537 quod
785 2472 905 2519 erat
931 2475 1291 2531 consequens,
1316 2473 1507 2515 somno
1540 2457 1777 2530 graviori
1828 2457 2170 2513 resolvuntur

1202 2568 1431 2626 CAPUT
1467 2568 1597 2625 Vill.

686 2664 895 2720 Interea
944 2664 1107 2737 beato
1148 2660 1433 2727 Lubentio,
1477 2658 1632 2729 cujus
1677 2658 1883 2716 mentio
1925 2656 2068 2714 facta
2112 2664 2197 2713 est

611 2755 893 2825 superius,
933 2754 1165 2824 imperat
1208 2750 1429 2820 angelus
1473 2757 1536 2804 ut
1584 2748 1791 2804 clavem
1844 2746 2089 2803 ecclesiae
2127 2746 2195 2802 ad

609 2852 774 2916 caput
797 2844 1036 2899 custodis
1059 2841 1308 2912 accipiat,
1334 2850 1389 2895 et
1418 2840 1620 2909 absque
1648 2839 1876 2909 strepitu
1909 2837 2197 2893 ecclesiam

608 2939 983 3007 introgressus
1041 2942 1353 3004 exoptatum
1419 2932 1730 2985 thesaurum
1794 2937 2053 2997 asportet.
2104 2927 2197 2982 Ille

2292 1827 2624 1897 compulsus,
2654 1828 2872 1887 ludibrii
2903 1830 2986 1885 sui
3028 1839 3297 1902 potestate
3323 1832 3576 1902 privatus
3620 1840 3713 1886 est.
3737 1829 3833 1885 inde

2290 1918 2357 1973 ad
2398 1919 2678 1974 castellum
2715 1921 2856 1990 quod
2900 1920 3135 1977 Ardonis
3179 1910 3379 1977 dicitur
3426 1922 3609 1978 sancti
3650 1920 3833 1993 perlatis

2291 2007 2559 2078 reliquiis,
2590 2009 2697 2065 duo
2720 2012 3043 2067 accedentes
3086 2012 3303 2082 leprosi,
3344 2012 3458 2083 jam
3492 2021 3741 2083 quantum
3764 2028 3834 2065 va-

2290 2099 2428 2155 leret
2448 2099 2773 2156 Maximinus
2799 2100 2939 2157 felici
2971 2101 3115 2157 fama
3138 2103 3339 2168 edocti,
3366 2103 3488 2171 ejus
3522 2102 3836 2172 imploravere

2291 2192 2510 2248 credula
2544 2201 2723 2248 mente
2750 2191 3085 2265 suffragium.
3118 2193 3228 2249 Nec
3258 2208 3381 2264 spes
3407 2196 3638 2249 eosSua
3667 2191 3836 2247 fefellit.

2291 2283 2535 2354 Denique
2573 2298 2695 2338 mox
2737 2284 2975 2337 divinam
3021 2284 3229 2354 experti
3287 2284 3650 2348 medicinam,
3693 2281 3836 2351 adepti

2291 2384 2418 2432 sunt
2441 2376 2706 2447 integram
2743 2376 3079 2447 sospitatem.

2927 2494 3157 2553 CAPUT
3205 2496 3275 2553 Χ.

2368 2586 2473 2642 Τοῑ
2518 2602 2583 2641 ac
2614 2586 2778 2643 tantis
2823 2586 3021 2642 divinis
3048 2587 3333 2643 celebratis
3358 2586 3656 2653 miraculis,
3686 2584 3837 2640 Trevi-

2297 2691 2482 2732 rorum
2548 2676 2819 2745 quondam
2854 2675 3094 2746 pontifex
3139 2674 3484 2742 Maximinus,
3536 2686 3660 2733 tunc
3692 2684 3834 2730 autem

2298 2769 2437 2839 apud
2491 2767 2658 2823 Deum
2700 2768 3036 2823 certissimus
3084 2768 3196 2839 jam
3251 2775 3533 2839 patronus,
3571 2768 3685 2824 urbi
3709 2779 3837 2837 quam

2298 2859 2424 2913 olim
2460 2868 2672 2914 rexerat
2701 2860 3116 2930 propinquabat.
3153 2857 3272 2916 lam
3322 2875 3454 2916 vero
3490 2861 3578 2915 vix
3625 2856 3839 2914 credibile

2301 2949 2482 3014 fuerit,
2533 2960 2733 3020 quanta
2767 2960 2894 3005 tunc
2921 2950 2987 3004 ad
3035 2964 3156 3004 eum
3208 2950 3500 3007 multitudo
3543 2947 3837 3006 confluxerit.

574 3058 579 3073 .
618 3039 802 3083 cetetu
819 3029 1046 3130 aliorum
1065 3024 1501 3096 presbyterorum
1519 3018 2194 3124 ailjuncto,2§ﬁ.summa
2224 3067 2270 3130 Ο
2301 3039 2526 3096 Obviam
2552 3018 2779 3110 'pmsuli
2836 3048 2946 3095 ιοω
2992 3055 3050 3095 se
3079 3039 3271 3096 civitas
3308 3037 3519 3106 effudit,
3558 3039 3837 3095 “micorum

617 3138 739 3176 cum
770 3119 1147 3192 properatione
1169 3126 1356 3188 paret;
1390 3131 1453 3170 ac
1479 3128 1737 3185 prospero
1760 3113 2052 3168 comitante
2079 3126 2199 3166 suc-

617 3228 797 3276 cessu,
831 3211 999 3265 clavis
1043 3210 1182 3262 unde
1212 3214 1423 3278 sumpta
1474 3204 1651 3259 fuerat
1695 3203 1803 3258 cito
1849 3201 2101 3266 refertur,
2145 3208 2200 3255 et

618 3305 851 3361 catervis
894 3300 1333 3371 exspectantibus
1380 3300 1523 3369 quod
1586 3304 1868 3365 tantopere
1913 3293 2202 3364 cupiebant

618 3394 870 3449 infertur.
923 3390 1176 3447 Treveris
1228 3389 1432 3443 abitum
1479 3384 1898 3447 maturantibus,
1944 3379 2199 3453 Aquitani

618 3485 794 3557 primo
821 3498 918 3540 eos
943 3490 1089 3538 metu
1121 3479 1436 3535 discessisse
1466 3476 1739 3531 dictitant.
1771 3474 1842 3528 At
1870 3472 1960 3527 ubi
2003 3472 2077 3527 rei
2106 3484 2199 3525 ve-

614 3580 836 3641 ritatem
859 3574 1217 3645 comperiunt,
1248 3586 1443 3642 magno
1472 3577 1659 3626 coacto
1679 3567 1918 3623 exercitu
1942 3565 2200 3622 receden-

621 3675 704 3723 tes
734 3664 913 3721 triduo
944 3664 1322 3732 insequuntur.
1353 3659 1596 3728 Cumque
1620 3658 1760 3713 intra
1788 3665 2034 3713 mutuum
2074 3671 2204 3711 con-

618 3768 863 3829 spectum
937 3764 1165 3823 uterque
1229 3752 1458 3823 populus
1525 3748 1893 3815 constitisset,
1946 3748 2203 3818 Aquitani

620 3850 831 3905 crebris
854 3844 1321 3904 coruscationibns
1358 3843 1716 3913 touitruisque
1741 3851 1903 3913 atque
1936 3839 2203 3910 frequenti

620 3940 912 3995 emissione
939 3937 1243 4002 fulminum,
1268 3950 1500 4007 quorum
1534 3934 1668 3989 nihil
1696 3932 1954 3990 Treviros
1992 3932 2203 3989 contin'

623 4027 806 4099 gebat,
851 4027 1072 4097 repulsi,
1104 4041 1212 4082 non
1240 4027 1357 4082 sine
1386 4027 1583 4081 rubore
1609 4016 1689 4079 'ad
1729 4026 1944 4096 prepria
1974 4025 2200 4081 rediere.

626 4119 880 4176 Treveris
912 4128 1146 4190 emptum
1185 4119 1289 4174 iter
1328 4118 1697 4188 carpentibus,
1752 4133 1939 4172 caseus
1984 4117 2204 4185 quidam

616 4196 725 4285 spe
750 4211 1101 4283 recuperandi
1137 4210 1281 4265 visus
1321 4208 1514 4264 deduci
1546 4222 1605 4264 se
1633 4206 1913 4279 ﬂagitabat
1954 4207 2021 4262 ad
2067 4205 2208 4265 fere-

629 4316 770 4362 trum
803 4319 818 4358 :
848 4302 1002 4373 cujus
1037 4312 1096 4359 ut
1124 4318 1246 4357 eum
1279 4303 1468 4356 umbra
1525 4301 1718 4372 tetigit.
1762 4315 1884 4355 mox
1925 4299 2097 4370 caligo
2126 4300 2207 4355 in-

2302 3145 2364 3184 cx
2396 3131 2540 3202 agris
2580 3130 2833 3200 frequens
2861 3130 3018 3185 turba
3052 3131 3324 3197 convenit,
3363 3129 3518 3186 multi
3568 3142 3761 3202 quoque
3788 3141 3837 3179 ex

2301 3222 2493 3278 vicinis
2529 3222 2751 3281 urbibus
2795 3232 3212 3279 concurrerunt.
3260 3222 3611 3294 Compulerat
3635 3223 3734 3277 hac
3764 3234 3836 3289 ag-

2302 3313 2450 3367 mina
2504 3304 2558 3367 iu
2605 3326 2769 3368 unum
2810 3316 3085 3370 veneratio
3134 3315 3434 3381 Maximini,
3475 3330 3595 3386 qua:
3633 3311 3839 3368 Paulinus

2304 3405 2469 3458 totius
2493 3404 2718 3476 signifer
2750 3404 2969 3475 pietatis
3015 3421 3110 3460 sua
3148 3406 3383 3478 gloriosa
3410 3406 3696 3463 decorabat
3727 3415 3835 3473 prc-

2304 3494 2497 3550 sentia.
2527 3494 2920 3550 Cremabantur
2945 3495 3294 3569 tbymiamata
3323 3496 3547 3568 pretiosi
3571 3494 3754 3556 odoris,
3776 3503 3838 3545 οε·

2306 3600 2519 3640 reorum
2555 3585 2710 3656 copia
2752 3585 3164 3656 resplendebat;
3200 3587 3471 3643 distincta:
3501 3599 3755 3642 sacrorum
3772 3594 3839 3635 or-
3905 3600 3915 3611 ~

2307 3678 2490 3733 diuum
2518 3678 2683 3743 acies,
2715 3677 2906 3734 festiva
2949 3678 3156 3734 cantica
3190 3679 3575 3749 personabant.
3618 3677 3687 3732 Ita
3715 3686 3838 3729 exce-

2306 3780 2458 3839 ptum
2500 3770 2895 3839 deductumque
2928 3771 3357 3826 sacratissimum
3406 3769 3740 3826 Maximinum
3775 3764 3839 3818 in-

2308 3859 2478 3930 signis
2505 3859 2781 3916 confessor
2814 3860 3072 3917 Paulinus
3102 3863 3154 3916 in
3182 3861 3415 3919 ecclesia
3463 3858 3738 3917 beatissimi
3766 3853 3838 3911 Jo-

2309 3952 2465 4006 annis
2485 3942 2826 4023 evangelista:
2854 3952 3156 4024 magnificte
3182 3952 3474 4022 sepultura:
3499 3950 3721 4007 tradidit.
3746 3946 3836 4002 Huc

2310 4052 2496 4113 postea
2532 4058 2706 4099 caecus
2734 4044 2951 4114 quidam
2975 4061 3005 4098 a
3035 4045 3356 4110 natavitate,
3386 4060 3452 4101 ex
3484 4043 3737 4101 territorio
3765 4039 3840 4093 ile-

2310 4143 2615 4190 neventano
2660 4134 2941 4199 deductus,
2973 4135 3169 4190 Creton
3209 4135 3496 4201 vocabulo,
3539 4132 3838 4190 monitumse

2311 4240 2342 4280 a
2378 4225 2620 4295 principe
2640 4225 3002 4295 apostolorum
3030 4226 3209 4291 Petro,
3238 4227 3362 4282 dum
3395 4227 3579 4283 Romae
3610 4240 3696 4295 spe
3720 4234 3838 4276 ηια-

2310 4317 2533 4387 perandi
2570 4316 2790 4372 luminis
2817 4326 3121 4373 moraretur
3156 4318 3323 4390 236
3349 4320 3498 4389 apud
3519 4319 3634 4390 ejus
3678 4324 3836 4369 metuo-

627 4395 779 4485 olitze
816 4392 1077 4485 excitatis
1138 4391 1414 4447 abscessit.
1481 4389 1557 4445 Ita
1628 4388 1789 4457 unius
1839 4388 2207 4445 incolumitate
2235 4423 2286 4485 ο
2314 4409 2471 4475 riam,
2528 4408 2822 4476 meum",
2868 4388 3480 4480 “lgejgicam'damam
3529 4388 3735 4484 ρειετει,
3768 4402 3836 4458 ubi

590 4502 595 4505 ·
622 4484 881 4555 gaudium
910 4481 1064 4536 multi
1092 4489 1371 4552 ceperunt.

1239 4592 1467 4650 CAPUT
1507 4592 1577 4647 IX

702 4691 946 4762 Cumque
987 4689 1015 4730 ἀ
1072 4688 1440 4757 Mosomagum
1485 4683 1768 4741 castellum
1813 4691 2208 4755 pervenissent,

705 4836 730 4863 ιι
759 4821 1018 4875 Juralire.
1056 4818 1111 4872 ld
1141 4825 1241 4881 est,
1276 4816 1465 4887 jurans
1500 4831 1594 4886 per
1636 4814 2008 4887 Maximinum.
2041 4813 2204 4887 Adeo

634 4910 795 4964 porro
828 4892 1222 4964 magnificaest
1248 4884 1431 4964 istliwc
1451 4884 1717 4964 narratio,
1753 4893 1812 4939 ut
1841 4900 1946 4939 non
1976 4884 2211 4941 arbitrer

633 4956 792 5034 posse
817 4956 1036 5030 reperiri
1062 4958 1296 5013 fabulam
1324 4956 1657 5026 lepidiorem.

708 5074 735 5111 ι)
771 5069 1013 5139 Facinus,
1048 5070 1345 5139 pessimum.
1376 5068 1661 5139 imitatum
1707 5068 1849 5122 istud
1900 5068 2112 5123 videtur
2146 5086 2215 5124 ex

638 5142 898 5196 Sallustio
919 5142 971 5193 in
993 5138 1219 5194 Catilina
1251 5158 1264 5193 :
1298 5157 1315 5189 ι
1349 5138 1425 5193 Eo
1447 5139 1555 5203 die,
1583 5146 1705 5207 post
1732 5139 2001 5207 conditam
2027 5141 2212 5194 urbem

636 5212 862 5267 Rutulam
889 5249 905 5274 ,
950 5210 1242 5279 pessinuuu
1298 5210 1505 5263 facinus
1550 5206 1818 5279 patratum
1865 5206 2021 5262 foret.
2064 5228 2083 5260 ι
2124 5210 2215 5265 Sic

637 5283 780 5365 apud
813 5278 1054 5365 Tacitum
1069 5280 1139 5365 [in
1167 5279 1304 5334 libro
1327 5281 1501 5365 primo
1528 5278 1865 5365 Annalium“;
1899 5297 1916 5329 ι
1951 5280 2099 5365 Cum
2118 5296 2212 5362 oc—

632 5349 784 5409 cisus
812 5352 1043 5420 dictator
1065 5349 1269 5413 Caesar,
1293 5351 1412 5404 aliis
1440 5352 1756 5420 pessimum,
1779 5349 1897 5404 aliis
1919 5349 2215 5419 pulcherri-

641 5439 785 5478 mum
820 5419 1026 5476 facinus
1046 5421 1340 5474 videretur.
1386 5440 1407 5473 ι

711 5526 732 5553 ε
768 5513 911 5567 thu
940 5512 1184 5585 aliorum.
1214 5510 1351 5577 Quid
1381 5512 1499 5567 ais?
1530 5512 1755 5567 Tantam
1792 5509 2217 5585 Afuissegpreslq-

643 5594 878 5640 terorum
903 5582 1322 5647 multitudinem,
1349 5591 1407 5634 ut
1435 5592 1609 5637 cretus
1630 5582 1811 5637 esset?
1838 5582 2045 5637 Faciles
2072 5582 2217 5639 vide-

620 5654 764 5709 ‘licet
793 5664 904 5707 tnui
929 5661 1084 5707 erant
1108 5652 1367 5720 episcopi,
1397 5662 1451 5706 et
1480 5653 1677 5706 multos
1704 5653 2048 5722 presbyteros
2075 5654 2217 5707 unli-

2314 4507 2532 4555 sanctus
2562 4501 2927 4570 requiesceret
2968 4500 3311 4567 Maximinus,
3342 4503 3484 4572 quod
3513 4501 3649 4556 illius
3672 4492 3837 4552 meritis

2311 4599 2533 4661 possent
2567 4590 2618 4645 ei
2651 4599 2848 4661 optatae
2888 4592 3138 4647 sanitatis
3182 4593 3376 4663 gaudia
3424 4591 3714 4663 provenire.
3757 4579 3834 4648 Qui

2312 4695 2565 4752 pergens,
2595 4683 2743 4735 venit
2763 4683 2832 4737 ad
2873 4682 3050 4738 locum
3074 4698 3090 4748 ;
3115 4692 3170 4739 et
3194 4684 3319 4738 dum
3359 4681 3569 4748 custodi
3612 4678 3834 4733 narraset

2315 4815 2517 4870 nabant
2543 4814 2806 4869 absolute.
2834 4813 3016 4883 Vides,
3047 4814 3237 4881 lector,
3266 4828 3429 4885 quam
3462 4812 3602 4868 fmde
3623 4798 3832 4865 contami-

2316 4898 2439 4955 nata
2458 4886 2540 4955 sit
2567 4886 2680 4940 haec
2701 4886 2961 4955 historia.
3452 4952 3485 4955 _
3502 4953 3514 4955 _
3708 4945 3719 4955 ,

2386 4935 3060 5009 é'nb'saﬁiéiidi'vnnm
3107 4955 3407 5010 diteceseos
3452 4945 3746 5019 RhemenSjS

2318 5024 2520 5081 Mosam
2551 5024 2794 5088 ﬂuvium,
2819 5025 2975 5095 cujus
3002 5026 3213 5095 ruentia
3231 5022 3577 5095 exsut'apud
3598 5016 3654 5075 Β.

2317 5078 2569 5176 «iam»-
2610 5078 3730 5176 ερίειιέιεέειαί..ιευςιτ›ηειιεςερξεερριω,έ,ε
3752 5078 3834 5176 re

2320 5155 2447 5236 Ergo
2475 5164 2597 5228 fuit,
2643 5155 2839 5234 inquit,
2865 5175 2925 5219 ut
2973 5164 3186 5236 illicitis
3199 5155 3620 5236 ordinitimtibtgs
3643 5156 3775 5236 ινὶερ
3776 5155 3830 5236 ξ’

2320 5227 2613 5290 ονέἀίάοτίε
2634 5227 3000 5305 occupandam
3022 5234 3123 5289 loci
3142 5234 3559 5305 Mosomagensis
3573 5227 3829 5305 Eccleiiflfv

2321 5321 2482 5375 quam
2507 5291 2917 5378 Metropolitani
2935 5305 3084 5378 urbis
3111 5291 3439 5359 Rhemoru'iu
3463 5304 3670 5378 subope

2321 5369 2388 5431 sti
2423 5390 2539 5447 sua,
2561 5369 2778 5446 semper
2804 5375 3144 5447 ordinatione
3174 5384 3450 5430 rexeruut.
3479 5369 3830 5447 »μοδειραεξξ-

2322 5447 2398 5500 sis
2422 5445 2566 5515 pagi,
2593 5448 2645 5500 in
2679 5436 2787 5514 quo
2812 5447 2973 5500 situm
3014 5446 3324 5506 Duziaunu,
3359 5444 3613 5515 meminit
3634 5436 3829 5515 “incoli:

2326 5501 2651 5587 rus'in'b’ita
2686 5501 2945 5587 Remigii.
2996 5515 3186 5570 Postea
3232 5501 3526 5587 Mosoinum
3567 5501 3828 5587 dictum“:ait

2323 5566 3018 5656 {ﬁeri'otiiﬁstBiingiuﬁ
3034 5566 3150 5656 {ut
3162 5566 3341 5656 apud
3356 5566 3715 5640 ili‘lo‘doardum,
3732 5566 3827 5623 ὕετο

2325 5654 2565 5722 bertum,
2584 5666 2638 5712 et
2665 5657 2813 5711 alibi.
2844 5654 3012 5727 vulgo
3046 5654 3289 5711 Houson.
