4034 6298
249 326 350 380 67⁵1

1502 316 1589 371 DE
1632 314 1786 370 VlTA
1824 315 1885 371 S.
1928 313 2262 370 MAXIMINI.

3406 319 3509 373 ωε

249 428 513 498 ecclesia},
564 429 780 483 nomine
818 426 1103 491 Gosberto,
1138 425 1205 480 ad
1257 425 1488 496 sepulcri
1530 426 1824 497 penetralia
1858 431 1903 488 Α
1932 427 2314 481 sumendorum
2343 428 2721 484 alimentorum
2752 430 2854 505 sibi
2886 432 3243 502 possibilitate
3266 436 3499 505 sublata,

252 521 619 584 intromissus,
649 518 718 573 ibi
749 532 809 573 se
832 517 1112 572 confestim
1154 516 1288 571 lucis
1326 518 1706 573 commercium
1748 532 1832 571 re-

251 614 459 684 perisse
486 611 710 666 miratus
730 617 832 663 est.
858 607 1079 662 Poterat
1106 607 1451 662 beatissimus
1475 606 1667 663 Petrus
1686 622 1832 663 caeco

252 718 465 759 summa
497 701 753 756 facilitate
798 702 941 771 quod
982 702 1269 770 petebatur
1311 708 1592 770 prtestare,
1642 716 1830 754 verum

251 782 481 866 gloriam
519 791 763 847 miraculi
794 789 1187 855 transferre,ad
1222 788 1574 844 Maximinum
1618 790 1831 858 maluit,

158 874 163 881 ’
251 878 654 942 ut'meritorum
696 883 813 955 ejus
846 883 1125 939 evidenter
1160 882 1369 939 cunctis
1409 882 1671 952 panderet
1696 897 1830 954 qua-

252 976 482 1032 litatem.

871 1062 1100 1119 CAPUT
1136 1060 1228 1117 XI.

326 1177 595 1233 Praeterea
631 1176 683 1231 in
725 1184 910 1247 crypta
942 1177 1029 1231 ubi
1060 1191 1182 1231 ossa
1229 1174 1519 1232 venerandi
1563 1170 1831 1246 pontificis

254 1269 473 1325 condita
508 1265 720 1322 fuerant
746 1267 1029 1337 interjectu
1065 1266 1322 1336 temporis
1352 1281 1491 1335 aqua
1515 1265 1566 1319 in
1594 1266 1829 1322 latitudi-

254 1375 380 1414 nem
406 1357 563 1413 unius
583 1356 746 1412 cubiti
773 1356 1042 1419 excrevit;
1071 1356 1326 1426 dictuque
1360 1355 1622 1421 mirabile,
1647 1355 1718 1410 ita
1745 1371 1832 1411 se-

254 1450 500 1521 pulcrum
524 1463 682 1504 omne
710 1463 807 1503 suo
842 1447 1045 1504 ambitu
1082 1447 1274 1511 cinxit,
1313 1455 1371 1500 ut
1417 1454 1595 1501 tamen
1622 1447 1690 1501 ab
1714 1444 1831 1515 ejus

254 1540 531 1610 crepidine
574 1538 859 1602 absistens,
889 1554 994 1592 non
1026 1552 1250 1608 parvum
1288 1536 1618 1592 intuentibus
1647 1545 1830 1606 stupo-

255 1645 373 1684 rem
388 1628 647 1699 injiceret.
667 1627 830 1697 lgitur
842 1627 1176 1683 venerabiles
1195 1625 1427 1696 episcOpi
1444 1638 1469 1666 ο
1491 1624 1825 1697 Ilildulpbus,

256 1722 505 1778 Clemens
534 1729 695 1789 atque
735 1718 1050 1785 Gosbertus,
1076 1720 1456 1774 convenientes
1482 1718 1535 1772 in
1570 1734 1755 1784 unum,
1777 1726 1831 1774 et

255 1812 400 1881 quod
420 1780 693 1876 evenerat,
714 1808 998 1879 diligenter
1011 1780 1396 1871 examinantes,
1415 1807 1445 1847 ι)
1461 1780 1828 1862 transferenda
1861 1780 1904 1838 Β

257 1902 401 1958 beati
430 1900 526 1954 viri
551 1914 672 1953 ossa
719 1912 785 1952 ex
833 1906 1129 1952 memorata
1173 1907 1382 1970 crypta,
1405 1906 1460 1953 et
1488 1898 1543 1953 in
1581 1897 1699 1953 loco
1740 1898 1829 1953 ubi

259 2006 405 2045 nunc
437 1998 561 2044 sunt
588 1988 690 2043 sita
719 1987 1031 2058 judicavere
1055 1989 1319 2058 ponenda.
1376 1987 1529 2055 Quod
1572 1989 1827 2056 quoniam

254 2097 321 2136 ex
354 2080 529 2135 divina
558 2078 829 2133 voluntate
852 2078 1199 2133 decreverant
1230 2078 1525 2149 procedens
1551 2078 1729 2133 exitus
1750 2079 1829 2134 ἰη-

258 2172 476 2227 dicavit.
518 2170 632 2236 His,
661 2171 946 2241 utopinor,
978 2186 1081 2225 non
1109 2170 1548 2226 inconvenienter
1582 2170 1833 2238 adjicitur

254 2263 400 2333 quod
451 2263 693 2333 quaedam
745 2261 968 2323 femina,
1014 2261 1223 2317 Franca
1288 2260 1526 2328 natione,
1579 2261 1830 2331 domique

255 2353 472 2418 nobilis,
514 2351 758 2407 Rodoara
788 2352 1065 2419 vocabulo,
1098 2352 1186 2407 cui
1229 2351 1413 2406 tibiam
1454 2360 1614 2418 atque
1640 2352 1828 2422 pedem

248 2449 453 2523 Abumor
491 2445 679 2501 noxius
725 2441 1044 2510 arefecerat,
1096 2443 1163 2499 ad
1194 2443 1510 2499 memoriam
1560 2445 1701 2498 beati
1730 2443 1829 2498 viri

257 2538 520 2603 accessit;
569 2537 747 2608 ibique
800 2551 989 2608 preces
1040 2551 1232 2607 magna
1294 2551 1413 2590 cum
1470 2534 1831 2590 obstinatione

256 2629 601 2691 cantinuans,
656 2628 724 2681 ita
776 2635 889 2681 uta
928 2626 1040 2681 suis
1094 2626 1161 2680 ad
1214 2624 1639 2695 desperationem
1688 2624 1830 2680 obti-

257 2718 447 2775 nendae
481 2716 728 2770 sanitatis
756 2714 981 2785 impulsa
1007 2723 1066 2770 ut
1095 2713 1219 2769 inde
1258 2715 1532 2770 recederet
1584 2728 1831 2769 monere-

259 2816 367 2872 tur,
417 2806 577 2877 287
608 2805 698 2858 diu
756 2803 1113 2859 desideratam
1160 2802 1446 2859 sanitatem
1493 2803 1832 2874 stupentibus

256 2898 468 2954 cunctis
494 2895 847 2968 recuperavit.

842 3027 1069 3085 CAPUT
1126 3028 1238 3084 ΧΠ.

1931 518 2022 573 vix
2058 519 2221 572 vitam
2247 520 2416 575 solius
2454 535 2607 590 aqua:
2638 522 2831 576 haustu
2884 525 3184 580 retinuerit.
3217 525 3371 583 Escis
3403 529 3509 583 ita:-

1930 624 2036 679 que
2064 611 2315 676 ειιηι,·ιίε,
2340 612 2570 667 amissas
2606 614 2782 669 redire
2820 615 2964 671 vires
2994 617 3290 685 persensit;
3322 619 3509 689 hujus-

1930 714 2036 769 que
2112 715 2215 754 non
2281 701 2560 759 immemor
2629 704 2899 770 beneficii,
2960 707 3264 762 emnobium
3322 710 3494 765 sancti

1931 790 2207 844 Maximini
2243 792 2456 860 przediis
2496 793 2644 847 auxit
2670 813 2682 847 :
2710 810 2936 864 quorum
2982 813 3143 851 unum
3181 797 3505 868 Patriosala,

1937 880 2078 937 aliud
2140 880 2387 937 Witmari
2433 883 2697 949 ecclesia,
2747 887 2962 940 tertium
3025 886 3360 946 Comieiacus
3405 906 3505 944 vo-

1930 982 2104 1027 catur.
2178 972 2377 1029 Sancto
2434 984 2613 1029 autem
2668 975 2828 1031 Petro
2889 979 3258 1035 Andaclanam
3312 982 3508 1038 obtulit

1931 1063 2131 1118 “illam.
2436 1072 2459 1084 “
3088 1074 3089 1077 “

2406 1201 2574 1274 233
2624 1202 2849 1259 CAPUT
2906 1203 3039 1260 xm.

1998 1338 2150 1408 Apud
2186 1339 2525 1409 sacpedictam
2570 1341 2882 1396 memoriam
2914 1342 3074 1397 etiam
3102 1341 3218 1397 dure
3255 1343 3492 1411 feminae,

1929 1444 2155 1499 quarum
2186 1428 2353 1482 altera
2399 1428 2712 1495 Weltrudis,
2762 1430 2929 1485 altera
2975 1431 3254 1487 dicebatur
3297 1433 3507 1489 Elitbil—

1929 1520 2031 1585 dis,
2061 1519 2189 1574 olim
2224 1536 2477 1575 manumn
2514 1530 2677 1591 atque
2717 1521 2910 1593 pedum
2952 1523 3226 1578 debilitate
3265 1525 3502 1592 inutiles,

1930 1612 2233 1668 interventu
2288 1613 2660 1683 gloriosissimi
2719 1614 3042 1671 confessoris
3082 1619 3384 1673 communia
3415 1634 3497 1674 re-

1929 1714 2188 1775 ceperunt
2212 1704 2405 1759 oliiria.
2438 1705 2530 1760 Vir
2555 1706 2770 1777 quidatn
2800 1706 3060 1763 oriundus
3086 1706 3258 1772 Friso,
3288 1709 3373 1762 cui
3396 1723 3495 1761 no-

1932 1809 2053 1847 men
2084 1792 2219 1847 Albo
2246 1793 2362 1857 fuit,
2388 1810 2447 1849 se
2472 1809 2733 1864 suamque
2771 1795 3125 1850 substantiam
3153 1795 3311 1851 beato
3332 1796 3501 1850 Maxi-

1932 1886 2078 1940 mino
2107 1884 2343 1948 dimavit.
2385 1884 2503 1952 Quo
2535 1884 2696 1948 facto,
2742 1900 2865 1941 cum
2910 1884 3137 1940 fratrum
3185 1886 3506 1942 utilitatibus

1930 1975 2240 2042 desudaret,
2272 1991 2491 2032 necesse
2531 1975 2628 2030 fuit
2665 1984 2725 2030 ut
2772 1976 3077 2046 negotiandi
3125 1976 3295 2048 gratia
3324 1986 3504 2033 trans-

1931 2069 2194 2122 marinam
2244 2077 2452 2139 peteret
2504 2069 2796 2139 regionem.
2833 2068 2909 2121 lta
2939 2067 3097 2122 classi
3148 2083 3241 2122 sex
3290 2068 3509 2122 navium

1930 2156 2186 2221 sociatus,
2232 2156 2503 2228 ingressus
2543 2166 2623 2212 est
2664 2173 2832 2212 mare.
2870 2156 2927 2211 In
2965 2157 3131 2211 altum
3171 2166 3349 2213 autem
3387 2173 3509 2214 cum

1931 2248 2341 2319 processissent,
2381 2258 2673 2319 tempestas
2705 2255 2924 2319 repente
2954 2247 3141 2302 oborta
3179 2249 3395 2304 easdem
3413 2263 3507 2305 sex

1932 2356 2097 2395 naves
2128 2340 2423 2410 quassavit,
2447 2357 2510 2395 ac
2541 2342 2694 2395 undae
2724 2350 2992 2395 tumentes
3031 2341 3275 2411 protinus
3298 2341 3504 2397 solutas

1933 2432 2288 2488 involverunt.
2319 2432 2432 2488 Hoc
2472 2433 2606 2489 Albo
2635 2434 3002 2504 deprehensus
3046 2434 3383 2489 necessitatis
3412 2450 3505 2488 ar-

1933 2523 2116 2587 ticulo,
2139 2533 2331 2579 nautas
2364 2524 2609 2578 hortatus
2631 2534 2708 2577 est
2740 2536 2797 2577 ut
2818 2537 2998 2578 secum
3028 2523 3195 2578 sancti
3230 2523 3509 2578 Maximini

1933 2614 2242 2684 suffragium
2274 2612 2641 2685 implorarent.
2672 2613 2895 2680 Quibus,
2923 2622 2983 2667 ut
3012 2629 3108 2682 par
3130 2621 3268 2677 erat,
3304 2615 3356 2668 id
3380 2615 3509 2670 sub-

1932 2694 2094 2762 tnissc
2119 2705 2419 2775 agentibus,
2467 2705 2600 2760 Albo
2628 2706 2802 2759 virum
2860 2705 3032 2759 instar
3061 2704 3189 2759 solis
3218 2704 3506 2775 splenden-

1933 2806 2037 2852 tem
2066 2807 2121 2850 et
2151 2812 2312 2867 supra
2351 2813 2502 2851 mare
2533 2811 2637 2851 non
2671 2794 2863 2850 infusis
2893 2796 3116 2867 pedibus
3141 2796 3507 2852 ambulantem

1932 2887 2113 2941 subito
2162 2886 2409 2956 aspexit:
2458 2886 2547 2955 qui
2597 2884 2845 2940 ﬁduciam
2900 2886 3176 2943 conﬁtenti
3232 2900 3509 2942 resumere

1932 2975 2142 3041 iubens,
2177 2989 2297 3030 cum
2348 2973 2688 3029 formidinem
2720 2990 2850 3029 voce
2905 2976 3125 3044 pepulit,
3183 2984 3296 3030 tum
3341 2976 3508 3032 etiam

1934 3081 2029 3123 sua
2055 3065 2339 3138 praesentia
2369 3065 2810 3135 tranquillitatem
2848 3067 3074 3120 reduxit.
3116 3065 3206 3122 Sic
3252 3066 3381 3123 facti
3423 3083 3509 3123 re-

328 3143 449 3199 Jam
497 3157 628 3199 vero
672 3141 798 3198 illud
825 3157 985 3212 quam
1013 3148 1094 3197 est
1141 3141 1385 3197 mirabile
1413 3142 1557 3211 quod
1587 3151 1609 3181 α
1641 3140 1831 3197 Carolo
1860 3130 1904 3193 C
1936 3130 2120 3219 δυοέε,
2150 3154 2355 3211 θυρίσι-ί
2389 3130 2827 3211 tam-manifesta,
2853 3155 3041 3209 gamus
3069 3155 3505 3226 neomncloque

254 3234 488 3305 principi
538 3232 731 3303 obtigit
771 3231 1085 3303 {Namque
1133 3232 1177 3287 is
1214 3247 1335 3298 cum
1388 3232 1545 3303 longa
1598 3230 1827 3287 febrium

257 3335 550 3397 vexaretur
582 3323 844 3389 molestia,
890 3332 945 3377 ct
993 3323 1097 3376 cibi
1145 3331 1409 3393 potusque
1458 3323 1672 3379 fastidio
1713 3325 1832 3378 vitae

258 3412 554 3486 periculum
582 3416 915 3479 incurrisset,
942 3414 991 3469 ei
1033 3414 1220 3470 beatus
1245 3414 1568 3471 Maximinus
1597 3416 1846 3487 capienti

258 3522 506 3560 somnum
534 3506 797 3576 apparuit,
839 3516 1002 3576 utque
1031 3521 1089 3560 se
1113 3505 1180 3561 ad
1229 3521 1381 3561 suam
1415 3508 1702 3562 abeuntem
1743 3522 1833 3562 se-

256 3606 521 3667 queretur
563 3598 879 3651 memoriam
931 3597 1338 3651 demonstravit.
1386 3596 1834 3673 Ex‘spergefactus

259 3687 486 3743 Carolus
511 3686 792 3742 satellitem
816 3686 907 3756 qui
950 3686 1051 3741 sibi
1092 3686 1229 3741 forte
1261 3687 1533 3742 assidebat
1552 3695 1836 3757 perconta-

261 3791 351 3835 tur
388 3779 433 3834 si
460 3776 890 3833 videritbeatum
930 3776 1297 3839 Maximinum,
1330 3778 1423 3847 qui
1454 3794 1636 3833 secum
1670 3778 1831 3847 paulo

260 3878 390 3923 ante
409 3866 721 3922 contulisset
747 3881 1071 3921 sermonem.
1102 3865 1192 3919 illo
1215 3882 1341 3921 vero
1370 3876 1615 3937 negante,
1649 3865 1828 3933 Modo,

180 3980 185 3987 θ
262 3958 457 4027 inquit,
491 3957 637 4013 foras
674 3957 968 4026 egreditur,
1006 3967 1165 4025 atque
1199 3956 1484 4025 imperavit
1510 3964 1568 4011 ut
1604 3972 1666 4011 se
1707 3972 1837 4011 con-

261 4050 415 4105 tinuo
444 4062 715 4119 sequerer,
758 4063 895 4117 apun
928 4049 1044 4118 ejus
1094 4048 1353 4103 tumulum
1399 4048 1584 4103 salutis
1612 4064 1832 4119 compos

262 4141 497 4195 futurus.
550 4140 627 4194 lta
674 4140 764 4195 illo
805 4140 992 4194 lectica
1034 4140 1377 4209 deportatum
1408 4141 1538 4196 etin
1586 4156 1833 4211 soporem

264 4227 557 4284 resolutum
618 4238 836 4284 sanctus
898 4228 1218 4285 Maximinus
1276 4223 1829 4301 itermn'alloquitur,

263 4335 430 4389 seque
456 4335 551 4388 pro
579 4318 668 4372 illo
703 4316 910 4372 Domini
953 4318 1252 4387 postulasse
1293 4319 1630 4375 clementiam
1657 4330 1837 4374 osten-

262 4408 366 4472 dit,
409 4406 551 4460 illum
583 4421 709 4461 vero
751 4420 819 4460 ne
867 4422 924 4460 se
969 4406 1104 4461 ultra
1154 4408 1313 4463 dedat
1366 4410 1509 4464 vitiis
1556 4410 1827 4465 admonet.

1931 3247 2223 3302 Maximino
2254 3246 2440 3301 laudes
2476 3260 2597 3301 cum
2626 3261 2834 3302 summa
2857 3247 3211 3302 exsultatione
3236 3247 3503 3305 fuderunt.

1933 3339 2161 3393 Maxima
2206 3345 2329 3393 sunt
2354 3347 2409 3392 et
2437 3337 2563 3401 Deo,
2596 3338 2684 3406 qui
2723 3354 2819 3408 per
2853 3354 3040 3393 servos
3065 3354 3189 3393 suos
3232 3349 3507 3410 operatur,

1933 3433 2092 3503 digna
2126 3430 2403 3493 miracula,
2432 3441 2592 3500 atque
2621 3430 2821 3486 celebri
2868 3432 3138 3500 prmeouio
3168 3433 3233 3486 ad
3268 3440 3511 3501 posteros

1936 3522 2366 3591 transmittenda.
2425 3522 2620 3575 Verum
2676 3522 2804 3577 illud
2845 3523 3213 3593 scrupulosius
3235 3533 3320 3578 est
3370 3538 3508 3578 con-

1934 3610 2302 3683 siderandnm,
2331 3612 2472 3681 quoi
2526 3620 2721 3679 praeter
2772 3620 2971 3665 tantam
3015 3613 3312 3668 ubertatem
3343 3614 3513 3668 virtu-

1935 3710 2068 3766 tum,
2123 3700 2349 3770 perinde
2413 3702 2563 3769 quasi
2620 3701 2835 3771 speciali
2904 3702 3098 3773 gratia,
3152 3701 3509 3773 fugandorutn

1935 3791 2235 3845 tlzemonum
2270 3798 2509 3860 potestas
2557 3791 2716 3846 beato
2760 3791 3051 3847 Maximino
3094 3794 3353 3862 permissa
3397 3804 3499 3850 est.

1934 3878 2084 3945 Quod
2134 3896 2199 3933 ex
2228 3879 2679 3948 consequentibus
2715 3880 2871 3935 facile
2922 3882 3217 3953 apparebit.
3262 3872 3504 3939 Dixerint

1934 3972 2059 4025 binc
2084 3969 2272 4024 melius
2294 3969 2406 4035 alii,
2439 3986 2574 4040 quos
2602 3973 2722 4025 vita:
2745 3973 3027 4027 sinceritas
3052 3973 3350 4029 cmlestium
3382 3974 3514 4030 fecit

1934 4064 2180 4117 conscios
2216 4062 2383 4136 289
2424 4078 2764 4118 arcanorum.
2805 4063 3066 4119 Ca'termn
3100 4080 3231 4120 mete
3263 4066 3511 4121 tenuitati

1934 4155 2148 4209 videtur
2181 4155 2324 4208 hunc
2358 4154 2532 4208 virum
2574 4170 2634 4208 ca
2662 4170 2823 4209 causa
2868 4155 2994 4209 illud
3023 4157 3361 4230 privilegium
3398 4175 3510 4215 me-
3568 4180 3573 4183 ·

1938 4247 2109 4303 ruisse
2140 4247 2281 4317 quod
2324 4247 2447 4300 dum
2485 4262 2824 4302 communem
2868 4259 3052 4320 ageret
3091 4250 3280 4315 vitam,
3322 4250 3390 4305 ab
3426 4252 3511 4306 bis

1935 4338 2202 4408 prtecipue
2234 4336 2393 4392 fuerit
2428 4337 2571 4392 vitiis
2609 4338 2815 4393 alienus
2844 4341 3038 4409 quibus
3062 4350 3321 4411 apostata:
3347 4342 3508 4411 spiri-

1940 4435 2026 4481 tus
2052 4427 2329 4496 elegerunt
2373 4427 2857 4483 inconvertibiliter
2906 4430 3220 4499 mancipari,
3263 4430 3510 4500 superbia

264 4498 391 4552 Mox
425 4499 588 4568 igitur
613 4508 670 4553 ut
694 4497 965 4569 evigilavit
990 4499 1234 4567 Carolus.
1275 4503 1611 4565 ειειιιτθκὶιξ
1640 4511 1694 4558 ει
1738 4518 1836 4573 PFO
1865 4486 1913 4543 Ι)
1939 4517 2190 4572 videlicet
2218 4528 2272 4572 et
2309 4518 2528 4581 invidia,
2564 4533 2883 4588 aequumque
2927 4521 3099 4573 visum
3141 4519 3306 4575 fuisse
3328 4486 3515 4576 divino

264 4590 405 4644 votis
441 4590 720 4659 promissis
756 4588 805 4642 in
842 4591 1133 4644 sacrarium
1175 4594 1421 4657 secessit,
1468 4592 1677 4663 sibique
1706 4592 1839 4648 olfe—

264 4682 462 4735 rendos
485 4681 633 4736 cibos
660 4680 931 4751 poposcit;
962 4682 1049 4752 qui
1086 4683 1300 4754 triginta
1332 4685 1519 4738 diebus
1550 4686 1835 4755 proximis,

338 4890 363 4916 ιι
396 4874 734 4953 Hildnlplmf.
790 4874 914 4953 Sive
945 4879 1028 4932 ilil
1053 4880 1206 4953 Soifus
1237 4881 1596 4953 Trevirorum
1626 4885 1837 4953 cpisco-

263 4948 506 5020 ρης,ῃῴ
532 4948 630 5020 sub
682 4947 1052 5020 Pippittuﬂrt‘gn
1095 4951 1291 5003 floruit.
1345 4952 1529 5005 Exstat
1554 4947 1671 5019 ejus
1722 4956 1836 5011 Vita

264 5015 408 5087 apud
428 5015 668 5089 :Surinm
700 5015 843 5072 tumo
874 5017 960 5082 iV,
992 5015 1053 5072 cx
1083 5036 1185 5089 qua
1211 5032 1431 5089 apparet
1474 5015 1647 5074 virum
1678 5022 1842 5079 fuisse

264 5086 668 5141 sanctissimum
702 5105 713 5139 :
750 5092 891 5156 quod
939 5086 1117 5142 etianf
1148 5086 1302 5142 docet
1344 5090 1627 5144 Ricberius
1659 5109 1842 5147 mona-

264 5159 403 5212 chus
425 5156 633 5231 in_iiltro
657 5157 830 5231 primo
849 5158 1098 5231 Cbronici
1132 5158 1495 5231 Senonicnsis.
1532 5160 1589 5213 Ei
1618 5161 1842 5231 aliisque

265 5224 818 5305 nonnullispartium
863 5227 1074 5305 illarum
1118 5229 1384 5305 episcopis
1437 5224 1842 5305 Stephanus-ill

270 5313 289 5345 ι
327 5296 598 5349 commisit
632 5297 774 5351 vicrs
804 5313 927 5350 suas
954 5298 1018 5350 ad
1050 5296 1430 5367 experiendum]
1469 5296 1640 5363 actus,
1671 5301 1833 5355 virtu-

268 5375 372 5429 tes,
393 5374 456 5445 _et
482 5375 629 5445 gesta
666 5381 729 5421 ac
756 5367 1007 5421 miracula
1038 5369 1205 5421 sancti
1218 5368 1503 5445 _ngibcr_ti_,
1533 5370 1597 5421 ad
1624 5372 1839 5425 canoni-

264 5434 498 5508 zandum
533 5434 703 5508 ipsum
737 5447 1002 5508 sanctum,
1029 5457 1047 5489 ι
1080 5445 1137 5508 ut
1167 5437 1248 5508 ad‘
1281 5436 1584 5492 Rixfridum
1637 5442 1844 5508 episco-

263 5520 394 5628 pum
452 5502 852 5575 Trajecteasem
896 5507 1087 5561 scribit
1110 5506 1167 5561 S.
1228 5505 1503 5574 Ludgerus
1556 5502 1842 5580 episcopus

296 5573 728 5628 lonasteriensis.
765 5574 958 5628 Factus
982 5587 1066 5628 est
1086 5586 1261 5628 autem
1292 5575 1604 5628 Ililduinbus
1651 5580 1838 5628 Trevi-

296 5573 728 5646 lonasteriensis.
765 5574 958 5646 Factus
982 5587 1066 5629 est
1086 5586 1261 5646 autem
1292 5573 1604 5646 llildulpbus
1651 5573 1838 5634 Trevi-

264 5658 451 5717 rorum
485 5644 916 5717 archiepiscopus
933 5644 1084 5712 jussu
1128 5645 1337 5717 Pippini
1368 5644 1524 5717 regis,
1559 5658 1615 5702 ut
1639 5650 1841 5705 diserte

266 5713 433 5767 tradit
476 5712 591 5781 ejus
625 5713 754 5767 Vitae
809 5712 1078 5785 scriptor:
1115 5733 1134 5766 ι
1168 5712 1285 5770 Mox
1338 5712 1498 5783 fama,
1550 5720 1740 5789 inquit,
1786 5720 1838 5774 in

1941 4607 2166 4662 consilio
2195 4618 2249 4661 ut
2283 4607 2372 4675 qui
2410 4607 2717 4678 superbiam
2768 4608 3068 4661 humilitate
3108 4607 3380 4676 dejccerit,
3430 4609 3511 4664 in-

1934 4695 2246 4765 ‘vidiamque
2266 4696 2529 4751 cbaritate
2552 4696 2885 4762 contriverit,
2916 4697 3209 4751 dominium
3237 4699 3513 4768 possideat

1942 4896 2064 4951 aula
2106 4894 2464 4966 rcgisgPipiui
2494 4896 2662 4964 patris
2699 4886 2899 4966 Caroli
2940 4895 3112 4966 Magni
3164 4899 3508 4966 percrebuit;

1945 4976 2106 5040 atque
2130 4964 2648 5040 excjus'sententia
2690 4964 3010 5040 _ll_il_dn_lpbus
3036 4964 3512 5040 Varcliicpisc0patu

1942 5038 2138 5158 ﬁiﬁttlis
2183 5035 2508 5099 declaratur,
2541 5044 2595 5089 et
2638 5035 2703 5089 ad
2736 5036 2787 5088 id
2833 5036 3108 5105 dsgnitatis
3158 5035 3517 5095 assumendus

1984 5128 1993 5157 l
2039 5115 2217 5158 tuttur.
2252 5124 2268 5154 ι

1984 5104 2217 5158 illinitur.
2252 5124 2268 5154 ι

2016 5175 2042 5215 b
2068 5172 2470 5242 Transferenda.
2504 5171 2673 5244 Hujus
2692 5172 3060 5244 translationis
3088 5176 3331 5232 meminit
3352 5180 3513 5234 etiam

1945 5254 2131 5296 auctor
2167 5244 2300 5296 Vita:
2328 5244 2499 5297 sancti
2531 5242 2795 5313 ttiidnlpbi
2843 5246 2925 5298 bis
2953 5246 3164 5301 verbis:
3199 5267 3216 5297 ι
3252 5247 3350 5302 Hic
3377 5249 3518 5304 inter

1944 5313 2630 5386 {uetera_m_agnilira‘opera
2661 5329 2755 5386 sua
2779 5329 2897 5386 qum
2922 5317 3106 5386 gessit,
3129 5332 3321 5386 corpus
3342 5321 3512 5375 sancti

1948 5381 3061 5456 Maximinipnestilisl'l'rcvirensisa'loco
3090 5403 3197 5456 quo
3224 5381 3349 5441 cum
3391 5405 3515 5443 san-

1945 5462 2063 5507 r-tus
2095 5451 2347 5504 Paulinus
2378 5453 2691 5527 Aquitanus
2734 5455 3020 5524 sepelierat
3051 5451 3193 5512 in'co
3234 5473 3339 5527 quo
3372 5474 3516 5513 nunc

1943 5532 2235 5575 veneratur
2258 5522 2546 5576 transtulit.
2583 5543 2601 5575 ι

2019 5589 2256 5672 εςαμοοιο
2284 5592 2538 5673 principi.
2599 5593 2701 5673 Cui
2756 5593 3000 5650 Martello
3056 5610 3349 5673 cngnomen
3397 5595 3516 5673 fuit,

1944 5659 2153 5732 Pippini
2188 5662 2345 5731 regis,
2384 5659 2536 5733 cujus
2582 5664 2739 5735 paulo
2783 5678 2915 5721 ante
2953 5659 3311 5731 meminimus,
3356 5659 3515 5737 patri.
