4034 6298
524 295 630 356 οπο

1453 277 1513 332 Β.
1556 276 1614 332 S.
1655 271 1814 330 LUPI
1850 265 2142 324 ABBATIS
2176 257 2684 320 FERRARIENSIS

3690 256 3798 314 680

520 410 738 467 Illorum
766 403 861 477 qui
897 417 996 459 suo
1042 396 1319 470 depravati
1376 391 1621 455 arbitrio,
1658 389 1728 444 ad
1772 392 2102 442 memoratas
2127 382 2178 442 Α
2206 389 2336 433 tunc
2379 374 2641 445 majorem
2667 372 2829 430 solito
2871 369 3146 444 depromit
3189 367 3528 442 potentiam)
3578 368 3805 439 triginta

519 501 752 556 virtutes
778 497 1055 565 nunquam
1081 489 1320 560 aspirare
1358 482 1723 540 consentiant.

1111 619 1338 680 CAPUT
1378 617 1518 672 XIV.

593 746 780 815 Itaque
813 756 904 796 rex
925 736 1147 808 Pipinus
1175 731 1345 802 Magni
1376 727 1553 785 Caroli
1579 723 1791 797 genitor
1819 718 2107 815 quemdam

525 851 682 891 suum
731 807 1011 892 clericum,
1069 823 1162 895 qui
1210 821 1465 876 Bruncho
1523 816 1839 876 vocabatur,
1885 807 2110 879 impuris

525 929 804 984 obsessum
829 919 1125 991 spiritibus,
1144 931 1238 988 per
1262 913 1554 968 Hellarium
1576 907 2019 964 archidiaconum
2043 903 2111 956 ad

524 1017 786 1073 tumulum
829 1011 967 1067 beati
1001 1007 1277 1064 Maximini
1315 1002 1624 1061 destinavit.
1659 999 1708 1055 Is
1743 1013 1843 1069 per
1869 996 2112 1052 diversas

525 1108 856 1177 reliquorum
901 1111 1211 1157 sanctorum
1261 1098 1438 1152 fuerat
1471 1092 1874 1149 circumductus
1904 1101 2110 1142 memo-

523 1176 652 1261 rias,
685 1210 783 1252 nec
817 1193 906 1248 illa
960 1189 1199 1246 horribili
1247 1187 1498 1256 passione
1551 1189 1826 1238 meruerat
1872 1176 2109 1233 liberari.

522 1291 690 1346 Porro
713 1300 770 1345 ut
790 1287 933 1344 beati
962 1285 1060 1338 viri
1095 1282 1277 1336 limina
1311 1279 1504 1349 tetigit,
1537 1277 1684 1330 illico
1708 1281 1990 1344 purgatus,
2020 1268 2112 1323 Dei

523 1383 666 1437 circa
698 1397 755 1436 se
785 1376 1134 1435 clementiam
1167 1371 1472 1444 glorificare
1517 1377 1572 1424 et
1613 1365 1787 1420 sancti
1838 1359 2114 1416 Maximini

521 1473 816 1542 potentiam
864 1469 1029 1538 cmpit
1084 1465 1398 1537 praedicare.
1433 1461 1577 1516 Idem
1633 1455 1892 1526 Pippinus
1939 1454 2113 1507 denuo

524 1563 804 1618 Ilerricum
837 1575 1040 1632 genere
1067 1556 1427 1610 Alamaunum
1468 1549 1657 1605 eadem
1688 1545 1938 1617 passione
1969 1541 2114 1594 labo-

523 1667 732 1712 rantem
776 1672 880 1726 qua
932 1668 1094 1723 supra
1138 1650 1336 1705 direxit
1371 1665 1384 1701 :
1419 1661 1578 1718 quem
1611 1657 1734 1698 cum
1781 1647 1969 1694 catena
2000 1635 2118 1689 vin-

2210 477 2416 537 septem
2445 466 2692 522 homines
2739 462 2985 536 oppressi
3022 477 3055 516 a
3083 458 3417 516 damonibus
3469 456 3804 521 conﬂuxere,

2209 561 2302 633 qui
2324 575 2511 617 omnes
2532 556 2722 614 eodem
2748 555 2836 612 die
2859 553 3037 610 curati
3067 560 3217 608 sunt.
3249 550 3332 607 Ex
3359 564 3552 606 eorum
3579 563 3808 602 numero

2210 653 2472 710 feminam
2503 649 2648 704 illam
2677 647 2846 703 fuisse
2875 644 3188 715 accepimus
3202 656 3332 714 qua:
3362 640 3645 696 ferebatur
3674 654 3810 708 qua-

2212 741 2459 822 draginta
2489 747 2694 810 septem
2720 737 2878 792 anuis
2907 735 3113 807 polluto
3139 733 3377 804 subjecta
3423 729 3665 801 spiritui.
3698 727 3810 782 Hac

2213 834 2430 888 tandem
2463 841 2573 885 tam
2609 829 2818 884 diutina
2847 828 3101 884 exclusus
3121 823 3484 898 possessione,
3519 822 3636 892 ipse
3683 834 3810 874 vero

2213 922 2538 980 cruciandus
2560 921 2692 991 igni,
2724 918 3040 974 simulatum
3067 915 3242 972 oculis
3283 911 3580 968 astantium
3609 909 3811 980 objecit

2215 1014 2544 1078 incendium,
2573 1013 2646 1066 ita
2675 1019 2736 1065 ut
2760 1018 3043 1080 putaretur
3077 1016 3187 1063 tota
3217 1006 3409 1062 domus
3436 1003 3809 1072 conflagrare;

2214 1123 2277 1163 ac
2307 1107 2468 1178 digno
2496 1120 2556 1160 se
2586 1103 2773 1168 odore,
2809 1103 2914 1157 hoc
2948 1109 3031 1156 est
3058 1099 3385 1169 sulphureo,
3420 1093 3688 1162 templum
3731 1106 3812 1146 re-

2215 1200 2430 1271 spersit.
2453 1197 2572 1254 Jam
2593 1197 2836 1268 speciosa
2856 1211 2966 1252 suae
2993 1193 3294 1266 praesentia:
3318 1189 3607 1258 meritique
3638 1187 3812 1241 moni-

2214 1299 2397 1345 menta
2444 1288 2737 1361 praeclarus
2791 1286 2880 1342 ille
2930 1284 3152 1357 angelus
3185 1279 3488 1350 dereliquit.
3549 1275 3810 1345 Sequenti

2216 1397 2379 1448 anno,
2408 1381 2596 1436 eadem
2641 1377 3000 1440 solemnitate,
3057 1373 3252 1445 viginti
3300 1381 3358 1426 et
3402 1371 3510 1425 duo
3563 1367 3810 1422 mundati

2216 1482 2362 1530 sunt.
2402 1473 2571 1528 Porro
2602 1471 2761 1526 tertio
2800 1483 2944 1524 anno
2992 1466 3251 1522 tredecim
3291 1477 3323 1517 a
3353 1461 3528 1517 sancti
3558 1459 3665 1513 viri
3697 1471 3810 1513 caeo

2215 1567 2378 1622 nobio
2405 1564 2594 1621 salutis
2621 1561 2815 1633 gaudia
2840 1559 3162 1615 retulerunt.

2288 1656 2406 1720 llis,
2441 1651 2802 1716 ut'arbitror,
2856 1649 3036 1720 legere
3083 1645 3330 1700 volentes
3375 1642 3508 1696 satis
3538 1653 3812 1709 superque

523 1752 752 1814 sissent,
781 1762 1009 1817 eamque
1047 1743 1301 1815 perfacile
1341 1739 1529 1796 alienis
1562 1736 1770 1792 viribus
1817 1727 2112 1798 confregis-
2142 1752 2186 1811 Β
2219 1749 2573 1806 instruximus
2605 1759 2766 1815 quam
2809 1740 2996 1798 efﬁcax
3037 1740 3094 1795 in
3139 1736 3516 1794 sacratissimo
3545 1737 3670 1790 vim
3701 1733 3811 1804 pel-

523 1851 629 1904 set,
652 1839 742 1892 vix
767 1838 935 1892 altera
961 1833 1260 1891 cohibitum
1292 1827 1594 1885 clarissimo
1617 1819 1916 1880 confessori
1952 1817 2112 1872 obtu-

523 1929 704 1995 lerunt
757 1928 1080 1984 curanihun.
1138 1924 1214 1976 lla
1265 1921 1353 1976 diu
1413 1917 1676 1972 fratribus
1752 1926 1851 1981 pro
1926 1905 2110 1963 miseri

524 2020 802 2089 ereptione
825 2016 1183 2078 certantibus,
1200 2011 1432 2082 quadam
1459 2009 1564 2071 die,
1597 2021 1720 2061 cum
1743 2019 1856 2058 rem
1875 2000 2110 2055 divinam

524 2118 773 2181 agerent,
791 2107 878 2162 ille
904 2104 1182 2161 confracta
1203 2111 1394 2157 catena
1418 2097 1662 2169 prorupit
1687 2110 1745 2150 se
1768 2093 1835 2148 ad
1851 2089 2112 2146 tumulum

525 2199 668 2255 sacri
696 2198 986 2262 antistitis;
1038 2203 1095 2250 et
1123 2213 1136 2247 :
1175 2213 1193 2244 ι
1221 2192 1338 2247 Non
1379 2191 1575 2246 videtis
1604 2185 1893 2260 (inquiens)
1922 2183 2113 2238 adver-

524 2289 703 2344 sarios
730 2289 823 2358 qui
861 2302 948 2342 me
970 2285 1072 2340 sibi
1095 2284 1502 2339 vindicaveraut
1533 2289 1593 2334 ut
1641 2279 1692 2331 in
1721 2275 1902 2348 fugam
1931 2287 2112 2328 versos

522 2380 714 2435 beatus
765 2377 1088 2432 Maximinus
1115 2373 1477 2446 persequitur.
1506 2390 1524 2420 ›
1567 2367 1666 2423 Hic
1715 2367 1765 2421 ei
1812 2364 1936 2418 finis
1984 2377 2110 2432 pro-

521 2472 686 2527 cessit
709 2470 874 2542 290
899 2468 1141 2523 insaniae.
1178 2465 1428 2536 Ejusdem
1474 2461 1685 2532 Pippiui
1718 2457 1861 2529 regis
1895 2472 1960 2509 ex
2004 2454 2113 2508 lilia

523 2576 732 2630 nepos,
789 2559 1008 2614 nomine
1057 2557 1426 2620 Cunibcrlus,
1473 2551 1735 2607 atrociter
1789 2565 1819 2602 a
1869 2548 2114 2602 daemone

520 2663 771 2717 vexatus.
826 2651 1013 2707 multis
1062 2658 1190 2705 ante
1236 2648 1368 2703 locis
1426 2644 1757 2709 circumitis,
1807 2640 1999 2695 ultimo
2045 2637 2114 2693 ad

521 2754 771 2800 sanctum
800 2743 978 2798 virum
1017 2740 1335 2813 perductus.
1366 2737 1582 2793 tandem
1609 2735 1678 2790 ab
1704 2749 1767 2790 ea
1808 2739 1959 2804 peste
1987 2745 2114 2802 pur-

524 2845 678 2907 gatus
706 2844 809 2893 est.

1129 2921 1358 2980 CAPUT
1397 2919 1514 2976 XV.

596 3035 663 3090 Et
682 3043 788 3090 uta
810 3035 1037 3105 singulis
1054 3034 1122 3088 ad
1146 3034 1359 3088 turbam
1378 3011 1727 3086 liberatorum
1752 3037 2110 3090 transeamus,

2212 1842 2359 1898 lendi
2390 1839 2612 1912 spiritus
2645 1836 2885 1908 perditos
2931 1832 3201 1904 sitrgratia
3233 1838 3289 1886 et
3317 1831 3559 1885 emineat
3589 1841 3812 1898 semper

2211 1935 2475 2006 potentia.
2519 1931 2789 1988 Caeterum
2837 1928 2884 1984 si
2935 1926 3164 1982 velimus
3201 1931 3256 1979 et
3303 1937 3368 1977 ac
3410 1930 3466 1976 et
3519 1919 3808 1991 multiplici

2212 2025 2442 2080 aliarum
2475 2024 2735 2078 virtutum
2783 2019 2964 2091 specie
2993 2018 3207 2088 quoties
3232 2012 3478 2069 floruerit
3519 2026 3703 2080 usque
3743 2009 3810 2064 ad

2212 2117 2359 2172 hunc
2411 2129 2637 2176 annum,
2683 2127 2791 2183 quo
2834 2109 3145 2172 scribimus,
3188 2105 3292 2161 hoc
3319 2112 3421 2168 est,
3450 2103 3518 2156 ab
3553 2101 3812 2155 incarna-

2212 2208 2359 2261 tione
2398 2203 2610 2260 Domiui
2656 2199 3182 2272 octingentesimum,
3209 2193 3544 2250 tricesimum
3579 2205 3808 2252 nonum,

2212 2295 2332 2366 styli
2362 2293 2540 2348 ofﬁcio
2565 2291 2869 2361 designare,
2902 2302 3000 2342 nec
3050 2285 3268 2340 modum
3313 2281 3436 2337 libri
3477 2279 3808 2342 tenebimus,

2211 2385 2371 2457 291
2399 2394 2454 2439 et
2476 2382 2687 2438 erudito
2707 2375 2898 2436 lectori
2929 2393 3108 2432 minus
3136 2375 3341 2431 erimus
3367 2373 3530 2444 grati,
3557 2371 3690 2427 dum
3737 2369 3808 2424 si-

2213 2477 2359 2533 milia
2392 2475 2705 2544 frequenter
2740 2469 3101 2525 narrabimus.
3147 2465 3205 2520 In
3261 2463 3368 2518 fine
3419 2462 3589 2532 igitur
3633 2459 3809 2514 mstri

2211 2566 2455 2637 opusculi
2483 2566 2536 2620 in
2564 2577 2850 2621 commune
2874 2560 3015 2615 beati
3033 2556 3310 2612 Maximini
3338 2553 3688 2610 clementiam
3716 2550 3808 2604 ila-

2214 2659 2467 2730 gitemus,
2497 2668 2556 2710 ut
2583 2655 2677 2725 qui
2703 2651 2930 2709 subinde
2961 2651 3027 2705 ab
3054 2648 3175 2703 aliis
3206 2645 3556 2701 infirmitates
3600 2638 3808 2712 depulit

2213 2763 2521 2818 corporum,
2547 2745 2716 2800 multo
2743 2743 2914 2814 magis
2943 2741 3178 2796 liberare
3210 2753 3308 2794 nos
3338 2737 3591 2808 dignetur
3624 2749 3656 2787 a
3689 2733 3804 2786 lan-

2215 2841 2472 2911 guoribus
2504 2839 2830 2901 animarum,
2855 2832 3148 2890 ostendens
3186 2831 3350 2887 etiam
3397 2828 3450 2883 in
3500 2828 3606 2882 hac
3655 2834 3808 2895 parte

2213 2941 2476 3003 quantum
2513 2928 2834 3001 praevaleat;
2887 2941 2996 2996 quo
3038 2938 3182 2978 nunc
3211 2928 3558 2993 peccatorum
3589 2916 3804 2972 veniam

2217 3021 2537 3086 consecuti,
2589 3017 2916 3090 quandoque
2967 3014 3112 3070 illius
3159 3011 3384 3083 gloriam
3444 3007 3802 3077 conspicere,

523 3127 794 3197 quondam
826 3125 896 3182 ad
922 3125 1271 3181 festivitatem
1319 3123 1461 3178 beati
1495 3119 1764 3192 pontiﬁcis
1814 3118 2110 3189 (siquidem
2141 3109 2186 3172 C
2218 3113 2514 3187 gaudentes
2563 3111 2729 3166 etiam
2783 3107 3003 3180 propria
3031 3112 3202 3170 sorte,
3237 3115 3572 3176 mereamur.
3605 3097 3800 3152 Amen.

535 3251 3795 3314 Μ

1128 3421 1290 3494 ²θ²
1331 3440 1742 3562 ὛΙΤΑ
1828 3441 2112 3573 ΞΑΝ

2216 3440 2343 3551 ΓΙ
2426 3432 3154 3551 WIGBERTI

1736 3675 1997 3721 ABBATIS
2043 3672 2574 3718 FRITZLARIBNSIS.

1642 3818 2030 3882 AUCTORE
2071 3815 2396 3880 SANCTO
2438 3813 2658 3877 LUPO

597 4086 1087 4145 Reverendissimis
1116 4087 1144 4128 ι’
1195 4083 1377 4142 abbati
1408 4084 1580 4146 Buuo,
1632 4053 1962 4150 cunctisque.
1999 4078 2108 4132 fra-

526 4184 701 4241 tribus
724 4179 862 4250 ejus,
895 4179 1074 4262 Lupus
1100 4179 1384 4249 plurimam
1415 4175 1752 4244 sospitatcm.

595 4271 886 4330 Cunctanti
931 4270 1083 4331 mihi,
1114 4268 1426 4338 viribusque
1471 4266 1704 4337 propriis
1748 4263 2024 4325 dillidenti,
2056 4270 2114 4314 ut

2221 4076 2417 4130 simum
2444 4083 2686 4142 tempore
2708 4083 2815 4141 quo
2841 4081 3018 4124 essem
3035 4061 3482 4133 occupatissimus
3506 4072 3802 4134 peteretur,

2217 4165 2274 4220 ni
2326 4180 2414 4220 me
2457 4163 2713 4226 cbaritas,
2750 4159 2973 4215 remotis
3001 4155 3336 4228 gravissimis
3388 4157 3809 4213 necessitatibus

2218 4256 2380 4322 meis,
2432 4264 2491 4309 ut
2529 4263 2722 4309 vestrae
2776 4251 3036 4306 voluntati
3082 4265 3290 4305 morem
3311 4264 3557 4320 gererem
3584 4267 3806 4320 compu-

533 4367 697 4423 vitam
723 4362 899 4419 sancti
923 4359 1412 4431 Wighcrchtistylo
1436 4355 1884 4426 conerprosequi,
1915 4362 2110 4417 vestra,
2146 4385 2194 4444 ι)
2218 4347 2392 4402 lisset.
2424 4345 2699 4415 Siquidem
2729 4342 2852 4398 huic
2883 4341 2973 4411 qui
3006 4349 3217 4412 pareat,
3249 4340 3361 4394 suis
3394 4341 3675 4408 neglectis,
3724 4343 3804 4397 in-

525 4456 704 4511 dilecti
734 4462 938 4524 patres,
989 4449 1217 4504 extorsit
1263 4448 1541 4502 instantia.
1573 4446 1637 4501 Et
1686 4461 1895 4514 aequum
1939 4443 2115 4497 fuerat

524 4556 581 4602 ut
609 4547 661 4601 iu
689 4541 1118 4601 obstinatissima
1175 4539 1464 4609 negatione
1493 4537 1864 4608 persistercm,
1899 4533 2114 4604 quando

528 4635 597 4689 ad
625 4637 675 4690 id
704 4634 845 4705 quod
889 4647 975 4688 me
1000 4632 1263 4700 imparem
1299 4636 1460 4681 tanta:
1485 4627 1725 4680 materiae
1754 4624 1989 4680 tenuitas
2014 4623 2112 4677 de-

528 4727 640 4784 ficit
670 4726 870 4797 ingenii
905 4724 1140 4780 accessit
1170 4731 1230 4776 ut
1269 4721 1370 4776 hoc.
1397 4734 1535 4789 opus
1564 4733 1594 4773 a
1646 4717 1798 4773 vobis
1835 4733 1900 4772 eo
1948 4716 2115 4786 potis-

601 4871 625 4899 ι
653 4857 802 4913 Hanc
819 4857 992 4913 sancti
1009 4854 1276 4913 Witrberti
1296 4851 1468 4908 Vitam
1491 4853 1748 4907 debemus
1768 4849 1980 4906 erudito
1999 4850 2115 4906 viro

529 4927 720 4983 Joanui
745 4928 954 4989 Busaeo,
979 4920 1296 4997 presbytero
1328 4939 1358 4997 e_
1384 4924 1641 4997 societate
1667 4920 1817 4997 Iesu,
1847 4923 1934 4997 qui
1969 4921 2111 4997 illaut

530 4997 872 5078 anuoolﬁlﬁ
934 4991 1219 5067 Mbguntia:
1277 4995 1446 5050 edidit
1507 5008 1630 5048 eum
1683 4991 1926 5061 epistolis
1979 4992 2114 5046 Iliu-

534 5084 727 5122 cmarl.

603 5138 632 5176 ι)
674 5138 859 5191 Abbati
898 5135 1071 5190 Buno.
1116 5134 1242 5191 Sive
1272 5135 1471 5197 Bruno,
1517 5133 1606 5202 qui
1639 5147 1733 5202 per
1767 5147 1861 5186 eas
1905 5142 2112 5202 tempe~

529 5217 699 5262 states
744 5208 1134 5260 monasterium
1179 5204 1543 5260 llerveldense
1593 5202 1833 5273 regebat,
1871 5202 2112 5271 obiitque

531 5294 675 5358 antro
713 5277 845 5358 ⁸846ζ
879 5285 936 5329 ut
961 5275 1149 5358 scribit
1188 5275 1512 5358 Lamhe‘rtns
1541 5272 2111 5358 .$8Ililftlilblil'gcllsis,

531 5347 622 5427 qui
648 5348 797 5427 prius
824 5346 998 5427 fuerat
1035 5348 1331 5427 monachus
1361 5344 1762 5427 IIerveltletisis.
1799 5363 1816 5393 ι
1840 5342 2002 5403 Bruu,
2034 5343 2113 5395 iu-

528 5414 685 5498 qua,
715 5417 882 5498 abbas
932 5415 1310 5498 iIerveldeusis
1355 5415 1630 5498 ohiit,ncui
1677 5414 1959 5498 Bruuvvart
1989 5429 2114 5498 suc-

529 5481 742 5543 cessit.»
780 5488 949 5541 Antea
985 5495 1188 5549 autem,
1229 5503 1333 5540 una
1365 5502 1485 5541 cum
1517 5486 1742 5540 Rahmio
1765 5485 1957 5539 abbate
1989 5481 2114 5535 Ful-

529 5558 680 5640 ἀεξιξί
711 5559 1058 5640 inchoaverat
1089 5557 1259 5640 mdem
1301 5557 1471 5611 sancti
1501 5556 1764 5640 Wigberti
1802 5553 1940 5623 apud
1979 5553 2113 5640 ρες-

527 5628 782 5697 veldiam,
818 5638 876 5684 nt
927 5629 1069 5683 idem
1093 5626 1422 5697 Lambertus
1449 5625 1612 5697 tradit
1655 5627 1720 5678 ad
1753 5640 1952 5677 annum
1969 5624 2106 5697 _85_l.

535 5717 554 5750 ι
583 5697 727 5754 Brun
769 5693 836 5752 ἐι
883 5698 1067 5782 “Euhan
1127 5696 1353 5750 abbatcs
1408 5696 1814 5749 fundamentum
1868 5693 2110 5747 ecclesiae

2221 4438 2430 4492 terdum
2460 4433 2718 4489 fraternis
2750 4431 3008 4503 prospicit
3023 4429 3342 4485 commodis.
3358 4428 3530 4500 Igitur
3543 4433 3803 4486 succubui

2214 4537 2398 4584 vestro
2430 4525 2676 4596 imperio.
2706 4523 2975 4578 Caeterum
3003 4521 3197 4576 divina:
3241 4520 3347 4574 erit
3397 4520 3702 4577 clementia;
3749 4531 3805 4577 et

2215 4618 2621 4674 intercessionis
2651 4615 2794 4670 beati
2823 4614 2944 4676 viri,
2971 4612 3126 4683 cujus
3151 4622 3302 4683 gesta
3337 4628 3404 4668 ex
3437 4613 3622 4683 aliquo
3651 4625 3804 4686 parte

2216 4714 2526 4784 contingere
2552 4711 2737 4775 statui,
2773 4719 2832 4764 ut
2859 4709 3020 4781 digna
3068 4707 3328 4763 memoria
3353 4707 3520 4777 digno
3545 4723 3803 4762 sermone

2215 4847 2388 4906 sancti
2421 4843 2685 4915 Wigberti
2713 4841 2968 4915 foderunt
3003 4857 3057 4915 vi
3101 4841 3222 4915 Id_us
3255 4839 3404 4905 Julii,
3435 4840 3676 4894 secunda
3727 4838 3803 4894 fe-

2215 4921 2317 4977 ria.
2351 4938 2368 4969 ι
2404 4909 2677 4972 Infectam
2711 4927 2831 4968 eam
2873 4911 3089 4978 reliquit
3135 4909 3353 4964 Bnnus:
3385 4925 3550 4977 quam
3609 4920 3798 4978 postea

2215 4989 2511 5062 perfectam
2544 4984 2813 5062 [tabanus
2845 4999 2910 5036 ex
2953 4979 3149 5062 abbate
3194 4979 3639 5062 arcluepis«:opiis
3661 4979 3799 5062 OM0-

2215 5048 2494 5133 guminus,
2529 5054 2808 5133 dedicavit
2861 5067 3002 5133 anno
3045 5050 3169 5133 850,
3218 5058 3286 5133 ut_
3315 5048 3471 5130 fidem
3500 5048 3801 5133 faci_ti:lem

2217 5119 2404 5185 auctor
2432 5147 2444 5182 :
2481 5119 2506 5178 ἰ
2529 5126 2783 5180 Dedicata
2813 5131 2918 5186 est,
2962 5122 3145 5192 inquit,
3175 5120 3417 5192 ecclesia
3444 5119 3620 5192 sancti
3655 5119 3802 5192 Wigf

2217 5201 2355 5256 berti
2405 5213 2458 5252 v1
2518 5195 2635 5249 Kal.
2693 5193 2979 5248 Novembr.
3027 5187 3058 5244 1.
3105 5191 3331 5245 Rabano
3373 5187 3802 5258 Moguntiacen'si

2217 5269 2674 5350 archiepiscopum
2702 5264 2889 5350 "Blimus
2915 5272 3114 5350 autem,
3143 5270 3202 5350 ut
3224 5261 3276 5342 id
3296 5274 3511 5350 quoque
3531 5257 3799 5322 dicamus,

2216 5328 2530 5397 clarissimis
2556 5328 2841 5389 'natalihus
2891 5342 3042 5385 ortus
3071 5340 3188 5384 erat
3235 5332 3286 5385 in
3319 5328 3557 5390 ‘Suevia,
3617 5338 3803 5381 mona-

2217 5413 2458 5479 chnsque
2480 5406 2726 5479 primum
2758 5404 2859 5458 sub
2891 5401 3154 5479 Bangolfq
3173 5401 3368 5479 abbate
3397 5397 3651 5479 fueratin
3682 5413 3797 5479 tuo:

2215 5467 2452 5535 nastcrio
2478 5467 2750 5538 Fuldeusi,
2775 5483 2829 5527 et
2859 5467 3031 5527 anno'
3054 5471 3158 5527 838
3202 5468 3446 5526 interfuit
3473 5467 3797 5538 dedicationi

2215 5547 2530 5606 monasterii
2576 5536 3002 5612 Ilirsaugieusis,
3032 5553 3092 5598 ut
3120 5541 3274 5597 docet
3295 5539 3653 5612 Trithemius.
3683 5536 3796 5612 Non

2219 5621 2412 5690 injuria
2443 5607 2799 5690 ergoVitam'
2825 5614 2982 5690 istam
3009 5613 3172 5690 _Buno
3201 5609 3384 5668 abbati
3425 5618 3481 5662 et
3524 5607 3800 5663 monachis

2218 5683 2675 5745 llervelaletisibus
2715 5685 2988 5753 inscripsit
3009 5683 3209 5752 Lupus.
