4034 6298
313 424 413 481 681

1545 412 1635 470 DE
1672 409 1831 467 VlTA
1872 410 1930 466 S.
1977 408 2337 465 WlGBERTl.

3470 402 3580 463 (582

312 519 619 595 scribantur
644 540 700 589 et
717 545 840 604 qua
866 529 1167 588 clarissima
1202 534 1329 584 sunt
1353 524 1615 597 qualitate
1636 524 1750 580 suis
1770 537 1894 579 sen-
1920 526 1971 584 Α
1997 519 2207 574 modice
2233 518 2391 583 ferat,
2415 531 2483 572 ac
2511 515 2816 571 meminerit
2838 530 2943 572 non
2968 530 3186 572 carmen
3207 532 3291 571 me
3313 518 3576 586 scribere,

312 626 463 684 sibus
507 624 726 682 incultis
760 623 1064 680 deformata
1112 636 1221 678 non
1273 619 1555 677 horreant.
1607 616 1718 673 Nec
1760 628 1892 671 vero

313 716 565 786 cuiquam
595 715 711 771 hac
733 713 854 770 ideo
868 711 1184 783 iudicentur
1212 709 1426 767 inﬁma
1452 709 1597 781 quod
1620 707 1897 778 octingen-

312 805 511 862 tesimo
524 805 803 878 trigesimo
822 811 977 860 sexto
997 817 1140 859 anno
1166 800 1457 858 Dominica
1481 797 1893 864 incarnationis,

270 928 275 933 ί
313 895 610 953 indictione
660 902 840 951 autem
899 904 1091 966 quarta
1149 892 1379 958 decima,
1442 889 1604 962 293
1657 903 1897 965 prasens

313 986 634 1060 opusculum
656 986 881 1053 cadens,
910 996 1037 1041 ante
1060 983 1355 1054 nonaginta
1378 997 1550 1038 annos
1577 989 1695 1037 acta
1739 995 1895 1052 repe-

315 1087 431 1136 tere
447 1078 654 1146 videar,
683 1093 806 1135 cum
829 1075 1097 1149 profecto,
1127 1075 1174 1133 si
1203 1074 1290 1131 vel
1310 1073 1502 1130 leviter
1519 1084 1601 1129 est
1627 1071 1894 1138 eruditus,

312 1187 422 1229 non
462 1173 676 1244 ignoret
727 1170 1043 1227 Sallustium
1073 1167 1322 1241 Crispum
1352 1166 1643 1238 Titumque
1682 1164 1895 1219 Livium

310 1277 418 1318 non
448 1277 622 1333 pauca
657 1276 781 1333 qua,
804 1260 1021 1317 illorum
1069 1267 1284 1315 atatem
1312 1256 1471 1329 longe
1500 1262 1899 1330 praeesserant

309 1355 510 1426 partim
530 1355 738 1429 auditu,
764 1354 966 1425 partim
989 1352 1222 1409 lectione
1242 1394 1247 1407 ρ
1289 1359 1566 1422 comperta
1625 1363 1893 1415 narrasse,

310 1454 385 1514 et,
399 1454 460 1502 ut
473 1446 540 1503 ad
551 1454 767 1503 nostros
780 1444 1015 1513 veniam,
1029 1443 1416 1515 Hieronymum
1431 1440 1582 1497 Pauli
1600 1440 1681 1497 sui
1697 1440 1896 1506 Vitam,

315 1554 435 1611 qua
470 1548 620 1597 certe
642 1537 1012 1595 remutissima
1050 1535 1248 1601 fuerat,
1270 1534 1469 1590 litteris
1494 1531 1812 1598 illustrasse,
1845 1538 1903 1586 et

271 1648 279 1656 ’
312 1631 611 1688 antistitem
633 1628 980 1685 Ambrosium
1008 1626 1231 1699 virginis
1254 1625 1436 1698 Agnes
1457 1622 1786 1695 passionem,
1811 1619 1899 1676 cui

308 1722 556 1794 profecto
579 1719 999 1791 contemporalis
1026 1733 1133 1774 non
1153 1716 1350 1784 fuerat,
1366 1715 1568 1771 editam
1594 1712 1897 1784 reliquisse.

310 1812 499 1886 Neque
560 1829 697 1870 nova
743 1813 859 1869 hac
890 1814 1019 1878 "est,
1080 1819 1137 1866 et
1179 1825 1301 1882 qua
1332 1806 1461 1865 sola
1507 1805 1901 1877 deprecationis

1997 609 2089 664 ubi
2118 609 2326 680 poetica
2352 608 2569 665 licentia
2587 624 2970 679 nonnunquam
2996 609 3217 664 nomina
3231 609 3575 681 mutilantur,

1997 707 2160 768 atque
2213 699 2281 753 ad
2327 700 2680 754 sonoritatem
2730 698 2961 754 Romani
3008 699 3316 770 diriguntur
3350 700 3576 771 eloquii,

1997 790 2083 844 vel
2133 792 2348 861 penitus
2402 792 2776 860 immutantur,
2818 805 2845 834 ει
2896 794 2990 849 sed
3027 793 3327 860 historiam,
3372 812 3493 867 quae
3520 811 3581 852 se

1998 880 2278 936 obscurari
2304 882 2544 937 colorum
2569 882 2978 954 obliquitatibus
3006 884 3207 940 renuit.
3234 885 3429 942 Verum
3464 885 3581 955 jam

1996 973 2333 1043 propositum
2356 973 2651 1029 ordiamur.

2392 1087 2556 1160 294
2600 1087 2913 1146 (ΖΑνΡιτυιυη
2956 1106 3180 1148 Ριιηιωι.

2077 1176 2321 1245 Qualiter
2366 1176 2603 1233 Saxones
2648 1178 2780 1261 [neti
2809 1181 2928 1303 [sint
2982 1181 3169 1238 incola:
3217 1181 3513 1240 Britannice

2685 1266 2804 1303 tnsu
2827 1267 2892 1303 az.

2685 1266 2892 1306 insula.

2075 1340 2103 1380 ι)
2141 1339 2427 1412 Indigenas
2477 1341 2799 1407 Britannia,
2840 1345 2932 1414 qui
3003 1346 3432 1417 Angli-Saxones
3489 1362 3584 1419 ap.

2000 1431 2302 1504 pellantur,
2346 1434 2413 1489 ab
2455 1435 2536 1489 eis
2601 1433 2693 1503 qui
2742 1433 3048 1491 Germania:
3106 1439 3582 1508 septentrionalem

2005 1530 2237 1579 tractum
2261 1518 2504 1580 incolunt
2532 1524 2837 1579 Saxonibus
2878 1526 3146 1598 originem
3176 1528 3374 1585 ducere
3421 1529 3589 1584 docu-

2004 1617 2203 1673 mentis
2229 1617 2574 1687 approbatur.
2608 1615 2853 1687 Namque
2896 1617 3283 1675 Britannorum
3314 1621 3589 1689 quondam

2005 1726 2104 1766 rex
2133 1722 2156 1751 ε
2184 1710 2533 1781 Wrtigernus
2560 1708 2827 1782 frequenti
2872 1710 3136 1767 bellorum
3168 1712 3435 1778 incendio,
3472 1714 3588 1780 suis

2006 1819 2145 1875 pene
2170 1804 2341 1876 copiis
2372 1803 2705 1874 interceptis,
2734 1820 2762 1857 a
2794 1802 3085 1861 Germania
3122 1821 3390 1862 consensu
3419 1821 3589 1878 popu-

311 1915 485 1981 egeat,
514 1906 782 1978 majorum
807 1904 1158 1977 negligentia,
1211 1902 1420 1960 scilicet
1444 1901 1580 1957 tanti
1625 1900 1727 1957 viri
1757 1899 1899 1956 facta
1927 1891 1976 1953 B
2002 1895 2198 1952 larium
2246 1910 2464 1951 suorum
2492 1895 2859 1950 contrahenda
2890 1897 3101 1951 curavit
3126 1897 3362 1963 auxilia;
3397 1913 3589 1953 accer-

312 2015 424 2056 non
455 2014 575 2056 esse
604 1998 856 2054 mandata
897 1996 1194 2061 memoria,
1225 2010 1348 2050 cum
1374 2009 1480 2049 non
1527 1991 1596 2047 ab
1627 1991 1713 2048 his
1739 1991 1900 2047 modo

312 2090 407 2161 qui
456 2090 601 2146 haud
660 2090 818 2161 longe
855 2095 980 2143 ante
1016 2102 1116 2142 nos
1144 2085 1431 2150 vixerunt,"
1462 2098 1651 2138 verum
1705 2082 1773 2137 ab
1822 2080 1902 2136 eis

310 2180 476 2238 etiam
504 2181 596 2252 qui
622 2195 786 2252 quam
807 2176 1122 2250 longissime
1140 2182 1554 2247 pracesserunt,
1577 2173 1901 2246 gravissima

310 2270 559 2340 quadam
587 2284 873 2341 suppressa
903 2281 1316 2338 cognoscamus.
1360 2264 1595 2321 Proinde
1624 2280 1724 2321 cur
1768 2262 1901 2319 mihi

312 2362 449 2420 ﬁdes
470 2361 764 2435 derogetur
809 2377 917 2417 non
947 2361 1123 2425 video,
1156 2372 1302 2426 cum,
1326 2359 1372 2416 si
1407 2358 1564 2430 culpa
1586 2358 1695 2417 fuit
1721 2358 1902 2414 hacte-

314 2471 417 2512 nus
446 2455 675 2511 virtutes
720 2455 882 2526 bujus
909 2454 1092 2510 eximii
1131 2453 1232 2508 viri
1274 2452 1493 2507 litterali
1520 2467 1630 2508 non
1657 2467 1902 2524 compre-

312 2546 513 2603 hensas
540 2545 736 2614 otiieio,
767 2561 831 2603 ac
849 2544 1093 2617 profecto
1116 2559 1202 2601 me
1215 2560 1374 2612 exuo,
1402 2545 1643 2616 nihilque
1678 2553 1902 2617 prater-

312 2653 475 2709 quam
517 2637 825 2694 firmissime
872 2637 1027 2694 vobis
1066 2644 1339 2707 comperta
1372 2636 1613 2707 mihique
1637 2635 1902 2706 quodam-

313 2731 480 2787 modo
507 2731 780 2801 assignata
811 2729 993 2802 legere
1039 2727 1347 2785 volentibus
1371 2728 1603 2799 praebeo.
1633 2727 1690 2785 Id
1720 2738 1902 2783 autem

314 2837 348 2879 a
374 2823 539 2895 periti
586 2822 962 2880 benevolentia
990 2821 1212 2878 lectoris
1238 2820 1586 2887 obtinuerim,
1632 2827 1695 2875 ut
1729 2818 1903 2875 sicubi

314 2910 494 2971 Latini
548 2915 815 2973 sermonis
861 2913 1058 2970 lenitas
1122 2912 1403 2969 hominum
1438 2911 1751 2968 locorumve
1805 2926 1903 2967 no-

312 3006 550 3064 minibus
603 3005 942 3063 Germanica
986 3003 1181 3076 lingua
1221 3001 1530 3061 vernaculis
1578 3010 1897 3075 asperatur,

389 3218 417 3249 ι
454 3204 558 3263 Sed
600 3205 894 3262 historiam.
933 3223 952 3257 ι
994 3201 1232 3260 Historia
1284 3203 1427 3259 enim
1476 3216 1691 3273 quoquo
1742 3204 1903 3262 modo

318 3277 520 3348 scripta
548 3277 802 3335 delectat.
833 3277 973 3333 Sunt
998 3276 1142 3330 enim
1171 3275 1420 3348 homines
1454 3264 1648 3348 natura
1678 3276 1901 3344 curiosi,
1930 3264 1976 3329 C

315 3358 381 3420 et
400 3344 706 3420 quamlibet
747 3348 906 3420 nuda,
946 3362 1129 3420 rerum
1179 3344 1490 3418 cognitione
1530 3345 1836 3416 capiuntur.
1876 3369 1894 3399 ο

317 3417 578 3490 (Plinius,
613 3418 706 3474 lib.
745 3419 979 3490 v,_epist.
1005 3417 1086 3490 8.)

389 3490 419 3531 δ
461 3488 764 3560 Indigenas.
796 3486 991 3560 Habita
1017 3486 1266 3560 videlicet
1294 3487 1504 3560 ratione
1549 3486 1902 3558 praesentium

317 3558 644 3631 temporum,
672 3568 744 3615 et-
766 3559 890 3631 quia
916 3573 1056 3631 avo“
1073 3558 1203 3631 Lupi
1234 3558 1439 3631 Latina
1467 3558 1667 3631 lingua
1688 3559 1902 3631 puritas

317 3628 546 3687 multum
578 3628 951 3686 descenderat.
977 3628 1191 3699 Alioqui
1215 3630 1360 3684 enim
1390 3628 1655 3699 indigena
1686 3628 1741 3684 hi
1772 3638 1901 3685 sunt

317 3703 414 3772 qui
440 3710 567 3757 ante
593 3715 810 3756 omnem
833 3700 1112 3772 hominum
1138 3700 1457 3772 meritoriam
1482 3701 1646 3772 certis
1671 3700 1724 3754 in
1743 3701 1903 3772 terris

317 3767 723 3836 habitaverunt,
776 3770 1103 3840 minimeque
1147 3767 1374 3824 aliarum
1402 3770 1643 3840 gentium
1694 3769 1900 3840 adven-

318 3843 465 3899 tibus
489 3850 545 3899 ct
574 3840 823 3911 hospitiis
852 3839 1029 3911 mixti
1062 3846 1208 3904 sunt,
1244 3848 1305 3894 ut
1342 3839 1557 3911 nionuit
1600 3839 1819 3911 Tacitus
1848 3841 1902 3895 in

317 3913 500 3969 libello
524 3914 593 3968 de
615 3908 853 3967 Moribus
880 3908 1293 3966 Germanorum.
1339 3909 1408 3963 Et
1433 3909 1485 3963 in
1508 3908 1784 3980 Agricola,
1809 3911 1903 3965 ubi

318 3983 574 4055 loquitur,
600 3983 668 4038 de
694 3981 997 4055 Britannia,
1048 3980 1327 4055 indigenas
1368 3979 1591 4055 opponit
1638 3979 1900 4037 advectis.

316 4049 505 4125 Itaque
534 4053 822 4125 sistricto
871 4049 1266 4125 iureagam'us,
1295 4049 1758 4125 Anglo-Saxones
1792 4066 1898 4125 non

318 4120 479 4181 erant
505 4124 791 4196 indigena,
819 4122 915 4179 sed
941 4120 1172 4196 ad_véeti.
1204 4120 1480 4196 Classibus
1511 4120 1654 4196 enirn
1692 4120 1903 4196 advecti

317 4204 506 4259 erant,
560 4191 646 4250 ut'
680 4201 833 4265 patet
879 4207 948 4248 ex
992 4192 1137 4248 Beda
1188 4200 1245 4247 et
1288 4191 1502 4248 caeteris
1550 4191 1906 4263 scriptoribus

317 4266 529 4339 Anglis.

397 4332 436 4376 θ’
461 4334 816 4407 Wrtigernus.
838 4333 972 4407 Cum
999 4334 1239 4407 undique
1263 4349 1295 4407 a
1315 4332 1478 4407 calo,
1493 4341 1550 4389 et
1575 4333 1644 4390 ab
1663 4332 1903 4407 Oceano,

319 4417 436 4464 tum
460 4405 622 4462 etiam
647 4422 677 4460 a
702 4415 868 4473 terra,
903 4406 1159 4461 nimirum
1186 4421 1215 4459 a
1237 4405 1430 4476 piratis
1457 4413 1514 4460 et
1542 4405 1903 4476 pradonibus,

325 4476 666 4548 gravissimis
701 4477 865 4548 malis
907 4475 1082 4548 affecti
1133 4485 1315 4548 essent
1359 4475 1626 4548 Britanni,
1662 4476 1907 4548 «Placuit

323 4545 577 4605 omnibus
605 4546 813 4620 (inquit
838 4546 983 4620 Beda
1025 4546 1119 4601 lib.
1171 4563 1188 4602 ι
1238 4547 1376 4620 Hist.
1407 4545 1589 4618 Angl.,
1620 4562 1741 4618 cap.
1788 4546 1902 4620 14,)

2005 1988 2203 2058 sitique
2230 1989 2297 2043 ab
2324 2003 2388 2043 eo
2417 1987 2691 2044 Saxonum
2716 1989 3005 2056 exercitus,
3031 1991 3257 2061 trajectu
3286 1992 3423 2046 mari
3440 1991 3586 2062 quod

2004 2080 2189 2138 Gallia
2239 2080 2641 2154 Britanniaque
2678 2083 3029 2153 praetenditur
3068 2084 3358 2153 littoribus,
3394 2085 3418 2125 ἀ
3455 2102 3589 2143 con-

2005 2175 2230 2231 sistendi
2288 2175 2408 2232 loco
2457 2177 2512 2232 in
2561 2176 2812 2232 orientali
2859 2186 3014 2248 parte
3061 2177 3248 2234 insula
3288 2194 3317 2233 a
3363 2179 3593 2249 prafato

2004 2283 2131 2340 rege
2158 2278 2401 2340 accepto,
2429 2270 2672 2341 pralium
2703 2285 2829 2325 mox
2853 2287 2975 2326 cum
3001 2279 3024 2308 °
3049 2271 3376 2328 adversariis
3399 2290 3592 2331 conse-

2005 2371 2250 2427 ruerunt,
2279 2371 2334 2417 et
2362 2378 2455 2418 eos
2482 2362 2608 2433 fuga
2635 2363 2855 2434 impune
2883 2363 3154 2419 fuderunt.
3180 2364 3335 2433 Quod
3359 2366 3449 2421 ubi
3476 2368 3592 2424 suis

2004 2467 2069 2508 ac
2119 2453 2279 2509 simul
2323 2454 2623 2510 ubertatem
2675 2454 2864 2510 insula
2912 2456 3252 2523 nuntiarunt,
3286 2457 3306 2496 ί
3360 2459 3592 2515 validior

2006 2562 2199 2604 manus
2250 2554 2582 2602 armatorum
2630 2546 2757 2602 illuc
2787 2547 2962 2602 denuo
2994 2549 3159 2605 missa
3189 2559 3273 2604 est
3299 2568 3313 2615 ;
3344 2566 3408 2605 ac
3432 2553 3591 2609 sedes

2004 2653 2036 2691 a
2061 2636 2337 2691 Britannis
2367 2651 2430 2691 ea
2458 2635 2765 2691 conditione
2803 2638 2977 2692 sortiti
3003 2647 3132 2693 sunt
3178 2647 3236 2693 ut
3265 2639 3339 2695 illi
3371 2642 3591 2710 quidem

2005 2728 2216 2783 tuendae
2243 2726 2431 2798 patriae
2457 2726 2707 2783 solertius
2726 2727 3091 2798 invigilarent,
3120 2729 3388 2803 indigena
3407 2743 3591 2789 autem

2006 2820 2272 2891 stipendia
2333 2820 2688 2876 militantibus
2753 2824 3068 2893 penderent.
3127 2823 3241 2881 Hac
3303 2828 3594 2887 occasione

2006 2928 2258 2986 magnam
2303 2922 2510 2985 partem
2538 2912 2730 2969 insula
2755 2913 3031 2971 Saxonum
3077 2917 3156 2973 vis
3206 2918 3359 2976 brevi
3410 2921 3589 2992 spatio

2008 3004 2271 3076 temporis
2297 3004 2532 3075 propria
2555 3005 2759 3062 ditione
2780 3006 3011 3078 subegit.

2009 3208 2199 3265 classis
2227 3206 2486 3277 prolixior
2509 3214 2860 3269 armatorum,
2904 3204 3085 3263 ferens
3130 3222 3348 3265 manum
3392 3210 3592 3268 fortio-

2007 3296 2143 3346 rem,
2174 3294 2295 3350 qua
2327 3278 2625 3350 pramissa
2650 3277 2907 3347 adjuncta
2940 3279 3175 3345 cohorti,
3222 3280 3592 3339 invincihilem

2004 3350 2135 3431 fecit
2157 3348 2475 3431 exercitum.
2524 3348 2904 3431 susceperunt
2931 3363 3062 3431 ergo
3088 3352 3214 3431 Aqui.
3239 3352 3596 3431 advenerant,

2004 3421 2334 3494 donantibus
2355 3418 2646 3494 Britannis,
2683 3418 2874 3494 locum
2892 3418 3249 3477 habitationis
3272 3421 3421 3494 inter
3446 3439 3544 3480 eos
3573 3418 3593 3494 ᾗ

2005 3508 2067 3548 ea
2091 3491 2420 3557 conditione,
2444 3498 2505 3562 ut
2535 3490 2586 3544 hi
2618 3505 2716 3562 pro
2740 3490 3099 3562 pntriapace
3122 3501 3178 3546 et
3207 3492 3379 3549 salute
3401 3490 3595 3552 contra

2005 3562 2344 3618 adversarios
2395 3560 2713 3626 militarent,
2756 3560 2832 3615 illi
2877 3560 3235 3617 militantibus
3277 3563 3456 3619 debita
3482 3568 3594 3621 'sti-

2003 3633 2199 3704 pendia
2226 3631 2554 3704 conferrent.
2580 3631 2932 3704 Advenerunt
2959 3639 3139 3704 autent
3171 3634 3239 3688 de
3265 3635 3439 3704 tribus
3457 3634 3595 3690 Ger-

2004 3700 2198 3758 inania
2242 3702 2464 3772 populis,
2480 3700 2837 3772 fortioribus,
2881 3700 2935 3755 id
2963 3709 3048 3772 est
3101 3700 3431 3770 Saxonibus,
3486 3706 3595 3761 An-

2005 3773 2106 3852 glis
2130 3814 2144 3837 ,
2175 3769 2334 3852 Vitis:
2386 3792 2405 3824 ι
2451 3770 2724 3826 Hactenus
2766 3769 2931 3852 Beda.
2964 3771 3232 3852 Prosper;
3253 3769 3455 3839 tamen,
3508 3776 3594 3852 vir

2006 3841 2221 3899 illorum
2254 3850 2581 3911 temporum,
2613 3856 2722 3897 non
2750 3841 3040 3898 advocatos
3087 3841 3165 3896 ait
3199 3843 3461 3909 Saxones,
3494 3847 3594 3902 sed

2005 3922 2241 3985 tantum,
2280 3911 2632 3985 «Britannias
2677 3927 2849 3985 usque
2899 3913 2967 3968 ad
3026 3913 3394 3985 noctempus
3427 3917 3595 3972 variis

2007 3984 2251 4041 cladibus
2279 3983 2666 4052 eventibusque
2719 3982 3007 4049 laceratas,
3045 3984 3101 4038 in
3131 3982 3391 4041 ditionem
3421 3985 3595 4043 Saxo-

2006 4070 2137 4127 num
2180 4056 2429 4127 redactas
2471 4068 2632 4127 esse!
2682 4053 2890 4127 decimo
2934 4063 3125 4127 octavo
3178 4070 3321 4127 anno
3379 4057 3595 4127 imperii

2008 4124 2295 4182 Theodosii
2318 4124 2563 4196 Augusti.
2599 4123 2730 4196 Qua
2750 4124 2915 4180 verba
2948 4125 3131 4181 dicere
3151 4126 3401 4183 videntur
3421 4123 3596 4185 Saxo-

2006 4211 2104 4252 nes
2146 4196 2200 4251 vi
2246 4194 2524 4250 Britannia
2568 4194 2769 4260 potitos
2794 4209 2934 4260 esse,
2980 4206 3036 4252 et
3064 4197 3393 4254 conﬁrmant
3453 4201 3596 4256 scri-

2007 4267 2249 4351 pugnem
2283 4264 2510 4322 Galfridi
2541 4264 2983 4351 nlonumetensis,
3023 4267 3116 4351 qui
3165 4269 3595 4351 memoriapro-

2008 4335 2142 4395 didit
2185 4335 2428 4410 Saxones
2454 4335 2777 4410 applieuisse
2826 4336 2879 4391 in
2904 4335 3171 4410 Cantiam,
3194 4340 3275 4410 ead
3322 4335 3598 4410 Vortiger-

2008 4424 2135 4465 num
2165 4407 2479 4472 accessisse,
2513 4407 2873 4478 invitatosque
2902 4409 3163 4465 adversus
3191 4408 3394 4477 Pictos,
3416 4407 3593 4466 victo-

2007 4481 2147 4535 riam
2172 4479 2494 4551 Vortigerno
2517 4479 2815 4551 peperisse.

2081 4562 2105 4591 ο
2145 4548 2496 4620 Adversarii;
2520 4548 2577 4620 Id
2598 4559 2683 4605 est
2707 4548 2890 4614 Pictis,
2932 4550 3021 4620 qui
3064 4550 3134 4607 ob
3164 4550 3323 4606 istam
3350 4551 3578 4607 occasio-

320 4635 448 4675 cum
489 4632 586 4673 suo
604 4615 741 4699 grege
768 4615 1115 4699 Vontigerno,
1153 4626 1211 4672 ut
1245 4615 1525 4699 Saxonum
1579 4615 1796 4699 gentem
1836 4615 1903 4699 de
1928 4627 1981 4688 ι)
2007 4638 2130 4699 nem
2186 4619 2743 4699 bellum_Vortigerno
2791 4615 3196 4699 intuler.ant,.ut
3243 4621 3297 4676 in
3350 4622 3488 4699 libro
3511 4639 3581 4699 vi,

322 4686 710 4744 transmarinis
743 4686 988 4758 partibus
1031 4686 1083 4742 in
1133 4688 1392 4742 auxilium
1438 4686 1713 4755 vocarent,
1761 4689 1904 4758 quod

322 4759 539 4816 Domini
555 4767 687 4814 nutu
698 4757 1017 4828 dispositum
1038 4772 1160 4813 esse
1172 4766 1407 4821 constat,
1425 4765 1484 4811 ut
1498 4757 1704 4813 veniret
1714 4757 1905 4814 contra

321 4830 602 4956 impr-{obus
621 4829 844 4897 malum,
872 4830 1014 4886 sicut
1037 4828 1338 4885 evidentius
1364 4842 1544 4884 rerum
1572 4828 1751 4884 exitus
1776 4843 1905 4899 pro-

361 4917 449 4955 avr
479 4939 495 4955 .
526 4919 547 4954 ι
760 4915 769 4925 ο

361 4901 495 4955 avit.
526 4919 547 4954 ι
760 4915 769 4925 ’

394 4969 424 5011 ιι
461 4970 789 5028 Consiotendi
817 4972 951 5026 loco.
980 4969 1081 5026 Hie
1109 4968 1293 5040 Lupus
1311 4968 1661 5040 transcripsit
1678 4969 1905 5036 Bedam,

394 4985 424 5011 ιι
461 4985 789 5028 consistendi
817 4985 951 5026 loco.
980 4985 1081 5026 me
1110 4985 1293 5040 Lupus
1311 4985 1654 5092 transcursu
1678 4985 1905 5036 uenam,

320 5041 480 5123 cuius
502 5057 568 5098 ea
589 5051 716 5123 sunt
736 5044 900 5123 verba
926 5042 978 5095 in
990 5041 1167 5123 eapite
1187 5041 1257 5123 15_
1283 5039 1522 5123 ejusdem
1541 5109 1553 5120 _
1569 5039 1701 5095 ibri:
1724 5040 1908 5123 «Anno

322 5109 403 5168 ab
442 5114 814 5169 incarnatione
858 5109 1073 5167 Domini
1117 5109 1649 5181 quadringentesimo
1675 5112 1909 5180 quadra-

324 5183 533 5257 gesimo
582 5199 745 5250 nono,
776 5183 1075 5257 Martianus
1101 5180 1225 5237 cum
1259 5180 1637 5257 Valentiniano
1676 5181 1911 5250 quadra-

325 5251 571 5327 gesimus
591 5255 872 5327 sextusgab
899 5255 1141 5327 Augusto
1169 5265 1393 5327 regnum
1420 5251 1665 5327 a_deptus,
1702 5260 1910 5321 septem

326 5320 502 5380 annos
527 5326 718 5381 tenuit.
763 5324 916 5380 Tunc
959 5320 1253 5394 A'ugloguni
1288 5321 1402 5394 sive
1431 5320 1706 5394 Saxonum
1736 5320 1908 5394 Agens,

325 5396 554 5475 invitata
600 5413 647 5475 a_
668 5411 795 5475 rege
840 5390 1085 5475 pralato,
1130 5390 1480 5475 Britanniam
1521 5391 1703 5475 tribus
1736 5390 1911 5475 longis

329 5465 560 5521 navibus
583 5461 890 5533 advehitur,
919 5474 977 5522 et
1002 5464 1058 5519 in
1085 5462 1339 5520 orientali
1358 5472 1520 5534 parte
1565 5461 1775 5529 insula,
1821 5461 1910 5532 ju-

326 5536 493 5591 bente
512 5538 703 5592 eodem
733 5553 876 5609 rege,
909 5536 1097 5609 locum
1117 5533 1390 5598 manendi,
1419 5534 1570 5604 quasi
1601 5548 1702 5604 pro
1736 5534 1909 5609 patnia

369 5616 651 5676 ugnatura,
668 5621 727 5662 re
739 5604 918 5662 an'tem
933 5619 1062 5662 vera
1084 5607 1226 5661 hanc
1240 5614 1637 5676 expugnatura,
1651 5604 1905 5676 suscepit.

354 5674 468 5749 nilo
488 5692 620 5749 ergo
640 5677 936 5734 certamine
958 5690 1083 5749 cum
1110 5674 1380 5749 hostibus,
1400 5674 1501 5744 qui
1529 5676 1597 5730 ab
1643 5675 1909 5749 Aquilone

331 5747 402 5803 ad
429 5745 602 5804 aciein
635 5757 919 5814 venerant,
968 5747 1255 5803 victoriam
1299 5759 1587 5814 sumpsere
1640 5745 1904 5801 Saxones.

329 5818 612 5885 Quod-ubi
651 5820 795 5876 domi
823 5817 1130 5874 nuntiatum
1158 5824 1262 5881 est,
1293 5815 1452 5871 simul
1486 5825 1544 5871 et
1572 5816 1760 5873 insula
1799 5815 1907 5881 fer-

331 5888 525 5960 tilitas,
553 5906 619 5949 ac
638 5890 867 5965 segnitia
898 5888 1206 5954 Britonum,
1242 5886 1477 5944 mittitur
1502 5886 1790 5946 confestim
1813 5886 1905 5945 illo

769 5984 1044 6045 PATROL.
1076 5979 1304 6045 CXIX.

2015 4694 2174 4748 docet
2200 4689 2475 4746 Gall‘ridus
2504 4689 2944 4746 Monutnetcnsis.
2979 4690 3353 4761 Vortigernus,
3398 4693 3595 4749 noliilis
3690 4750 3694 4754 Α

2013 4762 2352 4829 Britannus,
2405 4771 2691 4833 postquam
2744 4761 3095 4833 Constantem
3143 4776 3211 4815 ex
3247 4765 3592 4833 monasterio

2014 4835 2307 4890 abductum
2338 4831 2636 4887 in'throno
2675 4831 3055 4897 collocaverat,
3106 4831 3332 4895 occultis
3384 4834 3593 4890 artibus

2015 4904 2132 4976 ejus
2163 4904 2364 4976 eadem
2411 4903 2726 4976 procuravit
2747 4921 2766 4976 :_
2804 4918 2925 4976 qua
2953 4911 3170 4972 peracta
3215 4913 3300 4976 est
3334 4918 3366 4976 a
3400 4903 3591 4969 Pictis,

2056 4971 2154 5031 uos
2178 4975 2246 5029 ad
2267 4971 2569 5029 custodiam
2599 4972 2855 5042 principis
2876 4971 3195 5027 evocaverat
3219 4971 3589 5042 Vortigernus.

2056 4991 2154 5031 UOS
2178 4991 2246 5029 au
2267 4991 2569 5029 cus'tomam
2599 4991 2855 5042 pl'lllClplS
2876 4991 3195 5027 evocaverat
3226 4991 3589 5042 vorttgernus.

2015 4991 2245 5101 glemoto
2264 5043 2576 5107 Constante,
2613 5043 2964 5113 Vortigernus
3011 5058 3191 5113 regem
3225 5057 3284 5098 se
3332 5042 3489 5112 fe‘cit;
3538 5054 3596 5100 et

2015 5126 2274 5186 tanquam
2295 5114 2594 5186 eparticeps
2649 5112 2997 5186 noanuisset
3048 5112 3211 5186 cadis
3258 5113 3591 5186 Constantis,

2014 5181 2265 5245 custodes
2294 5181 2475 5240 Pictos
2503 5181 2732 5255 interfici
2762 5181 2946 5255 jussit,
2980 5183 3313 5255 munimento
3354 5184 3408 5238 in
3451 5193 3595 5254 pra-

2013 5273 2161 5322 sens,
2209 5256 2456 5327 exemplo
2487 5256 2557 5327 in
2602 5252 2863 5327 futurum.
2902 5254 2972 5327 ~ld
3016 5253 3255 5325 graviter
3298 5262 3361 5327 et_
3406 5252 3595 5325 iniquo

2013 5329 2193 5383 animo
2221 5323 2456 5382 tulerunt
2485 5324 2659 5396 Picti;
2688 5323 3176 5396 gravissimumque
3221 5340 3285 5380 ea
3314 5324 3403 5396 Ade
3427 5323 3595 5381 causa

2012 5398 2212 5454 bellum
2237 5398 2543 5469 excitarunt
2570 5393 2828 5450 adversus
2840 5393 3261 5469 _V'ortigernum,_
3293 5394 3597 5469 dum_suo-

2015 5484 2137 5525 rum
2180 5468 2381 5523 eadem
2427 5466 2776 5521 ulciscuntur.
2836 5464 2980 5522 Sane
3021 5464 3233 5520 fortuna
3256 5464 3378 5535 'pro
3425 5465 3596 5535 Pictis

2016 5540 2205 5603 stetit;
2240 5539 2409 5593 donec
2440 5535 2803 5601 advenientes,
2828 5546 2889 5591 ut
2914 5537 3176 5603 diximus,
3208 5533 3473 5603 Saxones,
3512 5533 3595 5592 af-

2015 5608 2518 5680 ﬂictas‘Vurtigerni
2542 5622 2631 5662 res
2653 5608 3026 5680 restituerunt.

2092 5679 2112 5717 ί
2166 5674 2402 5733 ναιὶἀὴὸὶ
2436 5693 2648 5733 manus.
2686 5677 2881 5733 Decem
2929 5687 2985 5733 et
3023 5687 3147 5735 octo
3199 5694 3365 5734 naves
3405 5674 3594 5733 electis

2015 5748 2274 5879 militibus
2291 5750 2480 5822 plenas
2502 5759 2759 5806 tum'esse
2787 5748 3079 5806 conductas
3108 5758 3297 5805 narrat
3318 5745 3594 5803 Calfridns

2037 5839 2050 5877 ι
2095 5860 2109 5878 .
2140 5837 2217 5879 vr.
2247 5837 2370 5879 can.
2398 5837 2496 5876 xu.

2037 5837 2109 5879 ID.
2140 5837 2217 5890 vr,
2247 5837 2370 5893 cap.
2398 5837 2496 5898 xtl.

3236 5975 3316 6036 22
