4034 6298
490 421 590 476 687

1491 423 1552 477 Β.
1595 421 1653 477 S.
1697 420 1856 478 LUPI
1894 416 2188 474 ABBATIS
2225 415 2740 490 FERRARIENSIS

3667 420 3774 476 688

493 553 593 602 Suo
627 544 782 615 lapsu
816 537 1469 612 sedentibusgratissiiuze
1498 535 1740 607 porticus
1769 540 1908 589 tecta
1937 546 2076 604 prae-
2097 538 2156 598 Α
2181 531 2471 587 instertitio
2507 530 2739 587 salutem
2771 528 2950 594 tueri,
2979 542 3104 583 ossa
3133 527 3276 582 beati
3303 527 3404 582 viri
3435 527 3503 582 ad
3535 529 3620 582 sui
3657 545 3774 583 inu-

493 637 708 695 herent.

1031 694 1188 798 301
1239 724 1428 780 CAPIT.
1469 721 1538 776 Χ.

853 819 1010 910 Quali
1033 820 1138 888 ﬁne
1159 818 1409 872 mundum
1433 813 1715 885 reliquerit.

561 933 936 991 Perseveravit
981 941 1160 988 autem
1206 932 1396 986 beatus
1415 924 1798 998 Wigberchtus
1843 927 1900 978 in
1932 937 2074 994 prte-

491 1025 605 1081 fato
640 1024 974 1080 monasterio
1000 1023 1196 1079 divinis
1236 1022 1552 1076 ministrans
1590 1015 1899 1088 praeceptis,
1938 1014 2077 1070 obli«

493 1130 734 1186 quosque
779 1129 994 1184 semper
1032 1121 1312 1168 aversatus
1355 1122 1575 1174 mores;
1597 1107 1773 1178 quoad
1808 1105 1957 1159 illum
1990 1103 2073 1157 (li-

491 1206 617 1260 vina
647 1205 859 1261 vacatio
886 1203 1118 1259 vinculis
1159 1201 1467 1257 carnalibus
1513 1199 1790 1254 liberaret.
1828 1194 1920 1252 Sic
1946 1209 2072 1265 gra-

489 1298 640 1380 viori
668 1295 1008 1367 praecedente
1045 1295 1301 1365 languore
1342 1292 1409 1347 ad
1433 1290 1717 1361 praesentis
1745 1288 1871 1342 vita;
1903 1295 2076 1380 metas

489 1375 836 1461 perveniens,
862 1399 889 1428 ι
912 1387 1052 1442 diem
1077 1385 1231 1451 obiit,
1261 1396 1589 1453 consorsque
1617 1387 1929 1436 sanctorum
1949 1375 2074 1433 effe-

494 1487 616 1534 ctus
643 1486 747 1534 881..

1122 1568 1308 1624 CAPIT.
1356 1565 1444 1620 Xl.

600 1660 756 1728 Quod
778 1661 886 1715 avis
906 1657 1260 1729 pulcherrima
1281 1671 1436 1736 super
1467 1651 1830 1723 corpusculum
1852 1648 1964 1718 ejus

1155 1737 1416 1780 apparuit.

1155 1744 1416 1799 apparuit.

561 1848 762 1903 Verum
803 1847 938 1901 hora
978 1844 1156 1899 exitus
1193 1841 1336 1896 illius
1379 1837 1752 1894 admirationis
1791 1835 1949 1906 plena
1981 1849 2069 1890 res

493 1940 704 2012 obtigit.
757 1937 1244 1994 Circumstantibus
1296 1933 1589 1996 fratribus,
1646 1931 1762 1985 visa
1819 1936 1904 1984 est
1955 1927 2071 1981 avis

493 2032 764 2104 quaedam,
801 2031 979 2102 specie
1010 2027 1393 2100 pulcherrima,
1423 2039 1584 2094 supra
1620 2021 1737 2090 ejus
1780 2035 2074 2090 corpuscu-

492 2123 606 2177 lum
651 2131 732 2176 ter
778 2119 1098 2185 advolasse,
1152 2131 1524 2186 nusquamque
1585 2114 1812 2184 posthac
1855 2127 2075 2181 compa-

492 2215 690 2281 ruisse,
715 2228 879 2283 quam
908 2211 1072 2266 fuisse
1097 2209 1355 2264 indicium
1380 2209 1504 2262 vitae
1531 2206 1673 2262 illius
1708 2204 2074 2263 mundissimae

490 2307 704 2363 cunctis
727 2304 1038 2362 hauddubie
1061 2303 1323 2359 constitit.

1158 2430 1304 2470 APIT.
1346 2413 1458 2469 XII.

1112 2415 1304 2472 CAPIT.
1346 2415 1458 2469 XII.

494 2492 498 2498 1
525 2514 604 2570 De
627 2511 1001 2583 multiplicibus
1033 2509 1194 2580 signis
1215 2508 1284 2563 ad
1306 2506 1565 2562 tumulant
1598 2505 1744 2561 illius
1788 2504 2031 2576 patratis.

492 2609 531 2626 ’μ
558 2625 657 2682 Est
683 2632 866 2680 autem
919 2622 1083 2678 situm
1130 2636 1327 2691 corpus
1367 2619 1508 2675 illius
1537 2627 1663 2674 ante
1705 2617 1988 2674 ecclesiam
2018 2615 2073 2670 in

489 2713 1076 2775 conditoriobnullius
1122 2711 1452 2777 ambitionis,
1499 2711 1681 2782 ibique
1732 2725 1827 2780 per
1872 2708 2109 2776 aliquot.

489 2824 662 2866 annos
707 2806 934 2878 quievit,
976 2804 1066 2858 ubi
1114 2804 1200 2857 vix
1253 2802 1511 2858 credibile
1551 2801 1714 2856 fuerit
1754 2810 1885 2872 quot
1910 2799 2072 2870 302

493 2903 817 2976 quantisque
861 2899 1005 2954 hunc
1047 2897 1222 2952 virum
1263 2897 1446 2952 divina
1494 2897 1671 2967 pietas
1715 2895 2074 2953 illustraverit

489 2994 690 3066 signis;
730 3007 870 3062 quin.
905 2990 1029 3044 licet
1074 2988 1281 3044 incuria
1330 2987 1528 3043 litteris
1567 2988 1793 3060 allegata
1838 3003 1946 3043 non
1995 2995 2074 3041 te-

494 3093 748 3147 neantur,
781 3079 983 3152 passim
1010 3087 1191 3135 tamen
1220 3077 1456 3149 vulgata,
1489 3080 1714 3133 necdum
1740 3077 2069 3133 obsolevere.

487 3176 666 3244 Atque
699 3173 842 3238 ideo,
883 3170 1134 3227 brevitati
1172 3172 1419 3238 studens,
1448 3172 1642 3227 horum
1678 3172 1923 3242 quaedam
1950 3185 2074 3224 nar-

2097 1897 2148 1957 B

2176 621 2477 677 nimentum
2519 621 2576 678 in
2615 621 2872 692 oppidum
2909 617 3284 674 transferenda
3317 629 3606 684 curarunt,
3635 635 3774 689 pra:-

2176 712 2364 768 sertim
2416 712 2559 782 quod
2598 717 2919 767 vererentur
2957 725 3024 764 ne
3064 709 3340 765 Saxonum
3390 710 3605 765 insania
3652 710 3773 766 vio-

2175 801 2322 858 landi
2354 802 2586 874 sepulcri
2612 809 2854 858 sumeret
2875 801 3110 872 copiam.
3140 799 3252 856 Nec
3280 809 3462 858 tamen
3493 817 3562 858 ea
3593 809 3772 857 trans-

2175 893 2307 952 latio
2334 894 2498 952 facile
2521 894 2826 950 volentibus
2855 894 3125 950 constitit.

2680 1007 2842 1079 303
2883 1005 3072 1064 CAPIT.
3115 1005 3254 1064 XIV.

2445 1099 2523 1155 De
2545 1099 2851 1172 diﬁicultate
2871 1100 3232 1156 translationis
3255 1101 3510 1172 ejusdem.

2247 1210 2488 1284 Namque
2515 1213 2808 1269 comitante
2852 1214 3078 1269 immani
3123 1214 3487 1283 multitudine,
3543 1231 3670 1272 eum
3723 1214 3773 1270 in

2176 1303 2369 1358 vallem
2403 1319 2509 1358 non
2537 1303 2672 1359 adeo
2697 1305 3012 1374 depressam
3039 1313 3257 1361 ventum
3294 1316 3440 1361 esset
3463 1321 3586 1376 qua:
3609 1305 3778 1361 exad—

2174 1408 2392 1449 versum
2422 1401 2505 1448 est
2531 1394 2746 1464 oppido,
2789 1395 2976 1466 ibique
3004 1410 3193 1452 sacros
3230 1397 3466 1464 cineres,
3493 1396 3775 1467 paululum

2176 1484 2431 1554 quieturi,
2455 1484 2846 1554 deposuissent,
2873 1502 2938 1542 ac
2963 1503 3087 1543 mox
3110 1503 3218 1558 quo
3238 1496 3515 1559 coeperant
3547 1495 3774 1542 conten-

2122 1643 2126 1646 .
2176 1574 2304 1630 dere
2325 1583 2714 1646 prtepararent,
2746 1576 2992 1632 mirabile
3020 1577 3190 1643 dictu,
3215 1587 3452 1649 gravata:
3478 1587 3606 1633 sunt
3637 1591 3775 1646 quas

2075 1679 2084 1689 '
2177 1665 2440 1722 hactenus
2475 1666 2778 1722 detulerant
2825 1667 3088 1738 reliquiae,
3123 1683 3222 1724 nec
3250 1683 3344 1723 eas
3370 1667 3474 1722 fuit
3502 1667 3625 1723 loco
3652 1683 3773 1722 Ino-

2177 1759 2290 1812 veri
2332 1757 2580 1814 facultas.
2629 1759 2768 1814 Hinc
2813 1761 3166 1825 consternati,
3208 1761 3487 1830 satiusque
3530 1759 3637 1813 sibi
3679 1760 3777 1814 du-

2177 1860 2360 1908 centes
2381 1863 2625 1908 extrema
2659 1851 2768 1908 illic
2797 1854 3032 1923 experiri
3060 1869 3224 1924 quam
3250 1853 3306 1909 in
3332 1853 3556 1923 ancipiti
3585 1861 3774 1922 patro—

2177 1962 2304 2002 num
2332 1946 2655 2015 relinquere,
2691 1946 2908 2002 tandem
2943 1946 3354 2002 instantissimis
3382 1945 3640 2017 precibus
3669 1944 3774 1998 Do-

2175 2038 2309 2093 mini
2357 2037 2677 2094 sententiam
2728 2035 3006 2092 flectentes
3045 2038 3432 2102 obtinuerunt,
3466 2050 3533 2091 ac
3571 2034 3776 2090 feretro

2175 2146 2386 2188 summa
2414 2130 2651 2187 relevato
2678 2128 2954 2194 facilitate,
2993 2138 3118 2184 voto
3145 2127 3302 2200 potiti
3332 2136 3479 2184 sunt.

2790 2240 2980 2297 CAPIT.
3023 2239 3142 2295 XV.

2511 2331 2589 2388 De
2612 2330 2832 2387 candela
2853 2332 2908 2386 in
2929 2331 3146 2402 ﬂuvium
3165 2332 3422 2387 demersa.

2243 2427 2370 2483 Fuit
2410 2425 2513 2481 hoc
2562 2425 2727 2480 etiam
2773 2424 2984 2495 insigne
3038 2425 3384 2489 miraculum,
3437 2424 3582 2495 quod
3636 2424 3765 2479 dum

2173 2520 2372 2575 flumen
2403 2518 2679 2572 Adranam
2711 2516 3048 2587 trajicerent,
3085 2516 3473 2588 amplissimam
3513 2530 3772 2571 reveren-

2176 2610 2307 2665 tiam
2348 2608 2602 2664 crucibus
2637 2623 2702 2663 ac
2735 2606 2948 2663 vexillis
2980 2622 3189 2662 necnon
3229 2607 3401 2664 cereis
3427 2622 3495 2663 ac
3519 2605 3772 2662 laudibus

2175 2699 2428 2771 congruis
2477 2698 2623 2755 beati
2664 2698 2768 2753 viri
2815 2697 3058 2768 reliquiis
3104 2698 3449 2766 exhibentes,
3493 2709 3772 2754 matronae

2175 2789 2392 2846 cuidam
2424 2787 2504 2844 rei
2541 2789 2782 2844 novitate
2811 2788 3052 2844 attonita:
3080 2789 3302 2845 candela
3330 2803 3363 2844 e
3391 2790 3648 2844 manibus
3675 2805 3769 2844 ex-

2175 2883 2306 2940 cidit
2337 2898 2401 2938 ac
2426 2882 2644 2954 penitus
2673 2883 2726 2937 in
2753 2881 2970 2937 ﬂuvium
3002 2898 3181 2939 mersa
3209 2893 3311 2940 est.
3345 2883 3609 2940 Certatim
3637 2898 3770 2939 vero

2174 2977 2418 3050 pluribus
2447 2976 2813 3032 annitentibus
2851 2986 3086 3047 recepta,
3117 2977 3260 3048 quod
3299 2979 3597 3034 secundum
3636 2992 3770 3033 con-

2176 3068 2398 3124 trariam
2429 3068 2822 3123 elementorum
2856 3077 3107 3125 naturam
3137 3067 3294 3124 fidem
3320 3069 3567 3125 videatur
3610 3084 3771 3125 eme.

2174 3161 2481 3228 dere,haud
2501 3162 2781 3217 obscurius
2807 3177 2870 3216 ac
2893 3162 3045 3233 prius
3066 3161 3407 3216 flammarum
3434 3169 3657 3232 reperta
3688 3170 3773 3216 est

492 3267 646 3323 rabo.
701 3265 927 3335 Meaque
964 3263 1122 3335 plane
1163 3263 1242 3319 sic
1279 3262 1386 3320 fert
1420 3264 1602 3334 opinio
1648 3263 1803 3334 longe
1827 3261 2075 3332 digniora

2189 3255 2392 3328 globum
2433 3254 2728 3311 effundere.
2776 3254 2938 3328 304
2969 3256 3170 3311 Verum
3211 3256 3490 3312 enimvero
3525 3271 3647 3321 nos,
3677 3255 3770 3326 qui

490 3355 755 3412 miracula
795 3369 1010 3424 seraper
1035 3369 1155 3410 esse
1182 3369 1304 3424 quae
1329 3353 1474 3409 Deus
1503 3354 1570 3409 ad
1597 3354 1916 3409 memoriam
1949 3369 2074 3409 san-

489 3456 704 3504 ctorum
765 3445 1046 3519 egentibus
1105 3445 1388 3516 indulgere
1443 3444 1693 3516 dignatur
1740 3460 1904 3515 quam
1954 3461 2075 3516 qua:

490 3538 640 3592 illum
684 3551 782 3609 per
811 3551 924 3602 eos,
977 3551 1287 3607 quanquam
1332 3535 1542 3592 sincere
1580 3535 1857 3603 viventes,
1899 3537 2074 3592 adhuc

492 3638 744 3702 gravatos
779 3628 923 3686 mole
957 3627 1225 3698 corporis,
1257 3627 1570 3698 frequenter
1597 3629 1826 3701 gessisse
1853 3644 2076 3685 veraces

491 3723 648 3779 nobis
691 3723 886 3778 litterae
930 3721 1188 3792 produnt.
1236 3719 1431 3776 Adhuc
1479 3721 1677 3776 tentari
1722 3730 1978 3792 poterant
2011 3737 2077 3777 ac

494 3815 1030 3886 quantulumcunque
1057 3811 1412 3870 reformidare
1435 3813 1666 3884 lapsum.
1695 3814 1772 3870 De
1799 3815 1884 3870 his
1914 3815 2077 3870 totius

487 3909 604 3978 jam
633 3925 792 3964 casus
819 3907 1134 3980 expertibus
1159 3907 1265 3963 hoc
1293 3906 1504 3964 felicius
1526 3923 1636 3978 quo
1677 3907 1902 3963 solidius
1928 3923 2080 3964 asse-

496 4008 712 4054 runtur.
762 3999 821 4055 ln
862 3999 969 4055 illis
1013 3998 1229 4055 favores
1272 4013 1382 4054 non
1429 3998 1545 4054 sine
1582 3997 1897 4055 discrimine
1939 3999 2077 4055 tole—

501 4098 693 4143 rantur
715 4089 973 4155 humani;
1018 4089 1074 4144 in
1101 4089 1206 4155 his,
1237 4105 1359 4146 cum
1393 4090 1648 4156 eduntur,
1677 4089 1866 4146 titulus
1889 4105 2078 4146 eorum

501 4179 806 4235 sanctitatis
850 4195 922 4235 ne
967 4181 1271 4252 suspicione
1310 4181 1526 4252 quidem
1573 4196 1726 4238 vana:
1753 4182 1938 4254 gloriae
1983 4183 2080 4240 ob-

499 4270 709 4327 scurari
735 4277 932 4341 potest.

1102 4340 1290 4398 CAPIT.
1339 4341 1476 4398 XIII.

505 4431 658 4498 Quod
685 4440 825 4487 metu
848 4429 1120 4486 Saxonum
1143 4429 1408 4486 Hassones
1433 4449 1620 4503 corpus
1644 4435 1759 4504 ejus
1782 4435 2078 4505 e/I’oderint.

577 4545 770 4602 Verum
800 4556 862 4601 ut
899 4542 1042 4614 quod
1070 4543 1294 4614 polliciti
1331 4560 1517 4601 sumus
1549 4547 1660 4616 jam
1696 4562 2080 4618 exsequamur,

2178 3345 2329 3418 juxta
2370 3356 2622 3404 naturam
2661 3347 2778 3404 fieri
2818 3350 3074 3419 quidquid
3112 3350 3208 3407 Dei
3239 3351 3335 3405 fiat
3371 3349 3649 3405 voluntate
3691 3348 3773 3403 in-

2183 3443 2491 3500 dubitanter
2527 3443 2871 3510 confitemur,
2899 3443 2977 3500 sic
2992 3444 3113 3499 ’non
3145 3444 3375 3500 cessisse
3409 3443 3590 3514 ignem
3616 3456 3773 3512 aqua

2181 3535 2427 3590 videmus
2455 3533 2715 3590 credibile
2742 3534 3196 3604 quemadmodum
3226 3534 3333 3605 igni
3373 3533 3426 3588 in
3461 3532 3567 3588 illis
3597 3531 3772 3587 tribus

2180 3627 2362 3698 pueris
2388 3626 2626 3682 humana
2662 3641 2769 3682 non
2795 3625 2960 3682 cessit
2994 3635 3189 3682 natura
3218 3625 3382 3697 (Dan.
3415 3625 3520 3696 Ill).

2781 3738 2970 3796 CAPIT.
3027 3738 3168 3795 XVI.

2313 3832 2391 3888 De
2410 3832 2675 3902 eruptione
2698 3830 3082 3902 Oppidanorum
3109 3839 3156 3885 et
3186 3840 3359 3901 strage
3380 3828 3635 3883 hostium.

2263 3921 2494 3978 Perlatis
2538 3929 2717 3976 autem
2769 3919 2825 3974 in
2872 3920 3129 3990 oppidum
3178 3918 3324 3975 beati
3368 3917 3470 3972 viri
3515 3915 3774 3986 pretiosis

2183 4013 2447 4084 reliquiis,
2490 4011 2686 4068 infesto
2715 4011 2961 4067 Saxones
2999 4009 3216 4082 agmine
3253 4009 3551 4073 subsecuti,
3591 4022 3774 4076 cmpe-

2182 4111 2310 4159 runt
2351 4103 2648 4174 oppidanos
2697 4102 2985 4169 lacessere,
3035 4116 3238 4172 eosque
3284 4116 3491 4155 summa
3513 4101 3568 4154 vi
3596 4099 3774 4154 muni-

2186 4195 2331 4250 tione
2357 4194 2666 4250 detrudere.
2693 4194 2763 4248 At
2793 4193 2887 4259 illi,
2919 4192 3062 4249 facta
3087 4193 3392 4263 eruptione,
3421 4191 3595 4246 sanati
3623 4190 3775 4261 Wig-

2183 4287 2398 4345 berchti
2425 4286 2846 4358 suffragantibus
2868 4286 3077 4342 meritis
3101 4284 3467 4357 prosperrime
3496 4283 3774 4354 congressi

2186 4390 2344 4447 sunt;
2391 4395 2456 4435 ac
2493 4380 2800 4450 superiores
2838 4379 3066 4441 inventi,
3103 4377 3391 4448 plerosque
3430 4375 3774 4430 adversario-

2187 4491 2309 4530 rum
2334 4475 2502 4530 armis
2527 4473 2784 4530 fuderunt
2807 4471 3349 4545 proﬂigavewntque,
3377 4466 3579 4523 multos
3605 4466 3777 4537 plagis

2190 4566 2467 4622 tardantes
2526 4565 2912 4633 debilitarunt,
2971 4579 3161 4619 omnes
3210 4568 3485 4632 postremo
3548 4558 3778 4613 salutem

498 4635 665 4694 effera
681 4635 958 4730 Saxonum
981 4648 1132 4705 gens,
1155 4634 1432 4730 proprium
1466 4645 1804 4708 transgressa
1833 4638 2081 4706 limitem,
2113 4658 2168 4720 Β
2191 4657 2292 4714 sibi
2320 4665 2612 4730 coegerunt
2641 4655 2780 4729 fuga,
2807 4656 3057 4727 ριιωδίάίο
3085 4670 3348 4726 (ιυωτει-θ,

412 4725 454 4796 Eo
500 4731 558 4786 in
584 4729 936 4785 finitimorum
974 4741 1032 4782 se
1060 4741 1219 4798 agros
1247 4725 1538 4796 effuderat,
1571 4739 1627 4786 et
1668 4731 1947 4802 indigenas
1976 4746 2084 4788 non

401 4810 424 4863 θ’
500 4820 636 4876 satis
661 4818 889 4873 fidentes
921 4817 1156 4888 propriis
1189 4817 1394 4874 viribus
1424 4819 1478 4874 in
1507 4821 1763 4890 oppidum
1791 4822 1879 4876 cui
1914 4833 1936 4860 ο
1976 4823 2083 4876 Bu-

507 4910 729 4965 riburch
768 4923 965 4964 nomen
1008 4917 1092 4963 est
1138 4907 1421 4965 formidine
1465 4912 1546 4965 sui
1585 4912 1938 4981 compulerat.
1982 4913 2085 4980 Qui

505 4997 774 5064 conclusi,
796 4996 1104 5065 iudicantes
1131 4998 1306 5054 adhuc
1334 5000 1608 5054 infirmum
1631 5001 1779 5055 tenui
1803 5017 2084 5058 murorum

574 5141 600 5170 ι
624 5126 777 5181 Diem
803 5128 947 5182 obiit.
970 5129 1124 5185 Anno
1144 5131 1246 5186 747
1280 5139 1339 5186 ιιι
1368 5132 1534 5187 tradit
1556 5131 1858 5189 Laubertus
1889 5134 2085 5190 Schaf-

503 5198 883 5279 naburgensis.
935 5199 1073 5279 Pps_t_
1091 5200 1205 5279 ejus
1234 5203 1519 5279 transitum
1545 5203 1856 5260 Bonifacius
1884 5207 2088 5279 episto-

503 5269 615 5324 lam
665 5269 884 5349 seripsit
917 5270 1338 5349 .ad_Ta_twinum
1389 5272 1637 5349 abbatem
1691 5285 1747 5330 et
1789 5269 2090 5349 praecipuos

504 5339 823 5415 monasterii
843 5338 1267 5415 Friteslariensis
1289 5344 1604 5415 monachos,
1629 5362 1748 5415 qum
1772 5338 1855 5402 est
1883 5338 2090 5403 decima

503 5409 732 5489 septima
765 5409 913 5489 inter
941 5411 1338 5489 Bonifaeianas,
1370 5413 1424 5466 in
1450 5430 1553 5489 qua
1581 5409 1825 5489 priecipit
1852 5433 2090 5489 quonam

502 5479 666 5550 modo
692 5480 1100 5550 gubernandum
1134 5484 1204 5538 sit
1233 5479 1642 5540 monasterium.
1676 5479 1819 5543 Inter
1845 5479 1938 5544 eos
1963 5505 2090 5546 vero

505 5549 588 5629 ad.
623 5565 760 5631 quos
802 5553 992 5631 scribit
1050 5553 2084 5631 nominaturWigberthu_s_presbyter;

505 5622 679 5693 cujus,
710 5630 770 5675 ut
797 5622 1056 5686 arbitror,
1081 5632 1207 5677 sunt
1234 5622 1612 5693 epistolae'tres
1647 5629 1714 5683 ad
1739 5622 1951 5684 Eullurn
2001 5622 2088 5684 ar;

505 5690 910 5760 chiepiscopum
948 5690 1311 5760 liloguntinuin
1365 5695 1506 5748 inter
1533 5695 1904 5755 Bonifacianas
1932 5715 2083 5755 num.

630 5759 908 5839 102,110.
958 5759 1351 5839 Fallituﬁenim
1379 5763 1788 5839 Serarius,_qui
1834 5770 2088 5839 epistolas

508 5829 630 5909 i_l_l.as
659 5831 886 5909 scriptas
916 5839 1068 5909 putat
1094 5847 1122 5883 a
1147 5831 1422 5909 Wigherto
1450 5829 1646 5909 abbate
1668 5829 2082 5895 Friteslariensi.

509 5899 610 5954 Hic
660 5899 804 5954 enim
851 5901 1032 5954 multis
1092 5911 1214 5955 ante
1244 5899 1410 5957 annis
1453 5903 1663 5961 obicrat
1705 5924 1866 5975 quam
1906 5910 2087 5967 Lullus

2784 4767 2973 4822 CAPIT.
3014 4764 3175 4822 XVII.

2192 4859 2345 4927 Quod
2375 4859 2594 4914 caelestis
2624 4858 2836 4913 visionis
2863 4857 3134 4926 maiestate
3161 4855 3396 4912 Saxones
3426 4855 3467 4926 δ,
3491 4857 3778 4927 perterriti,

2583 4929 2828 5000 fugiendo
2854 4929 2973 4982 vita:
3007 4926 3382 5002 consuluerint.

2259 5019 2377 5088 Qua
2415 5019 2630 5091 repulsa
2659 5018 2899 5074 Saxones
2927 5017 3257 5073 irritatiores
3284 5016 3434 5084 facti,
3463 5026 3518 5073 et
3547 5017 3781 5089 ignomi-

2193 5150 2511 5206 succederet
2538 5147 2835 5205 Bonifacio.

2265 5222 2292 5262 δ
2345 5219 2563 5274 Nullius
2622 5219 2939 5274 ambitionis.
2990 5217 3046 5274 ld
3073 5229 3158 5276 est
3203 5219 3433 5285 modico,
3477 5217 3782 5288 cuiusmodi

2195 5291 2362 5347 fuisse
2404 5291 2712 5360 sepulcrum
2740 5289 2952 5346 Ottonis
2997 5290 3126 5360 imp.
3159 5292 3326 5345 tradit
3353 5290 3596 5346 Tacitus.
3630 5289 3782 5344 Prae-

2195 5363 2363 5442 clare.
2389 5359 2595 5416 Plinius
2647 5359 2742 5414 lib.
2780 5376 2866 5442 lx,
2901 5359 3166 5442 epist.719.
3197 5378 3211 5414 :
3255 5379 3273 5411 ι
3323 5360 3572 5442 Impensa
3600 5360 3783 5442 Inani:

2197 5431 2368 5515 menti
2415 5446 2750 5514 supervacua
2792 5439 2894 5487 est.
2934 5429 3204 5487 Memoria
3244 5429 3417 5487 nostri
3464 5431 3701 5494 durabit,
3738 5429 3785 5487 si

2197 5513 2306 5558 vita
2337 5518 2690 5558 meruimus.»
2762 5561 2764 5563 ἱ

2271 5585 2293 5612 ε
2325 5571 2643 5655 Buriburclt;
2672 5571 2936 5655 Oppidum
2968 5571 3022 5626 in
3052 5571 3246 5628 finibus
3273 5571 3578 5655 llasiortunt
3608 5580 3666 5653 et
3693 5571 3785 5627 Sa-

2199 5659 2421 5708 xonum,
2451 5643 2588 5697 ultra
2611 5641 2831 5698 ﬂuvium
2846 5641 3143 5709 Adranam,
3167 5652 3356 5698 contra
3380 5642 3781 5706 Friteslarium,

2197 5717 2262 5786 ἰιι⁸
2285 5713 2428 5768 edito
2452 5714 2816 5786 montisjugo,
2839 5721 2901 5768 ut
2924 5714 3135 5769 monuit
3158 5713 3447 5771 Browerus
3473 5714 3528 5768 in
3560 5711 3782 5770 scholiis

2198 5783 2540 5854 adipoemata
2569 5783 2802 5839 Rabani.

2267 5852 2604 5909 d‘Exterriti.
2636 5855 2749 5910 Non
2797 5857 2995 5911 accedo
3024 5856 3262 5926 opinioni
3287 5854 3548 5922 Browcri,
3589 5854 3678 5926 qui
3706 5852 3778 5908 hi-

2389 6045 2416 6057 ο
