4034 6298
326 402 433 455 689

1545 370 1633 429 DE
1665 368 1827 425 vna
1865 367 1924 422 s.
1979 355 2336 417 mansuri.
2422 327 2428 332 “
2473 310 2509 330 ”

3481 330 3587 387 690

323 515 470 572 niam
515 521 666 565 suam
714 503 850 572 fuga:
898 497 1126 569 repetito
1167 488 1464 549 certamine
1510 483 1900 569 cupientesaac
1925 475 2179 538 Asciens
2224 467 2474 525 reddidit.
2527 465 3104 572 Sanctorumnquolque
3149 450 3414 560 reliquiae,
3443 461 3583 518 quas

322 607 496 660 victos
524 599 677 672 prius
708 566 944 650 victores
962 566 1040 644 ad
1070 600 1234 642 unum
1264 580 1460 645 delere,
1489 578 1602 648 ipsa
1633 579 1791 672 nocte
1815 566 1902 624 cui

323 703 436 750 tam
472 662 709 746 crudelis
743 680 944 754 negotii
976 678 1092 733 dies
1117 674 1331 730 elucere
1362 667 1702 754 sperabatur,
1730 662 1906 754 incre-

324 749 476 840 dibili
519 782 744 848 repente
780 749 1012 844 perculsi
1050 749 1521 826 formidine,fusa
1550 753 1762 848 caelitus
1790 749 1906 848 cla-

322 872 542 930 rissima
579 839 701 921 luce
743 839 938 918 ambiri
989 856 1373 927 conspicantur
1419 845 1705 906 ecclesiam
1753 839 1905 910 cujus

324 1118 470 1204 Enim
506 1141 748 1213 corporis
776 1133 1283 1204 circumscriptum,
1317 1136 1372 1182 at
1397 1123 1688 1180 valentiam
1725 1118 1903 1190 digni-

325 1211 617 1309 tatemque—
635 1231 942 1290 mortalium
981 1227 1138 1297 longe
1170 1226 1536 1295 praestantem,
1566 1213 1702 1270 albis
1741 1211 1907 1267 etiam

321 1304 562 1390 vestibus
593 1329 874 1389 amictum,
911 1323 1014 1377 hac
1047 1327 1102 1375 et
1146 1316 1269 1371 illac
1310 1308 1672 1368 deambulare.
1716 1304 1906 1359 Divino

322 1427 505 1495 itaque
547 1430 703 1486 nutu,
749 1425 805 1473 et
844 1414 1004 1484 hujus
1032 1410 1256 1468 visionis
1304 1403 1549 1461 exterriti
1596 1398 1904 1468 majestate,

319 1492 526 1574 relictis
575 1507 976 1584 impedimentis
1017 1515 1074 1561 et
1109 1502 1361 1559 omnibus
1406 1497 1526 1552 aliis
1558 1492 1902 1557 necessariis,

318 1612 445 1679 vitm
473 1617 679 1664 tantum
716 1603 1000 1661 consulere
1036 1599 1375 1661 festinantes,
1407 1592 1474 1648 ad
1516 1591 1698 1663 fugam
1726 1601 1783 1643 se
1813 1587 1907 1641 de-

320 1717 430 1762 nuo
465 1699 761 1758 contulere.

908 1807 1101 1863 CAPIT.
1142 1801 1328 1858 XVIII.

814 1898 890 1954 De
916 1896 1166 1952 divisione
1189 1892 1404 1966 prwdaa.

391 2014 550 2071 Mane
589 2013 754 2085 igitur
789 2010 1043 2084 oppidum
1085 2005 1287 2080 egressi
1325 2001 1418 2074 qui
1457 1999 1625 2057 clausi
1664 1997 1902 2054 hostium

327 2109 586 2178 impetum
636 2103 991 2161 morabantur
1055 2097 1270 2169 obiectu
1331 2107 1610 2151 murorum
1634 2131 1650 2156 ,
1700 2097 1761 2144 ut
1810 2102 1904 2144 eos

321 2200 542 2266 abiisse,
571 2198 681 2253 imo
706 2195 854 2252 velut
881 2193 1054 2251 nudos
1079 2189 1289 2248 cunctis
1311 2187 1474 2258 vulgo
1503 2183 1741 2240 dimissis
1767 2178 1903 2237 ellu-

319 2291 463 2362 gisse
486 2292 888 2358 compererunt,
919 2283 1113 2339 divinae
1137 2277 1520 2337 munificentiae
1545 2271 1902 2352 gratulantes,

320 2381 756 2440 adversariorum
783 2376 951 2448 spolia
977 2375 1180 2431 viritim
1209 2371 1392 2445 partiti
1422 2375 1568 2436 sunt,
1599 2366 1904 2437 inopinum-

321 2489 427 2546 que
456 2472 712 2545 gaudium
747 2475 1095 2526 revexerunt.

927 2604 1116 2661 CAPIT.
1156 2603 1297 2658 XIX.

566 2697 645 2754 De
664 2698 874 2753 homine
893 2695 1127 2768 paralysi
1149 2694 1362 2767 perenni
1383 2691 1654 2747 mulctato.

391 2835 576 2906 Neque
605 2834 679 2889 ita
709 2834 878 2888 multo
912 2841 1058 2904 post,
1087 2846 1209 2887 cum
1251 2827 1414 2884 iidem
1444 2825 1689 2882 Saxones
1724 2837 1904 2878 rever-

319 2930 536 2995 tissent,
569 2927 918 2982 instauraturi
957 2924 1096 2980 male
1133 2923 1291 2979 toties
1325 2928 1548 2991 experta
1579 2918 1901 2983 certamina,

320 3038 462 3078 unus
493 3035 681 3075 eorum
713 3018 858 3090 capit
905 3018 1109 3089 ignem,
1159 3015 1394 3070 fomenta
1442 3010 1680 3080 subjicit,
1730 3009 1907 3066 eccle—

320 3115 458 3170 siam
489 3111 822 3182 conllagrare
845 3109 960 3179 jam
990 3110 1191 3164 dictam
1225 3107 1462 3163 molitur.
1497 3104 1606 3160 Sed
1641 3118 1796 3159 casso
1824 3104 1903 3158 in-

2009 568 2170 624 iidem
2240 567 2668 635 asportaverant,
2717 557 2771 612 in
2813 553 2937 609 villa
2983 548 3260 614 Gesmari,
3311 561 3430 618 quae
3477 558 3584 600 non

2007 659 2164 729 longe
2196 657 2372 722 abest,
2402 659 2630 723 repertae
2656 658 2781 705 sunt
2811 646 3056 716 integrae.

2615 784 2804 839 Carrr.
2844 779 2987 837 XXI.

2386 903 2464 957 De
2483 899 2775 971 ine/I'ectiva
2796 896 3026 969 potentia
3050 894 3208 966 ignis.

2077 1016 2187 1071 Nec
2218 1014 2348 1070 illud
2393 1012 2721 1086 transierim,
2749 1009 2892 1080 quod
2922 1006 3191 1078 saepedicti
3217 1004 3460 1061 Saxones
3494 1006 3590 1061 ad-

2007 1107 2181 1163 hibito
2230 1105 2341 1176 igni
2385 1113 2440 1160 et
2483 1101 2764 1172 multiplici
2815 1099 3024 1165 fomite,
3073 1097 3246 1153 amica
3297 1111 3428 1152 sane
3479 1096 3591 1165 igni

2008 1198 2234 1256 materia
2272 1196 2582 1268 frequenter
2627 1193 2947 1248 inculcatam
2977 1191 3194 1246 domum
3239 1188 3381 1243 illius
3417 1187 3592 1242 eccle-

2009 1293 2103 1348 siae
2152 1291 2472 1347 comburere
2519 1286 2698 1342 conati
2743 1292 2898 1350 sunt;
2950 1284 3044 1339 sed
3096 1283 3401 1338 interventu
3445 1281 3590 1336 beati

2006 1383 2345 1456 Wigberchti
2395 1380 2582 1437 delusa
2635 1386 2718 1434 est
2770 1377 2984 1432 illorum
3032 1375 3265 1430 insania.
3309 1373 3590 1444 Siquidem

2010 1484 2219 1532 tantum
2247 1472 2426 1529 abfuit
2447 1471 2672 1528 eﬂ'ectus
2694 1468 2762 1524 ab
2777 1482 2964 1523 eorum
2991 1465 3274 1522 molitione
3305 1474 3364 1519 ut
3393 1472 3594 1534 praeter

2009 1568 2064 1623 in
2097 1565 2336 1635 subjecta
2385 1562 2625 1618 fomenta
2653 1561 2729 1615 nil
2758 1559 2901 1631 ignis
2938 1557 3027 1613 ille
3057 1555 3289 1611 valuerit
3316 1570 3478 1625 quem
3510 1551 3635 1634 τως

2007 1676 2137 1718 rens
2169 1673 2361 1715 manus
2389 1656 2713 1712 adhibuerat
2735 1653 3113 1709 barbarorum.
3164 1649 3388 1706 Videres
3418 1647 3593 1718 ligno-

2008 1767 2128 1807 rum
2155 1749 2452 1820 simplicem
2483 1746 2786 1812 materiam,
2816 1758 2918 1799 nec
2943 1756 3169 1813 prorsus
3198 1740 3434 1795 alumine
3458 1723 3594 1794 obli-

1935 1845 1984 1906 B
2012 1848 2140 1907 tam,
2170 1839 2317 1894 velut
2352 1837 2564 1893 amoliri
2594 1851 2625 1891 a
2656 1850 2715 1892 se
2745 1835 2887 1907 ignis
2907 1834 3230 1905 potentiam,
3252 1839 3308 1886 et
3331 1832 3419 1886 cui
3439 1831 3592 1900 prius

2005 1939 2148 1988 esset
2184 1929 2417 1985 obnoxia
2444 1928 2538 1982 Dei
2569 1926 2847 1983 voluntate
2878 1925 2990 1980 vim
3029 1923 3320 1980 resistendi
3361 1921 3588 1979 inditam

2006 2021 2109 2078 sibi
2139 2029 2413 2077 ostentare
2443 2018 2788 2074 mirantibus.

2503 2154 2664 2226 307
2702 2153 2888 2209 CAPIT.
2929 2151 3091 2207 XXII.

2077 2270 2231 2336 Quod
2258 2267 2475 2325 ecclesia
2516 2269 2630 2338 ipsa
2673 2265 2832 2338 nullis
2880 2264 3212 2337 squaloribus
3263 2265 3524 2321 maculari

2683 2336 2924 2392 valuerit.

2079 2456 2355 2512 Saxonum
2380 2463 2502 2527 post
2533 2454 2831 2511 discessum
2862 2468 2990 2524 pars
3038 2452 3183 2508 haud
3230 2453 3422 2524 exigua
3451 2450 3590 2509 llas-

2007 2567 2198 2610 sonum
2213 2551 2507 2624 (Hassones
2532 2550 2730 2621 quippe
2757 2549 3008 2604 dicuntur
3033 2548 3127 2618 qui
3153 2547 3393 2603 incolunt
3413 2547 3590 2616 ipsum

2006 2643 2224 2716 pagum)
2280 2641 2595 2698 mundatum
2652 2641 2936 2697 ecclesiam
2984 2652 3327 2704 convenere,
3369 2641 3592 2693 sordere

2008 2736 2152 2792 illam
2205 2749 2369 2805 quam
2421 2733 2739 2805 gravissime
2796 2732 3050 2795 ferentes,
3107 2737 3396 2800 propterea
3451 2728 3593 2798 quod

2007 2826 2250 2883 Saxones
2276 2842 2537 2897 equorum
2610 2827 2663 2881 in
2692 2841 2754 2881 ea
2775 2824 3035 2896 praesepia
3064 2823 3327 2889 fecerant,
3356 2821 3597 2892 nihilque

2007 2920 2253 2991 religioni
2287 2919 2610 2974 detulerant.
2636 2918 2837 2974 Verum
2870 2914 3188 2987 introgressi
3219 2913 3352 2968 nihil
3380 2912 3596 2983 penitus

2005 3016 2148 3090 quod
2190 3025 2336 3072 esset
2371 3016 2663 3070 verendum
2706 3013 3005 3068 inveniunt.
3050 3010 3128 3065 Ita
3160 3009 3399 3064 sordium
3431 3021 3596 3075 squa-

2005 3111 2174 3168 lorem
2193 3110 2373 3166 divina
2407 3109 2580 3163 virtus
2611 3109 2929 3163 deterserat.
2974 3102 3131 3158 Nulla
3155 3117 3384 3173 usquam
3429 3098 3593 3154 vesti-

320 3207 569 3272 fecloque
620 3206 771 3268 nisu,
825 3204 1004 3259 divina
1056 3203 1257 3258 virtute
1306 3215 1403 3270 per
1459 3197 1900 3253 intercessionem
1929 3217 1975 3282 ο
2007 3199 2473 3276 giaimmunditiae
2505 3199 2666 3253 totius
2691 3198 3025 3252 resederaut.

323 3296 496 3352 sancti
523 3294 862 3367 Wigberchti
905 3293 1175 3364 repulsus,
1214 3291 1498 3348 conatibus
1522 3302 1648 3345 vere
1680 3287 1906 3344 sacrile-

321 3387 404 3459 gis
446 3387 604 3456 digna
648 3385 830 3441 retulit
871 3386 1117 3457 praemia,
1144 3383 1381 3455 paralysi
1428 3381 1636 3439 scilicet
1680 3382 1907 3453 perenni

323 3475 637 3541 mulctatus.

840 3568 1002 3640 306
1039 3566 1228 3622 CAPIT.
1269 3563 1388 3621 XX.

635 3661 713 3716 De
737 3670 941 3731 raptore
969 3677 1123 3714 sensu
1161 3667 1209 3714 et
1234 3659 1348 3713 visu
1373 3658 1594 3729 privato.

397 3796 654 3852 Eamdem
685 3796 846 3850 etiam
885 3794 1102 3849 domum
1127 3793 1345 3863 quidam
1373 3806 1439 3847 ex
1471 3791 1578 3847 illis
1605 3791 1909 3862 exspoliare

325 3898 570 3952 conatus,
590 3886 830 3942 defracta
851 3887 1014 3958 janua
1042 3886 1256 3957 irrupit,
1280 3885 1564 3956 crucisque
1596 3894 1907 3955 argenteam

325 3982 581 4036 laminam
611 3979 814 4035 alfabre
854 3980 1154 4034 inauratam
1200 3979 1380 4047 rapuit
1416 3976 1764 4048 profanisque
1795 3992 1910 4032 ma-

329 4075 489 4130 nibus
544 4087 882 4142 nequaquam
935 4069 1126 4124 efferre
1170 4077 1454 4125 cunctatus
1483 4079 1584 4124 est.
1635 4067 1911 4124 Atconl‘e-

327 4168 454 4223 stim
495 4165 674 4220 divina
707 4164 840 4219 ultio
882 4165 1128 4220 insecuta
1169 4164 1243 4218 ita
1283 4164 1430 4218 lumc
1466 4161 1700 4218 reddidit
1741 4163 1913 4232 impo-

332 4268 439 4316 tem
478 4259 562 4313 sui
600 4266 661 4313 ut
695 4259 914 4314 brutum
959 4258 1132 4329 magis
1181 4257 1382 4312 animal
1427 4271 1588 4325 quam
1636 4255 1910 4310 hominem

327 4351 574 4407 duceres.
627 4347 719 4405 Sic
745 4365 866 4404 cum
910 4349 1108 4403 lamina
1151 4348 1296 4403 circa
1340 4346 1625 4403 ecclesiam
1666 4353 1913 4416 repertus

328 4442 610 4506 oberrans,
659 4441 802 4511 quod
845 4441 1024 4496 sciens
1071 4439 1210 4494 male
1260 4438 1585 4511 sublegerat,
1628 4438 1775 4509 juste
1819 4454 1914 4494 ne-

2595 3334 2787 3391 CAPIT.
2819 3332 3010 3389 XXIII.

2079 3455 2205 3511 Haec
2240 3454 2547 3526 obtigerunt
2570 3451 2718 3507 circa
2747 3447 3033 3505 ecclesiam
3056 3455 3183 3502 ante
3206 3461 3368 3517 quam
3397 3460 3591 3501 monu-

2009 3557 2253 3604 mentum
2284 3546 2424 3601 illius
2444 3545 2534 3601 diu
2561 3542 2831 3598 mansisse
2859 3540 3304 3594 monstravimus.
3325 3537 3594 3594 Caeterum

2008 3646 2296 3709 postquam
2326 3639 2380 3690 in
2411 3634 2664 3704 oppidum
2686 3647 2810 3687 ossa
2837 3630 2984 3686 illius
3011 3629 3340 3699 transposita
3363 3637 3507 3692 sunt,
3536 3636 3600 3681 ut

2013 3737 2342 3799 unguentum
2388 3725 2840 3796 pretiosissimum
2869 3764 2883 3788 ,
2926 3722 3141 3792 quando
3178 3728 3263 3775 est
3305 3720 3592 3788 agitatum,

2011 3823 2346 3898 gratissimos
2375 3820 2482 3875 late
2509 3818 2714 3890 spargit
2745 3817 2959 3880 odores,
2992 3817 3067 3870 ita
3091 3813 3194 3867 viri
3227 3813 3390 3883 hujus
3436 3819 3596 3866 molae

2010 3917 2253 3988 reliquiae
2299 3915 2534 3970 ubertim
2582 3909 2971 3966 miraculorum
3011 3908 3287 3978 spiravere
3337 3904 3588 3976 fragran-

2013 4011 2164 4064 tiam.
2215 4005 2440 4078 Aperuit
2490 4002 2744 4058 nimirum
2793 4015 2955 4055 verus
2996 3997 3201 4055 arbiter
3243 4005 3299 4052 et
3351 3996 3594 4058 intimus,

2013 4096 2281 4155 labefacta
2304 4095 2419 4165 jam
2457 4094 2693 4149 humana
2714 4091 3026 4147 conditione
3049 4088 3418 4145 membrorum
3448 4101 3599 4142 com-

2013 4207 2168 4265 page,
2197 4190 2284 4245 cui
2328 4187 2600 4258 quondam
2638 4184 2755 4240 haec
2806 4198 3000 4254 regens
3053 4181 3198 4237 beati
3259 4177 3596 4251 Wigberchti

2013 4281 2255 4356 paruerit
2310 4278 2562 4350 spiritus,
2611 4275 2863 4346 dignatus
2913 4287 3038 4328 eum
3095 4271 3408 4342 frequenter
3454 4269 3599 4323 intra

2015 4376 2237 4432 biduum
2268 4372 2574 4428 triduumve
2595 4367 2899 4425 collatione.
2913 4378 3109 4422 novem
3130 4364 3426 4434 signorum.

329 4597 554 4652 storiam
619 4595 774 4651 istam
827 4603 978 4665 putat
1025 4593 1276 4665 distingui
1331 4594 1529 4649 debere
1575 4591 1644 4647 ab
1687 4607 1758 4665 ea,
1789 4589 2252 4665 quaeDtentione
2292 4595 2505 4646 certare
2551 4582 3087 4665 adversuseamdem
3113 4578 3392 4662 basilicam
3419 4590 3606 4646 quem-

330 4676 511 4723 exstat
533 4666 672 4736 apud
700 4664 1051 4737 Reginonem.
1085 4664 1211 4737 Ego
1227 4679 1457 4737 namque
1485 4664 1793 4737 censeo_hic
1823 4664 1908 4735 agi

333 4738 399 4794 de
424 4733 648 4792 ecclesia
673 4733 980 4791 monasterii
1009 4733 1457 4798 FriteslaricnSis,
1480 4750 1640 4804 quam
1667 4733 1911 4789 Saxones

331 4809 576 4886 adhibito
619 4809 739 4886 igne
772 4822 1087 4886 consuluere
1123 4813 1466 4886 tentaruntﬂa
1498 4807 1638 4886 quod
1667 4815 1814 4886 patet
1842 4821 1907 4860 cx

332 4894 451 4950 cap.
483 4879 571 4941 2'5,
625 4874 857 4950 itemque
890 4893 955 4950 ex
994 4878 1110 4950 aliis
1140 4875 1376 4950 ejusdem
1405 4874 1541 4950 Viue
1585 4874 1734 4950 lo_cis.
1774 4875 1912 4930 Rcui

333 4947 539 5034 gestam
566 4947 991 5034 uari-atrii.ch
1027 4948 1109 5034 his
1143 4947 1359 5034 verbis:
1393 4965 1411 4996 ‹
1447 4947 1602 5034 χλι)ηο
1625 4947 1916 5034 [ξριρίηἰᾳῡ

333 5015 722 5075 incarnationis
747 5015 886 5081 874,
920 5034 1011 5072 rex
1061 5017 1186 5070 dum
1217 5017 1321 5070 illis
1362 5016 1604 5085 partibus
1655 5015 1727 5084 (id
1753 5025 1837 5070 est
1863 5016 1916 5070 iu

334 5091 508 5162 Italia)
549 5106 648 5161 pro
676 5089 978 5158 hujusmodi
1013 5088 1228 5156 negotio
1251 5084 1455 5162 moram
1498 5084 1719 5147 faceret,
1745 5085 1917 5162 Saxo-

337 5179 434 5217 nes
459 5157 755 5216 occasione
780 5169 1026 5228 accepta,
1077 5157 1388 5228 postpositis
1435 5157 1810 5218 sacramentis,
1862 5157 1913 5228 in

339 5232 535 5287 ﬁnibus
560 5231 892 5286 Francorum
917 5227 1171 5298 impetum
1218 5227 1484 5292 fecerunt,
1538 5233 1591 5279 et
1640 5239 1808 5296 usque
1850 5227 1916 5280 ad

337 5313 577 5358 castrum
601 5302 742 5372 quod
768 5303 1076 5372 nominatur
1109 5298 1410 5372 Buriuburg
1454 5305 1754 5372 venerunt:
1783 5312 1917 5366 quo-

340 5389 460 5429 rum
483 5366 772 5428 adventum
808 5371 994 5426 incola:
1019 5371 1119 5425 loci
1152 5366 1569 5440 persentientes,
1596 5368 1648 5421 in
1672 5366 1784 5435 jam
1837 5368 1917 5420 di-

340 5452 482 5500 ctam
521 5444 880 5499 munitionem
910 5457 966 5496 se
992 5438 1335 5508 receperunt.
1392 5438 1554 5508 Igitur
1599 5453 1721 5492 cum
1778 5453 1915 5508 prae-

339 5514 450 5570 fata
480 5529 612 5585 gens
634 5515 859 5570 saeviens
881 5514 1131 5582 coepisset
1157 5511 1455 5585 forinsecus
1476 5508 1719 5585 villarum
1748 5508 1914 5585 mdili-

341 5586 424 5640 cia
452 5578 820 5647 concremarc,
844 5578 1106 5638 venerunt
1136 5583 1201 5635 ad
1231 5581 1518 5651 quamdam
1547 5578 1836 5633 basilicam
1855 5579 1913 5651 in

339 5654 461 5711 loco
486 5656 575 5724 qui
607 5657 803 5710 dicitur
825 5655 1134 5718 Friedislar,
1187 5649 1348 5721 quam
1399 5657 1600 5705 sancta:
1642 5649 1916 5724 memoria:

339 5719 653 5783 Bonifacius
680 5736 882 5798 martyr
913 5719 1269 5798 consecravit,
1301 5729 1462 5790 atque
1507 5735 1604 5798 per
1636 5719 1913 5798 propheti-

340 5813 467 5855 cum
496 5799 745 5869 spiritum
773 5791 1019 5867 praedixit
1047 5796 1189 5866 quod
1212 5807 1484 5869 nunquam
1509 5791 1764 5846 incendio
1786 5803 1911 5869 cre-

339 5861 599 5925 maretur.
629 5861 923 5938 Coeperunt
956 5861 1132 5921 autem
1157 5863 1361 5934 praelati
1386 5861 1629 5918 Saxones
1653 5861 1798 5916 omni
1832 5862 1911 5916 in-

2013 4662 2298 4717 admodum
2345 4674 2467 4716 eam
2512 4673 2610 4729 per
2653 4655 2930 4729 quodlibet
2985 4651 3257 4724 ingenium
3312 4649 3433 4718 igne
3485 4661 3605 4702 cre-

2016 4749 2167 4788 mare
2195 4725 2527 4804 potuissent.
2551 4729 2622 4804 Et
2649 4725 2810 4804 _dum_
2850 4725 2964 4778 haec
2992 4729 3263 4804 agerent,
3306 4732 3605 4804 apparuere

2017 4786 2340 4874 quihusdam
2371 4799 2701 4874 Christianis
2721 4797 2813 4874 qui
2851 4801 3007 4874 erant
3048 4786 3105 4846 in
3154 4786 3410 4874 castello,
3445 4786 3605 4874 simul

2017 4857 2341 4946 quibusdam
2363 4872 2588 4946 paganis
2614 4857 2782 4946 quiin
2809 4865 3001 4946 eodem
3028 4869 3184 4945 erant
3212 4859 3480 4946 exercitu,
3501 4857 3606 4912 duo

2015 4928 2242 5014 juvenes
2287 4945 2341 4998 in
2364 4928 2529 5014 lalliis
2551 4928 2921 5000 vestimentis,
2971 4935 3062 5005 qui
3112 4933 3284 5002 ipsam
3327 4928 3608 5014 basilicam

2024 5006 2092 5071 ab
2130 5015 2255 5088 igne
2294 5012 2680 5088 protegebant;
2738 5016 2793 5088 et
2838 5014 3122 5088 propterea
3170 5017 3277 5056 non
3319 5006 3612 5088 potuerunt

2027 5069 2202 5156 neque
2232 5069 3120 5156 inieritts‘jnequeexteriusignem
3145 5069 3476 5156 accendere.
3522 5069 3608 5151 ln-

2025 5139 2334 5212 te'reainutu
2373 5139 2902 5218 divino'majestatis
2960 5139 3160 5215 pavore
3203 5139 3503 5218 perterriti,
3530 5139 3609 5218 in

2026 5228 2206 5297 fugam
2237 5224 2484 5280 conversi
2512 5228 2660 5284 sunt,
2688 5213 3308 5297 neminepersequent‘e.
3352 5213 3610 5267 Inventus

2025 5285 2115 5354 es?
2137 5306 2316 5351 autem
2343 5302 2536 5366 postea
2547 5305 2701 5366 unus
2720 5305 2785 5366 e3:
2807 5285 3612 5366 eisdem_Saxonibus.mortuus

2020 5353 2174 5437 juxta
2204 5353 2375 5437 ipsam
2403 5363 2708 5437 basilicam,
2737 5359 2892 5437 flexis
2918 5357 3162 5437 genibus,
3187 5353 3421 5437 acclivis
3446 5365 3612 5437 supra

2028 5421 2444 5510 pedes,'habens
2475 5421 2738 5510 igpeulet
2758 5431 2898 5502 ligna
2920 5421 3002 5482 'in
3054 5421 3306 5510 manilius
3364 5432 3416 5510 et
3464 5421 3612 5510 velut

2020 5489 2125 5565 die“
2140 5489 2523 5576 Haretipsamu
2535 5489 2828 5576 basilicarri
2843 5512 3114 5576 cremare.
3141 5495 3472 5576 i__Eamdem
3530 5489 3615 5576 hi-

2018 5579 2241 5636 storiam
2266 5567 2491 5631 narrant
2520 5584 2708 5629 auctor
2763 5571 2898 5627 Vitae
2939 5568 3117 5625 Caroli
3168 5567 3366 5638 Magni,
3425 5569 3615 5638 auctor

2019 5632 2306 5706 Knnalium
2351 5645 2698 5701 Fuldensium
2727 5684 2741 5709 ,
2798 5640 3144 5714 Eginhardus
3186 5632 3607 5714 in_‘Anualib.us,

2023 5700 2542 5780 ii'éifahifssedtds.
2589 5715 2698 5771 alii.
2728 5700 2881 5785 'Ejus
2938 5727 3067 5769 vero
3116 5708 3304 5780 paucis
3360 5700 3611 5760 meminit

2022 5792 2342 5848 Lumberlus
2375 5785 2918 5856 Schal‘naburgensis.
