4034 6298
422 382 548 440 ’σω
1450 367 1509 420 s.
1554 365 1613 421 s.
1657 360 1813 419 LUPI
1855 360 2144 423 seems
2185 351 2691 413 FERRABIENSIS
2746 324 2755 327 ’

2063 474 2108 534 Α
2139 484 2345 526 necnon
2373 468 2599 540 reliquis
2624 466 3048 538 congruentibus
3089 464 3321 520 metallis
3348 467 3726 524 exornandum

936 480 1101 554 308
1135 479 1322 534 CAPIT.
1357 474 1545 530 XX‘IV'.

457 576 611 644 Quod
639 591 704 630 ex
728 574 916 628 caleat:
941 570 1293 644 admonitione
1322 566 1646 644 corpusejns
1676 566 1744 618 ad
1772 573 2033 619 monaste-

765 645 902 698 rium
935 638 1272 709 Herou'ésfelt
1296 640 1362 692 sit
1396 638 1725 709 perductum.

523 760 596 815 At
651 757 948 828 interjectis
996 755 1199 824 aliquot
1248 752 1405 807 annis
1448 765 1473 793 ει
1536 751 1774 806 Albuino
1819 749 2033 820 praesuli

453 849 852 909 Fritislarensis
898 846 1139 913 ejusdem
1170 844 1349 914 oppidi
1398 859 1495 915 per
1544 843 1779 913 quietem
1837 842 2033 913 aliquis

452 945 790 1002 obversatus,
815 940 905 1011 qui
940 954 998 994 se
1029 937 1289 991 divinitus
1331 937 1555 990 missum
1586 934 1789 989 diceret
1814 934 1879 988 ad
1911 949 2029 988 mo-

452 1035 747 1093 nasterium
776 1033 861 1087 cui
887 1040 969 1087 est
991 1029 1311 1086 vocabulum
1342 1028 1370 1069 δ
1415 1026 1811 1089 Ilerolfcsfeldt,
1846 1041 1953 1096 quo
1977 1034 2033 1081 et

451 1142 574 1184 ossa
602 1125 741 1181 beati
792 1124 894 1178 viri
947 1121 1224 1177 transferri
1277 1119 1553 1191 przecepit.
1604 1119 1662 1173 Id
1699 1126 2031 1173 memoratus

450 1222 734 1291 episcopus
773 1217 929 1272 Lullo
970 1214 1425 1289 Moguntiacensis
1479 1212 1737 1267 Ecclesia:
1791 1210 2028 1281 pontifici

448 1310 737 1376 revelavit;
770 1309 921 1379 isque
942 1322 1055 1363 rem
1084 1308 1151 1361 ad
1182 1320 1433 1377 magnum
1456 1300 1709 1358 Carolum
1729 1300 1939 1366 detulit,
1966 1315 2031 1355 ac

445 1401 561 1477 eius
576 1414 856 1456 assensum
879 1398 1128 1470 protinus
1154 1394 1479 1466 impetravit.
1499 1393 1598 1458 Ita,
1614 1390 1766 1446 Lullo
1782 1391 2026 1462 iubente,

446 1492 820 1564 sull‘raganeus
848 1488 963 1557 eius
982 1487 1246 1545 Albuinus
1284 1486 1455 1543 tribus
1496 1483 1777 1539 monachis
1820 1481 2027 1553 praefati

448 1583 701 1645 C(Bnobii,
760 1581 999 1636 Ernuslo
1055 1578 1280 1642 scilicet,
1337 1574 1649 1641 Baturicho,
1708 1581 1762 1629 et
1807 1572 2025 1640 Wolfio,

444 1683 605 1728 noctu
633 1687 818 1729 sacros
846 1669 1355 1742 beatinWigbercliti
1384 1668 1596 1723 cineres
1626 1665 1854 1722 tradidit
1887 1665 2026 1720 clam

446 1766 797 1840 perferendos
847 1766 912 1820 ad
957 1765 1365 1822 monasterium.
1414 1761 1693 1833 Siquidem
1746 1761 1799 1817 id
1847 1760 2028 1816 facere

446 1856 678 1913 interdiu
704 1858 908 1914 veritus
938 1867 1042 1924 est,
1075 1872 1140 1912 ne
1164 1856 1297 1911 tanti
1327 1854 1428 1910 viri
1457 1853 1684 1926 populus
1722 1869 1906 1910 amore
1929 1854 2027 1908 de-

449 1948 664 2003 vinctus
686 1947 883 2003 fratres
914 1957 1243 2003 memoratos
1270 1960 1413 2002 cmca
1461 1945 1724 2001 seditione
1753 1958 2025 2000 convexa-

448 2050 553 2107 ret,
582 2040 668 2095 vel
710 2040 1036 2111 quibuslibet
1078 2039 1288 2108 injuriis
1345 2039 1662 2103 incesseret,
1714 2036 2029 2107 viribusque

447 2131 693 2201 superior
721 2130 823 2187 sibi
872 2140 980 2187 tam
1018 2130 1246 2201 insignis
1276 2130 1513 2187 thesauri
1542 2128 1882 2199 privilegium
1913 2130 2029 2185 vin-

446 2222 671 2280 dicaret.
699 2222 816 2280 Non
838 2238 946 2294 quo
977 2222 1302 2279 venerabilis
1337 2221 1537 2294 praesul
1568 2230 1756 2279 sancto
1778 2221 2028 2294 Wigber—

450 2315 579 2370 cbto
611 2314 896 2380 diuideret,
927 2314 1018 2383 qui
1065 2306 1308 2383 proiecto
1345 2329 1473 2370 suas
1510 2313 1744 2368 ferentes
1773 2312 2031 2383 reliquias

446 2408 584 2467 tueri
609 2416 822 2479 poterat
844 2407 1262 2474 intercessione;
1295 2407 1388 2463 sed
1437 2406 1578 2477 quod
1609 2421 1869 2477 perquam
1895 2406 2029 2463 scite

443 2501 831 2574 perpenderit,
884 2484 1196 2571 quanquam
1251 2498 1538 2556 manifeste
1596 2501 1738 2555 Deus
1782 2498 2027 2567 faveret,

443 2596 928 2654 considerationem
959 2594 1179 2653 humani
1218 2593 1455 2659 consilii,
1483 2601 1667 2666 utpote
1707 2593 1865 2664 justi,
1906 2592 2027 2649 nul-

445 2684 1117 2765 latenusposthabendam.
1136 2684 1363 2741 Plenum
1378 2692 1461 2741 est
1484 2684 1682 2757 quippe
1710 2683 2031 2741 Christianae

445 2778 771 2844 devotionis,
812 2777 1048 2848 quandiu
1078 2778 1241 2835 habet
1283 2777 1446 2833 homo
1485 2777 1628 2847 quod
1680 2776 1866 2846 faciat,
1921 2791 2030 2837 non

450 2879 659 2928 tentare
710 2871 999 2931 Dominum
1054 2870 1221 2926 Deum
1273 2884 1452 2925 suum.
1484 2867 1637 2937 Quod
1687 2869 1732 2925 si
1787 2870 1873 2925 cui
1917 2870 2031 2925 haec

448 2964 789 3020 exauctorari
810 2977 971 3034 posse
1000 2962 1249 3019 videatur
1268 2960 1517 3025 assertio,
1548 2960 1676 3014 illud
1700 2961 1750 3017 ei
1778 2962 2030 3017 obverte—

447 3071 567 3113 mus
595 3055 994 3127 exponendum,
1020 3068 1144 3109 cum
1163 3052 1518 3108 Israeliticum
1539 3052 1794 3124 pepulum
1815 3051 2029 3108 Pharao

447 3147 612 3219 309
624 3146 940 3211 dimisisset,
965 3160 1072 3201 non
1093 3144 1306 3201 duxerit
1334 3160 1456 3200 eum
1484 3143 1745 3199 Dominus
1768 3159 1866 3215 per
1884 3144 2027 3198 viam

447 3249 609 3294 terra:
635 3237 993 3302 Philisthiim;
1018 3236 1265 3292 videlicet
1289 3251 1358 3291 ne
1381 3235 1518 3291 forte
1549 3235 1835 3306 preniteret
1854 3250 2025 3305 popu-

446 3330 579 3394 lum,
606 3330 654 3385 si
684 3329 893 3383 videret
923 3328 1207 3383 adversunt
1245 3341 1305 3382 se
1324 3326 1466 3383 bella
1489 3341 1836 3398 consurgere.
1855 3325 2028 3392 Quem

449 3424 607 3495 plane
634 3419 992 3481 locum-aliter
1014 3419 1247 3479 transire
1266 3432 1406 3474 sano
1446 3431 1790 3488 nequaquam
1832 3416 2030 3487 poterit

451 3514 751 3591 intellectu,
782 3512 888 3571 nisi
945 3512 1000 3573 in
1046 3520 1290 3569 nostram
1338 3511 1663 3578 concedens,
1705 3509 1815 3567 imo
1860 3509 2029 3581 majo-

445 3620 568 3665 rum
586 3604 940 3669 sententiam,
978 3602 1054 3657 ibi
1096 3601 1312 3659 ostendi
1376 3600 1609 3657 fateatur
1658 3599 1777 3655 tieri
1830 3599 2027 3655 debere

444 3696 624 3757 omnia
658 3711 780 3768 qua:
805 3693 1034 3752 consilio
1062 3701 1213 3750 recto
1261 3693 1377 3749 fieri
1425 3700 1652 3764 possunt
1682 3692 1750 3747 ad
1776 3691 2028 3747 evitanda

446 3802 567 3858 qua
591 3787 819 3843 adversa
847 3793 992 3851 sunt,
1024 3784 1189 3841 etiam
1218 3798 1344 3840 cum
1385 3783 1528 3841 Deus
1555 3782 1897 3854 apertissime
1926 3782 2025 3837 ad-

437 3882 585 3952 jutor
610 3888 714 3936 est.
747 3878 848 3950 (Ex
874 3879 1102 3950 August.
1134 3894 1189 3948 ᾳ.
1219 3875 1283 3931 Al
1310 3876 1367 3930 in
1394 3873 1596 3945 Exod.)

1033 4009 1224 4065 CAPIT.
1267 4006 1433 4064 XXV.

778 4099 855 4155 De
876 4115 1000 4154 arca
1020 4098 1256 4170 sepulcro
1288 4099 1403 4170 ejus
1432 4097 1698 4169 imposita.

515 4213 657 4285 Ergo
679 4212 893 4285 praefati
921 4211 1116 4267 fratres
1145 4229 1336 4267 munus
1364 4211 1756 4283 amplissimum
1803 4210 1904 4268 sibi
1952 4211 2022 4267 ab

440 4308 692 4379 episcopo
746 4305 1002 4360 traditum
1058 4306 1383 4361 monasterio
1439 4303 1816 4359 lIerolfesfeldt
1883 4302 2021 4360 cele-

443 4411 530 4453 res
575 4408 597 4436 ε
649 4396 1001 4459 invexerunt,
1061 4403 1114 4449 et
1170 4412 1199 4448 a
1259 4394 1478 4463 reliquis
1534 4393 1629 4449 Dei
1683 4395 1853 4450 servis
1908 4395 2019 4450 illic

439 4498 746 4560 exceptum,
776 4488 1057 4560 magnifice
1076 4486 1250 4557 primo
1274 4486 1392 4541 loco
1417 4495 1502 4542 est
1536 4488 1590 4540 in
1620 4486 1846 4541 ecclesia
1888 4502 2017 4541 con-

2137 565 2364 629 mavit,
2398 573 2459 620 et
2500 563 2554 618 id
2584 574 2718 633 opus
2762 562 2830 619 ad
2866 560 2993 617 ldus
3021 559 3250 630 Augusti
3281 558 3601 630 complevit;
3637 562 3727 618 ubi

2135 668 2345 729 postea,
2368 658 2549 714 divina
2573 657 2908 713 exuberante
2939 654 3136 726 gratia,
3164 669 3363 725 magna
3391 662 3450 709 et
3489 655 3731 713 aditura.

2134 752 2259 807 bilia
2284 754 2436 824 signa
2463 752 2728 807 claruere.
2757 750 2838 805 Ex
2854 748 3076 820 quibus,
3110 763 3236 805 an]
3265 749 3377 805 sint
3402 763 3545 819 pene
3569 751 3731 807 intll-

2133 842 2430 907 merabilia,
2458 842 2547 896 hic
2595 854 2765 912 pauca
2799 839 3049 909 quadam
3091 835 3438 910 subiungam,
3491 854 3729 909 quorum

2132 932 2563 988 consideratione
2579 931 2834 987 metiatur
2858 939 3053 986 camera
3072 929 3321 1000 quisquis
3340 928 3508 985 volet.

2615 1042 2780 1115 διδ
2813 1041 3004 1099 CAPIT.
3044 1040 3237 1097 XXVI.

2562 1133 2637 1189 De
2687 1135 2957 1189 curatione
3006 1132 3291 1189 Huntheri.

2202 1246 2428 1315 Quidam
2460 1256 2691 1317 aegrotus
2712 1263 2777 1302 eo
2810 1260 2982 1318 usque
3002 1253 3061 1302 ut
3083 1248 3136 1302 in
3168 1260 3395 1303 carruca
3427 1245 3483 1301 in
3508 1261 3723 1303 morem

2131 1328 2335 1393 lecticae
2365 1338 2626 1394 instructa
2669 1340 3055 1409 perduceretur
3098 1341 3166 1395 ad
3211 1349 3572 1396 memoratum
3614 1357 3727 1397 cm-

2130 1427 2372 1494 nobium,
2411 1428 2483 1483 ibi
2529 1430 2737 1485 meritis
2762 1429 2906 1485 beati
2935 1428 3277 1486 Confessoris
3303 1430 3723 1501 opitulantibus,

2130 1537 2236 1576 non
2279 1531 2550 1592 utcunque
2604 1522 2848 1589 revaluit,
2879 1524 2976 1579 sed
3016 1523 3443 1580 incolumitatem
3484 1525 3728 1580 certissi-

2130 1631 2271 1669 mam
2299 1625 2381 1670 est
2404 1616 2630 1685 adeptus
2645 1634 2659 1682 ;
2677 1625 2839 1687 atque
2855 1616 3154 1672 monastico
3169 1617 3258 1671 hic
3274 1616 3464 1673 habitu
3480 1625 3723 1686 sumpto,

2088 1756 2091 1759 .
2127 1706 2387 1762 obeundis
2403 1706 2635 1762 coanobii
2663 1708 2973 1764 muneribus
2987 1723 3334 1779 nequaquam
3354 1721 3418 1765 se
3454 1708 3724 1780 imparem

2055 1838 2103 1897 Β
2130 1798 2347 1867 gavisus
2376 1809 2478 1855 est.
2512 1798 2651 1854 Huic
2671 1815 2867 1855 nomen
2892 1799 3157 1856 Huntheri
3182 1800 3303 1856 fuit.

2694 1908 2883 1967 CAPIT.
2923 1908 3138 1968 XXVII.

2546 1999 2626 2055 De
2652 1998 2962 2071 Burgum-to
2989 1999 3300 2072 paralysi».

2199 2111 2351 2167 Alius
2379 2124 2593 2182 quoque
2618 2110 2881 2167 vocabulo
2900 2110 3237 2178 Burckwart,
3268 2111 3482 2169 viribus
3520 2126 3728 2186 prope-

2144 2209 2360 2264 modum
2393 2208 2559 2263 totius
2581 2208 2828 2279 corpcris
2848 2207 3157 2275 destitutus,
3181 2215 3308 2263 ante
3331 2205 3519 2262 limina
3546 2209 3727 2265 sancti

2130 2299 2470 2373 Wigberchti
2518 2315 2624 2357 non
2673 2315 2840 2374 parvo
2882 2309 3123 2372 tempore
3167 2299 3360 2371 jacuit,
3391 2309 3448 2355 et
3476 2301 3723 2367 tandem,

2130 2393 2574 2451 succurrentibus
2616 2392 2731 2463 ejus
2769 2389 3158 2448 edicacissimls
3210 2390 3500 2462 precibus,
3560 2390 3726 2462 plena

2130 2486 2389 2557 sospitate
2419 2487 2650 2541 donatus
2696 2492 2798 2539 est.
2831 2483 3073 2553 Namque
3108 2483 3199 2538 diu
3237 2482 3408 2539 oblito
3439 2482 3724 2555 gradiendi

2129 2576 2304 2635 ofﬁcio
2326 2585 2564 2649 recepto,
2580 2577 2742 2633 etiam
2771 2577 3222 2633 [incrementum
3248 2578 3507 2648 perrexit.

2690 2690 2887 2746 Car".
2924 2687 3155 2746 XXVIII.

2546 2780 2627 2837 De
2651 2780 2919 2854 Sigeberto
2948 2782 3293 2837 dwmom’aco.

2202 2891 2308 2950 Sed
2334 2907 2404 2951 ne
2430 2894 2662 2964 gratiam
2694 2893 2915 2965 quidem
2949 2891 3307 2963 fugandorum
3340 2880 3576 2964 nequam
3604 2894 3724 2965 spi-

2130 2987 2332 3043 rituum
2359 2987 2486 3045 huie
2511 3002 2608 3043 suo
2642 2986 3022 3058 probatissimo
3042 2984 3246 3042 famulo
3270 2986 3531 3043 Dominus
3555 2986 3720 3059 311

2130 3080 2431 3152 denegavit.
2464 3079 2577 3137 Hac
2604 3081 2750 3138 enim
2786 3080 2993 3137 recenti
3038 3080 3301 3136 memoria
3348 3079 3571 3152 quidam
3598 3096 3725 3135 cor-

2133 3179 2315 3240 reptus
2368 3170 2725 3227 acerbissimo
2770 3170 3043 3233 daemone,
3089 3169 3378 3242 Sigehraht
3431 3169 3719 3236 vocabulo,

2135 3259 2323 3317 ferreis
2358 3260 2586 3317 manicis
2628 3261 2859 3322 vinctus.
2898 3259 3283 3317 miserabiliter
3313 3268 3584 3315 attractus
3610 3269 3721 3325 est.

2130 3364 2204 3420 et,
2238 3355 2542 3410 interventu
2590 3352 2760 3409 sancti
2787 3351 3158 3425 Wigbercbti,
3462 3352 3719 3409 violentia

2130 3445 2407 3500 liberatus.

2696 3535 2895 3592 Capta.
2928 3534 3121 3591 XXIX.

2557 3626 2640 3693 De
2658 3626 2906 3699 Bertgero
2941 3628 3283 3682 dmoniaco.

2142 3802 2145 3807 λ
2201 3741 2469 3809 Sicalter,
2500 3740 2757 3812 Beratgar
2784 3741 2980 3809 dictus,
3032 3750 3087 3797 et
3130 3740 3366 3811 maligno
3412 3741 3606 3812 spiritu
3656 3743 3713 3797 in

2126 3835 2414 3892 belluinam
2455 3844 2693 3891 mutatus
2719 3850 2784 3890 ex
2812 3834 3030 3890 homine
3063 3834 3292 3900 rabiem,
3337 3834 3479 3904 apud
3534 3836 3714 3890 sancti

2128 3927 2286 3998 huius
2311 3927 2627 3983 memoriam
2668 3926 2855 3983 eadem
2902 3924 3148 3981 horribili
3184 3924 3435 3997 passione
3487 3935 3714 3981 curatus

2125 4027 2229 4073 est.

2708 4086 2899 4144 CAPIT.
2942 4083 3112 4141 XXX.

2411 4189 2491 4244 De
2521 4190 2749 4244 lrimoda
2784 4190 3054 4245 sanatione
3094 4186 3429 4259 Ramnulphi.

2196 4305 2402 4375 Aliquis
2428 4314 2695 4375 praeterea
2745 4304 2974 4388 oriundo
3000 4303 3319 4376 Aquitanus,
3368 4303 3461 4360 cui
3509 4318 3710 4360 nomen

2124 4405 2241 4451 erat
2282 4394 2640 4466 Ramnulpbo,
2670 4394 2743 4450 ab
2776 4395 2997 4451 ineunte
3028 4403 3209 4449 mutus
3256 4402 3439 4459 aetate,
3483 4394 3711 4449 surdus-

2124 4504 2248 4559 que,
2278 4497 2333 4543 et
2374 4502 2511 4556 pene
2539 4487 2606 4542 ad
2634 4486 2828 4542 faciem
2871 4487 3081 4557 pecoris
3133 4487 3187 4541 in
3242 4486 3422 4540 alvum
3476 4502 3706 4557 pronus,

438 4583 629 4639 ditum.
660 4582 838 4652 Atque
874 4581 1077 4645 Lullus,
1110 4590 1380 4634 annuente
1415 4580 1607 4651 Magno
1634 4579 1849 4645 Carolo,
1898 4595 2014 4634 mo-
2048 4567 2100 4628 1)
2126 4580 2232 4635 huc
2258 4580 2568 4649 perductus,
2595 4580 2831 4634 maximo
2860 4580 3243 4649 rarissimoque
3282 4579 3544 4634 miraculo
3574 4580 3711 4634 atra-

437 4682 753 4735 numentum
780 4673 939 4739 illius,
980 4688 1089 4743 quo
1115 4686 1263 4727 more
1291 4685 1389 4741 per
1414 4668 1615 4726 Gallias
1640 4669 2015 4725 Gemianiam-

436 4782 539 4837 que
559 4776 879 4827 ceterorum
908 4774 1219 4823 sanctorum
1249 4764 1514 4827 visuntur,
1544 4778 1677 4818 auro
1706 4771 1760 4817 et
1797 4771 2018 4834 argento

511 4908 537 4935 ι
573 4895 798 4966 Albuino
836 4896 1069 4966 praesuli.
1110 4894 1209 4962 Qui
1248 4902 1302 4948 et
1329 4891 1505 4966 ‘Witta
1541 4903 1766 4966 vocatur
1793 4892 1897 4948 alio
1922 4907 2021 4966 no:

442 4965 608 5030 mine,
650 4973 706 5021 et
752 4963 990 5020 Wi‘ttana
1042 4966 1093 5018 in
1154 4964 1374 5033 epistola
1424 4963 1700 5019 Zachariae
1748 4979 1913 5033 papa;
1950 4964 2018 5018 ad

438 5032 613 5105 ipsum
642 5034 785 5105 da_l_a,
810 5037 866 5089 in
891 5053 993 5103 qua
1029 5032 1245 5089 vocatur
1283 5035 1565 5105 episcopus
1612 5032 1860 5105 Εεςέρεὶᾳξ
1888 5032 2018 5085 Bar-

442 5102 845 5161 baranw.Hanc
859 5102 1292 5173 vocrmcxplicat
1316 5102 1570 5159 Serarius
1601 5105 1665 5157 de
1698 5102 2017 5169 Burilmrgo,

442 5174 619 5246 cuius
643 5174 951 5246 episcopum
992 5173 1158 5228 fuisse
1188 5175 1261 5228 ait
1293 5175 1580 5246 Allminum
1607 5192 1646 5246 ᾖ
1657 5186 1828 5246 neque
1857 5189 2016 5246 repu-

438 5242 565 5316 gno.
590 5242 796 5316 Ob'hoc
809 5242 939 5316 ergo
954 5254 1068 5299 erat
1089 5246 1371 5315 episcopus
1401 5244 1579 5316 oppidi
1607 5242 2021 5316 Ft'itislariensis

441 5313 583 5384 quod
613 5313 972 5369 Fritislarium
1001 5313 1223 5384 essetin
1258 5313 1477 5370 ditece'si
1520 5313 1900 5384 Buriburgcnsi
1956 5329 2020 5368 ac

441 5383 584 5438 velut
612 5386 926 5455 SUlllll‘hilllll
956 5386 1132 5455 Oppidi
1156 5383 1587 5455 Buriburgensis.
1616 5383 1711 5455 Sic
1753 5383 2018 5455 archiepi—

439 5469 634 5523 scopus
691 5454 1054 5519 NarliOIicIISis
1109 5454 1556 5510 dicebatur'olim
1602 5454 2015 5523 archiepiscopus

436 5521 705 5595 ﬂedensis,
728 5528 867 5595 quod
896 5526 1157 5581 Ilcdensis
1187 5540 1353 5595 pagus
1374 5525 1510 5580 situs
1533 5533 1675 5578 esset
1709 5521 2014 5595 iu'dimCesi

435 5590 795 5650 Narbonensi.
859 5597 949 5650 Sic
996 5590 1669 5664 Ausonensisﬂcpiscopus
1722 5594 2015 5664 vocabatur

435 5664 703 5743 episcopus
723 5664 1101 5743 Mapresensis,
1130 5664 1271 5731 quod
1306 5663 1606 5743 Mitiorissm
1630 5679 1723 5717 seu
1770 5663 2014 5743 Manrcsa

436 5732 540 5785 sita
559 5732 705 5788 eeset
723 5735 774 5787 in
800 5734 1017 5789 dioecesi
1041 5733 1362 5788 Ausonensi.
1392 5732 1484 5787 Sic
1512 5732 1825 5786 Helcncnsis
1856 5747 2012 5786 voca-

437 5800 596 5856 batur
650 5802 1071 5867 Rouilionensis,
1126 5802 1267 5870 quod
1319 5801 1637 5857 Rossilionis
1669 5802 1781 5857 sive
1824 5802 2012 5857 Rusci-

2130 4677 2241 4723 tum
2271 4679 2491 4739 repente
2536 4670 3045 4741 ohstructarumque
3070 4668 3281 4723 aurium
3304 4669 3528 4724 sortitus
3550 4685 3709 4740 aper-

2128 4762 2348 4826 tionem,
2372 4760 2535 4815 etiam
2565 4760 2861 4815 secundum
2908 4759 3317 4832 praerogativam
3342 4757 3601 4826 hominis,
3634 4756 3708 4814 ad

2128 4896 2554 4967 nonis,oppidum
2587 4909 2650 4951 ea
2701 4896 2753 4951 in
2797 4896 3020 4951 dioecesi
3050 4896 3211 4951 situm
3258 4901 3421 4959 esset,
3472 4903 3527 4949 et
3578 4896 3705 4965 quia

2127 4965 2413 5022 comitatus
2438 4965 2862 5038 Ruscinonensiis
2875 4967 3151 5038 constituit
3178 4967 3466 5021 maximam
3492 4977 3703 5038 partem

2124 5038 2419 5092 dimceseos
2442 5037 2775 5092 Helenensis.
2809 5037 2876 5092 Et
2897 5037 2974 5091 sic
2995 5037 3061 5091 de
3079 5038 3308 5091 caneris.

2195 5107 2222 5145 ι)
2263 5106 2657 5176 Herolfesfeldt.
2705 5106 2858 5174 Quod
2901 5116 3084 5176 postea
3129 5106 3307 5161 vocari
3353 5105 3517 5176 carpit
3563 5104 3699 5161 Iler-

2122 5176 2314 5231 veldia.
2338 5177 2657 5231 Lambertus
2683 5176 3204 5245 Schafnalmrgensis
3229 5178 3295 5230 ad
3326 5192 3524 5229 annum
3549 5176 3651 5231 8H
3681 5194 3695 5230 :

2130 5265 2146 5296 ι
2195 5245 2495 5301 Ludovicus
2528 5248 2675 5302 venit
2699 5248 2764 5299 ad
2793 5244 3133 5300 Herolfesfelt
3160 5261 3197 5299 ιι
3213 5244 3329 5299 Kal.
3348 5246 3696 5311 Novembris;

2122 5326 2175 5386 et
2203 5318 2475 5386 privilegia
2501 5315 2781 5371 monachis
2810 5317 2976 5381 dedit,
3011 5331 3217 5385 suoque
3248 5317 3422 5386 sigillo
3447 5317 3695 5371 munivit.

2124 5385 2367 5442 Monachi
2404 5385 2627 5457 quoque
2665 5386 2905 5457 ejusdem
2962 5385 3334 5442 Hcrveldensis
3383 5390 3697 5443 monasterii

2128 5457 2458 5527 reconciliati
2486 5455 2606 5512 sunt
2630 5455 2750 5512 cum
2784 5455 3002 5527 Otgario
3026 5458 3450 5527 archiepiscopo.
3498 5475 3515 5507 ι

2198 5539 2218 5566 ε
2259 5526 2592 5598 Invenerunt.
2624 5526 2873 5598 Tempus
2905 5526 3044 5581 illius
3072 5526 3437 5581 translationis
3469 5542 3575 5583 non
3618 5537 3698 5581 est

2123 5597 2436 5651 adnotatum
2467 5613 2496 5651 a
2519 5596 2683 5667 Lupo.
2714 5596 3004 5652 Browerus
3043 5605 3224 5651 tamen
3258 5613 3377 5651 eam
3406 5598 3696 5667 contigisse

2122 5677 2273 5735 putat
2304 5668 2443 5720 haud
2469 5666 2634 5720 multo
2661 5676 2781 5738 post
2810 5667 3084 5722 Saxonum
3112 5666 3474 5733 incursiones,
3522 5666 3577 5725 id
3616 5679 3697 5726 eat

2121 5739 2261 5791 circa
2287 5753 2483 5791 annum
2513 5737 2636 5793 780.
