4034 6298
1714 381 2018 440 nonnum
2064 381 2227 438 eum
2267 422 2282 451 ,

3483 389 3588 447 δθι

326 498 641 555 intuentlttm
664 495 861 553 emittm
883 504 1096 551 erectus
1124 503 1229 551 est.
1256 496 1335 551 ita
1366 495 1559 565 triplici
1605 495 1749 550 enim
1802 496 1905 550 hac
1930 499 1981 560 Α
2010 500 2275 555 trinsccus
2311 498 2512 563 addidi,
2539 508 2595 553 et
2634 514 2753 568 quae
2777 508 2955 556 vestra
2979 500 3196 557 solertia
3238 502 3397 570 jussit
3441 504 3587 559 insc-

326 576 603 649 dobilitate
628 586 987 653 conﬂictatus,
1018 589 1238 644 totidem
1260 604 1321 644 se
1344 589 1563 644 humani
1588 603 1716 644 usus
1744 602 1898 644 com-

325 682 518 753 pendia
545 680 725 737 subito
750 680 1013 736 meruisse
1032 681 1261 737 miratus
1285 691 1388 736 est.

756 790 915 863 312
950 805 1236 848 concrusro
1273 807 1476 848 OPEMS.

395 903 524 962 Haec
560 905 842 972 inchoata,
886 914 945 960 ut
993 905 1253 973 voluistis,
1306 922 1466 977 quam
1502 906 1746 962 absoluta
1780 922 1904 963 ora—

326 1000 472 1056 tione
497 999 700 1066 direxi;
736 1016 840 1071 qua
886 1015 1059 1071 neque
1088 1002 1517 1057 commentitium
1564 1001 1763 1071 aliquid
1809 1014 1904 1056 ex-

2009 592 2174 647 reuda
2202 603 2417 647 servato
2438 593 2657 647 tramite
2677 593 2922 649 veritatis
2943 597 3208 666 expressi.
3242 597 3370 665 Quae
3397 598 3589 655 beatus

2007 683 2282 741 confessor
2334 683 2534 740 Christi
2582 685 2962 757 Wigberchtus
3007 690 3211 745 utinam
3258 690 3346 761 pio
3394 706 3591 761 prose-

2007 786 2204 844 quatur
2228 775 2447 841 favore;
2474 792 2539 832 ac
2569 778 2741 845 vobis,
2770 780 2862 848 qui
2902 780 3250 837 ministrastis
3276 783 3582 850 materiam,

2006 886 2115 926 una
2144 884 2377 935 mecum,
2418 872 2510 939 qui
2543 872 2684 929 hanc
2726 872 2781 928 in
2834 872 3068 943 aliquam
3112 875 3288 946 redegi
3326 874 3584 942 50mm,

2009 960 2413 1017 intercessionis
2432 961 2604 1017 vicem
2640 977 2992 1032 compensare
3020 964 3283 1035 dignetur.

323 1142 3569 1184 Μ

1103 1291 1267 1403 B-
1395 1284 2223 1404 SEBVA'I‘I
2322 1276 2777 1405 LUPI

1550 1500 2059 1558 FERRARIENSIS
2096 1502 2388 1559 ABBATIS

660 1570 1119 1800 Horarum
1206 1673 1431 1801 DUIE
1512 1674 1619 1801 ιι
1703 1673 2410 1815 summm
2497 1677 2581 1804 ι.
2671 1674 3241 1809 WIGBERTI.

702 1970 866 2042 διε
907 1969 1188 2027 eorum
1219 1970 1432 2027 PRtMA
1458 1986 1508 2027 ι.

384 2063 628 2121 Gaudete
645 2071 703 2117 et
712 2061 978 2117 exsultate
988 2063 1046 2117 in
1062 2062 1310 2129 Domine,
1323 2063 1660 2121 dilectissimi
1675 2066 1894 2134 fratres,

312 2156 409 2229 qui
462 2155 670 2211 devotis
701 2155 972 2209 mentibus
1010 2154 1078 2208 ad
1122 2155 1382 2210 soletnnia
1428 2157 1602 2212 sancti
1632 2157 1896 2229 Wigberti

314 2249 660 2315 convenistis;
678 2257 734 2303 et
760 2248 1046 2303 Dominum
1067 2247 1249 2304 lesum
1273 2248 1546 2304 Christum
1562 2251 1897 2308 multimodis

314 2342 656 2398 devotissime
707 2339 1044 2405 collaudate,
1092 2340 1185 2410 qui
1236 2355 1509 2411 nunquam
1571 2340 1900 2412 derelinquit

312 2440 597 2501 sperantes
616 2431 669 2484 in
692 2444 772 2495 se,
799 2430 894 2485 sed
920 2429 1349 2485 misericorditer
1374 2430 1532 2486 DODiS
1565 2431 1619 2486 in
1655 2431 1758 2487 hoc
1784 2433 1892 2487 mi-

313 2524 542 2580 serrimo
582 2523 767 2578 mundi
814 2523 1089 2594 ergastulo
1136 2523 1445 2580 constitutis
1490 2533 1749 2593 patronos
1792 2540 1895 2595 pro

314 2615 469 2670 nobis
497 2613 799 2671 laudabiles
817 2616 885 2669 ad
916 2614 1363 2671 intercedendum
1386 2616 1729 2684 procuravit;
1752 2632 1893 2686 qua-

1932 1980 1981 2040 B
2010 1976 2196 2033 dicens
2243 1993 2253 2027 :
2303 1973 2433 2029 Non
2486 1975 2736 2030 habemus
2781 1976 2864 2031 hic
2908 1986 3199 2032 manentem
3252 1978 3309 2033 in
3362 1990 3588 2036 calloso

2000 2064 2204 2121 mundo
2235 2064 2513 2130 civitatem,
2541 2065 2633 2121 sed
2669 2066 2904 2135 fartor-ant
2942 2068 3100 2124 bonis
3124 2069 3381 2139 operibus
3411 2069 3588 2142 inqui-

2002 2159 2167 2213 rimus
2188 2157 2379 2230 (Hebr.
2418 2161 2561 2229 xm).
2586 2158 2952 2227 Quamobrem
2976 2176 3209 2232 namque
3236 2169 3453 2231 oportet
3487 2176 3585 2218 vo-

2000 2250 2104 2317 bis,
2131 2250 2223 2320 qui
2254 2251 2677 2307 sincerissimam
2699 2253 3065 2323 apostolorum
3095 2253 3254 2311 fidem
3268 2256 3498 2323 tenetis,
3521 2262 3585 2313 ut

2000 2344 2056 2397 in
2080 2344 2330 2400 omnibus
2359 2345 2538 2415 sagaci
2560 2353 2726 2415 atque
2752 2344 3071 2415 infatigabili
3094 2354 3296 2413 mente,
3314 2354 3584 2418 quantum

1998 2433 2301 2503 quiveritis,
2318 2432 2440 2489 illos
2463 2434 2664 2489 imitari
2684 2434 2968 2490 studentis.
2994 2433 3151 2502 Quia,
3190 2435 3336 2493 sicut
3352 2435 3582 2508 legimus

2001 2524 2053 2579 in
2094 2525 2266 2580 sacris
2293 2525 2583 2596 paginulis,
2631 2533 2783 2583 tanto
2827 2528 3037 2583 accensi
3090 2526 3309 2583 fuerunt
3346 2528 3581 2600 apostoli

1999 2633 2184 2683 amore
2200 2617 2406 2674 Christi
2432 2626 2491 2675 ut
2512 2634 2616 2675 nec
2637 2619 2747 2676 ullo
2773 2620 2935 2675 modo
2972 2622 3279 2688 tumentis,
3308 2620 3394 2678 vel
3412 2622 3580 2681 minis

314 2715 473 2762 tenus
499 2720 598 2777 per
618 2707 715 2762 hos
752 2705 1080 2762 Christianae
1118 2706 1394 2780 religionis
1436 2707 1651 2777 imbuti,
1714 2709 1894 2764 fercu-
1997 2725 2207 2781 regum,
2233 2724 2440 2766 necnon
2474 2711 2637 2766 etiam
2683 2711 3150 2781 persecutionibus
3174 2711 3475 2771 inﬁdelium
3506 2713 3579 2769 ab

312 2799 447 2854 lisve
466 2798 650 2853 satiati
679 2797 1017 2864 caestibus,
1047 2812 1197 2868 spem
1224 2797 1522 2854 caelestium
1542 2798 1890 2868 pmmiorutu
1994 2801 2085 2859 illo
2102 2810 2324 2871 possent
2343 2800 2522 2867 evelli,
2545 2801 2641 2859 sed
2672 2800 2826 2857 ﬁrma
2852 2802 2958 2859 fide
2981 2809 3038 2858 et
3082 2817 3248 2874 opere
3282 2802 3369 2863 vel
3412 2803 3579 2861 indis-

304 2891 422 2962 jam
448 2890 645 2945 habere
668 2889 961 2961 possimus,
990 2889 1036 2944 si
1064 2888 1195 2944 illuc
1217 2888 1380 2945 corde
1420 2897 1476 2944 et
1503 2904 1665 2958 opere
1690 2904 1888 2959 sequa-
1993 2892 2208 2948 solubili
2238 2893 2507 2949 charitate
2547 2894 2878 2950 unanimiter
2921 2905 3356 2965 perseverarent,
3396 2898 3571 2959 donec

312 2998 453 3036 mur.
488 2981 604 3051 lpse
646 2995 859 3050 quoque
905 2980 1166 3035 Dominus
1202 2989 1388 3035 noster
1428 2978 1586 3034 lesus
1616 2979 1888 3047 Christus,
1993 2984 2172 3039 divina
2200 2983 2269 3039 ab
2316 2984 2418 3051 hoc
2444 2985 2647 3040 mundo
2692 2987 2973 3043 vocatione
3015 2986 3258 3044 cmlestia
3312 2990 3575 3047 scandere

311 3074 661 3143 omniumque
680 3080 894 3127 creator
919 3080 1366 3138 sanctus,omnes
1386 3080 1603 3127 sanctos
1623 3072 1883 3139 condidit;
1990 3069 2323 3132 meruerunt.
2342 3076 2488 3145 Quid
2520 3078 2665 3133 enim
2701 3079 2928 3135 dicimus
2965 3079 3031 3136 de
3060 3081 3398 3152 virginibus?
3442 3085 3572 3154 quia

309 3174 367 3221 et
386 3164 562 3220 nullus
580 3178 819 3234 unquam
847 3178 943 3235 per
968 3178 1027 3219 se
1056 3166 1118 3217 tit
1143 3173 1364 3219 sanctus
1390 3164 1596 3233 alisque
1619 3163 1713 3220 Dei
1735 3163 1885 3234 larga
1989 3168 2239 3225 humanis
2262 3184 2369 3225 non
2398 3166 2593 3224 sulIicit
2623 3169 2849 3241 ingeniis
2871 3170 2937 3226 de
2969 3169 3076 3226 illis
3107 3169 3308 3242 aliquid
3326 3186 3427 3243 pro
3463 3170 3573 3228 fra-

308 3258 666 3330 providentia.
716 3257 841 3313 Ideo
884 3257 1101 3327 quippe,
1150 3257 1287 3312 sicut
1341 3257 1395 3311 in
1435 3256 1609 3312 sacris
1653 3256 1884 3327 legimus
1989 3260 2385 3334 gilitatecarnis
2410 3262 2733 3333 condignum
2762 3261 2999 3317 scribere
3014 3262 3099 3317 vel
3121 3262 3343 3328 imitari,
3370 3263 3569 3334 quibus

310 3351 608 3422 Scripturis
640 3348 798 3421 (Luc.
836 3348 919 3421 ιι),
978 3348 1046 3404 ab
1093 3348 1227 3405 Abel
1276 3354 1674 3419 protomartyre
1720 3362 1893 3417 usque
1919 3343 1966 3407 C
2000 3354 2218 3409 fuituna
2238 3354 2754 3419 ﬁdes,immutabilis
2768 3369 2938 3421 amor,
2954 3355 3326 3421 cbaritasuna;
3343 3364 3569 3427 eratque

309 3457 454 3497 nunc
484 3442 748 3513 gloriﬁcat
770 3448 990 3498 sanctos
1007 3450 1063 3495 et
1086 3440 1288 3497 electos
1328 3455 1456 3497 suos
1480 3440 1779 3505 salutiferis
1828 3440 1885 3496 in
1994 3444 2156 3516 315
2184 3444 2289 3500 illis
2315 3445 2596 3517 virginitas
2623 3445 2823 3510 carnis,
2854 3460 3050 3517 corpus
3076 3447 3369 3513 intactum;
3397 3447 3565 3520 virgi-

308 3536 413 3591 hoc
442 3534 642 3591 mundo
666 3533 964 3600 miraculis,
1009 3534 1099 3603 qui
1127 3532 1487 3589 mundialibus
1522 3549 1629 3590 non
1668 3532 1886 3589 fuerunt

306 3626 681 3697 comprehensi
710 3625 1002 3691 illecebris;
1029 3625 1126 3681 sed
1159 3625 1306 3682 omni
1338 3625 1555 3696 quidem
1599 3626 1884 3681 conamine

305 3722 505 3775 mentis
536 3729 592 3774 et
628 3718 792 3791 διε,
827 3718 1070 3788 corporis
1096 3727 1248 3774 recte
1278 3718 1586 3789 cogitando,
1619 3726 1785 3788 atque
1814 3719 1883 3773 ab

302 3812 452 3866 omni
482 3812 764 3881 iniquitate
790 3826 848 3866 se
889 3811 1236 3876 continendo,
1289 3809 1570 3866 diabolicis
1614 3808 1881 3866 efﬁcacis-

302 3904 442 3960 sime
466 3904 789 3960 resistebant
834 3903 1285 3976 suggestionibus.
1315 3902 1653 3974 Quapropter
1701 3902 1878 3958 divina

300 3998 636 4053 exuberante
662 3997 837 4069 gratia
861 4003 1143 4053 consortes
1186 4003 1241 4050 et
1268 3995 1510 4051 haeredes
1550 4003 1677 4051 sunt
1716 4010 1882 4065 ange-

302 4091 425 4147 licis
461 4091 515 4146 in
562 4090 701 4147 coelo
748 4087 989 4157 sedibus,
1038 4089 1127 4145 ubi
1170 4089 1247 4144 nil
1289 4088 1516 4144 ulterius
1570 4087 1880 4144 desiderem

301 4190 527 4255 queant,
554 4183 646 4239 sed
673 4181 882 4237 Domini
902 4180 1029 4238 Jesu
1046 4180 1249 4237 Christi
1276 4179 1648 4236 insatiabiliter
1672 4179 1879 4235 visione

301 4288 368 4330 ac
415 4275 690 4330 consortio
732 4288 1089 4345 supernorum
1139 4272 1340 4327 civium
1393 4270 1757 4343 perfruantur.
1814 4271 1879 4326 Et

300 4363 447 4430 ideo,
477 4362 671 4423 fratres
722 4363 1048 4429 charissimi,
1098 4376 1438 4419 assumamus
1483 4361 1638 4418 nobis
1695 4361 1877 4417 divino

298 4454 556 4527 suﬁragio
583 4470 734 4512 arma
763 4454 1076 4524 etexempla
1102 4454 1335 4521 illorum,
1371 4453 1462 4525 qui
1497 4469 1593 4524 per
1614 4454 1877 4527 imagina-

298 4549 465 4606 bilent
518 4550 612 4605 Dei
656 4548 996 4620 adjuvamine
1025 4549 1183 4604 fidem
1215 4549 1460 4603 vicerunt
1484 4563 1649 4620 regna
1694 4556 1874 4615 trans-

298 4640 487 4706 itoria,
504 4641 716 4712 operati
745 4651 873 4696 sunt
898 4639 1181 4709 justitiam,
1216 4640 1391 4710 adepti
1417 4649 1541 4696 sunt
1562 4640 1876 4711 promissio-

1990 3536 2132 3592 nitas
2161 3537 2376 3600 animae,
2405 3534 2539 3591 fides
2589 3536 2919 3604 incorrupta.
2953 3533 3020 3590 Et
3067 3535 3189 3591 ideo
3234 3552 3398 3604 vero,
3434 3538 3563 3609 quia

1990 3629 2208 3686 fuerunt
2231 3630 2334 3700 piis
2388 3630 2441 3683 in
2496 3628 2711 3684 Christo
2756 3626 2981 3683 Domino
3026 3627 3221 3685 studiis
3262 3631 3568 3696 adornata,

1989 3721 2249 3776 virtutum
2282 3719 2493 3789 palmas
2538 3732 2874 3788 coronasque
2926 3717 3103 3787 dignis
3143 3726 3468 3789 acceperunt
3517 3719 3569 3774 in

1988 3812 2128 3868 coelo
2150 3810 2409 3881 pramiis.
2436 3809 2512 3864 De
2533 3808 2866 3880 martyribus
2885 3816 3101 3880 qucque
3129 3808 3258 3879 quid
3282 3808 3570 3865 dicendum
3618 3810 3627 3817 ’

1987 3906 2107 3963 est?
2124 3904 2217 3976 qui
2244 3903 2554 3975 panniculis
2582 3902 2956 3973 despectisqne
2982 3902 3221 3959 vestibus
3246 3916 3473 3973 corpora
3501 3903 3569 3961 ad

1988 4003 2258 4053 tormenta
2309 3993 2651 4069 tradiderunt
2697 3994 3006 4057 terrestria,
3074 4000 3339 4064 quatenus
3397 3991 3565 4047 Deum

1988 4086 2384 4143 dominatorem
2407 4083 2651 4140 omnium
2673 4083 2876 4140 habere
2900 4092 3097 4139 etcum
3124 4082 3216 4139 illo
3239 4081 3568 4139 aeternaliter

1987 4190 2219 4248 regnare
2277 4181 2640 4238 mererentur,
2700 4182 3021 4242 respuerant
3071 4172 3348 4245 ﬂorigeros
3406 4170 3566 4243 hujus

1985 4268 2170 4325 mundi
2200 4266 2365 4325 ﬂores
2384 4283 2507 4324 cum
2530 4266 2816 4324 fallacibus
2842 4267 2988 4324 curis
3009 4283 3129 4339 qua:
3142 4268 3396 4324 homines
3415 4281 3563 4323 com-

1985 4361 2184 4417 mentis
2221 4361 2335 4418 suis
2377 4360 2696 4425 ludiﬁcant,
2750 4361 2982 4433 totisque
3029 4361 3234 4417 viribus
3278 4359 3562 4415 Dominum

1983 4453 2259 4509 Christum
2291 4452 2634 4519 dilexerunt,
2677 4461 2733 4508 et
2756 4462 2978 4525 propter
3006 4454 3110 4508 hoc
3155 4454 3206 4506 in
3254 4451 3564 4509 coelestibus

1985 4545 2237 4602 thalamis
2287 4554 2537 4616 regnant.
2589 4546 2666 4603 De
2719 4546 3156 4613 confessoribus,
3214 4562 3281 4601 ex
3331 4561 3561 4617 quorum

1983 4639 2207 4709 collegio
2253 4640 2354 4695 istc
2404 4639 2497 4695 Dei
2542 4638 2776 4695 famulus
2804 4647 2929 4704 est,
2971 4637 3054 4692 vel
3103 4637 3265 4692 etiam
3311 4638 3562 4693 omnibus

300 4747 431 4795 nes;
466 4739 546 4797 et,
576 4733 720 4788 sicut
758 4745 990 4801 namque
1020 4730 1281 4786 Dominus
1305 4729 1461 4786 lesns
1506 4730 1755 4786 Christus
1785 4746 1874 4784 ve—
1902 4738 1956 4798 Ι)
1982 4732 2185 4788 sanctis
2210 4731 2437 4804 legimus
2460 4732 2514 4788 in
2541 4733 2737 4787 divinis
2759 4731 2998 4787 historiis
3018 4744 3210 4786 omnes
3236 4745 3357 4786 cum
3384 4730 3561 4785 diver-

300 4823 471 4878 ridica
510 4823 565 4877 iu
608 4822 900 4894 Evangelio
935 4837 1066 4878 voce
1115 4821 1399 4893 praedixit:
1435 4820 1524 4876 Sic
1573 4822 1743 4875 luceat
1782 4820 1876 4875 lus:

298 4925 470 4969 vestro
488 4930 668 4969 coram
686 4915 1005 4981 hominibus,
1030 4927 1085 4969 ut
1105 4915 1311 4969 videant
1334 4931 1490 4984 opera
1528 4924 1699 4969 vestra
1740 4914 1874 4969 bona

297 5015 345 5060 et
375 5004 664 5074 gloriﬁcent
684 5003 901 5060 Patrem
923 5015 1150 5059 vestrum
1173 5006 1259 5076 qui
1298 5006 1352 5058 in
1388 5003 1526 5058 caelis
1558 5014 1630 5058 est
1654 5003 1871 5076 (Matth.

297 5099 374 5169 ν).
400 5098 598 5154 Paulus
638 5113 769 5154 sane
794 5100 1040 5169 egregius
1077 5097 1394 5167 prmtlicator
1436 5096 1754 5165 praemonuit
1800 5096 1871 5151 ita

369 5269 395 5296 ιι
440 5254 696 5311 llomilias
732 5256 864 5310 istas
897 5254 1152 5309 debemus
1178 5251 1373 5308 Joanni
1410 5251 1631 5321 Dus-aco,
1657 5248 1873 5321 presby-

296 5332 417 5380 tero
442 5342 473 5379 c
498 5327 753 5380 societate
783 5322 930 5388 Jesu,
972 5326 1060 5393 qui
1091 5338 1184 5379 eas
1231 5338 1370 5393 anno
1401 5320 1536 5376 1604
1591 5320 1873 5391 Moguntina

298 5398 466 5452 edidit
501 5398 555 5450 in
582 5395 720 5450 libro
754 5392 1217 5464 Paralipomenon.
1250 5392 1383 5464 Lupi
1423 5400 1602 5464 autem
1623 5407 1744 5464 esse
1766 5406 1873 5446 non

296 5468 514 5522 aliunde
541 5476 753 5521 constat
772 5461 1023 5535 quam'ex
1044 5461 1358 5533 conjectura
1394 5462 1632 5535 ejusdem
1676 5461 1870 5535 Busan,

294 5537 391 5609 qui
419 5554 483 5609 ea
510 5538 577 5592 de
596 5552 761 5593 causa
784 5532 877 5609 eas
901 5537 1057 5609 Lupo,
1077 5532 1407 5609 adiudicavit
1428 5534 1570 5604 quod
1603 5534 1654 5587 in
1678 5532 1873 5609 codice

299 5598 778 5678 Doruinicanorum
828 5598 1311 5678 Mogtuitinensium
1349 5598 1484 5678 Vitae
1524 5603 1695 5678 sancti
1720 5598 1873 5673 Wig.

298 5677 437 5732 bcrli
460 5677 727 5746 adjuncta:
740 5673 941 5732 essent:
956 5676 1084 5741 Nos,
1103 5677 1316 5731 tametsi
1340 5673 1467 5730 nihil
1482 5675 1615 5746 certi
1632 5683 1872 5729 statuere

298 5745 638 5819 poteramus,
682 5763 775 5804 eas
814 5748 1108 5819 tameuhic
1136 5747 1435 5819 desiderari
1474 5745 1872 5819 uoluimus_,_ut

296 5816 472 5890 neque
498 5821 726 5891 hymnos
758 5820 891 5875 duos
919 5819 971 5873 in
997 5817 1281 5874 festivitate
1306 5816 1543 5886 ejusdem
1572 5817 1762 5872 sancti.
1790 5816 1870 5870 En

1982 4825 2058 4879 sis
2102 4825 2171 4879 ab
2218 4824 2382 4895 hujus
2428 4824 2613 4879 mundi
2659 4822 2793 4878 calle
2840 4821 3278 4877 tribulationibus
3317 4819 3559 4878 ctelestia

1984 4914 2277 4981 scandere;
2314 4914 2381 4970 de
2415 4928 2643 4983 quorum
2675 4913 2880 4969 scilicet
2930 4900 3170 4967 omnium
3215 4911 3555 4967 sanctissima

1982 5005 2088 5060 vita
2110 5004 2311 5075 aliquid
2336 5003 2491 5059 nobis
2508 5002 2832 5059 imitandum
2854 5010 2957 5067 est,
2984 5002 3297 5071 inquantum
3316 5001 3555 5057 humana

1980 5096 2214 5166 suppetit
2242 5094 2541 5166 fragilitas;
2583 5094 2709 5165 quia
2755 5092 2824 5148 ad
2867 5091 3153 5164 imaginem
3182 5092 3274 5146 Dei
3302 5090 3429 5147 facti
3459 5107 3552 5147 su-

1981 5248 2150 5313 ipsius
2180 5247 2348 5302 Busaei
2370 5245 2535 5300 verba
2570 5263 2581 5300 :
2637 5265 2654 5297 ι
2689 5244 2950 5313 Quoniam
2986 5252 3108 5299 ante
3135 5240 3408 5313 biennium
3431 5256 3554 5299 cum

2031 5318 2261 5374 inemari
2308 5316 2548 5387 epistolis
2586 5312 2743 5387 edita
2766 5324 2849 5371 est
2875 5315 2993 5387 Vita
3027 5312 3550 5387 Asancti‘Wigber-ti.

1980 5389 2250 5459 quondam
2274 5385 2453 5459 sancti
2493 5386 2773 5459 Bonifacii,
2796 5385 3189 5459 archiepiscopi
3232 5385 3551 5459 ilogtmtiui,

1983 5455 2138 5531 socii,
2172 5455 2581 5531 au_ctore_Lupo_
2617 5456 2853 5531 Servate
2892 5472 3033 5531 nunc
3075 5456 3279 5531 placuit
3325 5455 3556 5531 hymnos

1981 5529 2116 5583 duos
2146 5543 2210 5582 ac
2237 5529 2362 5582 item
2400 5523 2648 5583 horriilias
2676 5528 2809 5583 duas
2838 5529 2893 5582 in
2942 5523 3179 5595 ejusdem
3223 5523 3434 5579 laudem
3488 5524 3556 5577 ah

1978 5599 2165 5654 eodem
2194 5606 2438 5670 auctore,
2458 5607 2520 5653 ut
2542 5604 2786 5670 apparet,
2806 5598 3144 5670 conscriptas
3172 5597 3392 5670 addere,
3419 5605 3556 5661 quas

1978 5670 2033 5725 in
2060 5661 2432 5724 vetustissimo
2457 5661 2790 5725 ms.'codice
2828 5661 3302 5725 Dominicanorum
3330 5661 3553 5723 Patrum

1978 5741 2034 5822 in
2064 5741 2168 5822 hac
2195 5739 2657 5822 urbeMoguntina
2676 5738 2988 5811 degentium
3023 5738 3158 5793 Vita:
3198 5733 3369 5791 sancti
3403 5730 3556 5803 Wig-

1979 5812 2116 5868 berti
2145 5809 2421 5882 adjunctas
2447 5809 2770 5867 invenimus:
2818 5828 2838 5864 ι
