4070 6310
484 400 587 460 695

1494 402 1553 457 Β.
1594 401 1652 458 S.
1695 400 1848 457 [.UPI
1886 380 2714 455 ABBATIS'FERRARIENSIS

3624 390 3734 447 696

482 527 635 580 mus,
664 513 806 570 sicut
850 521 906 571 et
936 515 1031 570 illi.
1064 515 1133 571 Et
1160 516 1283 571 ideo
1324 517 1587 586 siquidem
1620 516 1914 571 altithrono
1942 517 2051 570 Deo
2081 524 2128 583 Α
2154 529 2297 569 nunc
2328 513 2505 583 specie
2530 512 2770 584 gerimus
2793 524 2976 566 rerum
3002 509 3238 569 veritate
3270 509 3570 581 capiamus.
3605 510 3737 568 Hoc

483 615 699 662 nostras
726 607 1032 677 impollutas
1058 608 1320 679 imagines
1346 607 1571 664 reddere
1604 608 1893 671 debemus,
1919 607 2060 663 sicut

483 694 609 749 alibi
642 696 773 751 dicit
803 710 819 751 :
848 696 1030 768 Imago
1057 695 1286 752 Caesaris
1317 699 1572 754 reddatur
1613 696 1810 753 Caesari
1835 738 1850 763 ,
1879 697 2061 767 imago

482 786 579 841 Dei
600 788 856 843 reddatur
875 789 984 844 Deo
1006 789 1222 861 (Matth.
1250 806 1402 846 χχιιι
1420 832 1434 857 ,
1461 791 1626 846 Marc.
1652 806 1760 856 xu,
1785 789 1913 843 Luc.
1942 789 2054 861 xx).

485 876 543 933 Si
578 895 675 935 nos
704 880 756 936 in
786 883 1190 953 comparatione
1214 883 1426 939 illorum
1461 884 1777 939 lutulentam
1800 898 1901 955 pro
1930 897 2057 937 san-

485 970 673 1026 ctitate
702 972 960 1029 habemus
1003 975 1173 1029 vitam
1196 1015 1211 1041 ,
1253 983 1433 1031 tamen
1468 975 1667 1046 quippe
1702 975 1756 1028 in
1800 974 2057 1042 despera-

480 1061 709 1129 tionem,
752 1080 871 1135 quae
898 1067 1200 1136 periculosa
1240 1079 1355 1135 est,
1400 1070 1593 1125 cadere
1638 1069 1850 1124 Domini
1880 1068 2056 1124 admi-

478 1156 658 1213 niculo
684 1174 790 1214 non
817 1159 1104 1228 debemus,
1135 1162 1260 1233 quia
1285 1163 1538 1218 universis
1566 1164 1664 1217 vita
1704 1161 1919 1216 Domini
1958 1162 2059 1217 mi-

476 1251 765 1305 sericordia
807 1261 857 1306 et
898 1253 1085 1308 veritas
1130 1251 1302 1327 (Psal.
1332 1254 1481 1325 xxxv)
1524 1270 1622 1311 suo
1652 1253 1758 1310 line
1786 1254 2058 1311 distincta:

478 1352 624 1400 sunt.
650 1343 859 1400 Etenim
896 1346 1282 1417 omnipotentis
1316 1346 1549 1419 benigna
1578 1355 1740 1418 atque
1769 1345 2058 1403 ineﬁ‘abilis

476 1433 730 1490 voluntas
757 1435 834 1489 nil
860 1435 1125 1492 discernit
1153 1436 1255 1492 nisi
1283 1437 1409 1493 illud
1436 1439 1577 1507 quod
1603 1437 1902 1508 iustissime
1928 1453 2057 1494 con-

474 1526 643 1581 venit.
691 1525 863 1584 Nemo
889 1544 1019 1586 vero
1046 1531 1113 1587 de
1142 1546 1303 1602 supra
1349 1532 1663 1588 memoratis
1711 1533 1915 1589 sanctis
1946 1540 2054 1588 tam

474 1619 666 1675 doctus
698 1617 821 1692 [leg.
851 1621 1092 1696 sanctus]
1138 1621 1241 1678 fuit
1271 1624 1361 1693 qui
1395 1638 1603 1680 summa
1635 1639 1742 1680 non
1768 1624 2060 1695 indiguerit

473 1710 865 1768 misericordia.
917 1711 1034 1769 Non
1079 1714 1222 1770 enim
1269 1716 1343 1770 ita
1389 1714 1482 1770 ulli
1535 1715 1844 1771 divinorum
1894 1716 2059 1790 316

474 1801 739 1857 bonorum
763 1803 1037 1860 sulliciunt
1057 1814 1345 1877 augmenta
1368 1814 1425 1860 ut
1453 1821 1560 1860 non
1586 1820 1799 1875 semper
1825 1806 2058 1877 amplius

2159 622 2289 661 vero
2318 605 2550 661 strictim
2598 604 2941 675 breviterque
2971 604 3265 675 attigimus.
3305 602 3572 660 Caterum
3603 606 3737 675 quid

2159 696 2401 762 felicius,
2432 696 2630 766 quidve
2659 695 2957 759 salubrius,
3006 709 3172 764 quam
3217 695 3424 752 servire
3466 696 3611 762 Deo,
3641 697 3739 767 qui

2158 787 2415 843 mundum
2444 787 2609 842 tantis
2634 786 3012 857 gubernaculis
3047 788 3219 859 regit,
3260 795 3317 843 et
3348 804 3527 843 omnes
3566 789 3742 843 homi-

2160 897 2249 936 nes
2287 880 2397 935 vult
2437 879 2612 934 salvos
2639 880 2757 949 ﬁeri
2786 890 2832 934 et
2862 880 2932 934 ad
2959 881 3275 951 agnitionem
3312 882 3545 937 veritatis
3565 882 3742 937 uenire

2160 972 2211 1046 (ι
2243 972 2378 1028 Tim.
2407 973 2470 1045 ιι)
2509 990 2524 1029 :
2557 980 2822 1043 quatenus
2847 988 3011 1040 sane,
3042 989 3164 1029 cum
3189 975 3458 1045 generalis
3497 976 3739 1030 advene-

2158 1065 2230 1120 rit
2254 1064 2398 1132 dies,
2427 1079 2617 1120 omnes
2648 1064 2757 1120 laeti
2784 1081 2884 1136 pro
2912 1067 3070 1122 bonis
3097 1067 3385 1137 operibus,
3416 1076 3472 1149 et
3496 1066 3594 1121 Dei
3624 1066 3742 1122 suf-

2157 1154 2330 1228 fragio
2379 1157 2644 1228 protecti,
2697 1165 2955 1213 aeternam
3004 1157 3394 1215 beatitudinem
3452 1174 3558 1215 una
3608 1174 3741 1215 cum

2158 1250 2359 1306 sanctis
2384 1249 2497 1310 suis
2526 1248 2773 1322 accipere
2801 1265 3130 1310 mereamur.

2759 1408 3040 1467 HOMILIA
3066 1409 3132 1466 ll.

2228 1525 2421 1581 Restat
2448 1524 2610 1596 igitur
2635 1523 2810 1581 adhuc
2856 1525 3059 1596 aliquid
3109 1525 3177 1581 de
3220 1533 3408 1581 sancto
3455 1524 3745 1598 Wigberto

2159 1620 2309 1676 brevi
2343 1634 2594 1676 sermone
2620 1633 2876 1685 narrare;
2900 1620 2991 1691 qui
3020 1620 3185 1676 tantis
3203 1619 3258 1675 in
3281 1620 3385 1675 hoc
3415 1621 3620 1675 mundo
3642 1622 3744 1676 be-

2161 1713 2371 1768 neficiis
2395 1712 2750 1784 omnibusque
2788 1711 3131 1770 Christicolis
3177 1713 3408 1779 claruit,
3455 1723 3516 1768 ut
3546 1716 3748 1770 merito

2162 1813 2307 1861 totus
2354 1803 2696 1861 Christianus
2742 1804 2971 1875 populus
3020 1818 3229 1861 summa
3279 1806 3636 1862 veneratione
3681 1808 3749 1862 de

475 1895 711 1962 supersit
740 1895 882 1964 quod
918 1912 1071 1953 mens
1098 1906 1305 1970 armata
1353 1898 1548 1953 divinis
1578 1897 1846 1968 suffragiis
1875 1907 1930 1953 et
1972 1899 2056 1953 in-
2086 1893 2134 1955 B
2162 1897 2508 1959 solemnitate
2554 1898 2697 1954 illius
2741 1899 3002 1977 gaudeat;
3054 1899 3292 1956 maxime
3324 1915 3565 1972 namque
3608 1916 3745 1967 nos,

478 1984 821 2054 telligendum
879 1987 1151 2044 desideret
1208 1999 1265 2044 et
1315 1989 1627 2061 gerendum.
1685 1988 2050 2069 Quamobrem

476 2091 639 2133 nemo
664 2079 729 2133 de
757 2081 1126 2151 magnitudine
1156 2082 1497 2152 iniquitatum
1531 2097 1751 2137 suarum
1782 2083 2051 2152 desperet,

476 2170 618 2224 sicut
643 2168 770 2225 alibi
797 2171 928 2227 dicit
958 2191 971 2226 :
1003 2170 1142 2228 Nolo
1166 2184 1383 2229 mortem
1403 2174 1713 2244 peccatoris,
1737 2174 1828 2229 sed
1851 2183 1907 2228 ut
1935 2161 2054 2229 con-

474 2271 731 2327 rertatur,
773 2272 823 2319 et
870 2265 1006 2319 vivat
1048 2265 1267 2337 (Ezech.
1303 2266 1520 2337 χχχιιι).
1562 2265 1665 2322 Sed
1698 2276 1878 2341 tamen
1905 2268 2054 2325 vide-

476 2354 606 2411 licet
624 2355 974 2412 accelerauda
998 2366 1084 2413 est
1103 2359 1366 2415 medicina
1389 2359 1756 2415 conversionis
1774 2360 1841 2414 ad
1863 2359 2051 2427 Deum,

479 2461 550 2501 ne
598 2454 810 2519 tempus
843 2449 1198 2505 correctionis
1239 2458 1400 2519 atque
1444 2451 1840 2506 emendationis
1867 2459 2056 2522 pereat

474 2541 733 2597 tarditate
779 2550 941 2612 atque
986 2542 1344 2614 negligentia,
1387 2544 1515 2614 quia
1559 2544 1760 2599 nemini
1805 2552 2053 2599 nostrum

476 2632 664 2688 ultima
690 2634 805 2691 dies
832 2643 958 2692 nota
987 2646 1089 2693 est.
1125 2638 1354 2710 Ideoque
1381 2639 1634 2696 veridicis
1656 2639 1808 2696 Pauli
1836 2649 2055 2697 senten-

473 2722 566 2778 tiis
596 2738 756 2781 aures
799 2727 979 2783 cordis
1023 2729 1524 2796 accommodemus,
1562 2730 1653 2786 ubi
1696 2731 1870 2787 dicit:
1906 2731 2056 2803 Abji-

475 2816 673 2871 ciamus
721 2834 843 2890 ergo
883 2836 1039 2889 apera
1084 2823 1411 2877 tenebrarum
1426 2859 1452 2888 ,-
1485 2832 1536 2878 et
1578 2823 1867 2880 induamur
1904 2841 2055 2880 arma

472 2906 624 2963 lucis.
671 2907 821 2965 Sicut
867 2912 921 2965 in
965 2913 1047 2968 die
1094 2915 1305 2970 honeste
1330 2914 1656 2971 ambulemus
1682 2916 1860 2988 (Rom.
1905 2918 2052 2991 XIII).

474 2995 629 3052 Nulla
658 3000 802 3055 enim
831 3001 1042 3056 Domini
1081 3005 1251 3059 nostri
1298 3002 1423 3060 Jesu
1469 3004 1671 3061 Christi
1701 3022 1864 3078 opera
1894 3008 2058 3064 mise-

479 3088 712 3145 ricordia
736 3100 929 3146 vacant
950 3133 965 3158 ,
993 3096 1206 3164 quando
1251 3096 1452 3151 homini
1484 3106 1539 3152 et
1569 3098 1898 3169 indulgentia
1926 3116 2056 3156 con-

478 3179 603 3233 sulit
625 3188 678 3234 et
707 3183 1092 3254 castigatione;
1118 3193 1174 3241 et
1195 3187 1619 3244 misericorditer
1641 3190 1888 3259 providet
1911 3199 2048 3247 tem-

2154 1989 2249 2061 qui
2278 1989 2332 2044 in
2363 2002 2519 2043 suum
2550 1988 2692 2060 apud
2717 1989 2885 2044 Deum
2909 1991 3270 2060 patrocinium
3289 1991 3380 2047 hic
3399 2001 3455 2047 et
3479 1992 3535 2048 in
3563 1992 3749 2049 futuro

2156 2080 2498 2138 confidimus.
2526 2078 2812 2137 Credimus
2844 2081 3012 2154 318
3036 2081 3306 2152 siquidem
3329 2082 3479 2138 illum
3512 2084 3570 2140 in
3600 2101 3746 2156 pra:-

2156 2171 2325 2227 sentia
2352 2170 2566 2226 Domini
2595 2172 2763 2227 nostri
2785 2169 2913 2228 Jesu
2940 2171 3143 2229 Christi
3166 2174 3350 2229 omnia
3376 2189 3542 2245 posse
3572 2176 3752 2246 impe-

2156 2271 2304 2317 trare
2324 2262 2390 2317 de
2413 2263 2611 2332 quibus
2632 2261 2780 2318 illum
2804 2262 2908 2335 piis
2928 2264 3247 2335 devotisque
3264 2266 3442 2335 poscit
3464 2267 3745 2337 precibus,

2155 2353 2282 2409 dum
2308 2361 2461 2408 tanta
2509 2354 2563 2408 in
2605 2357 2891 2425 praesentia
2916 2356 3098 2427 populi
3128 2356 3389 2413 miracula
3428 2358 3575 2413 sicut
3600 2374 3748 2429 sape

2156 2446 2413 2512 audistis,
2450 2460 2549 2517 pro
2592 2446 2709 2517 ejus
2750 2445 2910 2503 laude
2953 2447 3278 2503 nobilitavit.
3323 2446 3535 2505 Videtis
3577 2465 3746 2519 ergo,

2156 2536 2357 2593 fratres
2379 2536 2688 2593 charissimi
2706 2577 2722 2604 ,
2751 2547 2952 2609 quanta
2982 2539 3221 2596 humano
3242 2541 3427 2611 generi
3455 2540 3631 2612 gloria
3662 2551 3749 2599 est

2155 2629 2326 2684 Deum
2350 2628 2540 2683 devota
2570 2636 2751 2685 mente
2795 2630 2980 2700 sequi,
3010 2631 3102 2702 qui
3132 2646 3406 2702 nunquam
3429 2633 3486 2688 in
3513 2634 3748 2690 tribula-

2158 2720 2393 2777 tionibus
2422 2719 2749 2791 derelinquit
2768 2728 3045 2793 sperantes
3072 2721 3126 2779 in
3170 2737 3259 2789 se,
3289 2724 3385 2779 sed
3413 2737 3612 2781 omnes
3637 2727 3746 2781 sci-

2155 2811 2282 2869 licet
2303 2812 2393 2882 qui
2422 2827 2521 2884 pro
2545 2827 2731 2869 amore
2754 2812 2896 2868 illius
2924 2812 3204 2870 florentem
3246 2813 3559 2884 despiciunt
3583 2832 3745 2874 mun-

2156 2890 2549 2959 dum‘aeternis
2587 2904 2641 2959 in
2689 2903 2829 2960 caelo
2858 2904 3069 2976 gaudiis
3113 2905 3409 2961 honoriﬁce
3450 2905 3743 2973 sublimat,

2156 2993 2297 3049 sicut
2324 2994 2441 3064 ipsa
2469 2992 2686 3050 Veritas
2716 3001 2948 3049 testatur
2970 2993 3156 3050 dicens
3183 3013 3197 3047 :
3234 2988 3338 3061 Qui
3371 3006 3547 3050 autem
3568 2996 3746 3067 diligit

2155 3104 2267 3154 me,
2313 3088 2560 3160 diligetur
2600 3105 2634 3142 a
2673 3084 2837 3141 Patre
2860 3103 3010 3154 meo,
3032 3097 3081 3141 et
3119 3103 3214 3158 ego
3248 3087 3465 3158 diligam
3502 3105 3659 3155 eum,
3696 3100 3745 3143 et

2156 3179 2502 3249 manifestabo
2520 3179 2569 3235 ei
2595 3195 2677 3234 me
2700 3179 2871 3250 ipsum
2914 3178 3095 3251 (Joan.
3129 3177 3262 3251 xw).
3298 3178 3499 3236 Paulus
3526 3193 3747 3250 quoque

476 3272 716 3341 poralem
748 3276 1150 3343 austeritatem,
1181 3293 1249 3333 ne
1277 3289 1531 3336 :eternam
1556 3279 1703 3351 juste
1749 3282 1944 3338 inferat
1969 3283 2053 3338 ul-
2079 3263 2126 3326 Ο
2158 3276 2433 3349 apostolus
2459 3276 2526 3332 de
2571 3275 2918 3347 diligentibus
2946 3276 3113 3331 Deum
3151 3274 3289 3330 dixit
3315 3292 3329 3329 ε
3373 3274 3529 3341 Ωαοά
3555 3274 3744 3330 οειίαϐ

478 3367 697 3421 tionem.
732 3368 800 3422 Et
820 3368 944 3424 ideo
966 3386 1124 3428 nemo
1152 3372 1206 3427 in
1251 3372 1410 3443 hujus
1440 3377 1563 3431 vitae
1585 3377 1781 3432 itinere
1807 3386 2051 3450 torpeat,

477 3471 545 3509 ne
591 3457 645 3510 in
693 3459 865 3527 patria
912 3462 1334 3518 ammnissimum
1367 3468 1557 3535 perdat
1604 3466 1802 3523 locum.
1849 3468 2054 3525 Idcirco

476 3550 567 3619 qui
598 3550 764 3606 Deum
797 3554 988 3622 quaerit
1034 3555 1197 3611 bona‘
1218 3557 1528 3623 voluntate,
1567 3559 1622 3614 in
1667 3576 1775 3631 quo
1800 3570 1884 3617 est
1910 3577 2055 3617 sum-

474 3657 622 3697 mum
640 3643 913 3700 bonorum
944 3648 1183 3703 omnium
1215 3660 1409 3705 cuncta
1454 3651 1596 3706 intra
1643 3666 1701 3707 se
1742 3653 1882 3709 bona
1923 3670 2051 3725 per-

473 3733 723 3805 fectaque
748 3738 1032 3794 continens
1051 3780 1065 3805 ,
1093 3739 1224 3795 nihil
1252 3741 1394 3795 aliud
1422 3743 1616 3812 qmerit
1643 3743 1745 3798 nisi
1772 3745 2053 3816 sempiter-

472 3839 603 3880 num
649 3827 702 3881 in
731 3826 868 3883 coelo
898 3829 1171 3900 gaudium.
1217 3829 1532 3898 Quaeramus
1572 3847 1701 3904 ergo
1731 3833 2014 3890 Dominum
2035 3877 2051 3899 ,

472 3918 615 3973 sicut
639 3917 832 3976 beatus
867 3923 968 3977 iste
1012 3921 1107 3978 Dei
1140 3922 1369 3979 famulus
1412 3923 1573 3990 fecit,
1616 3933 1671 3978 et
1705 3935 1927 3998 propter
1950 3928 2055 3985 hoc

474 4022 660 4063 coram
684 4009 796 4065 Deo
818 4020 872 4065 et
891 4013 1201 4069 hominibus
1220 4006 1531 4071 coronatur.
1557 4014 1876 4082 Quaeramus
1902 4019 2053 4075 illum

474 4098 641 4153 armis
683 4114 805 4154 cum
846 4102 1041 4170 quibus
1083 4118 1205 4158 eum
1251 4105 1496 4160 invenire
1539 4104 1839 4175 possimus,
1883 4107 2054 4165 Deum

473 4190 774 4261 diligendo,
831 4195 1245 4267 proximumque
1319 4198 1586 4265 amando,
1653 4200 2052 4275 elecmosynam

473 4281 653 4337 dando
671 4323 686 4349 ,
708 4281 993 4339 ecclesiam
1020 4287 1249 4342 assiduis
1274 4289 1610 4347 orationibus
1637 4291 2050 4363 frequentando,

470 4375 746 4446 armisque
793 4392 1010 4449 semper
1057 4378 1335 4437 diabolicis
1379 4381 1609 4439 Domino
1647 4384 1883 4443 donante
1912 4387 2050 4443 resi-

473 4470 698 4536 stendo,
742 4471 869 4539 quia
894 4471 1061 4527 etiam
1093 4487 1191 4543 per
1221 4475 1402 4529 varios
1430 4490 1590 4531 casus
1634 4477 1879 4535 mortalis
1906 4478 2015 4534 vita
2035 4519 2051 4545 ,

465 4562 619 4631 quasi
652 4562 837 4617 mundi
884 4564 1061 4621 orbita
1086 4605 1102 4631 ,
1148 4567 1444 4623 concurrit.
1484 4568 1655 4625 Nemo
1699 4570 1755 4625 iu
1805 4570 1907 4626 bac
1941 4564 2052 4626 vita

466 4656 660 4723 gaudia
691 4656 856 4713 habet
894 4658 1156 4715 coelestia.
1201 4657 1309 4715 Sed
1343 4661 1412 4715 ab
1439 4662 1597 4717 initio
1640 4663 1827 4718 mundi
1879 4679 2053 4734 usque

462 4745 623 4817 317
682 4748 788 4804 huc
866 4748 1020 4804 multi
1086 4749 1439 4807 deviaverunt
1492 4766 1590 4821 per
1648 4752 2048 4823 ignorantiam,

467 4838 591 4906 quia
622 4839 762 4895 inter
795 4841 965 4895 multa
1015 4840 1326 4897 turbulenta
1362 4852 1418 4898 et
1446 4841 1659 4899 fallacia
1687 4843 1858 4900 Deum
1886 4858 2051 4900 nosse

464 4938 521 4981 ct
565 4942 750 4985 amare
779 4929 993 4986 dillicile
1039 4942 1141 4986 est.
1189 4931 1417 5004 Propter
1453 4933 1559 4989 hoc
1601 4932 1865 4990 faciamus
1906 4934 2050 4991 sicut

464 5021 724 5091 propheta
753 5023 934 5083 dicit;
970 5023 1203 5091 Qumrite
1243 5024 1527 5081 Dominum
1555 5026 1683 5081 dum
1706 5029 1929 5083 inveniri
1955 5046 2051 5101 po-

466 5119 560 5164 test
581 5150 598 5173 ,
628 5111 860 5168 invocate
881 5131 1000 5169 eum
1026 5115 1154 5169 dum
1177 5132 1337 5186 prope
1365 5127 1460 5172 est.
1489 5116 1829 5190 Derelinquat
1854 5119 2048 5189 impius

461 5203 601 5257 viam
628 5220 781 5259 suam
798 5246 814 5272 ,
836 5215 885 5261 et
906 5208 983 5262 uir
1002 5207 1213 5278 iniquus
1240 5204 1581 5281 cogitationes
1603 5228 1729 5268 suas
1747 5252 1765 5280 ,
1796 5222 1847 5268 et
1882 5230 2051 5269 rener-

461 5303 609 5350 tatur
653 5296 723 5350 ad
765 5295 1086 5367 Dominum,
1127 5310 1178 5355 et
1215 5302 1546 5358 miserebitur
1591 5304 1706 5376 ejus
1752 5304 1889 5378 (lsa.
1935 5307 2045 5380 ιν).

462 5384 701 5453 Quaarite
726 5385 894 5457 igitur
920 5389 1122 5447 bonum
1152 5392 1272 5450 sine
1298 5393 1438 5463 line,
1470 5404 1529 5452 et
1567 5396 1845 5469 persistite
1874 5399 1930 5454 in
1956 5413 2046 5454 re-

460 5488 649 5551 perto;
673 5478 803 5551 quia
828 5495 1010 5540 veram
1029 5486 1195 5541 etiam
1216 5484 1609 5543 beatitudinem
1627 5488 1681 5543 in
1699 5502 1912 5545 summo
1932 5489 2043 5545 Deo

464 5571 623 5626 sitam
650 5585 774 5629 esse
802 5588 1024 5631 necesse
1044 5585 1162 5642 est,
1207 5576 1353 5647 quod
1383 5577 1682 5634 contradici
1710 5579 1858 5634 nullo
1883 5581 2045 5637 modo

463 5671 659 5733 pateat.
692 5663 880 5737 Neque
923 5666 1071 5723 enim
1119 5666 1201 5723 fas
1240 5677 1326 5724 est
1363 5668 1569 5724 homini
1597 5679 1823 5726 cunctas
1849 5671 2044 5729 divinat

463 5753 796 5821 operationis
854 5754 1136 5809 machinas
1184 5755 1269 5811 vel
1317 5757 1533 5828 ingenio
1586 5759 2044 5829 comprehendere

462 5844 547 5917 vel
566 5846 839 5941 explicare
858 5860 1129 5902 sermone.
1157 5847 1351 5905 Veniet
1372 5857 1584 5923 tempus
1606 5852 1822 5926 quando
1839 5867 1903 5908 ea
1925 5868 2045 5927 qua:

2158 3388 2262 3426 non
2283 3371 2411 3426 vidit
2426 3411 2441 3437 ,
2465 3387 2557 3426 nec
2577 3370 2723 3424 auris
2745 3369 2946 3425 audivit
2965 3410 2980 3436 ,
3008 3385 3100 3424 nec
3122 3369 3177 3423 in
3200 3384 3290 3423 cor
3315 3368 3542 3423 hominis
3563 3385 3750 3423 ascen-

2156 3462 2265 3527 dit,
2295 3477 2411 3532 qute
2435 3461 2749 3532 preparavit
2780 3459 2921 3515 Deus
2951 3459 3286 3530 diligentibus
3323 3476 3379 3514 se
3420 3458 3474 3530 (ι
3502 3458 3626 3514 Cor.
3653 3458 3741 3529 ιι).

2157 3554 2291 3609 Erat
2331 3553 2529 3624 quippe
2553 3554 2639 3608 vir
2663 3553 2767 3608 iste
2795 3560 3020 3609 sanctus
3044 3551 3388 3624 Wigbertus,
3416 3551 3560 3606 sicut
3584 3565 3744 3607 sacra

2159 3645 2301 3701 fama
2339 3655 2558 3711 narrat,
2602 3645 2749 3700 omni
2780 3645 3042 3715 dignitate
3071 3642 3398 3714 praeclarus,
3435 3644 3602 3698 corde
3641 3658 3746 3713 pro

2159 3736 2254 3791 Dei
2299 3748 2484 3791 amore
2512 3734 2697 3800 laetus,
2744 3734 2988 3790 moribus
3035 3748 3253 3805 semper
3279 3733 3639 3803 compositus,
3688 3734 3745 3789 in

2157 3827 2306 3882 omni
2332 3841 2498 3897 opere
2526 3825 2622 3881 Dei
2649 3832 2920 3881 strenuus.
2948 3823 3082 3896 Ejus
3105 3838 3236 3879 vero
3276 3832 3484 3880 secreta
3513 3838 3749 3879 conver-

2160 3922 2298 3977 satio
2333 3922 2389 3975 in
2420 3920 2619 3992 vigiliis
2644 3929 2700 3977 et
2719 3921 3085 3988 orationibus,
3108 3919 3191 3975 vel
3216 3921 3378 3977 etiam
3405 3920 3459 3975 in
3486 3919 3741 3991 jejuniis.

2159 4012 2212 4067 iu
2242 4013 2531 4068 sanctitate
2557 4014 2678 4069 vita:
2698 4054 2714 4078 ,
2765 4021 2821 4070 et
2864 4014 3140 4086 signorum
3168 4013 3478 4072 ostensione
3514 4013 3745 4087 intelligi

2159 4105 2340 4162 datur.
2372 4106 2704 4164 Charitatem
2736 4108 3002 4180 siquidem
3047 4110 3295 4166 assiduus
3323 4109 3479 4166 labor
3503 4111 3747 4167 ostendit

2159 4212 2319 4266 quem
2344 4197 2585 4268 quotidie
2605 4214 2705 4269 pro
2725 4199 2929 4255 Christi
2952 4200 3169 4256 nomine
3195 4201 3473 4256 sustinuit.
3510 4200 3743 4272 Semper

2160 4290 2303 4346 enim
2333 4303 2520 4345 omnes
2548 4290 2664 4346 dies
2698 4291 2822 4346 vitae
2843 4306 2955 4347 suae
2977 4292 3033 4346 in
3054 4291 3236 4347 divino
3255 4290 3549 4362 proficiens
3572 4306 3743 4363 opere

2159 4381 2263 4435 fuit
2307 4380 2661 4451 omnipotenti
2696 4382 2944 4438 amabilis
2984 4397 3083 4454 pro
3122 4382 3337 4438 eximiis
3363 4382 3656 4452 operibus,
3688 4390 3748 4440 et

2159 4471 2305 4526 omni
2329 4471 2524 4542 populo
2544 4470 2840 4542 placabilis.
2867 4472 2951 4527 Ab
2976 4470 3201 4527 infantia
3229 4472 3376 4528 enim
3400 4484 3601 4530 cuncta
3621 4489 3745 4545 quae

2160 4562 2363 4633 habere
2390 4563 2567 4633 potuit
2611 4563 2677 4617 ad
2729 4563 2945 4634 pietatis
2995 4579 3133 4636 opus
3184 4563 3445 4637 largifluis
3491 4567 3746 4623 manibus

2157 4657 2382 4723 tribuit,
2426 4666 2487 4712 ut
2539 4656 2836 4726 Christum,
2892 4674 2990 4731 pro
3037 4660 3193 4717 nobis
3223 4660 3424 4718 factum
3474 4676 3742 4735 egenum,

2157 4765 2323 4822 egens
2370 4750 2487 4820 ipse
2535 4760 2873 4821 sequeretur.
2923 4753 3055 4821 Quis
3095 4754 3240 4808 enim
3287 4762 3399 4810 tam
3447 4754 3646 4825 loquax
3685 4754 3741 4810 in

2155 4841 2334 4913 lingua
2360 4851 2422 4896 ut
2451 4843 2761 4914 singillatim
2807 4845 2988 4899 omnia
3017 4845 3283 4900 mirabilia
3301 4886 3315 4911 ,
3343 4845 3429 4901 vel
3473 4846 3742 4902 beneﬁcia

2157 4948 2277 5003 quae
2308 4948 2405 5007 per
2433 4934 2582 4989 illum
2615 4935 2758 4992 Deus
2787 4944 3047 5008 operatur
3076 4936 3310 4992 assiduis
3340 4936 3618 5010 explicare
3646 4954 3742 4994 va-

2159 5026 2268 5082 leat
2288 5026 2454 5098 319
2484 5027 2701 5083 verbis?
2727 5026 2844 5083 Non
2889 5029 3034 5084 enim
3080 5027 3147 5083 de
3189 5028 3432 5093 crastino
3457 5030 3739 5101 cogitans,

2154 5120 2250 5175 sed
2276 5135 2491 5190 semper
2515 5120 2813 5176 secundum
2842 5121 3194 5194 Evangelium
3223 5123 3291 5178 de
3331 5122 3430 5178 Dei
3458 5123 3742 5179 conlidens

2152 5209 2436 5266 clementia
2454 5251 2469 5275 ,
2496 5225 2685 5267 omnes
2711 5212 2778 5267 ad
2822 5227 2881 5269 se
2914 5213 3194 5269 venientes
3236 5213 3458 5270 aeternis
3483 5216 3741 5285 pascebat

2152 5302 2392 5359 ferculis.
2431 5302 2644 5360 Nullum
2670 5304 2880 5362 scilicet
2904 5306 2959 5361 in
2981 5322 3076 5363 sua
3098 5306 3433 5377 despiciebat
3451 5309 3736 5380 angustia;

2152 5396 2248 5453 sed
2275 5412 2491 5468 semper
2522 5398 2708 5454 divino
2733 5410 2959 5457 mmstos
2989 5399 3267 5456 reficiebat
3300 5400 3600 5468 solamine,
3630 5401 3740 5457 fra-

2155 5495 2311 5542 terno
2365 5485 2612 5544 suffultus
2669 5504 2886 5555 amore;
2936 5491 3258 5560 cunctisque
3301 5501 3527 5563 propter
3568 5492 3734 5547 Deum

2150 5578 2410 5649 prodesse
2440 5580 2738 5651 satagebat.
2780 5579 2958 5635 Mente
2998 5580 3251 5637 videlicet
3296 5591 3351 5636 et
3396 5596 3627 5653 corpore
3669 5582 3735 5638 ad

2153 5670 2405 5726 sublimia
2427 5680 2662 5739 erectus,
2689 5674 2888 5743 hospes
2908 5681 2962 5728 et
2981 5673 3139 5743 inops
3163 5673 3363 5729 mundo
3386 5673 3504 5728 fuit.
3536 5672 3735 5742 Quam.

2150 5763 2233 5817 vis
2258 5778 2489 5833 namque
2522 5765 2753 5820 terrenis
2780 5765 3018 5821 nutritus
3045 5772 3190 5821 esset
3219 5766 3407 5826 usibus
3425 5807 3443 5830 ,
3495 5777 3628 5823 totis
3655 5776 3734 5823 ta-

2150 5867 2273 5910 men
2300 5870 2513 5926 semper
2534 5857 2738 5912 virihus
2780 5857 3023 5914 cmlestia
3052 5859 3340 5916 tractabat.
3368 5860 3727 5940 Quamobrem
