4070 6310
287 371 393 429 637
853 333 856 336 i
1424 363 1643 419 llYMNl
1681 363 1818 421 DUO
1855 365 1944 421 DE
1984 365 2043 423 S.
2086 365 2474 425 WIGBERTO.
3452 372 3557 434 698

287 486 497 544 scilicet
520 498 644 541 cum
676 481 905 538 Domino
930 481 1244 552 aequissimo
1283 495 1496 538 necnon
1522 489 1580 537 et
1601 497 1726 538 cum
1753 497 1873 538 om-
1900 487 1950 548 Α
1978 490 2156 554 potest
2179 483 2303 539 boni
2339 499 2458 540 esse
2485 484 2574 538 ubi
2602 484 2750 540 fraus
2790 495 2844 540 et
2877 484 3146 540 discordia
3173 495 3418 558 regnant.
3455 487 3561 544 Pu-

287 582 449 638 nibus
479 581 533 634 in
579 577 717 635 ctelo
759 576 1160 632 habitatoribus
1187 576 1518 632 aeternaliter
1545 586 1870 644 coronatur;
1977 574 2069 630 det
2096 583 2275 629 autem
2312 575 2376 630 de
2402 576 2485 631 his
2514 576 2729 649 longius
2759 577 3056 648 disputare.
3085 578 3410 634 Omittamus
3438 594 3560 636 ma-

285 675 377 729 ubi
420 686 694 742 nunquam
744 677 926 740 potest
973 668 1188 740 gaudiis
1232 667 1473 724 fraudari
1502 669 1588 725 cui
1622 668 1874 726 Christus
1975 667 2077 734 las,
2105 667 2332 723 Domino
2355 667 2668 737 adjuvante,
2703 671 2934 738 sirenas,
2961 687 3081 743 quae
3108 673 3386 728 hominum
3409 688 3563 731 men-

284 773 372 821 est
403 763 677 834 gaudium.
706 759 913 816 Idcirco
956 774 1058 817 nos
1101 760 1334 831 quippe,
1376 769 1636 831 quantum
1689 761 1872 817 divina
1976 769 2058 817 tes
2107 761 2474 817 assuefaciunt
2531 765 2755 830 morbo,
2806 781 2912 820 non
2957 764 3208 822 liberant.
3259 766 3560 826 Teneantus

285 858 617 929 suffragante
673 856 848 928 gratia
902 856 1232 928 poterimus,
1281 856 1430 913 illum
1488 859 1617 914 totis
1665 858 1873 918 viribus
1973 853 2276 909 etiamillas
2295 854 2805 925 virtutesinquibus
2824 855 3038 912 estsola
3062 857 3334 913 sanitaset
3353 867 3556 915 aeterna

284 961 498 1008 tantum
543 950 743 1005 imitari
773 951 1080 1006 studeamus
1107 959 1189 1017 ut,
1223 950 1268 1006 si
1298 950 1425 1005 talia
1471 950 1525 1006 in
1559 951 1872 1008 caelestibus
1973 943 2223 1001 felicitas.
2256 945 2520 1016 Ideoque,
2554 945 2893 1002 dilectissimi
2942 948 3172 1016 fratres,
3211 949 3404 1005 scitote
3430 951 3558 1021 quia

282 1045 506 1117 praemia
531 1044 816 1114 acquirere
845 1059 951 1100 non
980 1045 1312 1114 poterimus,
1360 1043 1550 1100 saltem
1587 1045 1768 1116 aliquo
1812 1046 1868 1101 in
1972 1040 2028 1095 in
2060 1039 2294 1094 maxima
2344 1050 2584 1111 egestate
2635 1050 2760 1096 sunt
2818 1042 3013 1098 divites
3063 1043 3117 1098 in
3168 1043 3273 1099 hoc
3318 1043 3557 1112 mundo,

283 1137 423 1193 creto
447 1136 728 1208 refrigerio
763 1152 873 1193 non
900 1137 1198 1208 privemur.
1239 1137 1512 1195 Habemus
1546 1154 1678 1211 ergo
1714 1155 1867 1196 arma

1965 1131 2193 1201 iustitia:
2218 1140 2274 1188 et
2309 1132 2555 1186 veritatis
2600 1148 2730 1203 opes
2777 1149 2883 1188 non
2933 1133 3216 1190 habentes.
3247 1133 3404 1204 321
3455 1132 3555 1201 Qui

269 1230 529 1301 justitiae,
577 1231 719 1288 sicut
762 1231 865 1288 iste
910 1231 1007 1288 Dei
1037 1231 1272 1290 famulus
1297 1234 1501 1300 tenuit,
1535 1235 1704 1291 Deum
1747 1235 1868 1290 diu-
1972 1233 2151 1280 autem
2178 1225 2472 1281 altithrono
2500 1225 2728 1281 Domino
2759 1226 2993 1282 ﬁdeliter
3020 1227 3296 1290 serviunt,
3326 1243 3389 1281 ea
3416 1227 3555 1282 bona

217 1387 220 1390 ,
279 1322 486 1395 gendo,
529 1323 944 1396 proximumque
969 1323 1085 1380 sine
1115 1324 1461 1380 simulatione
1489 1326 1721 1382 amando
1740 1367 1754 1391 ,
1782 1342 1868 1381 ea.
1970 1315 2252 1371 inveniunt
2271 1331 2392 1386 quae
2413 1316 2718 1372 nullatenus
2739 1318 2919 1387 perire
2940 1327 3186 1388 possunt.
3211 1317 3384 1373 Parva
3411 1319 3555 1374 enim

277 1418 497 1471 ritatem
527 1425 581 1472 et
611 1432 797 1488 pacem
829 1431 952 1473 cum
976 1417 1228 1474 omnibus
1257 1418 1507 1474 habendo
1528 1419 1678 1490 (quia
1707 1419 1867 1476 Cbri-
1970 1417 2096 1463 ευηῐ
2123 1407 2407 1478 Priamus
2439 1408 2622 1464 53‘3""
2649 1409 2812 1464 bona-
2854 1408 3141 1480 Nunquam
3170 1425 3300 1465 vero
3322 1411 3424 1466 ηίδί
3453 1427 3550 1481 μεν

275 1508 467 1561 slianae
493 1507 846 1578 perfectionis
876 1517 960 1564 est
985 1509 1275 1580 paciﬁcum
1309 1525 1431 1568 esse
1470 1527 1592 1568 cum
1620 1513 1732 1568 suis
1763 1514 1861 1569 ini-

1968 1499 2347 1571 negligentiam
2369 1508 2425 1555 et
2445 1500 2712 1556 incuriam
2737 1501 2914 1572 perdit
2941 1511 3166 1557 aeterna.
3193 1502 3552 1570 Quamobrem

275 1597 466 1661 micis,
499 1612 594 1666 spe
619 1599 1006 1666 correctionis,
1035 1615 1142 1655 non
1170 1616 1436 1657 consensu
1463 1602 1858 1676 malignitatis),
1968 1592 2059 1663 (Ιυί
2090 1591 2407 1661 triumpha“
2434 1591 2635 1647 Chiis"
2666 1592 2820 1664 εῖεηο
2841 1592 3036 1664 Signa“
3058 1594 3192 1649 9553
3211 1635 3224 1658 ν
3249 1603 3302 1648 ei
3329 1594 3557 1650 Ποιηίιῖο

273 1686 633 1743 humilitatem
661 1698 715 1744 et
741 1690 1055 1762 patientiam
1078 1692 1478 1763 cordeetopere
1494 1695 1861 1764 ostendendo;
1967 1681 2266 1752 οΡίιυίθηιθ
2301 1681 2462 1738 "illis
2507 1683 2798 1753 ancipitem
2833 1699 3090 1754 superare
3123 1685 3318 1750 ""1"",
3351 1685 3404 1738 Ῐη
3447 1700 3555 1755 qua

272 1775 398 1845 quia
430 1777 702 1850 malignus
725 1781 948 1850 spiritus
967 1789 1022 1838 ει
1042 1782 1306 1853 superbus
1331 1783 1602 1841 hominem
1624 1786 1861 1856 primum
1900 1855 1905 1856 γ
1966 1773 2100 1828 nihil
2146 1781 2229 1829 est
2257 1773 2402 1828 aliud
2432 1773 2538 1829 nisi
2571 1775 2914 1830 seductiones
2939 1784 2994 1830 et
3023 1775 3431 1841 infestationes,
3473 1777 3556 1830 di-

270 1871 673 1940 superbientem
689 1871 912 1929 deduxit
925 1874 992 1929 ad
1007 1884 1256 1944 mortem,
1273 1876 1524 1934 Christus
1535 1855 1748 1949 quoque
1760 1879 1861 1933 hu-

1964 1864 2112 1936 ligite
2141 1880 2356 1936 semper
2386 1866 2630 1922 moribus
2659 1874 2714 1921 et
2745 1867 2999 1937 operibus
3034 1868 3176 1938 quod
3213 1882 3375 1922 verus
3404 1883 3551 1922 ama-

271 1960 418 2015 mitis
457 1962 732 2018 hominem
761 1965 1102 2021 obedientem
1127 1968 1344 2023 reduxit
1370 1969 1436 2024 ad
1457 1969 1642 2024 vitam,
1680 1969 1861 2026 Simus
1963 1968 2049 2014 tor
2080 1957 2330 2014 Christus
2369 1958 2483 2028 jam
2523 1957 2706 2013 habet.
2742 1959 2978 2014 Fervent
3006 1959 3148 2014 enim
3182 1960 3366 2014 mundi
3399 1974 3550 2013 ama-

269 2053 1438 2129 namquepietatisetChristianazxeligionis
1459 2061 1860 2125 amatores,mi-
1963 2060 2107 2107 tores
2147 2067 2246 2121 ι)το
2282 2052 2496 2107 damnis
2522 2067 2729 2122 proque
2778 2051 3054 2123 pestiferis
3098 2052 3284 2108 lucris.
3343 2052 3551 2108 ldCil‘CO

272 2143 598 2212 sericordes,
628 2146 697 2201 ad
723 2161 858 2218 Opus
886 2148 1086 2204 bonum
1117 2151 1433 2217 unanimes,
1476 2152 1820 2207 concordiam
1840 2191 1856 2217 ,
1962 2159 2225 2215 namque,
2257 2145 2381 2215 quia
2414 2145 2647 2199 mundus
2678 2144 3044 2200 amaritudine
3063 2153 3121 2200 et
3143 2160 3275 2200 casu
3301 2152 3447 2201 totus
3469 2154 3553 2200 est

268 2251 392 2306 qua:
414 2245 497 2292 est
526 2247 708 2294 custos
729 2241 1023 2309 virtutum,
1057 2242 1287 2299 ﬁrmiter
1305 2244 1692 2311 custodientes,
1717 2246 1860 2302 sicut
1959 2235 2183 2307 plenus.
2229 2242 2285 2290 ει
2329 2234 2503 2291 “llum
2547 2235 2741 2307 gaudia
2794 2234 2925 2290 falsa
2957 2235 3388 2306 appropinquale
3439 2233 3552 2291 Deo

268 2327 398 2382 alibi
431 2330 582 2384 dicit.
607 2329 806 2388 Cavete
829 2349 959 2405 ergo
975 2335 1078 2389 viri
1106 2351 1174 2390 ne
1195 2337 1266 2391 sit
1287 2337 1340 2392 in
1369 2338 1564 2393 vestris
1587 2338 1859 2395 mentibus

1959 2326 2116 2383 bonis
2157 2334 2214 2382 et
2265 2326 2554 2396 operibus,
2601 2333 2656 2381 et
2703 2325 3153 2398 appropinquabit
3181 2326 3353 2382 vobis.
3392 2324 3551 2393 Qua:-

266 2420 540 2474 sententia
585 2421 750 2494 320
801 2424 1012 2480 discors
1043 2441 1058 2479 ;
1091 2427 1234 2496 quod
1281 2427 1522 2497 sapimus
1567 2429 1860 2501 conjunga;
1958 2417 2062 2472 rite
2106 2417 2289 2482 illum,
2342 2432 2448 2473 non
2497 2416 2653 2483 ﬁcte,
2689 2419 2791 2502 sed
2833 2417 3120 2482 veraciter,
3165 2426 3221 2474 et
3266 2419 3551 2474 invenietis

265 2521 412 2564 unus
441 2525 624 2578 amor;
649 2514 792 2582 quod
817 2514 1048 2571 vivimus
1069 2525 1122 2571 et
1147 2516 1497 2588 intelligimus
1517 2534 1626 2574 uno
1647 2520 1859 2575 eodem-
1960 2510 2131 2566 illum.
2171 2509 2618 2588 Nullus‘obsecro
2645 2511 2857 2566 dubitet
2877 2512 2930 2566 in
2969 2511 3106 2577 ﬁde,
3144 2526 3244 2568 nec
3272 2513 3336 2567 de
3377 2513 3550 2568 venia:

268 2614 378 2668 que
404 2609 617 2660 conStet
645 2604 844 2659 studio.
876 2603 961 2659 Nil
1012 2605 1227 2661 ﬁrmum
1274 2617 1357 2662 est
1400 2609 1740 2665 dissociabile
1762 2651 1778 2676 ,
1804 2619 1859 2666 et

1958 2602 2243 2674 largitione
2283 2604 2528 2669 hazsitet,
2573 2618 2673 2659 nec
2723 2605 2788 2659 de
2833 2605 2933 2674 pia:
2976 2603 3251 2674 petitionis
3299 2603 3491 2660 effectu
3530 2619 3545 2659 :

269 2693 348 2748 nil
397 2703 480 2749 est
524 2695 581 2750 in
629 2697 938 2754 hominibus
967 2698 1079 2755 Deo
1101 2701 1357 2771 placitum
1401 2703 1518 2757 sine
1561 2717 1725 2774 pace,
1759 2717 1857 2759 nec

1959 2693 2084 2762 quia
2114 2701 2319 2763 quanto
2347 2691 2648 2748 ﬁducialius
2673 2704 2729 2746 et
2765 2693 3050 2763 benignius
3076 2692 3246 2748 Deum
3288 2693 3546 2764 depreca-

268 2801 469 2842 munus
490 2788 882 2859 amplissimum
899 2793 966 2847 ad
983 2808 1153 2847 aram,
1181 2791 1444 2848 Similiter
1464 2795 1661 2849 etenim
1681 2811 1712 2851 θ
1733 2809 1858 2850 con-
1958 2798 2100 2848 mur,
2132 2791 2286 2836 tanto
2332 2782 2494 2837 citius
2522 2780 2770 2836 exaudiri
2806 2781 3155 2836 merebimur.
3191 2781 3353 2837 Fides
3398 2783 3542 2838 enim

268 2878 446 2932 trario
472 2879 669 2935 divinis
693 2882 888 2937 armati
931 2881 1202 2954 suffragiis
1221 2924 1235 2950 ,
1267 2883 1539 2955 fugiamus
1561 2901 1714 2940 arma
1735 2885 1852 2941 dia-
1957 2875 2208 2932 omnibus
2232 2876 2388 2931 bOHiS
2419 2874 2688 2941 abundat,
2715 2874 2855 2929 είουι
2883 2873 2935 2927 ί¹¹
2962 2873 3255 2944 Ενεηεειῑο
3285 2875 3399 2944 ipse
3427 2873 3547 2928 Sil“

265 2969 474 3035 bolica,
497 2971 551 3026 id
581 2981 683 3038 est,
710 2973 1040 3044 superbiam.
1063 2976 1254 3031 Omnia
1283 2977 1429 3030 enim
1459 2977 1591 3032 vitia
1621 2979 1673 3033 in
1700 2979 1857 3034 malis

1958 2976 2114 3024 vator
2134 2968 2213 3023 ait
2234 2965 2449 3040 (Matth.
2473 2966 2593 3040 vn).
2618 2963 2807 3021 Omnis
2847 2967 2989 3021 enim
3012 2965 3101 3036 qui
3126 2981 3248 3021 cum
3273 2967 3377 3020 ﬁde
3409 2966 3542 3036 petit

265 3062 527 3132 oneribus
554 3072 763 3119 tantum
801 3067 998 3122 valent.
1040 3067 1165 3123 Sola
1202 3068 1454 3139 superbia
1501 3069 1554 3124 in
1600 3069 1857 3141 perfectis
1959 3063 2186 3134 accipit.
2211 3071 2267 3118 et
2295 3064 2386 3134 qui
2418 3063 2613 3134 qmerit
2641 3063 2876 3128 invenit,
2903 3068 2957 3117 et
2983 3060 3218 3134 pulsanti
3243 3061 3539 3133 aperietur.

265 3155 544 3226 rectisque
576 3157 731 3213 factis
753 3161 991 3215 cavenda
1019 3171 1143 3217 est:
1171 3162 1296 3231 quia
1328 3161 1446 3218 sine
1468 3163 1631 3218 dubio
1653 3163 1855 3234 frangit
1886 3223 1923 3234 Α
1959 3157 2024 3212 Et
2054 3158 2250 3212 iterum
2284 3176 2297 3212 :
2331 3156 2487 3212 Omni
2526 3159 2734 3213 habenti
2773 3158 3008 3222 dabitur,
3048 3167 3096 3213 et
3139 3156 3440 3211 abundabit.
3476 3155 3543 3210 Ei

269 3247 413 3301 Deus
433 3223 647 3303 omnem
675 3252 1000 3319 superbum,
1029 3261 1084 3306 et
1109 3223 1324 3322 semper
1345 3255 1594 3322 superbis
1624 3223 1845 3309 resistit.
1879 3223 1923 3285 Ο
1955 3261 2128 3304 autem
2157 3251 2246 3321 qui
2273 3267 2376 3304 non
2417 3252 2606 3317 habet,
2635 3261 2683 3305 et
2713 3251 2852 3323 quod
2888 3251 3040 3306 habet
3085 3250 3354 3320 auferetur
3383 3250 3447 3304 ab
3481 3267 3542 3306 eo

261 3338 461 3394 Postea
508 3357 722 3412 quoque
772 3351 884 3399 toto
934 3345 1056 3400 nisu
1103 3346 1185 3400 vel
1230 3345 1424 3400 aﬁectu
1482 3349 1719 3402 cavenda
1767 3356 1850 3403 est
1953 3341 2168 3400 (Matth.
2201 3343 2344 3413 xm).
2375 3343 2648 3399 Habemus
2675 3343 2840 3415 igitur
2867 3343 3034 3397 multa
3065 3343 3118 3398 in
3163 3343 3359 3397 divinis
3387 3343 3539 3414 pagi-

262 3430 533 3496 ebrietas;
568 3449 688 3504 qua:
717 3443 801 3488 est
831 3436 984 3490 radix
1013 3437 1254 3492 omnium
1299 3437 1606 3492 mortalium
1632 3439 1700 3494 ad
1724 3454 1849 3510 pec-
1952 3435 2093 3491 nulis
2123 3435 2368 3507 exeu'ipla
2417 3444 2631 3506 patrum
2675 3444 3010 3492 nostrorum.
3059 3433 3332 3490 Habemus
3374 3435 3538 3490 etiam

262 3522 514 3588 calidum.
565 3524 705 3580 Iram
750 3526 1018 3598 videlicet.
1049 3527 1352 3599 fugiamus,
1385 3545 1506 3599 quae
1553 3530 1850 3601 szepissime
1951 3538 2078 3583 ante
2107 3527 2292 3583 oculos
2320 3528 2567 3599 exempla
2604 3529 2938 3593 certissima,
2970 3526 3130 3582 sicuti
3174 3527 3334 3597 hujus
3364 3527 3539 3582 sancti

262 3616 656 3672 stomachando
683 3618 735 3673 in
773 3619 1049 3690 proprium
1095 3621 1238 3676 cadit
1283 3619 1507 3676 lctbum.
1554 3621 1850 3676 Luxuriam
1950 3619 2086 3682 viri,
2142 3620 2297 3690 cujus
2329 3620 2489 3675 hodie
2536 3618 2790 3675 festivum
2835 3617 3175 3674 celebramus
3219 3617 3360 3672 diem
3399 3635 3411 3672 :
3445 3618 3539 3688 qui

259 3714 317 3760 et
332 3717 359 3745 ει
391 3707 673 3762 avaritiam
695 3749 710 3774 ,
739 3708 850 3765 Deo
871 3710 1104 3766 donante
1121 3751 1136 3776 ,
1168 3727 1198 3765 a
1227 3712 1382 3766 nobis
1402 3712 1555 3781 quasi
1580 3725 1848 3767 venenum
1950 3713 2180 3784 patriam
2200 3714 2689 3784 cognationemque
2703 3720 2756 3766 et
2772 3711 2977 3767 amicos
2991 3709 3278 3765 saaculares
3296 3708 3538 3764 fervente

259 3798 616 3869 expellamus.
649 3799 887 3855 Luxuria
914 3817 1043 3856 vero
1087 3801 1394 3857 malesuada
1438 3801 1718 3872 mellisque
1753 3817 1844 3857 sa-
1879 3791 1883 3794 λ
1949 3805 2056 3859 ﬁde
2096 3819 2195 3875 pro
2233 3819 2420 3860 amore
2449 3803 2544 3857 Dei
2595 3800 2910 3870 dereliquit,
2961 3810 3176 3854 terrena
3211 3797 3537 3867 contempsit

257 3905 396 3962 pore
421 3891 641 3947 damnat
665 3892 719 3946 in
750 3907 943 3962 ptenas
966 3893 1380 3965 incorrigibiles.
1415 3893 1499 3948 Nil
1529 3909 1763 3963 namque
1792 3893 1844 3948 in
1948 3910 2072 3951 cum
2104 3894 2430 3966 pompaticis
2472 3891 2749 3958 laudibus,
2794 3901 2854 3946 ut
2893 3889 3134 3946 caalestia
3165 3887 3531 3958 conquireret.

256 3983 525 4038 moderno
553 3991 794 4053 tempore
825 3999 985 4039 omne
1021 4000 1191 4055 genus
1219 3985 1512 4040 humanum
1545 3993 1655 4040 tam
1690 3985 1848 4041 mise-
1891 3997 1896 4002 '
1947 3985 2321 4058 Despiciamus
2336 3979 3535 4055 quoque,Dominosuﬁ‘ragante,mundum,et

259 4073 511 4128 rabiliter
533 4073 780 4129 devastat
809 4091 971 4144 quam
999 4076 1248 4130 avaritia.
1281 4075 1475 4132 Odium
1507 4091 1636 4146 ergo
1673 4084 1728 4131 et
1756 4077 1841 4132 in-
1945 4075 2361 4148 amemus322
2374 4091 2495 4131 cum
2511 4075 2792 4146 praeceptis
2807 4071 3244 4146 ejusCreatorem
3261 4081 3528 4140 nostrum;

258 4166 464 4220 vidiam
493 4180 522 4220 a
554 4166 757 4222 nostris
781 4169 1036 4224 cordibus
1079 4151 1396 4239 reSpuamus
1428 4187 1442 4222 :
1470 4171 1596 4239 quia
1622 4169 1845 4226 omnino
1945 4177 2211 4240 quatenus
2239 4181 2337 4239 per
2362 4165 2651 4237 praesentia
2678 4165 2821 4221 bona
2859 4181 2978 4235 qua:
3020 4166 3231 4237 agimus
3274 4165 3343 4220 ad
3389 4181 3524 4238 gau-

257 4273 372 4312 non
403 4257 665 4314 condecet
710 4258 1024 4314 Christiano
1053 4269 1111 4316 ut
1147 4261 1434 4332 imaginem
1483 4261 1575 4316 Dei
1617 4262 1672 4316 in
1717 4261 1843 4318 odio
1942 4261 2030 4317 dia
2055 4270 2268 4316 aeternae
2289 4260 2564 4316 felicitatis
2582 4259 2868 4330 pervenire
2891 4258 3202 4326 valeamus,
3233 4269 3528 4330 praastante

255 4353 480 4408 habeat.
505 4350 611 4408 Sed
630 4361 808 4409 tamen
832 4357 886 4408 in
909 4354 1066 4410 malis
1086 4355 1298 4410 odimus
1315 4349 1537 4425 prbrsus
1555 4355 1838 4421 malitiam,
1942 4354 2170 4411 Domino
2215 4361 2401 4410 nostro
2447 4351 2576 4408 Jesu
2621 4351 2878 4420 Christo,
2931 4353 3022 4423 qui
3090 4353 3267 4424 patria
3325 4353 3526 4408 virtute

249 4453 307 4499 et
339 4442 614 4514 diligimus
639 4453 964 4500 creaturam.
1005 4445 1341 4503 Discordiam
1369 4463 1582 4518 quoque
1611 4457 1664 4504 et
1694 4449 1840 4504 frau-
1942 4447 2118 4503 trinus
2151 4454 2205 4502 et
2233 4461 2372 4502 unus
2407 4445 2538 4500 vivit
2577 4454 2631 4500 et
2661 4453 2850 4517 regnat
2876 4445 2930 4501 in
2959 4443 3152 4500 saecula
3179 4443 3518 4500 saeculorum.

251 4538 378 4592 dem
399 4535 597 4590 divinis
613 4537 998 4594 muniﬁcentiis
1013 4538 1180 4608 adiuti
1196 4539 1480 4610 fugiamus.
1499 4539 1583 4595 Nil
1605 4555 1837 4610 namque
1869 4600 1907 4610 λ
1941 4541 2131 4597 Amen.
3201 4537 3212 4550 “’

1860 4600 1916 4660 D

325 4672 635 4728 nAvaritia.
669 4673 1238 4749 Pecuniagnimirum,
1267 4684 1326 4749 ut
1353 4675 1698 4732 manifestum
1726 4684 1826 4732 est.
1942 4677 2180 4733 chiarius
2225 4677 2282 4749 in
2326 4677 2553 4749 epistola
2603 4679 2670 4733 ad
2718 4676 3038 4749 Ianuarium
3081 4676 3146 4731 de
3195 4673 3522 4749 recipiendis

245 4742 570 4819 Quanquam
608 4754 663 4798 et
699 4745 939 4819 nonnulli
967 4747 1162 4819 vetusti
1192 4747 1522 4819 scriptores,
1545 4749 1672 4802 dum
1708 4749 1830 4803 rhc-
1939 4749 2104 4819 lapsis
2138 4767 2152 4803 :
2186 4767 2204 4800 ‹
2241 4742 2531 4805 Nou'enim
2561 4749 2787 4818 potestis
2817 4747 2984 4802 solam
3027 4747 3080 4800 in
3117 4742 3344 4819 pecunia
3372 4761 3522 4819 ava-

246 4815 590 4891 toricantur,‘
623 4815 916 4891 avaritiam
943 4815 1313 4891 a_l_io__quoque
1347 4818 1713 4891 transferunt,
1760 4819 1828 4873 ad
1939 4815 2117 4874 ritiam
2149 4830 2466 4890 computare
2498 4835 2511 4873 :
2542 4815 2668 4891 quia
2722 4819 2954 4873 maxime
2983 4817 3210 4891 avaritia
3241 4816 3341 4891 vel_
3371 4815 3425 4870 in
3457 4815 3522 4870 li-

245 4886 476 4958 gloriam
505 4886 754 4940 videlicet
778 4895 831 4940 et
853 4887 1241 4958 adlibidinem.
1267 4889 1329 4953 Q.
1357 4886 1577 4958 Curtius
1604 4888 1692 4943 lib.
1728 4905 1780 4943 Ix
1811 4909 1824 4944 :
1935 4891 2120 4945 bidine
2146 4886 2656 4954 esse—sentiturfcui
2685 4904 2959 4958 nunquam
2985 4887 3109 4944 ﬁnis
3143 4886 3515 4958 imponitur.)

249 4955 780 5029 «Hrirsusavaritia
803 4957 985 5029 gloria:
1015 4967 1067 5012 et
1101 4957 1419 5029 insatiabilis
1447 4960 1641 5026 cupido
1669 4960 1824 5014 famae
1939 4961 2031 5016 Sic
2071 4961 2328 5016 Horatius
2359 4963 2410 5016 in
2443 4961 2580 5016 libro
2623 4961 2688 5015 de
2727 4955 2858 5014 Arte
2906 4959 3148 5029 poetica,
3178 4955 3341 5013 versu
3387 4956 3514 5025 529,

243 5026 382 5079 nihil
430 5026 661 5093 invium,
711 5026 845 5082 nihil
894 5037 1159 5084 remotum
1201 5028 1369 5082 videri
1401 5029 1626 5084 sinebat.
1669 5049 1686 5083 ι
1725 5029 1829 5084 Ba-
1937 5031 2150 5088 dixerat
2184 5049 2198 5087 :
2241 5031 2442 5086 Laudis
2469 5048 2678 5086 avarus.

247 5181 3481 5212 —-————-—————————————-—————————————~

1279 5447 1362 5489 DE
1408 5445 1850 5491 SOLEMNITATE
1894 5445 2114 5489 SANCTI
2155 5443 2494 5491 WIGBERTI.

1004 5621 1050 5677 l.
1090 5602 1100 5616 ’
2072 5621 2272 5677 Lucem
2294 5619 2409 5691 jam
2441 5635 2542 5679 nos
2573 5621 2910 5694 illuminans,

457 5709 724 5784 Wigberti
760 5710 877 5766 dies
906 5711 1106 5768 natalis
2075 5712 2223 5780 Quos
2247 5725 2428 5770 servet
2451 5715 2701 5771 Christus
2731 5717 3054 5788 glomerans.

381 5807 544 5864 Venit
569 5807 729 5864 modo
754 5805 1018 5862 mirabilis
1035 5848 1049 5876 ,
2149 5808 2255 5865 iste
2280 5809 2560 5867 confessor
2587 5811 2831 5879 Domini,
