  <div class='ocr_page' id='page_1' title='image "/cluster/home/n/w/nwhite01/storage/ocr_20150623/119/hvd.32044015466915/357.png"; bbox 0 0 4070 6310; ppageno 0'>
   <div class='ocr_carea' id='block_1_1' title="bbox 547 386 654 443">
    <p class='ocr_par' dir='ltr' id='par_1_1' title="bbox 547 386 654 443">
     <span class='ocr_line' id='line_1_1' title="bbox 547 386 654 443; baseline -0.019 0"><span class='ocrx_word' id='word_1_1' title='bbox 547 386 654 443; x_wconf 77' lang='grc'><strong>’105</strong></span> 
     </span>
    </p>
   </div>
   <div class='ocr_carea' id='block_1_2' title="bbox 1585 383 2758 446">
    <p class='ocr_par' dir='ltr' id='par_1_2' title="bbox 1585 383 2758 446">
     <span class='ocr_line' id='line_1_2' title="bbox 1585 383 2758 446; baseline 0.005 -8"><span class='ocrx_word' id='word_1_2' title='bbox 1585 383 1886 441; x_wconf 78' lang='lat' dir='ltr'><strong>RODULFI</strong></span> <span class='ocrx_word' id='word_1_3' title='bbox 1924 384 2404 444; x_wconf 81' lang='lat' dir='ltr'><strong>BITURICENSIS</strong></span> <span class='ocrx_word' id='word_1_4' title='bbox 2443 385 2758 446; x_wconf 84' lang='lat' dir='ltr'><strong>EPISCOPI</strong></span> 
     </span>
    </p>
   </div>
   <div class='ocr_carea' id='block_1_3' title="bbox 3725 383 3844 442">
    <p class='ocr_par' dir='ltr' id='par_1_3' title="bbox 3725 383 3844 442">
     <span class='ocr_line' id='line_1_3' title="bbox 3725 383 3844 442; baseline -0.017 -1"><span class='ocrx_word' id='word_1_5' title='bbox 3725 383 3844 442; x_wconf 59' lang='lat'><strong>701</strong></span> 
     </span>
    </p>
   </div>
   <div class='ocr_carea' id='block_1_4' title="bbox 618 498 3844 572">
    <p class='ocr_par' dir='ltr' id='par_1_4' title="bbox 618 498 3844 572">
     <span class='ocr_line' id='line_1_4' title="bbox 618 498 3844 572; baseline 0.001 -16"><span class='ocrx_word' id='word_1_6' title='bbox 618 501 771 556; x_wconf 84' lang='lat' dir='ltr'><strong>Hanc</strong></span> <span class='ocrx_word' id='word_1_7' title='bbox 821 500 922 572; x_wconf 90' lang='lat' dir='ltr'><strong>ipsi</strong></span> <span class='ocrx_word' id='word_1_8' title='bbox 965 499 1192 572; x_wconf 98' lang='lat' dir='ltr'><strong>Carolus</strong></span> <span class='ocrx_word' id='word_1_9' title='bbox 1225 498 1423 572; x_wconf 74' lang='lat' dir='ltr'><strong>Calvus</strong></span> <span class='ocrx_word' id='word_1_10' title='bbox 1464 508 1867 572; x_wconf 78' lang='lat' dir='ltr'><strong>concesserat,</strong></span> <span class='ocrx_word' id='word_1_11' title='bbox 1910 500 2128 572; x_wconf 75' lang='lat' dir='ltr'><strong>vivente</strong></span> <span class='ocrx_word' id='word_1_12' title='bbox 2153 504 2205 566; x_wconf 80' lang='grc' dir='ltr'><strong>Α</strong></span> <span class='ocrx_word' id='word_1_13' title='bbox 2231 501 2530 572; x_wconf 74' lang='lat' dir='ltr'><strong>studerent.</strong></span> <span class='ocrx_word' id='word_1_14' title='bbox 2567 520 2586 553; x_wconf 68' lang='grc' dir='ltr'><strong>ι</strong></span> <span class='ocrx_word' id='word_1_15' title='bbox 2643 498 2933 556; x_wconf 80' lang='lat' dir='ltr'><strong>Bodulfum</strong></span> <span class='ocrx_word' id='word_1_16' title='bbox 2992 499 3224 556; x_wconf 71' lang='lat' dir='ltr'><strong>abbatiae</strong></span> <span class='ocrx_word' id='word_1_17' title='bbox 3264 499 3496 572; x_wconf 87' lang='lat' dir='ltr'><strong>cessisse</strong></span> <span class='ocrx_word' id='word_1_18' title='bbox 3570 507 3844 558; x_wconf 84' lang='lat' dir='ltr'><strong>autumat</strong></span> 
     </span>
    </p>
   </div>
   <div class='ocr_carea' id='block_1_5' title="bbox 547 569 2122 635">
    <p class='ocr_par' dir='ltr' id='par_1_5' title="bbox 547 569 2122 635">
     <span class='ocr_line' id='line_1_5' title="bbox 547 569 2122 635; baseline -0.004 -4"><span class='ocrx_word' id='word_1_19' title='bbox 547 574 714 632; x_wconf 90' lang='lat' dir='ltr'><strong>etiam</strong></span> <span class='ocrx_word' id='word_1_20' title='bbox 755 569 1032 627; x_wconf 71' lang='lat' dir='ltr'><strong>Bcf-nardo</strong></span> <span class='ocrx_word' id='word_1_21' title='bbox 1073 571 1300 635; x_wconf 89' lang='lat' dir='ltr'><strong>abbate;</strong></span> <span class='ocrx_word' id='word_1_22' title='bbox 1365 569 1652 624; x_wconf 81' lang='lat' dir='ltr'><strong>Rodulfnm</strong></span> <span class='ocrx_word' id='word_1_23' title='bbox 1709 573 1812 626; x_wconf 92' lang='lat' dir='ltr'><strong>hoc</strong></span> <span class='ocrx_word' id='word_1_24' title='bbox 1859 571 2122 626; x_wconf 80' lang='lat' dir='ltr'><strong>beneﬁcio</strong></span> 
     </span>
    </p>
   </div>
   <div class='ocr_carea' id='block_1_6' title="bbox 550 641 2124 714">
    <p class='ocr_par' dir='ltr' id='par_1_6' title="bbox 550 641 2124 714">
     <span class='ocr_line' id='line_1_6' title="bbox 550 641 2124 714; baseline -0.003 -12"><span class='ocrx_word' id='word_1_25' title='bbox 550 645 817 702; x_wconf 84' lang='lat' dir='ltr'><strong>demereri</strong></span> <span class='ocrx_word' id='word_1_26' title='bbox 843 658 1091 714; x_wconf 82' lang='lat' dir='ltr'><strong>sperans,</strong></span> <span class='ocrx_word' id='word_1_27' title='bbox 1114 657 1220 710; x_wconf 91' lang='lat' dir='ltr'><strong>quo</strong></span> <span class='ocrx_word' id='word_1_28' title='bbox 1251 642 1302 695; x_wconf 90' lang='lat' dir='ltr'><strong>in</strong></span> <span class='ocrx_word' id='word_1_29' title='bbox 1326 641 1718 714; x_wconf 69' lang='lat' dir='ltr'><strong>Aquitanorum</strong></span> <span class='ocrx_word' id='word_1_30' title='bbox 1743 641 1978 714; x_wconf 84' lang='lat' dir='ltr'><strong>motibus</strong></span> <span class='ocrx_word' id='word_1_31' title='bbox 2005 652 2124 697; x_wconf 90' lang='lat' dir='ltr'><strong>ute-</strong></span> 
     </span>
    </p>
   </div>
   <div class='ocr_carea' id='block_1_7' title="bbox 551 711 2114 784">
    <p class='ocr_par' dir='ltr' id='par_1_7' title="bbox 551 711 2114 784">
     <span class='ocr_line' id='line_1_7' title="bbox 551 711 2114 784; baseline -0.003 -12"><span class='ocrx_word' id='word_1_32' title='bbox 551 726 742 780; x_wconf 80' lang='lat' dir='ltr'><strong>retur;</strong></span> <span class='ocrx_word' id='word_1_33' title='bbox 796 711 994 784; x_wconf 83' lang='lat' dir='ltr'><strong>qnippe</strong></span> <span class='ocrx_word' id='word_1_34' title='bbox 1034 715 1102 766; x_wconf 91' lang='lat' dir='ltr'><strong>ob</strong></span> <span class='ocrx_word' id='word_1_35' title='bbox 1157 712 1368 784; x_wconf 82' lang='lat' dir='ltr'><strong>generis</strong></span> <span class='ocrx_word' id='word_1_36' title='bbox 1418 713 1752 769; x_wconf 80' lang='lat' dir='ltr'><strong>nobilitatem</strong></span> <span class='ocrx_word' id='word_1_37' title='bbox 1782 754 1797 775; x_wconf 94' lang='lat'><strong>,</strong></span> <span class='ocrx_word' id='word_1_38' title='bbox 1829 711 2114 768; x_wconf 86' lang='lat' dir='ltr'><strong>allinitates</strong></span> 
     </span>
    </p>
   </div>
   <div class='ocr_carea' id='block_1_8' title="bbox 551 783 2123 854">
    <p class='ocr_par' dir='ltr' id='par_1_8' title="bbox 551 783 2123 854">
     <span class='ocr_line' id='line_1_8' title="bbox 551 783 2123 854; baseline -0.001 -14"><span class='ocrx_word' id='word_1_39' title='bbox 551 802 676 844; x_wconf 91' lang='lat' dir='ltr'><strong>cum</strong></span> <span class='ocrx_word' id='word_1_40' title='bbox 748 783 1054 854; x_wconf 67' lang='lat' dir='ltr'><strong>Aquitania:</strong></span> <span class='ocrx_word' id='word_1_41' title='bbox 1099 783 1413 852; x_wconf 78' lang='lat' dir='ltr'><strong>proceribus</strong></span> <span class='ocrx_word' id='word_1_42' title='bbox 1467 799 1603 854; x_wconf 90' lang='lat' dir='ltr'><strong>pene</strong></span> <span class='ocrx_word' id='word_1_43' title='bbox 1655 785 1925 844; x_wconf 88' lang='lat' dir='ltr'><strong>omnibus.</strong></span> <span class='ocrx_word' id='word_1_44' title='bbox 1981 784 2123 839; x_wconf 89' lang='lat' dir='ltr'><strong>sedis</strong></span> 
     </span>
    </p>
   </div>
   <div class='ocr_carea' id='block_1_9' title="bbox 553 853 2119 926">
    <p class='ocr_par' dir='ltr' id='par_1_9' title="bbox 553 853 2119 926">
     <span class='ocr_line' id='line_1_9' title="bbox 553 853 2119 926; baseline -0.002 -15"><span class='ocrx_word' id='word_1_45' title='bbox 553 853 888 926; x_wconf 81' lang='lat' dir='ltr'><strong>dignitatem,</strong></span> <span class='ocrx_word' id='word_1_46' title='bbox 919 853 1151 926; x_wconf 80' lang='lat' dir='ltr'><strong>maxime</strong></span> <span class='ocrx_word' id='word_1_47' title='bbox 1175 868 1304 908; x_wconf 79' lang='lat' dir='ltr'><strong>vero</strong></span> <span class='ocrx_word' id='word_1_48' title='bbox 1332 853 1554 924; x_wconf 83' lang='lat' dir='ltr'><strong>propter</strong></span> <span class='ocrx_word' id='word_1_49' title='bbox 1579 856 1883 910; x_wconf 83' lang='lat' dir='ltr'><strong>sanctitatis</strong></span> <span class='ocrx_word' id='word_1_50' title='bbox 1897 854 2119 926; x_wconf 84' lang='lat' dir='ltr'><strong>famam,</strong></span> 
     </span>
    </p>
   </div>
   <div class='ocr_carea' id='block_1_10' title="bbox 550 923 2122 995">
    <p class='ocr_par' dir='ltr' id='par_1_10' title="bbox 550 923 2122 995">
     <span class='ocr_line' id='line_1_10' title="bbox 550 923 2122 995; baseline -0.002 -13"><span class='ocrx_word' id='word_1_51' title='bbox 550 923 938 995; x_wconf 82' lang='lat' dir='ltr'><strong>archiepiscopi</strong></span> <span class='ocrx_word' id='word_1_52' title='bbox 971 923 1178 995; x_wconf 20' lang='lat' dir='ltr'><strong>hujusﬁ</strong></span> <span class='ocrx_word' id='word_1_53' title='bbox 1197 923 1447 992; x_wconf 82' lang='lat' dir='ltr'><strong>potestas</strong></span> <span class='ocrx_word' id='word_1_54' title='bbox 1480 935 1599 979; x_wconf 90' lang='lat' dir='ltr'><strong>erat</strong></span> <span class='ocrx_word' id='word_1_55' title='bbox 1644 927 1899 979; x_wconf 82' lang='lat' dir='ltr'><strong>maxima.</strong></span> <span class='ocrx_word' id='word_1_56' title='bbox 1928 925 2032 980; x_wconf 86' lang='lat' dir='ltr'><strong>Sed</strong></span> <span class='ocrx_word' id='word_1_57' title='bbox 2068 926 2122 980; x_wconf 93' lang='lat' dir='ltr'><strong>in</strong></span> 
     </span>
    </p>
   </div>
   <div class='ocr_carea' id='block_1_11' title="bbox 550 994 2133 1054">
    <p class='ocr_par' dir='ltr' id='par_1_11' title="bbox 550 994 2133 1054">
     <span class='ocr_line' id='line_1_11' title="bbox 550 994 2133 1054; baseline -0.001 0"><span class='ocrx_word' id='word_1_58' title='bbox 550 994 778 1054; x_wconf 88' lang='lat' dir='ltr'><strong>concilio</strong></span> <span class='ocrx_word' id='word_1_59' title='bbox 806 1013 822 1050; x_wconf 84' lang='grc' dir='ltr'><strong><em>ι</em></strong></span> <span class='ocrx_word' id='word_1_60' title='bbox 861 994 1097 1049; x_wconf 90' lang='lat' dir='ltr'><strong>Tullensi</strong></span> <span class='ocrx_word' id='word_1_61' title='bbox 1150 994 1338 1050; x_wconf 89' lang='lat' dir='ltr'><strong>Patres</strong></span> <span class='ocrx_word' id='word_1_62' title='bbox 1389 997 1438 1049; x_wconf 89' lang='lat' dir='ltr'><strong>id</strong></span> <span class='ocrx_word' id='word_1_63' title='bbox 1472 997 1696 1051; x_wconf 88' lang='lat' dir='ltr'><strong>moleste</strong></span> <span class='ocrx_word' id='word_1_64' title='bbox 1727 996 1963 1050; x_wconf 89' lang='lat' dir='ltr'><strong>tulerunt</strong></span> <span class='ocrx_word' id='word_1_65' title='bbox 1992 1004 2046 1051; x_wconf 90' lang='lat' dir='ltr'><strong>et</strong></span> <span class='ocrx_word' id='word_1_66' title='bbox 2078 997 2133 1052; x_wconf 91' lang='lat' dir='ltr'><strong>in</strong></span> 
     </span>
    </p>
   </div>
   <div class='ocr_carea' id='block_1_12' title="bbox 551 1065 2130 1136">
    <p class='ocr_par' dir='ltr' id='par_1_12' title="bbox 551 1065 2130 1136">
     <span class='ocr_line' id='line_1_12' title="bbox 551 1065 2130 1136; baseline -0.002 -12"><span class='ocrx_word' id='word_1_67' title='bbox 551 1067 784 1136; x_wconf 90' lang='lat' dir='ltr'><strong>capitulo</strong></span> <span class='ocrx_word' id='word_1_68' title='bbox 813 1066 873 1119; x_wconf 84' lang='lat' dir='ltr'><strong>II</strong></span> <span class='ocrx_word' id='word_1_69' title='bbox 911 1065 1107 1136; x_wconf 76' lang='lat' dir='ltr'><strong>legitur</strong></span> <span class='ocrx_word' id='word_1_70' title='bbox 1139 1082 1152 1118; x_wconf 92' lang='lat'>:</span> <span class='ocrx_word' id='word_1_71' title='bbox 1193 1083 1211 1115; x_wconf 85' lang='grc'><strong>‹</strong></span> <span class='ocrx_word' id='word_1_72' title='bbox 1248 1065 1550 1121; x_wconf 83' lang='lat' dir='ltr'><strong>Postulavit</strong></span> <span class='ocrx_word' id='word_1_73' title='bbox 1588 1067 1863 1121; x_wconf 90' lang='lat' dir='ltr'><strong>humiliter</strong></span> <span class='ocrx_word' id='word_1_74' title='bbox 1905 1082 2130 1136; x_wconf 86' lang='lat' dir='ltr'><strong>genera-</strong></span> 
     </span>
    </p>
   </div>
   <div class='ocr_carea' id='block_1_13' title="bbox 552 1136 2134 1209">
    <p class='ocr_par' dir='ltr' id='par_1_13' title="bbox 552 1136 2134 1209">
     <span class='ocr_line' id='line_1_13' title="bbox 552 1136 2134 1209; baseline 0 -17"><span class='ocrx_word' id='word_1_75' title='bbox 552 1139 618 1209; x_wconf 88' lang='lat' dir='ltr'><strong>lis</strong></span> <span class='ocrx_word' id='word_1_76' title='bbox 644 1137 881 1209; x_wconf 86' lang='lat' dir='ltr'><strong>synodus</strong></span> <span class='ocrx_word' id='word_1_77' title='bbox 931 1153 988 1192; x_wconf 91' lang='lat' dir='ltr'><strong>se</strong></span> <span class='ocrx_word' id='word_1_78' title='bbox 1029 1136 1094 1190; x_wconf 91' lang='lat' dir='ltr'><strong>ad</strong></span> <span class='ocrx_word' id='word_1_79' title='bbox 1140 1145 1352 1209; x_wconf 75' lang='lat' dir='ltr'><strong>terram</strong></span> <span class='ocrx_word' id='word_1_80' title='bbox 1388 1153 1557 1209; x_wconf 71' lang='lat' dir='ltr'><strong>usqne</strong></span> <span class='ocrx_word' id='word_1_81' title='bbox 1601 1148 1952 1208; x_wconf 86' lang='lat' dir='ltr'><strong>prosternens</strong></span> <span class='ocrx_word' id='word_1_82' title='bbox 2007 1147 2134 1192; x_wconf 89' lang='lat' dir='ltr'><strong>ante</strong></span> 
     </span>
    </p>
   </div>
   <div class='ocr_carea' id='block_1_14' title="bbox 550 1206 2134 1280">
    <p class='ocr_par' dir='ltr' id='par_1_14' title="bbox 550 1206 2134 1280">
     <span class='ocr_line' id='line_1_14' title="bbox 550 1206 2134 1280; baseline 0.001 -18"><span class='ocrx_word' id='word_1_83' title='bbox 550 1206 816 1280; x_wconf 15' lang='lat' dir='ltr'><strong>Karoluml</strong></span> <span class='ocrx_word' id='word_1_84' title='bbox 847 1221 1026 1276; x_wconf 83' lang='lat' dir='ltr'><strong>regem</strong></span> <span class='ocrx_word' id='word_1_85' title='bbox 1072 1215 1128 1262; x_wconf 91' lang='lat' dir='ltr'><strong>et</strong></span> <span class='ocrx_word' id='word_1_86' title='bbox 1153 1206 1439 1280; x_wconf 83' lang='lat' dir='ltr'><strong>Rodulfunt</strong></span> <span class='ocrx_word' id='word_1_87' title='bbox 1473 1206 1788 1280; x_wconf 79' lang='lat' dir='ltr'><strong>Biturigum</strong></span> <span class='ocrx_word' id='word_1_88' title='bbox 1838 1209 2134 1280; x_wconf 47' lang='lat' dir='ltr'><strong>archiepisf</strong></span> 
     </span>
    </p>
   </div>
   <div class='ocr_carea' id='block_1_15' title="bbox 549 1278 2132 1349">
    <p class='ocr_par' dir='ltr' id='par_1_15' title="bbox 549 1278 2132 1349">
     <span class='ocr_line' id='line_1_15' title="bbox 549 1278 2132 1349; baseline -0.001 -15"><span class='ocrx_word' id='word_1_89' title='bbox 549 1295 742 1348; x_wconf 89' lang='lat' dir='ltr'><strong>copum</strong></span> <span class='ocrx_word' id='word_1_90' title='bbox 770 1278 1063 1333; x_wconf 91' lang='lat' dir='ltr'><strong>obsecrans</strong></span> <span class='ocrx_word' id='word_1_91' title='bbox 1091 1286 1144 1331; x_wconf 88' lang='lat' dir='ltr'><strong>et</strong></span> <span class='ocrx_word' id='word_1_92' title='bbox 1167 1279 1422 1348; x_wconf 89' lang='lat' dir='ltr'><strong>adjurans</strong></span> <span class='ocrx_word' id='word_1_93' title='bbox 1457 1294 1553 1349; x_wconf 91' lang='lat' dir='ltr'><strong>per</strong></span> <span class='ocrx_word' id='word_1_94' title='bbox 1583 1278 1800 1334; x_wconf 80' lang='lat' dir='ltr'><strong>crucem</strong></span> <span class='ocrx_word' id='word_1_95' title='bbox 1835 1288 1890 1332; x_wconf 89' lang='lat' dir='ltr'><strong>et</strong></span> <span class='ocrx_word' id='word_1_96' title='bbox 1929 1279 2132 1334; x_wconf 90' lang='lat' dir='ltr'><strong>Christi</strong></span> 
     </span>
    </p>
   </div>
   <div class='ocr_carea' id='block_1_16' title="bbox 550 1349 2129 1420">
    <p class='ocr_par' dir='ltr' id='par_1_16' title="bbox 550 1349 2129 1420">
     <span class='ocr_line' id='line_1_16' title="bbox 550 1349 2129 1420; baseline -0.002 -14"><span class='ocrx_word' id='word_1_97' title='bbox 550 1350 889 1420; x_wconf 89' lang='lat' dir='ltr'><strong>sanguinem,</strong></span> <span class='ocrx_word' id='word_1_98' title='bbox 915 1358 973 1403; x_wconf 93' lang='lat' dir='ltr'><strong>ut</strong></span> <span class='ocrx_word' id='word_1_99' title='bbox 1021 1349 1363 1420; x_wconf 86' lang='lat' dir='ltr'><strong>privilegium</strong></span> <span class='ocrx_word' id='word_1_100' title='bbox 1403 1350 1715 1405; x_wconf 91' lang='lat' dir='ltr'><strong>monasterii</strong></span> <span class='ocrx_word' id='word_1_101' title='bbox 1749 1350 1806 1404; x_wconf 93' lang='lat' dir='ltr'><strong>S.</strong></span> <span class='ocrx_word' id='word_1_102' title='bbox 1831 1349 2129 1414; x_wconf 85' lang='lat' dir='ltr'><strong>Benedicti,</strong></span> 
     </span>
    </p>
   </div>
   <div class='ocr_carea' id='block_1_17' title="bbox 548 1419 2132 1491">
    <p class='ocr_par' dir='ltr' id='par_1_17' title="bbox 548 1419 2132 1491">
     <span class='ocr_line' id='line_1_17' title="bbox 548 1419 2132 1491; baseline 0.001 -18"><span class='ocrx_word' id='word_1_103' title='bbox 548 1419 692 1491; x_wconf 76' lang='lat' dir='ltr'><strong>quoii</strong></span> <span class='ocrx_word' id='word_1_104' title='bbox 724 1428 997 1491; x_wconf 82' lang='lat' dir='ltr'><strong>annuente</strong></span> <span class='ocrx_word' id='word_1_105' title='bbox 1038 1419 1260 1491; x_wconf 83' lang='lat' dir='ltr'><strong>praefato</strong></span> <span class='ocrx_word' id='word_1_106' title='bbox 1288 1435 1414 1490; x_wconf 91' lang='lat' dir='ltr'><strong>rege</strong></span> <span class='ocrx_word' id='word_1_107' title='bbox 1459 1422 1829 1486; x_wconf 85' lang='lat' dir='ltr'><strong>firmaverant,</strong></span> <span class='ocrx_word' id='word_1_108' title='bbox 1881 1422 2132 1489; x_wconf 87' lang='lat' dir='ltr'><strong>quodque</strong></span> 
     </span>
    </p>
   </div>
   <div class='ocr_carea' id='block_1_18' title="bbox 557 1489 2130 1562">
    <p class='ocr_par' dir='ltr' id='par_1_18' title="bbox 557 1489 2130 1562">
     <span class='ocr_line' id='line_1_18' title="bbox 557 1489 2130 1562; baseline -0.001 -16"><span class='ocrx_word' id='word_1_109' title='bbox 557 1489 698 1546; x_wconf 83' lang='lat' dir='ltr'><strong>idem</strong></span> <span class='ocrx_word' id='word_1_110' title='bbox 731 1489 994 1562; x_wconf 73' lang='lat' dir='ltr'><strong>Bodulfus</strong></span> <span class='ocrx_word' id='word_1_111' title='bbox 1010 1489 1404 1562; x_wconf 80' lang='lat' dir='ltr'><strong>subscripserat</strong></span> <span class='ocrx_word' id='word_1_112' title='bbox 1433 1491 1524 1560; x_wconf 90' lang='lat' dir='ltr'><strong>qui</strong></span> <span class='ocrx_word' id='word_1_113' title='bbox 1555 1492 1833 1562; x_wconf 63' lang='lat' dir='ltr'><strong>praefatam</strong></span> <span class='ocrx_word' id='word_1_114' title='bbox 1859 1491 2130 1546; x_wconf 88' lang='lat' dir='ltr'><strong>abbatiam</strong></span> 
     </span>
    </p>
   </div>
   <div class='ocr_carea' id='block_1_19' title="bbox 550 1560 2133 1633">
    <p class='ocr_par' dir='ltr' id='par_1_19' title="bbox 550 1560 2133 1633">
     <span class='ocr_line' id='line_1_19' title="bbox 550 1560 2133 1633; baseline 0 -15"><span class='ocrx_word' id='word_1_115' title='bbox 550 1561 922 1633; x_wconf 78' lang='lat' dir='ltr'><strong>irregulariter</strong></span> <span class='ocrx_word' id='word_1_116' title='bbox 947 1560 1187 1627; x_wconf 85' lang='lat' dir='ltr'><strong>tenebat,</strong></span> <span class='ocrx_word' id='word_1_117' title='bbox 1225 1569 1402 1615; x_wconf 88' lang='lat' dir='ltr'><strong>ratum</strong></span> <span class='ocrx_word' id='word_1_118' title='bbox 1429 1570 1486 1616; x_wconf 92' lang='lat' dir='ltr'><strong>et</strong></span> <span class='ocrx_word' id='word_1_119' title='bbox 1514 1560 1888 1618; x_wconf 81' lang='lat' dir='ltr'><strong>inconvulsum</strong></span> <span class='ocrx_word' id='word_1_120' title='bbox 1915 1576 2133 1618; x_wconf 85' lang='lat' dir='ltr'><strong>servare</strong></span> 
     </span>
    </p>
   </div>
   <div class='ocr_carea' id='block_1_20' title="bbox 557 1723 3580 1750">
    <p class='ocr_par' dir='ltr' id='par_1_20' title="bbox 557 1723 3580 1750">
     <span class='ocr_line' id='line_1_20' title="bbox 557 1723 3580 1750; baseline -0.001 0"><span class='ocrx_word' id='word_1_121' title='bbox 557 1723 3580 1750; x_wconf 60' lang='lat'><strong>——————_——_—————————————-——_——1</strong></span> 
     </span>
    </p>
   </div>
   <div class='ocr_carea' id='block_1_21' title="bbox 2230 843 3453 925">
    <p class='ocr_par' dir='ltr' id='par_1_21' title="bbox 2230 843 3453 925">
     <span class='ocr_line' id='line_1_21' title="bbox 2230 843 3453 925; baseline 0.001 -17"><span class='ocrx_word' id='word_1_122' title='bbox 2230 856 2535 925; x_wconf 88' lang='lat' dir='ltr'><strong>principum</strong></span> <span class='ocrx_word' id='word_1_123' title='bbox 2586 855 2653 909; x_wconf 92' lang='lat' dir='ltr'><strong>ab</strong></span> <span class='ocrx_word' id='word_1_124' title='bbox 2703 843 2933 909; x_wconf 72' lang='lat' dir='ltr'><strong>invicem</strong></span> <span class='ocrx_word' id='word_1_125' title='bbox 2976 843 3352 910; x_wconf 81' lang='lat' dir='ltr'><strong>dissidentium</strong></span> <span class='ocrx_word' id='word_1_126' title='bbox 3397 864 3453 910; x_wconf 90' lang='lat' dir='ltr'><strong>et</strong></span> 
     </span>
    </p>
   </div>
   <div class='ocr_carea' id='block_1_22' title="bbox 2235 571 3838 642">
    <p class='ocr_par' dir='ltr' id='par_1_22' title="bbox 2235 571 3838 642">
     <span class='ocr_line' id='line_1_22' title="bbox 2235 571 3838 642; baseline 0 -15"><span class='ocrx_word' id='word_1_127' title='bbox 2235 571 2595 636; x_wconf 84' lang='lat' dir='ltr'><strong>Mabillonius,</strong></span> <span class='ocrx_word' id='word_1_128' title='bbox 2643 573 2774 642; x_wconf 84' lang='lat' dir='ltr'><strong>quia‘</strong></span> <span class='ocrx_word' id='word_1_129' title='bbox 2796 572 3101 628; x_wconf 70' lang='lat' dir='ltr'><strong>Bernartius</strong></span> <span class='ocrx_word' id='word_1_130' title='bbox 3125 571 3329 626; x_wconf 73' lang='lat' dir='ltr'><strong>abbatis</strong></span> <span class='ocrx_word' id='word_1_131' title='bbox 3349 571 3588 642; x_wconf 75' lang='lat' dir='ltr'><strong>ofﬁcium</strong></span> <span class='ocrx_word' id='word_1_132' title='bbox 3621 573 3692 626; x_wconf 80' lang='lat' dir='ltr'><strong>ad</strong></span> <span class='ocrx_word' id='word_1_133' title='bbox 3718 573 3838 627; x_wconf 77' lang='lat' dir='ltr'><strong>ati-</strong></span> 
     </span>
    </p>
   </div>
   <div class='ocr_carea' id='block_1_23' title="bbox 2237 641 3839 715">
    <p class='ocr_par' dir='ltr' id='par_1_23' title="bbox 2237 641 3839 715">
     <span class='ocr_line' id='line_1_23' title="bbox 2237 641 3839 715; baseline -0.001 -17"><span class='ocrx_word' id='word_1_134' title='bbox 2237 653 2358 715; x_wconf 86' lang='lat' dir='ltr'><strong>quot</strong></span> <span class='ocrx_word' id='word_1_135' title='bbox 2387 659 2553 698; x_wconf 79' lang='lat' dir='ltr'><strong>annos</strong></span> <span class='ocrx_word' id='word_1_136' title='bbox 2598 641 2772 713; x_wconf 78' lang='lat' dir='ltr'><strong>gerere</strong></span> <span class='ocrx_word' id='word_1_137' title='bbox 2792 660 2896 697; x_wconf 82' lang='lat' dir='ltr'><strong>non</strong></span> <span class='ocrx_word' id='word_1_138' title='bbox 2933 643 3164 715; x_wconf 70' lang='lat' dir='ltr'><strong>destitit;</strong></span> <span class='ocrx_word' id='word_1_139' title='bbox 3214 643 3308 698; x_wconf 88' lang='lat' dir='ltr'><strong>sed</strong></span> <span class='ocrx_word' id='word_1_140' title='bbox 3355 641 3558 715; x_wconf 7' lang='lat' dir='ltr'><strong>forsan;</strong></span> <span class='ocrx_word' id='word_1_141' title='bbox 3591 643 3839 711; x_wconf 84' lang='lat' dir='ltr'><strong>vicaria,</strong></span> 
     </span>
    </p>
   </div>
   <div class='ocr_carea' id='block_1_24' title="bbox 2239 712 3841 784">
    <p class='ocr_par' dir='ltr' id='par_1_24' title="bbox 2239 712 3841 784">
     <span class='ocr_line' id='line_1_24' title="bbox 2239 712 3841 784; baseline 0.002 -16"><span class='ocrx_word' id='word_1_142' title='bbox 2239 712 2346 768; x_wconf 85' lang='lat' dir='ltr'><strong>non</strong></span> <span class='ocrx_word' id='word_1_143' title='bbox 2383 712 2632 784; x_wconf 88' lang='lat' dir='ltr'><strong>suprema</strong></span> <span class='ocrx_word' id='word_1_144' title='bbox 2689 721 2978 784; x_wconf 83' lang='lat' dir='ltr'><strong>potestate.</strong></span> <span class='ocrx_word' id='word_1_145' title='bbox 3027 712 3173 768; x_wconf 92' lang='lat' dir='ltr'><strong>Inter</strong></span> <span class='ocrx_word' id='word_1_146' title='bbox 3217 722 3446 768; x_wconf 68' lang='lat' dir='ltr'><strong>caeteras</strong></span> <span class='ocrx_word' id='word_1_147' title='bbox 3474 713 3644 768; x_wconf 85' lang='lat' dir='ltr'><strong>animi</strong></span> <span class='ocrx_word' id='word_1_148' title='bbox 3673 715 3841 772; x_wconf 76' lang='lat' dir='ltr'><strong>dotes</strong></span> 
     </span>
    </p>
   </div>
   <div class='ocr_carea' id='block_1_25' title="bbox 2242 783 3836 854">
    <p class='ocr_par' dir='ltr' id='par_1_25' title="bbox 2242 783 3836 854">
     <span class='ocr_line' id='line_1_25' title="bbox 2242 783 3836 854; baseline 0.001 -16"><span class='ocrx_word' id='word_1_149' title='bbox 2242 783 2475 838; x_wconf 86' lang='lat' dir='ltr'><strong>eminuit</strong></span> <span class='ocrx_word' id='word_1_150' title='bbox 2521 785 2574 838; x_wconf 92' lang='lat' dir='ltr'><strong>in</strong></span> <span class='ocrx_word' id='word_1_151' title='bbox 2631 783 2731 838; x_wconf 86' lang='lat' dir='ltr'><strong>hoc</strong></span> <span class='ocrx_word' id='word_1_152' title='bbox 2783 783 3012 854; x_wconf 78' lang='lat' dir='ltr'><strong>przesule</strong></span> <span class='ocrx_word' id='word_1_153' title='bbox 3064 799 3275 851; x_wconf 80' lang='lat' dir='ltr'><strong>summa</strong></span> <span class='ocrx_word' id='word_1_154' title='bbox 3323 784 3613 854; x_wconf 86' lang='lat' dir='ltr'><strong>prudentia</strong></span> <span class='ocrx_word' id='word_1_155' title='bbox 3648 827 3664 850; x_wconf 97' lang='lat'><strong>,</strong></span> <span class='ocrx_word' id='word_1_156' title='bbox 3720 800 3836 852; x_wconf 82' lang='lat' dir='ltr'><strong>qua</strong></span> 
     </span>
    </p>
   </div>
   <div class='ocr_carea' id='block_1_26' title="bbox 3541 871 3840 926">
    <p class='ocr_par' dir='ltr' id='par_1_26' title="bbox 3541 871 3840 926">
     <span class='ocr_line' id='line_1_26' title="bbox 3541 871 3840 926; baseline 0.007 -17"><span class='ocrx_word' id='word_1_157' title='bbox 3541 872 3602 910; x_wconf 92' lang='lat' dir='ltr'><strong>ro</strong></span> <span class='ocrx_word' id='word_1_158' title='bbox 3659 871 3840 926; x_wconf 84' lang='lat' dir='ltr'><strong>regno</strong></span> 
     </span>
    </p>
   </div>
   <div class='ocr_carea' id='block_1_27' title="bbox 2239 871 3838 994">
    <p class='ocr_par' dir='ltr' id='par_1_27' title="bbox 2239 871 3838 994">
     <span class='ocr_line' id='line_1_27' title="bbox 2239 871 3838 980; baseline 0.002 -72"><span class='ocrx_word' id='word_1_159' title='bbox 2239 871 2535 925; x_wconf 78' lang='lat' dir='ltr'><strong>principum</strong></span> <span class='ocrx_word' id='word_1_160' title='bbox 2586 871 2653 909; x_wconf 88' lang='lat' dir='ltr'><strong>an</strong></span> <span class='ocrx_word' id='word_1_161' title='bbox 2703 871 2933 909; x_wconf 80' lang='lat' dir='ltr'><strong>invicem</strong></span> <span class='ocrx_word' id='word_1_162' title='bbox 2976 871 3352 910; x_wconf 83' lang='lat' dir='ltr'><strong>atssmenuum</strong></span> <span class='ocrx_word' id='word_1_163' title='bbox 3397 871 3453 910; x_wconf 84' lang='lat' dir='ltr'><strong>et</strong></span> <span class='ocrx_word' id='word_1_164' title='bbox 3503 871 3602 980; x_wconf 47' lang='lat' dir='ltr'><strong>pip</strong></span> <span class='ocrx_word' id='word_1_165' title='bbox 3659 871 3838 926; x_wconf 84' lang='lat' dir='ltr'><strong>regno</strong></span> 
     </span>
     <span class='ocr_line' id='line_1_28' title="bbox 2239 925 3838 994; baseline 0 -13"><span class='ocrx_word' id='word_1_166' title='bbox 2239 927 2610 981; x_wconf 89' lang='lat' dir='ltr'><strong>decertantum</strong></span> <span class='ocrx_word' id='word_1_167' title='bbox 2658 926 2886 994; x_wconf 77' lang='lat' dir='ltr'><strong>gratiam</strong></span> <span class='ocrx_word' id='word_1_168' title='bbox 2955 925 3055 980; x_wconf 90' lang='lat' dir='ltr'><strong>sibi</strong></span> <span class='ocrx_word' id='word_1_169' title='bbox 3115 925 3442 980; x_wconf 85' lang='lat' dir='ltr'><strong>conciliavit.</strong></span> <span class='ocrx_word' id='word_1_170' title='bbox 3647 926 3838 981; x_wconf 84' lang='lat' dir='ltr'><strong>Caroli</strong></span> 
     </span>
    </p>
   </div>
   <div class='ocr_carea' id='block_1_28' title="bbox 2242 993 3837 1067">
    <p class='ocr_par' dir='ltr' id='par_1_28' title="bbox 2242 993 3837 1067">
     <span class='ocr_line' id='line_1_29' title="bbox 2242 993 3837 1067; baseline -0.001 -17"><span class='ocrx_word' id='word_1_171' title='bbox 2242 996 2390 1050; x_wconf 87' lang='lat' dir='ltr'><strong>Calvi</strong></span> <span class='ocrx_word' id='word_1_172' title='bbox 2422 1011 2548 1067; x_wconf 87' lang='lat' dir='ltr'><strong>erga</strong></span> <span class='ocrx_word' id='word_1_173' title='bbox 2581 993 2703 1050; x_wconf 83' lang='lat' dir='ltr'><strong>eum</strong></span> <span class='ocrx_word' id='word_1_174' title='bbox 2734 995 3108 1051; x_wconf 80' lang='lat' dir='ltr'><strong>benevolentia</strong></span> <span class='ocrx_word' id='word_1_175' title='bbox 3135 993 3244 1064; x_wconf 87' lang='lat' dir='ltr'><strong>iam</strong></span> <span class='ocrx_word' id='word_1_176' title='bbox 3278 996 3534 1067; x_wconf 81' lang='lat' dir='ltr'><strong>diximus,</strong></span> <span class='ocrx_word' id='word_1_177' title='bbox 3563 998 3660 1051; x_wconf 91' lang='lat' dir='ltr'><strong>ubi</strong></span> <span class='ocrx_word' id='word_1_178' title='bbox 3701 1014 3837 1051; x_wconf 87' lang='lat' dir='ltr'><strong>nar-</strong></span> 
     </span>
    </p>
   </div>
   <div class='ocr_carea' id='block_1_29' title="bbox 2243 1066 3836 1138">
    <p class='ocr_par' dir='ltr' id='par_1_29' title="bbox 2243 1066 3836 1138">
     <span class='ocr_line' id='line_1_30' title="bbox 2243 1066 3836 1138; baseline -0.001 -17"><span class='ocrx_word' id='word_1_179' title='bbox 2243 1066 2576 1121; x_wconf 38' lang='lat' dir='ltr'><strong>ravimus’ab</strong></span> <span class='ocrx_word' id='word_1_180' title='bbox 2611 1069 2714 1121; x_wconf 91' lang='lat' dir='ltr'><strong>hoc</strong></span> <span class='ocrx_word' id='word_1_181' title='bbox 2739 1067 2981 1138; x_wconf 90' lang='lat' dir='ltr'><strong>principe</strong></span> <span class='ocrx_word' id='word_1_182' title='bbox 3009 1067 3173 1138; x_wconf 77' lang='lat' dir='ltr'><strong>etiam</strong></span> <span class='ocrx_word' id='word_1_183' title='bbox 3208 1077 3407 1138; x_wconf 86' lang='lat' dir='ltr'><strong>contra</strong></span> <span class='ocrx_word' id='word_1_184' title='bbox 3458 1066 3605 1138; x_wconf 84' lang='lat' dir='ltr'><strong>leges</strong></span> <span class='ocrx_word' id='word_1_185' title='bbox 3654 1068 3836 1122; x_wconf 86' lang='lat' dir='ltr'><strong>eccle-</strong></span> 
     </span>
    </p>
   </div>
   <div class='ocr_carea' id='block_1_30' title="bbox 2241 1137 3836 1207">
    <p class='ocr_par' dir='ltr' id='par_1_30' title="bbox 2241 1137 3836 1207">
     <span class='ocr_line' id='line_1_31' title="bbox 2241 1137 3836 1207; baseline -0.001 -15"><span class='ocrx_word' id='word_1_186' title='bbox 2241 1139 2486 1192; x_wconf 88' lang='lat' dir='ltr'><strong>siasticas</strong></span> <span class='ocrx_word' id='word_1_187' title='bbox 2516 1139 2696 1192; x_wconf 85' lang='lat' dir='ltr'><strong>datam</strong></span> <span class='ocrx_word' id='word_1_188' title='bbox 2738 1137 2836 1207; x_wconf 88' lang='lat' dir='ltr'><strong>ipsi</strong></span> <span class='ocrx_word' id='word_1_189' title='bbox 2883 1137 3046 1194; x_wconf 87' lang='lat' dir='ltr'><strong>fuisse</strong></span> <span class='ocrx_word' id='word_1_190' title='bbox 3073 1137 3472 1192; x_wconf 82' lang='lat' dir='ltr'><strong>Floriacensem</strong></span> <span class='ocrx_word' id='word_1_191' title='bbox 3500 1137 3836 1192; x_wconf 79' lang='lat' dir='ltr'><strong>Ecclesiam.</strong></span> 
     </span>
    </p>
   </div>
   <div class='ocr_carea' id='block_1_31' title="bbox 2241 1207 3844 1279">
    <p class='ocr_par' dir='ltr' id='par_1_31' title="bbox 2241 1207 3844 1279">
     <span class='ocr_line' id='line_1_32' title="bbox 2241 1207 3844 1279; baseline -0.002 -17"><span class='ocrx_word' id='word_1_192' title='bbox 2241 1208 2428 1263; x_wconf 85' lang='lat' dir='ltr'><strong>Eidem</strong></span> <span class='ocrx_word' id='word_1_193' title='bbox 2453 1224 2668 1279; x_wconf 88' lang='lat' dir='ltr'><strong>quoque</strong></span> <span class='ocrx_word' id='word_1_194' title='bbox 2708 1208 3018 1263; x_wconf 82' lang='lat' dir='ltr'><strong>muniﬁcum</strong></span> <span class='ocrx_word' id='word_1_195' title='bbox 3067 1224 3126 1264; x_wconf 90' lang='lat' dir='ltr'><strong>se</strong></span> <span class='ocrx_word' id='word_1_196' title='bbox 3156 1209 3404 1279; x_wconf 83' lang='lat' dir='ltr'><strong>probavit</strong></span> <span class='ocrx_word' id='word_1_197' title='bbox 3459 1207 3688 1278; x_wconf 89' lang='lat' dir='ltr'><strong>Pipinus</strong></span> <span class='ocrx_word' id='word_1_198' title='bbox 3742 1207 3844 1261; x_wconf 81' lang='lat' dir='ltr'><strong>Ju-</strong></span> 
     </span>
    </p>
   </div>
   <div class='ocr_carea' id='block_1_32' title="bbox 2241 1278 3839 1350">
    <p class='ocr_par' dir='ltr' id='par_1_32' title="bbox 2241 1278 3839 1350">
     <span class='ocr_line' id='line_1_33' title="bbox 2241 1278 3839 1350; baseline 0 -18"><span class='ocrx_word' id='word_1_199' title='bbox 2241 1279 2381 1343; x_wconf 88' lang='lat' dir='ltr'><strong>nior,</strong></span> <span class='ocrx_word' id='word_1_200' title='bbox 2433 1278 2736 1350; x_wconf 64' lang='lat' dir='ltr'><strong>Aquitaniae</strong></span> <span class='ocrx_word' id='word_1_201' title='bbox 2768 1295 2884 1344; x_wconf 64' lang='lat' dir='ltr'><strong>res,</strong></span> <span class='ocrx_word' id='word_1_202' title='bbox 2921 1279 3060 1333; x_wconf 82' lang='lat' dir='ltr'><strong>filius</strong></span> <span class='ocrx_word' id='word_1_203' title='bbox 3087 1279 3314 1334; x_wconf 90' lang='lat' dir='ltr'><strong>alterius</strong></span> <span class='ocrx_word' id='word_1_204' title='bbox 3365 1278 3565 1350; x_wconf 81' lang='lat' dir='ltr'><strong>Pipini,</strong></span> <span class='ocrx_word' id='word_1_205' title='bbox 3599 1281 3839 1348; x_wconf 83' lang='lat' dir='ltr'><strong>Aquita-</strong></span> 
     </span>
    </p>
   </div>
   <div class='ocr_carea' id='block_1_33' title="bbox 2240 1347 3842 1431">
    <p class='ocr_par' dir='ltr' id='par_1_33' title="bbox 2240 1347 3842 1431">
     <span class='ocr_line' id='line_1_34' title="bbox 2240 1347 3842 1431; baseline 0 -27"><span class='ocrx_word' id='word_1_206' title='bbox 2240 1351 2347 1431; x_wconf 63' lang='lat' dir='ltr'><strong>nite</strong></span> <span class='ocrx_word' id='word_1_207' title='bbox 2377 1347 2593 1430; x_wconf 79' lang='lat' dir='ltr'><strong>quoque</strong></span> <span class='ocrx_word' id='word_1_208' title='bbox 2637 1350 2810 1431; x_wconf 59' lang='lat' dir='ltr'><strong>regis;</strong></span> <span class='ocrx_word' id='word_1_209' title='bbox 2837 1347 3525 1431; x_wconf 76' lang='lat' dir='ltr'><strong>concessitq_ue_uonnullas</strong></span> <span class='ocrx_word' id='word_1_210' title='bbox 3552 1347 3743 1431; x_wconf 66' lang='lat' dir='ltr'><strong>villas,</strong></span> <span class='ocrx_word' id='word_1_211' title='bbox 3771 1351 3842 1404; x_wconf 87' lang='lat' dir='ltr'><strong>de</strong></span> 
     </span>
    </p>
   </div>
   <div class='ocr_carea' id='block_1_34' title="bbox 2238 1420 3845 1492">
    <p class='ocr_par' dir='ltr' id='par_1_34' title="bbox 2238 1420 3845 1492">
     <span class='ocr_line' id='line_1_35' title="bbox 2238 1420 3845 1492; baseline 0.001 -19"><span class='ocrx_word' id='word_1_212' title='bbox 2238 1421 2434 1490; x_wconf 86' lang='lat' dir='ltr'><strong>quibus</strong></span> <span class='ocrx_word' id='word_1_213' title='bbox 2487 1422 2596 1491; x_wconf 86' lang='lat' dir='ltr'><strong>agit</strong></span> <span class='ocrx_word' id='word_1_214' title='bbox 2637 1420 2896 1492; x_wconf 88' lang='lat' dir='ltr'><strong>principis</strong></span> <span class='ocrx_word' id='word_1_215' title='bbox 2933 1420 3090 1489; x_wconf 84' lang='lat' dir='ltr'><strong>hujus</strong></span> <span class='ocrx_word' id='word_1_216' title='bbox 3119 1420 3354 1492; x_wconf 87' lang='lat' dir='ltr'><strong>diploma</strong></span> <span class='ocrx_word' id='word_1_217' title='bbox 3387 1460 3404 1486; x_wconf 93' lang='lat'><strong>,</strong></span> <span class='ocrx_word' id='word_1_218' title='bbox 3449 1421 3597 1492; x_wconf 69' lang='lat' dir='ltr'><strong>qugd</strong></span> <span class='ocrx_word' id='word_1_219' title='bbox 3634 1421 3845 1492; x_wconf 84' lang='lat' dir='ltr'><strong>legitur</strong></span> 
     </span>
    </p>
   </div>
   <div class='ocr_carea' id='block_1_35' title="bbox 2241 1489 3842 1614">
    <p class='ocr_par' dir='ltr' id='par_1_35' title="bbox 2241 1489 3842 1614">
     <span class='ocr_line' id='line_1_36' title="bbox 2241 1489 3842 1614; baseline 0.001 -70"><span class='ocrx_word' id='word_1_220' title='bbox 2241 1495 2426 1614; x_wconf 70' lang='lat' dir='ltr'><strong>dptutn</strong></span> <span class='ocrx_word' id='word_1_221' title='bbox 2478 1489 2663 1546; x_wconf 64' lang='lat' dir='ltr'><strong>indici.</strong></span> <span class='ocrx_word' id='word_1_222' title='bbox 2715 1508 2770 1546; x_wconf 77' lang='lat' dir='ltr'><strong>x1</strong></span> <span class='ocrx_word' id='word_1_223' title='bbox 2799 1489 2943 1549; x_wconf 83' lang='lat' dir='ltr'><strong>anno</strong></span> <span class='ocrx_word' id='word_1_224' title='bbox 2975 1489 3191 1548; x_wconf 78' lang='lat' dir='ltr'><strong>decimo</strong></span> <span class='ocrx_word' id='word_1_225' title='bbox 3226 1489 3490 1562; x_wconf 85' lang='lat' dir='ltr'><strong>regnante</strong></span> <span class='ocrx_word' id='word_1_226' title='bbox 3520 1489 3725 1562; x_wconf 75' lang='lat' dir='ltr'><strong>Pipino</strong></span> <span class='ocrx_word' id='word_1_227' title='bbox 3757 1492 3842 1560; x_wconf 80' lang='lat' dir='ltr'><strong>in-</strong></span> 
     </span>
     <span class='ocr_line' id='line_1_37' title="bbox 2242 1571 2555 1614; baseline 0 0"><span class='ocrx_word' id='word_1_228' title='bbox 2242 1578 2273 1614; x_wconf 91' lang='lat' dir='ltr'><strong>c</strong></span> <span class='ocrx_word' id='word_1_229' title='bbox 2296 1571 2387 1614; x_wconf 91' lang='lat' dir='ltr'><strong>vto</strong></span> <span class='ocrx_word' id='word_1_230' title='bbox 2410 1577 2555 1614; x_wconf 73' lang='lat' dir='ltr'><strong>reae.</strong></span> 
     </span>
    </p>
   </div>
   <div class='ocr_carea' id='block_1_36' title="bbox 2242 1571 2555 1634">
    <p class='ocr_par' dir='ltr' id='par_1_36' title="bbox 2242 1571 2555 1634">
     <span class='ocr_line' id='line_1_38' title="bbox 2242 1571 2555 1634; baseline 0 -17"><span class='ocrx_word' id='word_1_231' title='bbox 2242 1571 2387 1634; x_wconf 88' lang='lat' dir='ltr'><strong>clyto</strong></span> <span class='ocrx_word' id='word_1_232' title='bbox 2410 1577 2555 1632; x_wconf 87' lang='lat' dir='ltr'><strong>rege.</strong></span> 
     </span>
    </p>
   </div>
   <div class='ocr_carea' id='block_1_37' title="bbox 3577 1726 3847 1750">
    <p class='ocr_par' dir='ltr' id='par_1_37' title="bbox 3577 1726 3847 1750">
     <span class='ocr_line' id='line_1_39' title="bbox 3577 1726 3847 1750; baseline 0.004 -4"><span class='ocrx_word' id='word_1_233' title='bbox 3577 1726 3847 1750; x_wconf 69' lang='lat'><em>_</em></span> 
     </span>
    </p>
   </div>
   <div class='ocr_carea' id='block_1_38' title="bbox 1216 1887 2907 2038">
    <p class='ocr_par' dir='ltr' id='par_1_38' title="bbox 1216 1887 2907 2038">
     <span class='ocr_line' id='line_1_40' title="bbox 1216 1887 2907 2038; baseline -0.002 -19"><span class='ocrx_word' id='word_1_234' title='bbox 1216 1990 1227 1999; x_wconf 84' lang='lat'><strong>.</strong></span> <span class='ocrx_word' id='word_1_235' title='bbox 1318 1892 2013 2038; x_wconf 80' lang='lat' dir='ltr'><strong>BODULFI</strong></span> <span class='ocrx_word' id='word_1_236' title='bbox 2110 1887 2907 2022; x_wconf 85' lang='lat' dir='ltr'><strong>CAPITULA</strong></span> 
     </span>
    </p>
   </div>
   <div class='ocr_carea' id='block_1_39' title="bbox 1609 2126 2774 2193">
    <p class='ocr_par' dir='ltr' id='par_1_39' title="bbox 1609 2126 2774 2193">
     <span class='ocr_line' id='line_1_41' title="bbox 1609 2126 2774 2193; baseline -0.001 -13"><span class='ocrx_word' id='word_1_237' title='bbox 1609 2127 1775 2192; x_wconf 78' lang='lat' dir='ltr'><strong>(Apud</strong></span> <span class='ocrx_word' id='word_1_238' title='bbox 1799 2126 1987 2191; x_wconf 80' lang='lat' dir='ltr'><strong>Baluz.,</strong></span> <span class='ocrx_word' id='word_1_239' title='bbox 2014 2126 2330 2180; x_wconf 70' lang='lat' dir='ltr'><strong>liscellanea</strong></span> <span class='ocrx_word' id='word_1_240' title='bbox 2351 2140 2513 2193; x_wconf 81' lang='lat' dir='ltr'><strong>sacra,</strong></span> <span class='ocrx_word' id='word_1_241' title='bbox 2537 2135 2654 2180; x_wconf 88' lang='lat' dir='ltr'><strong>tom.</strong></span> <span class='ocrx_word' id='word_1_242' title='bbox 2680 2127 2774 2193; x_wconf 88' lang='lat' dir='ltr'><strong>II.)</strong></span> 
     </span>
    </p>
   </div>
   <div class='ocr_carea' id='block_1_40' title="bbox 1013 2349 1685 2411">
    <p class='ocr_par' dir='ltr' id='par_1_40' title="bbox 1013 2349 1685 2411">
     <span class='ocr_line' id='line_1_42' title="bbox 1013 2349 1685 2411; baseline 0.003 -5"><span class='ocrx_word' id='word_1_243' title='bbox 1013 2349 1261 2407; x_wconf 80' lang='lat' dir='ltr'><strong>INCIPIT</strong></span> <span class='ocrx_word' id='word_1_244' title='bbox 1297 2351 1685 2411; x_wconf 83' lang='lat' dir='ltr'><strong>PROLOGUS.</strong></span> 
     </span>
    </p>
   </div>
   <div class='ocr_carea' id='block_1_41' title="bbox 629 2441 2145 2513">
    <p class='ocr_par' dir='ltr' id='par_1_41' title="bbox 629 2441 2145 2513">
     <span class='ocr_line' id='line_1_43' title="bbox 629 2441 2145 2513; baseline 0.001 -13"><span class='ocrx_word' id='word_1_245' title='bbox 629 2445 952 2502; x_wconf 75' lang='lat' dir='ltr'><strong>RODULPBUS</strong></span> <span class='ocrx_word' id='word_1_246' title='bbox 975 2441 1132 2498; x_wconf 80' lang='lat' dir='ltr'><strong>exilis</strong></span> <span class='ocrx_word' id='word_1_247' title='bbox 1153 2457 1434 2500; x_wconf 89' lang='lat' dir='ltr'><strong>servorum</strong></span> <span class='ocrx_word' id='word_1_248' title='bbox 1459 2443 1553 2500; x_wconf 90' lang='lat' dir='ltr'><strong>Dei</strong></span> <span class='ocrx_word' id='word_1_249' title='bbox 1579 2459 1789 2513; x_wconf 91' lang='lat' dir='ltr'><strong>servus,</strong></span> <span class='ocrx_word' id='word_1_250' title='bbox 1813 2443 2074 2503; x_wconf 77' lang='lat' dir='ltr'><strong>fratribus</strong></span> <span class='ocrx_word' id='word_1_251' title='bbox 2089 2454 2145 2504; x_wconf 89' lang='lat' dir='ltr'><strong>et</strong></span> 
     </span>
    </p>
   </div>
   <div class='ocr_carea' id='block_1_42' title="bbox 553 2535 2145 2596">
    <p class='ocr_par' dir='ltr' id='par_1_42' title="bbox 553 2535 2145 2596">
     <span class='ocr_line' id='line_1_44' title="bbox 553 2535 2145 2596; baseline -0.001 0"><span class='ocrx_word' id='word_1_252' title='bbox 553 2536 1034 2596; x_wconf 89' lang='lat' dir='ltr'><strong>consacerdotibus</strong></span> <span class='ocrx_word' id='word_1_253' title='bbox 1087 2535 1438 2593; x_wconf 87' lang='lat' dir='ltr'><strong>Bituricensis</strong></span> <span class='ocrx_word' id='word_1_254' title='bbox 1495 2537 1751 2595; x_wconf 72' lang='lat' dir='ltr'><strong>Ecclesia:</strong></span> <span class='ocrx_word' id='word_1_255' title='bbox 1801 2547 2003 2594; x_wconf 87' lang='lat' dir='ltr'><strong>nostrae</strong></span> <span class='ocrx_word' id='word_1_256' title='bbox 2056 2552 2145 2594; x_wconf 87' lang='lat' dir='ltr'><strong>sa-</strong></span> 
     </span>
    </p>
   </div>
   <div class='ocr_carea' id='block_1_43' title="bbox 557 2632 742 2688">
    <p class='ocr_par' dir='ltr' id='par_1_43' title="bbox 557 2632 742 2688">
     <span class='ocr_line' id='line_1_45' title="bbox 557 2632 742 2688; baseline 0 0"><span class='ocrx_word' id='word_1_257' title='bbox 557 2632 742 2688; x_wconf 92' lang='lat' dir='ltr'><strong>lutem.</strong></span> 
     </span>
    </p>
   </div>
   <div class='ocr_carea' id='block_1_44' title="bbox 628 2725 2148 2785">
    <p class='ocr_par' dir='ltr' id='par_1_44' title="bbox 628 2725 2148 2785">
     <span class='ocr_line' id='line_1_46' title="bbox 628 2725 2148 2785; baseline 0.002 -3"><span class='ocrx_word' id='word_1_258' title='bbox 628 2725 745 2782; x_wconf 82' lang='lat' dir='ltr'><strong>Non</strong></span> <span class='ocrx_word' id='word_1_259' title='bbox 821 2727 989 2782; x_wconf 87' lang='lat' dir='ltr'><strong>latere</strong></span> <span class='ocrx_word' id='word_1_260' title='bbox 1053 2726 1325 2783; x_wconf 89' lang='lat' dir='ltr'><strong>credimus</strong></span> <span class='ocrx_word' id='word_1_261' title='bbox 1387 2726 1740 2785; x_wconf 91' lang='lat' dir='ltr'><strong>beatitudinis</strong></span> <span class='ocrx_word' id='word_1_262' title='bbox 1808 2737 2002 2785; x_wconf 83' lang='lat' dir='ltr'><strong>vestrae</strong></span> <span class='ocrx_word' id='word_1_263' title='bbox 2057 2743 2148 2785; x_wconf 89' lang='lat' dir='ltr'><strong>so-</strong></span> 
     </span>
    </p>
   </div>
   <div class='ocr_carea' id='block_1_45' title="bbox 557 2819 2148 2896">
    <p class='ocr_par' dir='ltr' id='par_1_45' title="bbox 557 2819 2148 2896">
     <span class='ocr_line' id='line_1_47' title="bbox 557 2819 2148 2896; baseline 0.003 -20"><span class='ocrx_word' id='word_1_264' title='bbox 557 2819 773 2877; x_wconf 90' lang='lat' dir='ltr'><strong>lertiam</strong></span> <span class='ocrx_word' id='word_1_265' title='bbox 803 2829 1006 2891; x_wconf 90' lang='lat' dir='ltr'><strong>quanta</strong></span> <span class='ocrx_word' id='word_1_266' title='bbox 1037 2820 1417 2878; x_wconf 86' lang='lat' dir='ltr'><strong>ecclesiasticae</strong></span> <span class='ocrx_word' id='word_1_267' title='bbox 1442 2823 1602 2878; x_wconf 91' lang='lat' dir='ltr'><strong>nobis</strong></span> <span class='ocrx_word' id='word_1_268' title='bbox 1631 2823 1952 2896; x_wconf 54' lang='lat' dir='ltr'><strong>disciplina,</strong></span> <span class='ocrx_word' id='word_1_269' title='bbox 1975 2840 2148 2896; x_wconf 86' lang='lat' dir='ltr'><strong>quan-</strong></span> 
     </span>
    </p>
   </div>
   <div class='ocr_carea' id='block_1_46' title="bbox 561 2915 2146 2991">
    <p class='ocr_par' dir='ltr' id='par_1_46' title="bbox 561 2915 2146 2991">
     <span class='ocr_line' id='line_1_48' title="bbox 561 2915 2146 2991; baseline 0.002 -19"><span class='ocrx_word' id='word_1_270' title='bbox 561 2915 700 2972; x_wconf 88' lang='lat' dir='ltr'><strong>tisve</strong></span> <span class='ocrx_word' id='word_1_271' title='bbox 727 2915 1057 2986; x_wconf 86' lang='lat' dir='ltr'><strong>quotidianis</strong></span> <span class='ocrx_word' id='word_1_272' title='bbox 1079 2916 1530 2972; x_wconf 84' lang='lat' dir='ltr'><strong>sollicitudinibus</strong></span> <span class='ocrx_word' id='word_1_273' title='bbox 1562 2919 1896 2974; x_wconf 87' lang='lat' dir='ltr'><strong>subditorum</strong></span> <span class='ocrx_word' id='word_1_274' title='bbox 1926 2919 2146 2991; x_wconf 88' lang='lat' dir='ltr'><strong>insuper</strong></span> 
     </span>
    </p>
   </div>
   <div class='ocr_carea' id='block_1_47' title="bbox 563 3005 2148 3077">
    <p class='ocr_par' dir='ltr' id='par_1_47' title="bbox 563 3005 2148 3077">
     <span class='ocr_line' id='line_1_49' title="bbox 563 3005 2148 3077; baseline 0.003 -15"><span class='ocrx_word' id='word_1_275' title='bbox 563 3016 620 3062; x_wconf 94' lang='lat' dir='ltr'><strong>et</strong></span> <span class='ocrx_word' id='word_1_276' title='bbox 649 3005 1026 3077; x_wconf 91' lang='lat' dir='ltr'><strong>temporalium</strong></span> <span class='ocrx_word' id='word_1_277' title='bbox 1055 3007 1502 3077; x_wconf 89' lang='lat' dir='ltr'><strong>oppressionibus</strong></span> <span class='ocrx_word' id='word_1_278' title='bbox 1533 3022 1736 3066; x_wconf 89' lang='lat' dir='ltr'><strong>rerum.</strong></span> <span class='ocrx_word' id='word_1_279' title='bbox 1768 3009 1965 3077; x_wconf 91' lang='lat' dir='ltr'><strong>quibus</strong></span> <span class='ocrx_word' id='word_1_280' title='bbox 1996 3009 2148 3066; x_wconf 88' lang='lat' dir='ltr'><strong>indc-</strong></span> 
     </span>
    </p>
   </div>
   <div class='ocr_carea' id='block_1_48' title="bbox 564 3099 2151 3171">
    <p class='ocr_par' dir='ltr' id='par_1_48' title="bbox 564 3099 2151 3171">
     <span class='ocr_line' id='line_1_50' title="bbox 564 3099 2151 3171; baseline 0.004 -18"><span class='ocrx_word' id='word_1_281' title='bbox 564 3099 804 3154; x_wconf 88' lang='lat' dir='ltr'><strong>sinenter</strong></span> <span class='ocrx_word' id='word_1_282' title='bbox 855 3099 1094 3170; x_wconf 90' lang='lat' dir='ltr'><strong>undique</strong></span> <span class='ocrx_word' id='word_1_283' title='bbox 1155 3107 1594 3171; x_wconf 84' lang='lat' dir='ltr'><strong>coangustamur,</strong></span> <span class='ocrx_word' id='word_1_284' title='bbox 1657 3101 1961 3157; x_wconf 88' lang='lat' dir='ltr'><strong>sollicitudo</strong></span> <span class='ocrx_word' id='word_1_285' title='bbox 1993 3119 2151 3159; x_wconf 87' lang='lat' dir='ltr'><strong>.con-</strong></span> 
     </span>
    </p>
   </div>
   <div class='ocr_carea' id='block_1_49' title="bbox 558 3192 2147 3269">
    <p class='ocr_par' dir='ltr' id='par_1_49' title="bbox 558 3192 2147 3269">
     <span class='ocr_line' id='line_1_51' title="bbox 558 3192 2147 3269; baseline 0.004 -23"><span class='ocrx_word' id='word_1_286' title='bbox 558 3193 806 3263; x_wconf 90' lang='lat' dir='ltr'><strong>stringat.</strong></span> <span class='ocrx_word' id='word_1_287' title='bbox 847 3192 1077 3259; x_wconf 88' lang='lat' dir='ltr'><strong>Idcirco,</strong></span> <span class='ocrx_word' id='word_1_288' title='bbox 1101 3203 1160 3248; x_wconf 91' lang='lat' dir='ltr'><strong>ut</strong></span> <span class='ocrx_word' id='word_1_289' title='bbox 1179 3195 1459 3251; x_wconf 89' lang='lat' dir='ltr'><strong>vobiscum</strong></span> <span class='ocrx_word' id='word_1_290' title='bbox 1477 3196 1700 3261; x_wconf 88' lang='lat' dir='ltr'><strong>contuli,</strong></span> <span class='ocrx_word' id='word_1_291' title='bbox 1717 3213 1781 3251; x_wconf 80' lang='lat' dir='ltr'><strong>ex</strong></span> <span class='ocrx_word' id='word_1_292' title='bbox 1800 3197 2147 3269; x_wconf 90' lang='lat' dir='ltr'><strong>antiquorum</strong></span> 
     </span>
    </p>
   </div>
   <div class='ocr_carea' id='block_1_50' title="bbox 562 3284 2148 3359">
    <p class='ocr_par' dir='ltr' id='par_1_50' title="bbox 562 3284 2148 3359">
     <span class='ocr_line' id='line_1_52' title="bbox 562 3284 2148 3359; baseline 0.007 -21"><span class='ocrx_word' id='word_1_293' title='bbox 562 3285 800 3356; x_wconf 86' lang='lat' dir='ltr'><strong>scriptis,</strong></span> <span class='ocrx_word' id='word_1_294' title='bbox 833 3284 1238 3356; x_wconf 90' lang='lat' dir='ltr'><strong>Scripturarum</strong></span> <span class='ocrx_word' id='word_1_295' title='bbox 1262 3303 1477 3359; x_wconf 88' lang='lat' dir='ltr'><strong>quoque</strong></span> <span class='ocrx_word' id='word_1_296' title='bbox 1501 3305 1566 3346; x_wconf 90' lang='lat' dir='ltr'><strong>ac</strong></span> <span class='ocrx_word' id='word_1_297' title='bbox 1587 3306 1853 3346; x_wconf 88' lang='lat' dir='ltr'><strong>canonum</strong></span> <span class='ocrx_word' id='word_1_298' title='bbox 1882 3292 2024 3348; x_wconf 89' lang='lat' dir='ltr'><strong>orsis</strong></span> <span class='ocrx_word' id='word_1_299' title='bbox 2048 3308 2148 3348; x_wconf 79' lang='lat' dir='ltr'><strong>ex-</strong></span> 
     </span>
    </p>
   </div>
   <div class='ocr_carea' id='block_1_51' title="bbox 558 3381 2151 3458">
    <p class='ocr_par' dir='ltr' id='par_1_51' title="bbox 558 3381 2151 3458">
     <span class='ocr_line' id='line_1_53' title="bbox 558 3381 2151 3458; baseline 0.004 -24"><span class='ocrx_word' id='word_1_300' title='bbox 558 3394 785 3450; x_wconf 77' lang='lat' dir='ltr'><strong>cerpere</strong></span> <span class='ocrx_word' id='word_1_301' title='bbox 832 3381 1032 3435; x_wconf 91' lang='lat' dir='ltr'><strong>dudum</strong></span> <span class='ocrx_word' id='word_1_302' title='bbox 1081 3381 1402 3452; x_wconf 90' lang='lat' dir='ltr'><strong>opusculum</strong></span> <span class='ocrx_word' id='word_1_303' title='bbox 1431 3383 1555 3439; x_wconf 80' lang='lat' dir='ltr'><strong>vitae</strong></span> <span class='ocrx_word' id='word_1_304' title='bbox 1584 3385 1935 3440; x_wconf 90' lang='lat' dir='ltr'><strong>sacerdotalis</strong></span> <span class='ocrx_word' id='word_1_305' title='bbox 1979 3386 2151 3458; x_wconf 72' lang='lat' dir='ltr'><strong>paeni-</strong></span> 
     </span>
    </p>
   </div>
   <div class='ocr_carea' id='block_1_52' title="bbox 565 3473 2144 3549">
    <p class='ocr_par' dir='ltr' id='par_1_52' title="bbox 565 3473 2144 3549">
     <span class='ocr_line' id='line_1_54' title="bbox 565 3473 2144 3549; baseline 0.006 -23"><span class='ocrx_word' id='word_1_306' title='bbox 565 3473 853 3543; x_wconf 75' lang='lat' dir='ltr'><strong>tentiteque</strong></span> <span class='ocrx_word' id='word_1_307' title='bbox 902 3489 966 3529; x_wconf 88' lang='lat' dir='ltr'><strong>ac</strong></span> <span class='ocrx_word' id='word_1_308' title='bbox 997 3474 1385 3531; x_wconf 89' lang='lat' dir='ltr'><strong>satisfactionis</strong></span> <span class='ocrx_word' id='word_1_309' title='bbox 1414 3476 1638 3532; x_wconf 89' lang='lat' dir='ltr'><strong>minime</strong></span> <span class='ocrx_word' id='word_1_310' title='bbox 1666 3478 1811 3548; x_wconf 89' lang='lat' dir='ltr'><strong>quivi</strong></span> <span class='ocrx_word' id='word_1_311' title='bbox 1843 3497 1856 3534; x_wconf 90' lang='lat'><strong>:</strong></span> <span class='ocrx_word' id='word_1_312' title='bbox 1887 3479 2144 3549; x_wconf 88' lang='lat' dir='ltr'><strong>quoniam</strong></span> 
     </span>
    </p>
   </div>
   <div class='ocr_carea' id='block_1_53' title="bbox 567 3558 2143 3642">
    <p class='ocr_par' dir='ltr' id='par_1_53' title="bbox 567 3558 2143 3642">
     <span class='ocr_line' id='line_1_55' title="bbox 567 3558 2143 3642; baseline 0.006 -25"><span class='ocrx_word' id='word_1_313' title='bbox 567 3563 782 3620; x_wconf 85' lang='lat' dir='ltr'><strong>animus</strong></span> <span class='ocrx_word' id='word_1_314' title='bbox 811 3565 1045 3635; x_wconf 90' lang='lat' dir='ltr'><strong>partitus</strong></span> <span class='ocrx_word' id='word_1_315' title='bbox 1070 3581 1168 3638; x_wconf 91' lang='lat' dir='ltr'><strong>per</strong></span> <span class='ocrx_word' id='word_1_316' title='bbox 1213 3566 1428 3623; x_wconf 88' lang='lat' dir='ltr'><strong>diversa</strong></span> <span class='ocrx_word' id='word_1_317' title='bbox 1468 3569 1540 3623; x_wconf 90' lang='lat' dir='ltr'><strong>sit</strong></span> <span class='ocrx_word' id='word_1_318' title='bbox 1563 3569 1768 3624; x_wconf 90' lang='lat' dir='ltr'><strong>tardior</strong></span> <span class='ocrx_word' id='word_1_319' title='bbox 1796 3571 1862 3626; x_wconf 89' lang='lat' dir='ltr'><strong>ad</strong></span> <span class='ocrx_word' id='word_1_320' title='bbox 1911 3558 2143 3642; x_wconf 84' lang='lat' dir='ltr'><strong>singula.</strong></span> 
     </span>
    </p>
   </div>
   <div class='ocr_carea' id='block_1_54' title="bbox 565 3654 2147 3731">
    <p class='ocr_par' dir='ltr' id='par_1_54' title="bbox 565 3654 2147 3731">
     <span class='ocr_line' id='line_1_56' title="bbox 565 3654 2147 3731; baseline 0.006 -20"><span class='ocrx_word' id='word_1_321' title='bbox 565 3654 683 3712; x_wconf 81' lang='lat' dir='ltr'><strong>Non</strong></span> <span class='ocrx_word' id='word_1_322' title='bbox 713 3657 856 3712; x_wconf 90' lang='lat' dir='ltr'><strong>enim</strong></span> <span class='ocrx_word' id='word_1_323' title='bbox 897 3658 1108 3714; x_wconf 90' lang='lat' dir='ltr'><strong>renisus</strong></span> <span class='ocrx_word' id='word_1_324' title='bbox 1161 3674 1280 3714; x_wconf 92' lang='lat' dir='ltr'><strong>sum</strong></span> <span class='ocrx_word' id='word_1_325' title='bbox 1321 3661 1572 3731; x_wconf 89' lang='lat' dir='ltr'><strong>petitioni</strong></span> <span class='ocrx_word' id='word_1_326' title='bbox 1617 3670 1812 3717; x_wconf 64' lang='lat' dir='ltr'><strong>vestra:</strong></span> <span class='ocrx_word' id='word_1_327' title='bbox 1860 3662 2010 3718; x_wconf 86' lang='lat' dir='ltr'><strong>velut</strong></span> <span class='ocrx_word' id='word_1_328' title='bbox 2049 3665 2147 3721; x_wconf 92' lang='lat' dir='ltr'><strong>otii</strong></span> 
     </span>
    </p>
   </div>
   <div class='ocr_carea' id='block_1_55' title="bbox 2171 2353 3854 2432">
    <p class='ocr_par' dir='ltr' id='par_1_55' title="bbox 2171 2353 3854 2432">
     <span class='ocr_line' id='line_1_57' title="bbox 2171 2353 3854 2432; baseline 0.008 -24"><span class='ocrx_word' id='word_1_329' title='bbox 2171 2357 2222 2418; x_wconf 85' lang='grc' dir='ltr'><strong>Β</strong></span> <span class='ocrx_word' id='word_1_330' title='bbox 2250 2353 2434 2410; x_wconf 90' lang='lat' dir='ltr'><strong>tentiis</strong></span> <span class='ocrx_word' id='word_1_331' title='bbox 2461 2353 2715 2425; x_wconf 82' lang='lat' dir='ltr'><strong>exiguum</strong></span> <span class='ocrx_word' id='word_1_332' title='bbox 2745 2366 2883 2425; x_wconf 90' lang='lat' dir='ltr'><strong>opus</strong></span> <span class='ocrx_word' id='word_1_333' title='bbox 2907 2353 2964 2410; x_wconf 89' lang='lat' dir='ltr'><strong>in</strong></span> <span class='ocrx_word' id='word_1_334' title='bbox 2996 2369 3110 2411; x_wconf 88' lang='lat' dir='ltr'><strong>uno</strong></span> <span class='ocrx_word' id='word_1_335' title='bbox 3134 2355 3409 2413; x_wconf 85' lang='lat' dir='ltr'><strong>volumine</strong></span> <span class='ocrx_word' id='word_1_336' title='bbox 3429 2373 3736 2432; x_wconf 69' lang='lat' dir='ltr'><strong>aggregare</strong></span> <span class='ocrx_word' id='word_1_337' title='bbox 3754 2376 3854 2421; x_wconf 77' lang='lat' dir='ltr'><strong>eu-</strong></span> 
     </span>
    </p>
   </div>
   <div class='ocr_carea' id='block_1_56' title="bbox 2249 2445 3852 2514">
    <p class='ocr_par' dir='ltr' id='par_1_56' title="bbox 2249 2445 3852 2514">
     <span class='ocr_line' id='line_1_58' title="bbox 2249 2445 3852 2514; baseline 0.006 -12"><span class='ocrx_word' id='word_1_338' title='bbox 2249 2447 2385 2503; x_wconf 90' lang='lat' dir='ltr'><strong>ravi.</strong></span> <span class='ocrx_word' id='word_1_339' title='bbox 2418 2447 2489 2502; x_wconf 88' lang='lat' dir='ltr'><strong>Et</strong></span> <span class='ocrx_word' id='word_1_340' title='bbox 2512 2454 2576 2502; x_wconf 89' lang='lat' dir='ltr'><strong>ut</strong></span> <span class='ocrx_word' id='word_1_341' title='bbox 2617 2445 2913 2504; x_wconf 88' lang='lat' dir='ltr'><strong>fastidiosis</strong></span> <span class='ocrx_word' id='word_1_342' title='bbox 2965 2456 3022 2504; x_wconf 87' lang='lat' dir='ltr'><strong>et</strong></span> <span class='ocrx_word' id='word_1_343' title='bbox 3068 2449 3249 2506; x_wconf 88' lang='lat' dir='ltr'><strong>minus</strong></span> <span class='ocrx_word' id='word_1_344' title='bbox 3274 2451 3504 2507; x_wconf 90' lang='lat' dir='ltr'><strong>eruditis</strong></span> <span class='ocrx_word' id='word_1_345' title='bbox 3549 2453 3852 2514; x_wconf 80' lang='lat' dir='ltr'><strong>lectoribus</strong></span> 
     </span>
    </p>
   </div>
   <div class='ocr_carea' id='block_1_57' title="bbox 2248 2539 3850 2619">
    <p class='ocr_par' dir='ltr' id='par_1_57' title="bbox 2248 2539 3850 2619">
     <span class='ocr_line' id='line_1_59' title="bbox 2248 2539 3850 2619; baseline 0.006 -23"><span class='ocrx_word' id='word_1_346' title='bbox 2248 2540 2466 2596; x_wconf 68' lang='lat' dir='ltr'><strong>taedium</strong></span> <span class='ocrx_word' id='word_1_347' title='bbox 2529 2540 2756 2596; x_wconf 89' lang='lat' dir='ltr'><strong>minime</strong></span> <span class='ocrx_word' id='word_1_348' title='bbox 2803 2539 3084 2608; x_wconf 90' lang='lat' dir='ltr'><strong>inferrem,</strong></span> <span class='ocrx_word' id='word_1_349' title='bbox 3135 2543 3296 2614; x_wconf 84' lang='lat' dir='ltr'><strong>hujus</strong></span> <span class='ocrx_word' id='word_1_350' title='bbox 3358 2543 3561 2600; x_wconf 90' lang='lat' dir='ltr'><strong>modici</strong></span> <span class='ocrx_word' id='word_1_351' title='bbox 3601 2550 3850 2619; x_wconf 81' lang='lat' dir='ltr'><strong>Opusculi</strong></span> 
     </span>
    </p>
   </div>
   <div class='ocr_carea' id='block_1_58' title="bbox 2249 2631 3847 2708">
    <p class='ocr_par' dir='ltr' id='par_1_58' title="bbox 2249 2631 3847 2708">
     <span class='ocr_line' id='line_1_60' title="bbox 2249 2631 3847 2708; baseline 0.004 -19"><span class='ocrx_word' id='word_1_352' title='bbox 2249 2646 2518 2689; x_wconf 88' lang='lat' dir='ltr'><strong>summam</strong></span> <span class='ocrx_word' id='word_1_353' title='bbox 2541 2631 2902 2704; x_wconf 87' lang='lat' dir='ltr'><strong>quadraginta</strong></span> <span class='ocrx_word' id='word_1_354' title='bbox 2931 2634 3171 2705; x_wconf 89' lang='lat' dir='ltr'><strong>quinque</strong></span> <span class='ocrx_word' id='word_1_355' title='bbox 3219 2635 3472 2707; x_wconf 89' lang='lat' dir='ltr'><strong>capitulis</strong></span> <span class='ocrx_word' id='word_1_356' title='bbox 3517 2641 3847 2708; x_wconf 76' lang='lat' dir='ltr'><strong>perstrinxi.</strong></span> 
     </span>
    </p>
   </div>
   <div class='ocr_carea' id='block_1_59' title="bbox 2249 2724 3849 2800">
    <p class='ocr_par' dir='ltr' id='par_1_59' title="bbox 2249 2724 3849 2800">
     <span class='ocr_line' id='line_1_61' title="bbox 2249 2724 3849 2800; baseline 0.005 -20"><span class='ocrx_word' id='word_1_357' title='bbox 2249 2724 2307 2780; x_wconf 91' lang='lat' dir='ltr'><strong>Si</strong></span> <span class='ocrx_word' id='word_1_358' title='bbox 2340 2733 2522 2780; x_wconf 87' lang='lat' dir='ltr'><strong>autem</strong></span> <span class='ocrx_word' id='word_1_359' title='bbox 2555 2725 2679 2796; x_wconf 89' lang='lat' dir='ltr'><strong>quis</strong></span> <span class='ocrx_word' id='word_1_360' title='bbox 2729 2725 3073 2794; x_wconf 88' lang='lat' dir='ltr'><strong>paschalibus</strong></span> <span class='ocrx_word' id='word_1_361' title='bbox 3118 2727 3563 2800; x_wconf 87' lang='lat' dir='ltr'><strong>multimodisque</strong></span> <span class='ocrx_word' id='word_1_362' title='bbox 3609 2729 3849 2788; x_wconf 86' lang='lat' dir='ltr'><strong>refertus</strong></span> 
     </span>
    </p>
   </div>
   <div class='ocr_carea' id='block_1_60' title="bbox 2249 2814 3848 2888">
    <p class='ocr_par' dir='ltr' id='par_1_60' title="bbox 2249 2814 3848 2888">
     <span class='ocr_line' id='line_1_62' title="bbox 2249 2814 3848 2888; baseline 0.004 -18"><span class='ocrx_word' id='word_1_363' title='bbox 2249 2815 2478 2886; x_wconf 91' lang='lat' dir='ltr'><strong>dapibus</strong></span> <span class='ocrx_word' id='word_1_364' title='bbox 2508 2814 2654 2870; x_wconf 88' lang='lat' dir='ltr'><strong>hunc</strong></span> <span class='ocrx_word' id='word_1_365' title='bbox 2691 2816 2866 2870; x_wconf 90' lang='lat' dir='ltr'><strong>nostri</strong></span> <span class='ocrx_word' id='word_1_366' title='bbox 2888 2815 3089 2872; x_wconf 90' lang='lat' dir='ltr'><strong>laboris</strong></span> <span class='ocrx_word' id='word_1_367' title='bbox 3117 2817 3385 2888; x_wconf 88' lang='lat' dir='ltr'><strong>spreverit</strong></span> <span class='ocrx_word' id='word_1_368' title='bbox 3432 2828 3644 2886; x_wconf 91' lang='lat' dir='ltr'><strong>actum,</strong></span> <span class='ocrx_word' id='word_1_369' title='bbox 3675 2822 3730 2875; x_wconf 90' lang='lat' dir='ltr'><strong>in</strong></span> <span class='ocrx_word' id='word_1_370' title='bbox 3761 2823 3848 2878; x_wconf 87' lang='lat' dir='ltr'><strong>his</strong></span> 
     </span>
    </p>
   </div>
   <div class='ocr_carea' id='block_1_61' title="bbox 2249 2907 3847 2986">
    <p class='ocr_par' dir='ltr' id='par_1_61' title="bbox 2249 2907 3847 2986">
     <span class='ocr_line' id='line_1_63' title="bbox 2249 2907 3847 2986; baseline 0.004 -22"><span class='ocrx_word' id='word_1_371' title='bbox 2249 2907 2480 2964; x_wconf 90' lang='lat' dir='ltr'><strong>obsecro</strong></span> <span class='ocrx_word' id='word_1_372' title='bbox 2526 2907 2796 2963; x_wconf 87' lang='lat' dir='ltr'><strong>charitate</strong></span> <span class='ocrx_word' id='word_1_373' title='bbox 2841 2920 3058 2965; x_wconf 89' lang='lat' dir='ltr'><strong>servata</strong></span> <span class='ocrx_word' id='word_1_374' title='bbox 3077 2911 3271 2982; x_wconf 91' lang='lat' dir='ltr'><strong>opibus</strong></span> <span class='ocrx_word' id='word_1_375' title='bbox 3306 2918 3518 2968; x_wconf 86' lang='lat' dir='ltr'><strong>utescat</strong></span> <span class='ocrx_word' id='word_1_376' title='bbox 3550 2917 3847 2986; x_wconf 86' lang='lat' dir='ltr'><strong>eecropiis,</strong></span> 
     </span>
    </p>
   </div>
   <div class='ocr_carea' id='block_1_62' title="bbox 2255 3003 3850 3076">
    <p class='ocr_par' dir='ltr' id='par_1_62' title="bbox 2255 3003 3850 3076">
     <span class='ocr_line' id='line_1_64' title="bbox 2255 3003 3850 3076; baseline 0.006 -19"><span class='ocrx_word' id='word_1_377' title='bbox 2255 3003 2458 3057; x_wconf 90' lang='lat' dir='ltr'><strong>nostris</strong></span> <span class='ocrx_word' id='word_1_378' title='bbox 2523 3003 2782 3058; x_wconf 90' lang='lat' dir='ltr'><strong>omittens</strong></span> <span class='ocrx_word' id='word_1_379' title='bbox 2849 3004 3122 3060; x_wconf 89' lang='lat' dir='ltr'><strong>contraire</strong></span> <span class='ocrx_word' id='word_1_380' title='bbox 3173 3005 3478 3076; x_wconf 69' lang='lat' dir='ltr'><strong>purissima:</strong></span> <span class='ocrx_word' id='word_1_381' title='bbox 3542 3009 3850 3065; x_wconf 79' lang='lat' dir='ltr'><strong>devotionis</strong></span> 
     </span>
    </p>
   </div>
   <div class='ocr_carea' id='block_1_63' title="bbox 2250 3095 3850 3169">
    <p class='ocr_par' dir='ltr' id='par_1_63' title="bbox 2250 3095 3850 3169">
     <span class='ocr_line' id='line_1_65' title="bbox 2250 3095 3850 3169; baseline 0.003 -19"><span class='ocrx_word' id='word_1_382' title='bbox 2250 3095 2366 3150; x_wconf 89' lang='lat' dir='ltr'><strong>sine</strong></span> <span class='ocrx_word' id='word_1_383' title='bbox 2395 3095 2577 3166; x_wconf 88' lang='lat' dir='ltr'><strong>aliquo</strong></span> <span class='ocrx_word' id='word_1_384' title='bbox 2621 3095 2943 3166; x_wconf 69' lang='lat' dir='ltr'><strong>arrogantiae</strong></span> <span class='ocrx_word' id='word_1_385' title='bbox 2995 3095 3136 3152; x_wconf 87' lang='lat' dir='ltr'><strong>fastu</strong></span> <span class='ocrx_word' id='word_1_386' title='bbox 3189 3098 3493 3154; x_wconf 90' lang='lat' dir='ltr'><strong>conatibus.</strong></span> <span class='ocrx_word' id='word_1_387' title='bbox 3525 3098 3850 3169; x_wconf 85' lang='lat' dir='ltr'><strong>Legentium</strong></span> 
     </span>
    </p>
   </div>
   <div class='ocr_carea' id='block_1_64' title="bbox 2251 3187 3847 3261">
    <p class='ocr_par' dir='ltr' id='par_1_64' title="bbox 2251 3187 3847 3261">
     <span class='ocr_line' id='line_1_66' title="bbox 2251 3187 3847 3261; baseline 0.003 -19"><span class='ocrx_word' id='word_1_388' title='bbox 2251 3188 2446 3259; x_wconf 89' lang='lat' dir='ltr'><strong>quippe</strong></span> <span class='ocrx_word' id='word_1_389' title='bbox 2487 3187 2615 3243; x_wconf 87' lang='lat' dir='ltr'><strong>totis</strong></span> <span class='ocrx_word' id='word_1_390' title='bbox 2647 3188 3068 3257; x_wconf 68' lang='lat' dir='ltr'><strong>praecordiorum</strong></span> <span class='ocrx_word' id='word_1_391' title='bbox 3121 3189 3330 3244; x_wconf 91' lang='lat' dir='ltr'><strong>nisibus</strong></span> <span class='ocrx_word' id='word_1_392' title='bbox 3387 3189 3688 3261; x_wconf 74' lang='lat' dir='ltr'><strong>efﬂagitare</strong></span> <span class='ocrx_word' id='word_1_393' title='bbox 3741 3208 3847 3247; x_wconf 89' lang='lat' dir='ltr'><strong>non</strong></span> 
     </span>
    </p>
   </div>
   <div class='ocr_carea' id='block_1_65' title="bbox 2252 3279 3853 3350">
    <p class='ocr_par' dir='ltr' id='par_1_65' title="bbox 2252 3279 3853 3350">
     <span class='ocr_line' id='line_1_67' title="bbox 2252 3279 3853 3350; baseline 0.004 -16"><span class='ocrx_word' id='word_1_394' title='bbox 2252 3293 2408 3334; x_wconf 89' lang='lat' dir='ltr'><strong>cesso</strong></span> <span class='ocrx_word' id='word_1_395' title='bbox 2461 3279 2784 3335; x_wconf 90' lang='lat' dir='ltr'><strong>industriam</strong></span> <span class='ocrx_word' id='word_1_396' title='bbox 2822 3288 3094 3350; x_wconf 89' lang='lat' dir='ltr'><strong>quatenus</strong></span> <span class='ocrx_word' id='word_1_397' title='bbox 3143 3281 3446 3337; x_wconf 89' lang='lat' dir='ltr'><strong>dilectionis</strong></span> <span class='ocrx_word' id='word_1_398' title='bbox 3486 3298 3718 3338; x_wconf 89' lang='lat' dir='ltr'><strong>munere</strong></span> <span class='ocrx_word' id='word_1_399' title='bbox 3766 3299 3853 3340; x_wconf 84' lang='lat' dir='ltr'><strong>re-</strong></span> 
     </span>
    </p>
   </div>
   <div class='ocr_carea' id='block_1_66' title="bbox 2253 3372 3849 3447">
    <p class='ocr_par' dir='ltr' id='par_1_66' title="bbox 2253 3372 3849 3447">
     <span class='ocr_line' id='line_1_68' title="bbox 2253 3372 3849 3447; baseline 0.002 -18"><span class='ocrx_word' id='word_1_400' title='bbox 2253 3372 2444 3437; x_wconf 90' lang='lat' dir='ltr'><strong>creati,</strong></span> <span class='ocrx_word' id='word_1_401' title='bbox 2472 3388 2593 3443; x_wconf 89' lang='lat' dir='ltr'><strong>quae</strong></span> <span class='ocrx_word' id='word_1_402' title='bbox 2621 3373 2676 3428; x_wconf 91' lang='lat' dir='ltr'><strong>in</strong></span> <span class='ocrx_word' id='word_1_403' title='bbox 2703 3374 2789 3429; x_wconf 91' lang='lat' dir='ltr'><strong>his</strong></span> <span class='ocrx_word' id='word_1_404' title='bbox 2830 3374 3162 3430; x_wconf 89' lang='lat' dir='ltr'><strong>membranis</strong></span> <span class='ocrx_word' id='word_1_405' title='bbox 3191 3377 3485 3446; x_wconf 87' lang='lat' dir='ltr'><strong>conspicuo</strong></span> <span class='ocrx_word' id='word_1_406' title='bbox 3514 3376 3849 3447; x_wconf 86' lang='lat' dir='ltr'><strong>corrigibilia</strong></span> 
     </span>
    </p>
   </div>
   <div class='ocr_carea' id='block_1_67' title="bbox 2252 3462 3848 3536">
    <p class='ocr_par' dir='ltr' id='par_1_67' title="bbox 2252 3462 3848 3536">
     <span class='ocr_line' id='line_1_69' title="bbox 2252 3462 3848 3536; baseline 0.003 -18"><span class='ocrx_word' id='word_1_407' title='bbox 2252 3471 2308 3518; x_wconf 91' lang='lat' dir='ltr'><strong>et</strong></span> <span class='ocrx_word' id='word_1_408' title='bbox 2328 3462 2508 3519; x_wconf 89' lang='lat' dir='ltr'><strong>minus</strong></span> <span class='ocrx_word' id='word_1_409' title='bbox 2539 3471 2662 3533; x_wconf 91' lang='lat' dir='ltr'><strong>apta</strong></span> <span class='ocrx_word' id='word_1_410' title='bbox 2683 3465 3060 3534; x_wconf 85' lang='lat' dir='ltr'><strong>perspexerint</strong></span> <span class='ocrx_word' id='word_1_411' title='bbox 3086 3464 3282 3531; x_wconf 91' lang='lat' dir='ltr'><strong>ocello,</strong></span> <span class='ocrx_word' id='word_1_412' title='bbox 3321 3465 3529 3536; x_wconf 86' lang='lat' dir='ltr'><strong>absque</strong></span> <span class='ocrx_word' id='word_1_413' title='bbox 3574 3466 3848 3523; x_wconf 84' lang='lat' dir='ltr'><strong>dilacera-</strong></span> 
     </span>
    </p>
   </div>
   <div class='ocr_carea' id='block_1_68' title="bbox 2256 3555 3848 3626">
    <p class='ocr_par' dir='ltr' id='par_1_68' title="bbox 2256 3555 3848 3626">
     <span class='ocr_line' id='line_1_70' title="bbox 2256 3555 3848 3626; baseline 0.006 -16"><span class='ocrx_word' id='word_1_414' title='bbox 2256 3555 2420 3611; x_wconf 91' lang='lat' dir='ltr'><strong>tionis</strong></span> <span class='ocrx_word' id='word_1_415' title='bbox 2447 3556 2748 3623; x_wconf 90' lang='lat' dir='ltr'><strong>obstaculo,</strong></span> <span class='ocrx_word' id='word_1_416' title='bbox 2801 3573 2908 3612; x_wconf 92' lang='lat' dir='ltr'><strong>non</strong></span> <span class='ocrx_word' id='word_1_417' title='bbox 2950 3568 3012 3613; x_wconf 93' lang='lat' dir='ltr'><strong>ut</strong></span> <span class='ocrx_word' id='word_1_418' title='bbox 3052 3559 3447 3616; x_wconf 88' lang='lat' dir='ltr'><strong>obtrectatores</strong></span> <span class='ocrx_word' id='word_1_419' title='bbox 3493 3561 3696 3626; x_wconf 89' lang='lat' dir='ltr'><strong>insani,</strong></span> <span class='ocrx_word' id='word_1_420' title='bbox 3751 3563 3848 3618; x_wconf 88' lang='lat' dir='ltr'><strong>sed</strong></span> 
     </span>
    </p>
   </div>
   <div class='ocr_carea' id='block_1_69' title="bbox 2255 3647 3850 3723">
    <p class='ocr_par' dir='ltr' id='par_1_69' title="bbox 2255 3647 3850 3723">
     <span class='ocr_line' id='line_1_71' title="bbox 2255 3647 3850 3723; baseline 0.002 -19"><span class='ocrx_word' id='word_1_421' title='bbox 2255 3657 2511 3720; x_wconf 87' lang='lat' dir='ltr'><strong>tanquam</strong></span> <span class='ocrx_word' id='word_1_422' title='bbox 2553 3647 2956 3720; x_wconf 91' lang='lat' dir='ltr'><strong>amplectitores</strong></span> <span class='ocrx_word' id='word_1_423' title='bbox 3004 3651 3272 3718; x_wconf 82' lang='lat' dir='ltr'><strong>benevoli,</strong></span> <span class='ocrx_word' id='word_1_424' title='bbox 3323 3652 3618 3708; x_wconf 89' lang='lat' dir='ltr'><strong>emendare</strong></span> <span class='ocrx_word' id='word_1_425' title='bbox 3685 3662 3850 3723; x_wconf 83' lang='lat' dir='ltr'><strong>atque</strong></span> 
     </span>
    </p>
   </div>
   <div class='ocr_carea' id='block_1_70' title="bbox 563 3741 2142 3826">
    <p class='ocr_par' dir='ltr' id='par_1_70' title="bbox 563 3751 2142 3826">
     <span class='ocr_line' id='line_1_72' title="bbox 563 3751 2142 3826; baseline 0.005 -19"><span class='ocrx_word' id='word_1_426' title='bbox 563 3751 726 3807; x_wconf 67' lang='lat' dir='ltr'><strong>taedio</strong></span> <span class='ocrx_word' id='word_1_427' title='bbox 754 3751 939 3818; x_wconf 89' lang='lat' dir='ltr'><strong>durus,</strong></span> <span class='ocrx_word' id='word_1_428' title='bbox 984 3753 1078 3809; x_wconf 88' lang='lat' dir='ltr'><strong>sed</strong></span> <span class='ocrx_word' id='word_1_429' title='bbox 1121 3753 1447 3824; x_wconf 71' lang='lat' dir='ltr'><strong>supradicta:</strong></span> <span class='ocrx_word' id='word_1_430' title='bbox 1489 3755 1936 3826; x_wconf 90' lang='lat' dir='ltr'><strong>impossibilitatis</strong></span> <span class='ocrx_word' id='word_1_431' title='bbox 1979 3773 2142 3815; x_wconf 88' lang='lat' dir='ltr'><strong>nervo</strong></span> 
     </span>
    </p>
   </div>
   <div class='ocr_carea' id='block_1_71' title="bbox 2248 3741 3849 3826">
    <p class='ocr_par' dir='ltr' id='par_1_71' title="bbox 2253 3741 3849 3814">
     <span class='ocr_line' id='line_1_73' title="bbox 2253 3741 3849 3814; baseline 0.002 -18"><span class='ocrx_word' id='word_1_432' title='bbox 2253 3742 2528 3812; x_wconf 90' lang='lat' dir='ltr'><strong>corrigere</strong></span> <span class='ocrx_word' id='word_1_433' title='bbox 2562 3741 2886 3797; x_wconf 89' lang='lat' dir='ltr'><strong>charitative</strong></span> <span class='ocrx_word' id='word_1_434' title='bbox 2912 3742 3152 3798; x_wconf 88' lang='lat' dir='ltr'><strong>studiose</strong></span> <span class='ocrx_word' id='word_1_435' title='bbox 3200 3743 3478 3809; x_wconf 84' lang='lat' dir='ltr'><strong>studeant,</strong></span> <span class='ocrx_word' id='word_1_436' title='bbox 3530 3755 3592 3798; x_wconf 91' lang='lat' dir='ltr'><strong>ut</strong></span> <span class='ocrx_word' id='word_1_437' title='bbox 3617 3752 3676 3799; x_wconf 88' lang='lat' dir='ltr'><strong>et</strong></span> <span class='ocrx_word' id='word_1_438' title='bbox 3726 3759 3849 3814; x_wconf 83' lang='lat' dir='ltr'><strong>per-</strong></span> 
     </span>
    </p>
   </div>
   <div class='ocr_carea' id='block_1_72' title="bbox 557 3840 2146 3921">
    <p class='ocr_par' dir='ltr' id='par_1_72' title="bbox 557 3840 2146 3921">
     <span class='ocr_line' id='line_1_74' title="bbox 557 3840 2146 3921; baseline 0.006 -25"><span class='ocrx_word' id='word_1_439' title='bbox 557 3840 795 3900; x_wconf 90' lang='lat' dir='ltr'><strong>vinctus.</strong></span> <span class='ocrx_word' id='word_1_440' title='bbox 828 3842 948 3900; x_wconf 80' lang='lat' dir='ltr'><strong>Jam</strong></span> <span class='ocrx_word' id='word_1_441' title='bbox 979 3860 1106 3900; x_wconf 91' lang='lat' dir='ltr'><strong>vero</strong></span> <span class='ocrx_word' id='word_1_442' title='bbox 1154 3853 1425 3901; x_wconf 92' lang='lat' dir='ltr'><strong>tantorum</strong></span> <span class='ocrx_word' id='word_1_443' title='bbox 1474 3847 1664 3904; x_wconf 92' lang='lat' dir='ltr'><strong>nolens</strong></span> <span class='ocrx_word' id='word_1_444' title='bbox 1690 3849 1942 3905; x_wconf 84' lang='lat' dir='ltr'><strong>resistere</strong></span> <span class='ocrx_word' id='word_1_445' title='bbox 1964 3851 2146 3921; x_wconf 92' lang='lat' dir='ltr'><strong>queri-</strong></span> 
     </span>
    </p>
   </div>
   <div class='ocr_carea' id='block_1_73' title="bbox 561 3937 2148 4014">
    <p class='ocr_par' dir='ltr' id='par_1_73' title="bbox 561 3937 2148 4014">
     <span class='ocr_line' id='line_1_75' title="bbox 561 3937 2148 4014; baseline 0.004 -22"><span class='ocrx_word' id='word_1_446' title='bbox 561 3937 758 3992; x_wconf 89' lang='lat' dir='ltr'><strong>moniis</strong></span> <span class='ocrx_word' id='word_1_447' title='bbox 794 3937 1011 4008; x_wconf 90' lang='lat' dir='ltr'><strong>dignum</strong></span> <span class='ocrx_word' id='word_1_448' title='bbox 1041 3953 1104 3994; x_wconf 90' lang='lat' dir='ltr'><strong>ac</strong></span> <span class='ocrx_word' id='word_1_449' title='bbox 1125 3937 1257 3994; x_wconf 91' lang='lat' dir='ltr'><strong>utile</strong></span> <span class='ocrx_word' id='word_1_450' title='bbox 1285 3938 1400 3994; x_wconf 87' lang='lat' dir='ltr'><strong>fore</strong></span> <span class='ocrx_word' id='word_1_451' title='bbox 1428 3954 1626 3995; x_wconf 86' lang='lat' dir='ltr'><strong>censeo</strong></span> <span class='ocrx_word' id='word_1_452' title='bbox 1646 3942 1929 4012; x_wconf 88' lang='lat' dir='ltr'><strong>condignis</strong></span> <span class='ocrx_word' id='word_1_453' title='bbox 1955 3957 2148 4014; x_wconf 87' lang='lat' dir='ltr'><strong>parere</strong></span> 
     </span>
    </p>
   </div>
   <div class='ocr_carea' id='block_1_74' title="bbox 567 4027 2145 4107">
    <p class='ocr_par' dir='ltr' id='par_1_74' title="bbox 567 4027 2145 4107">
     <span class='ocr_line' id='line_1_76' title="bbox 567 4027 2145 4107; baseline 0.006 -23"><span class='ocrx_word' id='word_1_454' title='bbox 567 4027 852 4084; x_wconf 89' lang='lat' dir='ltr'><strong>desideriis</strong></span> <span class='ocrx_word' id='word_1_455' title='bbox 899 4030 1364 4102; x_wconf 88' lang='lat' dir='ltr'><strong>laudabilihusque</strong></span> <span class='ocrx_word' id='word_1_456' title='bbox 1409 4033 1728 4092; x_wconf 79' lang='lat' dir='ltr'><strong>satisfacere</strong></span> <span class='ocrx_word' id='word_1_457' title='bbox 1773 4038 2145 4107; x_wconf 89' lang='lat' dir='ltr'><strong>petitionibus.</strong></span> 
     </span>
    </p>
   </div>
   <div class='ocr_carea' id='block_1_75' title="bbox 560 4117 2148 4198">
    <p class='ocr_par' dir='ltr' id='par_1_75' title="bbox 560 4117 2148 4198">
     <span class='ocr_line' id='line_1_77' title="bbox 560 4117 2148 4198; baseline 0.007 -25"><span class='ocrx_word' id='word_1_458' title='bbox 560 4117 902 4191; x_wconf 85' lang='lat' dir='ltr'><strong>Quapropter</strong></span> <span class='ocrx_word' id='word_1_459' title='bbox 931 4137 1017 4176; x_wconf 91' lang='lat' dir='ltr'><strong>me</strong></span> <span class='ocrx_word' id='word_1_460' title='bbox 1067 4123 1261 4193; x_wconf 88' lang='lat' dir='ltr'><strong>ipsum,</strong></span> <span class='ocrx_word' id='word_1_461' title='bbox 1304 4124 1520 4192; x_wconf 79' lang='lat' dir='ltr'><strong>fratres,</strong></span> <span class='ocrx_word' id='word_1_462' title='bbox 1562 4127 1830 4198; x_wconf 81' lang='lat' dir='ltr'><strong>abnegare</strong></span> <span class='ocrx_word' id='word_1_463' title='bbox 1859 4127 2004 4193; x_wconf 92' lang='lat' dir='ltr'><strong>nolo,</strong></span> <span class='ocrx_word' id='word_1_464' title='bbox 2053 4129 2148 4184; x_wconf 89' lang='lat' dir='ltr'><strong>sed</strong></span> 
     </span>
    </p>
   </div>
   <div class='ocr_carea' id='block_1_76' title="bbox 561 4210 2151 4286">
    <p class='ocr_par' dir='ltr' id='par_1_76' title="bbox 561 4210 2151 4286">
     <span class='ocr_line' id='line_1_78' title="bbox 561 4210 2151 4286; baseline 0.006 -22"><span class='ocrx_word' id='word_1_465' title='bbox 561 4210 774 4266; x_wconf 90' lang='lat' dir='ltr'><strong>ardenti</strong></span> <span class='ocrx_word' id='word_1_466' title='bbox 813 4213 1016 4279; x_wconf 91' lang='lat' dir='ltr'><strong>animo,</strong></span> <span class='ocrx_word' id='word_1_467' title='bbox 1054 4213 1171 4270; x_wconf 84' lang='lat' dir='ltr'><strong>sine</strong></span> <span class='ocrx_word' id='word_1_468' title='bbox 1212 4215 1393 4286; x_wconf 92' lang='lat' dir='ltr'><strong>aliquo</strong></span> <span class='ocrx_word' id='word_1_469' title='bbox 1423 4218 1795 4274; x_wconf 84' lang='lat' dir='ltr'><strong>excusationis</strong></span> <span class='ocrx_word' id='word_1_470' title='bbox 1829 4219 2020 4285; x_wconf 89' lang='lat' dir='ltr'><strong>verbo,</strong></span> <span class='ocrx_word' id='word_1_471' title='bbox 2047 4221 2151 4276; x_wconf 89' lang='lat' dir='ltr'><strong>hu-</strong></span> 
     </span>
    </p>
   </div>
   <div class='ocr_carea' id='block_1_77' title="bbox 552 4299 2150 4377">
    <p class='ocr_par' dir='ltr' id='par_1_77' title="bbox 552 4299 2150 4377">
     <span class='ocr_line' id='line_1_79' title="bbox 552 4299 2150 4377; baseline 0.009 -21"><span class='ocrx_word' id='word_1_472' title='bbox 552 4299 648 4372; x_wconf 84' lang='lat' dir='ltr'><strong>jus</strong></span> <span class='ocrx_word' id='word_1_473' title='bbox 691 4305 948 4373; x_wconf 91' lang='lat' dir='ltr'><strong>ponderis</strong></span> <span class='ocrx_word' id='word_1_474' title='bbox 996 4308 1267 4364; x_wconf 86' lang='lat' dir='ltr'><strong>sarcinam</strong></span> <span class='ocrx_word' id='word_1_475' title='bbox 1301 4326 1332 4365; x_wconf 90' lang='lat' dir='ltr'><strong>a</strong></span> <span class='ocrx_word' id='word_1_476' title='bbox 1377 4311 1532 4366; x_wconf 87' lang='lat' dir='ltr'><strong>vobis</strong></span> <span class='ocrx_word' id='word_1_477' title='bbox 1559 4310 1788 4377; x_wconf 89' lang='lat' dir='ltr'><strong>illatam,</strong></span> <span class='ocrx_word' id='word_1_478' title='bbox 1839 4326 1871 4366; x_wconf 86' lang='lat' dir='ltr'><strong>a</strong></span> <span class='ocrx_word' id='word_1_479' title='bbox 1918 4311 2150 4370; x_wconf 89' lang='lat' dir='ltr'><strong>Domino</strong></span> 
     </span>
    </p>
   </div>
   <div class='ocr_carea' id='block_1_78' title="bbox 558 4395 2151 4475">
    <p class='ocr_par' dir='ltr' id='par_1_78' title="bbox 558 4395 2151 4475">
     <span class='ocr_line' id='line_1_80' title="bbox 558 4395 2151 4475; baseline 0.009 -27"><span class='ocrx_word' id='word_1_480' title='bbox 558 4409 774 4466; x_wconf 88' lang='lat' dir='ltr'><strong>quoque</strong></span> <span class='ocrx_word' id='word_1_481' title='bbox 808 4395 1216 4467; x_wconf 80' lang='lat' dir='ltr'><strong>sublevandam,</strong></span> <span class='ocrx_word' id='word_1_482' title='bbox 1268 4402 1508 4472; x_wconf 89' lang='lat' dir='ltr'><strong>arripere</strong></span> <span class='ocrx_word' id='word_1_483' title='bbox 1547 4418 1653 4458; x_wconf 93' lang='lat' dir='ltr'><strong>non</strong></span> <span class='ocrx_word' id='word_1_484' title='bbox 1689 4417 1902 4471; x_wconf 79' lang='lat' dir='ltr'><strong>recuso,</strong></span> <span class='ocrx_word' id='word_1_485' title='bbox 1935 4403 2151 4475; x_wconf 74' lang='lat' dir='ltr'><strong>iactans</strong></span> 
     </span>
    </p>
   </div>
   <div class='ocr_carea' id='block_1_79' title="bbox 560 4486 2151 4565">
    <p class='ocr_par' dir='ltr' id='par_1_79' title="bbox 560 4486 2151 4565">
     <span class='ocr_line' id='line_1_81' title="bbox 560 4486 2151 4565; baseline 0.008 -23"><span class='ocrx_word' id='word_1_486' title='bbox 560 4486 616 4542; x_wconf 92' lang='lat' dir='ltr'><strong>in</strong></span> <span class='ocrx_word' id='word_1_487' title='bbox 655 4487 871 4546; x_wconf 91' lang='lat' dir='ltr'><strong>Christo</strong></span> <span class='ocrx_word' id='word_1_488' title='bbox 921 4506 1100 4547; x_wconf 91' lang='lat' dir='ltr'><strong>meum</strong></span> <span class='ocrx_word' id='word_1_489' title='bbox 1165 4494 1486 4564; x_wconf 90' lang='lat' dir='ltr'><strong>cogitatum,</strong></span> <span class='ocrx_word' id='word_1_490' title='bbox 1540 4494 1694 4565; x_wconf 88' lang='lat' dir='ltr'><strong>cujus</strong></span> <span class='ocrx_word' id='word_1_491' title='bbox 1752 4496 1972 4553; x_wconf 90' lang='lat' dir='ltr'><strong>hortatu</strong></span> <span class='ocrx_word' id='word_1_492' title='bbox 2022 4498 2151 4555; x_wconf 90' lang='lat' dir='ltr'><strong>huic</strong></span> 
     </span>
    </p>
   </div>
   <div class='ocr_carea' id='block_1_80' title="bbox 561 4581 2152 4662">
    <p class='ocr_par' dir='ltr' id='par_1_80' title="bbox 561 4581 2152 4662">
     <span class='ocr_line' id='line_1_82' title="bbox 561 4581 2152 4662; baseline 0.006 -28"><span class='ocrx_word' id='word_1_493' title='bbox 561 4581 711 4652; x_wconf 89' lang='lat' dir='ltr'><strong>operi</strong></span> <span class='ocrx_word' id='word_1_494' title='bbox 739 4581 972 4638; x_wconf 91' lang='lat' dir='ltr'><strong>tribuam</strong></span> <span class='ocrx_word' id='word_1_495' title='bbox 1005 4584 1421 4641; x_wconf 90' lang='lat' dir='ltr'><strong>incrementum.</strong></span> <span class='ocrx_word' id='word_1_496' title='bbox 1449 4585 1568 4656; x_wconf 87' lang='lat' dir='ltr'><strong>Ipse</strong></span> <span class='ocrx_word' id='word_1_497' title='bbox 1593 4587 1738 4642; x_wconf 92' lang='lat' dir='ltr'><strong>enim</strong></span> <span class='ocrx_word' id='word_1_498' title='bbox 1761 4587 1968 4659; x_wconf 76' lang='lat' dir='ltr'><strong>inquit:</strong></span> <span class='ocrx_word' id='word_1_499' title='bbox 1993 4589 2152 4662; x_wconf 85' lang='lat' dir='ltr'><strong>Aperi</strong></span> 
     </span>
    </p>
   </div>
   <div class='ocr_carea' id='block_1_81' title="bbox 560 4676 2152 4746">
    <p class='ocr_par' dir='ltr' id='par_1_81' title="bbox 560 4676 2152 4746">
     <span class='ocr_line' id='line_1_83' title="bbox 560 4676 2152 4746; baseline 0.008 -19"><span class='ocrx_word' id='word_1_500' title='bbox 560 4683 814 4739; x_wconf 76' lang='lat' dir='ltr'><strong>osmum,</strong></span> <span class='ocrx_word' id='word_1_501' title='bbox 844 4684 892 4728; x_wconf 89' lang='lat' dir='ltr'><strong>et</strong></span> <span class='ocrx_word' id='word_1_502' title='bbox 935 4691 1028 4745; x_wconf 85' lang='lat' dir='ltr'><strong>ego</strong></span> <span class='ocrx_word' id='word_1_503' title='bbox 1061 4676 1355 4746; x_wconf 84' lang='lat' dir='ltr'><strong>adimplebo</strong></span> <span class='ocrx_word' id='word_1_504' title='bbox 1398 4677 1553 4731; x_wconf 81' lang='lat' dir='ltr'><strong>illud.</strong></span> <span class='ocrx_word' id='word_1_505' title='bbox 1601 4678 1768 4735; x_wconf 84' lang='lat' dir='ltr'><strong>Valde</strong></span> <span class='ocrx_word' id='word_1_506' title='bbox 1810 4680 2010 4736; x_wconf 88' lang='lat' dir='ltr'><strong>etenim</strong></span> <span class='ocrx_word' id='word_1_507' title='bbox 2064 4698 2152 4739; x_wconf 92' lang='lat' dir='ltr'><strong>me</strong></span> 
     </span>
    </p>
   </div>
   <div class='ocr_carea' id='block_1_82' title="bbox 561 4762 2149 4834">
    <p class='ocr_par' dir='ltr' id='par_1_82' title="bbox 561 4762 2149 4834">
     <span class='ocr_line' id='line_1_84' title="bbox 561 4762 2149 4834; baseline 0.006 -16"><span class='ocrx_word' id='word_1_508' title='bbox 561 4762 815 4818; x_wconf 88' lang='lat' dir='ltr'><strong>sollicitat</strong></span> <span class='ocrx_word' id='word_1_509' title='bbox 838 4765 1094 4834; x_wconf 89' lang='lat' dir='ltr'><strong>quoniam</strong></span> <span class='ocrx_word' id='word_1_510' title='bbox 1127 4768 1199 4820; x_wconf 90' lang='lat' dir='ltr'><strong>ita</strong></span> <span class='ocrx_word' id='word_1_511' title='bbox 1253 4768 1306 4822; x_wconf 95' lang='lat' dir='ltr'><strong>in</strong></span> <span class='ocrx_word' id='word_1_512' title='bbox 1349 4767 1692 4824; x_wconf 90' lang='lat' dir='ltr'><strong>sacerdotum</strong></span> <span class='ocrx_word' id='word_1_513' title='bbox 1727 4779 2036 4828; x_wconf 90' lang='lat' dir='ltr'><strong>nostrorum</strong></span> <span class='ocrx_word' id='word_1_514' title='bbox 2082 4773 2149 4828; x_wconf 89' lang='lat' dir='ltr'><strong>li-</strong></span> 
     </span>
    </p>
   </div>
   <div class='ocr_carea' id='block_1_83' title="bbox 563 4854 2147 4938">
    <p class='ocr_par' dir='ltr' id='par_1_83' title="bbox 563 4854 2147 4938">
     <span class='ocr_line' id='line_1_85' title="bbox 563 4854 2147 4938; baseline 0.008 -30"><span class='ocrx_word' id='word_1_515' title='bbox 563 4854 721 4909; x_wconf 87' lang='lat' dir='ltr'><strong>bellis</strong></span> <span class='ocrx_word' id='word_1_516' title='bbox 746 4857 922 4926; x_wconf 90' lang='lat' dir='ltr'><strong>reperi</strong></span> <span class='ocrx_word' id='word_1_517' title='bbox 950 4873 1088 4927; x_wconf 90' lang='lat' dir='ltr'><strong>quos</strong></span> <span class='ocrx_word' id='word_1_518' title='bbox 1111 4857 1272 4931; x_wconf 89' lang='lat' dir='ltr'><strong>vulgo</strong></span> <span class='ocrx_word' id='word_1_519' title='bbox 1319 4859 1724 4931; x_wconf 69' lang='lat' dir='ltr'><strong>poenitentiales</strong></span> <span class='ocrx_word' id='word_1_520' title='bbox 1743 4874 1940 4921; x_wconf 91' lang='lat' dir='ltr'><strong>vocant</strong></span> <span class='ocrx_word' id='word_1_521' title='bbox 1962 4863 2147 4938; x_wconf 81' lang='lat' dir='ltr'><strong>(Cone.</strong></span> 
     </span>
    </p>
   </div>
   <div class='ocr_carea' id='block_1_84' title="bbox 563 4941 2152 5024">
    <p class='ocr_par' dir='ltr' id='par_1_84' title="bbox 563 4941 2152 5024">
     <span class='ocr_line' id='line_1_86' title="bbox 563 4941 2152 5024; baseline 0.009 -26"><span class='ocrx_word' id='word_1_522' title='bbox 563 4941 803 5002; x_wconf 82' lang='lat' dir='ltr'><strong>Cabilon.</strong></span> <span class='ocrx_word' id='word_1_523' title='bbox 857 4964 918 5014; x_wconf 87' lang='lat' dir='ltr'><strong>Il,</strong></span> <span class='ocrx_word' id='word_1_524' title='bbox 971 4967 1088 5021; x_wconf 79' lang='lat' dir='ltr'><strong>cap.</strong></span> <span class='ocrx_word' id='word_1_525' title='bbox 1122 4950 1238 5024; x_wconf 80' lang='grc'><strong>58),</strong></span> <span class='ocrx_word' id='word_1_526' title='bbox 1291 4967 1520 5022; x_wconf 92' lang='lat' dir='ltr'><strong>quorum</strong></span> <span class='ocrx_word' id='word_1_527' title='bbox 1574 4968 1793 5010; x_wconf 90' lang='lat' dir='ltr'><strong>errores</strong></span> <span class='ocrx_word' id='word_1_528' title='bbox 1841 4957 1999 5022; x_wconf 90' lang='lat' dir='ltr'><strong>certi,</strong></span> <span class='ocrx_word' id='word_1_529' title='bbox 2054 4971 2152 5012; x_wconf 87' lang='lat' dir='ltr'><strong>au-</strong></span> 
     </span>
    </p>
   </div>
   <div class='ocr_carea' id='block_1_85' title="bbox 563 5042 2151 5117">
    <p class='ocr_par' dir='ltr' id='par_1_85' title="bbox 563 5042 2151 5117">
     <span class='ocr_line' id='line_1_87' title="bbox 563 5042 2151 5117; baseline 0.007 -25"><span class='ocrx_word' id='word_1_530' title='bbox 563 5044 744 5093; x_wconf 89' lang='lat' dir='ltr'><strong>ctores</strong></span> <span class='ocrx_word' id='word_1_531' title='bbox 783 5049 908 5096; x_wconf 90' lang='lat' dir='ltr'><strong>sunt</strong></span> <span class='ocrx_word' id='word_1_532' title='bbox 945 5042 1161 5108; x_wconf 89' lang='lat' dir='ltr'><strong>incerti,</strong></span> <span class='ocrx_word' id='word_1_533' title='bbox 1187 5043 1410 5100; x_wconf 90' lang='lat' dir='ltr'><strong>confusa</strong></span> <span class='ocrx_word' id='word_1_534' title='bbox 1434 5043 1636 5114; x_wconf 86' lang='lat' dir='ltr'><strong>judicia</strong></span> <span class='ocrx_word' id='word_1_535' title='bbox 1660 5047 2038 5117; x_wconf 78' lang='lat' dir='ltr'><strong>pmnitentium</strong></span> <span class='ocrx_word' id='word_1_536' title='bbox 2068 5056 2151 5103; x_wconf 92' lang='lat' dir='ltr'><strong>at-</strong></span> 
     </span>
    </p>
   </div>
   <div class='ocr_carea' id='block_1_86' title="bbox 565 5125 2150 5204">
    <p class='ocr_par' dir='ltr' id='par_1_86' title="bbox 565 5125 2150 5204">
     <span class='ocr_line' id='line_1_88' title="bbox 565 5125 2150 5204; baseline 0.006 -20"><span class='ocrx_word' id='word_1_537' title='bbox 565 5144 674 5200; x_wconf 90' lang='lat' dir='ltr'><strong>que</strong></span> <span class='ocrx_word' id='word_1_538' title='bbox 706 5131 783 5186; x_wconf 91' lang='lat' dir='ltr'><strong>ita</strong></span> <span class='ocrx_word' id='word_1_539' title='bbox 802 5125 1017 5190; x_wconf 85' lang='lat' dir='ltr'><strong>diversa</strong></span> <span class='ocrx_word' id='word_1_540' title='bbox 1038 5143 1094 5190; x_wconf 94' lang='lat' dir='ltr'><strong>et</strong></span> <span class='ocrx_word' id='word_1_541' title='bbox 1119 5135 1316 5192; x_wconf 92' lang='lat' dir='ltr'><strong>nullius</strong></span> <span class='ocrx_word' id='word_1_542' title='bbox 1345 5138 1672 5194; x_wconf 90' lang='lat' dir='ltr'><strong>auctoritate</strong></span> <span class='ocrx_word' id='word_1_543' title='bbox 1719 5137 1958 5204; x_wconf 80' lang='lat' dir='ltr'><strong>suil‘ulta,</strong></span> <span class='ocrx_word' id='word_1_544' title='bbox 1983 5147 2042 5193; x_wconf 91' lang='lat' dir='ltr'><strong>ut</strong></span> <span class='ocrx_word' id='word_1_545' title='bbox 2064 5140 2150 5194; x_wconf 78' lang='lat' dir='ltr'><strong>vix</strong></span> 
     </span>
    </p>
   </div>
   <div class='ocr_carea' id='block_1_87' title="bbox 567 5224 2155 5298">
    <p class='ocr_par' dir='ltr' id='par_1_87' title="bbox 567 5224 2155 5298">
     <span class='ocr_line' id='line_1_89' title="bbox 567 5224 2155 5298; baseline 0.004 -18"><span class='ocrx_word' id='word_1_546' title='bbox 567 5224 782 5280; x_wconf 81' lang='lat' dir='ltr'><strong>animus</strong></span> <span class='ocrx_word' id='word_1_547' title='bbox 806 5225 1088 5294; x_wconf 90' lang='lat' dir='ltr'><strong>prudentis</strong></span> <span class='ocrx_word' id='word_1_548' title='bbox 1112 5243 1282 5298; x_wconf 90' lang='lat' dir='ltr'><strong>prope</strong></span> <span class='ocrx_word' id='word_1_549' title='bbox 1297 5229 1634 5286; x_wconf 90' lang='lat' dir='ltr'><strong>dissonantia</strong></span> <span class='ocrx_word' id='word_1_550' title='bbox 1661 5231 1800 5286; x_wconf 89' lang='lat' dir='ltr'><strong>tanti</strong></span> <span class='ocrx_word' id='word_1_551' title='bbox 1823 5230 2155 5287; x_wconf 90' lang='lat' dir='ltr'><strong>discriminis</strong></span> 
     </span>
    </p>
   </div>
   <div class='ocr_carea' id='block_1_88' title="bbox 2254 3834 3853 3908">
    <p class='ocr_par' dir='ltr' id='par_1_88' title="bbox 2254 3834 3853 3908">
     <span class='ocr_line' id='line_1_90' title="bbox 2254 3834 3853 3908; baseline 0 -16"><span class='ocrx_word' id='word_1_552' title='bbox 2254 3835 2418 3892; x_wconf 90' lang='lat' dir='ltr'><strong>fectio</strong></span> <span class='ocrx_word' id='word_1_553' title='bbox 2440 3834 2749 3890; x_wconf 89' lang='lat' dir='ltr'><strong>dilectionis</strong></span> <span class='ocrx_word' id='word_1_554' title='bbox 2781 3843 3029 3891; x_wconf 89' lang='lat' dir='ltr'><strong>servetur</strong></span> <span class='ocrx_word' id='word_1_555' title='bbox 3084 3837 3140 3890; x_wconf 91' lang='lat' dir='ltr'><strong>in</strong></span> <span class='ocrx_word' id='word_1_556' title='bbox 3175 3844 3378 3903; x_wconf 90' lang='lat' dir='ltr'><strong>mente,</strong></span> <span class='ocrx_word' id='word_1_557' title='bbox 3417 3845 3475 3891; x_wconf 89' lang='lat' dir='ltr'><strong>et</strong></span> <span class='ocrx_word' id='word_1_558' title='bbox 3502 3835 3733 3892; x_wconf 81' lang='lat' dir='ltr'><strong>eﬂ&#39;ectus</strong></span> <span class='ocrx_word' id='word_1_559' title='bbox 3757 3853 3853 3908; x_wconf 88' lang='lat' dir='ltr'><strong>op-</strong></span> 
     </span>
    </p>
   </div>
   <div class='ocr_carea' id='block_1_89' title="bbox 2254 3925 3847 3998">
    <p class='ocr_par' dir='ltr' id='par_1_89' title="bbox 2254 3925 3847 3998">
     <span class='ocr_line' id='line_1_91' title="bbox 2254 3925 3847 3998; baseline 0 -15"><span class='ocrx_word' id='word_1_560' title='bbox 2254 3927 2372 3983; x_wconf 89' lang='lat' dir='ltr'><strong>timi</strong></span> <span class='ocrx_word' id='word_1_561' title='bbox 2415 3925 2580 3982; x_wconf 90' lang='lat' dir='ltr'><strong>studii</strong></span> <span class='ocrx_word' id='word_1_562' title='bbox 2637 3934 2960 3982; x_wconf 85' lang='lat' dir='ltr'><strong>exerceatur</strong></span> <span class='ocrx_word' id='word_1_563' title='bbox 3005 3927 3057 3981; x_wconf 91' lang='lat' dir='ltr'><strong>in</strong></span> <span class='ocrx_word' id='word_1_564' title='bbox 3105 3941 3290 3997; x_wconf 86' lang='lat' dir='ltr'><strong>opere.</strong></span> <span class='ocrx_word' id='word_1_565' title='bbox 3335 3927 3488 3983; x_wconf 90' lang='lat' dir='ltr'><strong>Unde</strong></span> <span class='ocrx_word' id='word_1_566' title='bbox 3530 3943 3700 3998; x_wconf 86' lang='lat' dir='ltr'><strong>posco</strong></span> <span class='ocrx_word' id='word_1_567' title='bbox 3731 3943 3847 3994; x_wconf 84' lang='lat' dir='ltr'><strong>vos,</strong></span> 
     </span>
    </p>
   </div>
   <div class='ocr_carea' id='block_1_90' title="bbox 2253 4017 3853 4089">
    <p class='ocr_par' dir='ltr' id='par_1_90' title="bbox 2253 4017 3853 4089">
     <span class='ocr_line' id='line_1_92' title="bbox 2253 4017 3853 4089; baseline -0.001 -14"><span class='ocrx_word' id='word_1_568' title='bbox 2253 4035 2288 4075; x_wconf 94' lang='lat' dir='ltr'><strong>o</strong></span> <span class='ocrx_word' id='word_1_569' title='bbox 2326 4018 2529 4074; x_wconf 82' lang='lat' dir='ltr'><strong>fratres</strong></span> <span class='ocrx_word' id='word_1_570' title='bbox 2559 4017 2922 4084; x_wconf 88' lang='lat' dir='ltr'><strong>dilectissimi,</strong></span> <span class='ocrx_word' id='word_1_571' title='bbox 2976 4018 3183 4073; x_wconf 89' lang='lat' dir='ltr'><strong>fundite</strong></span> <span class='ocrx_word' id='word_1_572' title='bbox 3211 4035 3310 4089; x_wconf 90' lang='lat' dir='ltr'><strong>pro</strong></span> <span class='ocrx_word' id='word_1_573' title='bbox 3352 4021 3490 4075; x_wconf 89' lang='lat' dir='ltr'><strong>meis</strong></span> <span class='ocrx_word' id='word_1_574' title='bbox 3517 4020 3853 4089; x_wconf 86' lang='lat' dir='ltr'><strong>peccamini-</strong></span> 
     </span>
    </p>
   </div>
   <div class='ocr_carea' id='block_1_91' title="bbox 2254 4109 3851 4182">
    <p class='ocr_par' dir='ltr' id='par_1_91' title="bbox 2254 4109 3851 4182">
     <span class='ocr_line' id='line_1_93' title="bbox 2254 4109 3851 4182; baseline 0.001 -16"><span class='ocrx_word' id='word_1_575' title='bbox 2254 4111 2354 4168; x_wconf 90' lang='lat' dir='ltr'><strong>bus</strong></span> <span class='ocrx_word' id='word_1_576' title='bbox 2388 4109 2722 4181; x_wconf 89' lang='lat' dir='ltr'><strong>supplicibus</strong></span> <span class='ocrx_word' id='word_1_577' title='bbox 2792 4109 2936 4165; x_wconf 89' lang='lat' dir='ltr'><strong>votis</strong></span> <span class='ocrx_word' id='word_1_578' title='bbox 2990 4110 3058 4164; x_wconf 90' lang='lat' dir='ltr'><strong>ad</strong></span> <span class='ocrx_word' id='word_1_579' title='bbox 3106 4110 3394 4166; x_wconf 91' lang='lat' dir='ltr'><strong>Dominum</strong></span> <span class='ocrx_word' id='word_1_580' title='bbox 3440 4125 3653 4180; x_wconf 90' lang='lat' dir='ltr'><strong>preces,</strong></span> <span class='ocrx_word' id='word_1_581' title='bbox 3705 4113 3851 4182; x_wconf 90' lang='lat' dir='ltr'><strong>quod</strong></span> 
     </span>
    </p>
   </div>
   <div class='ocr_carea' id='block_1_92' title="bbox 2256 4201 3848 4273">
    <p class='ocr_par' dir='ltr' id='par_1_92' title="bbox 2256 4201 3848 4273">
     <span class='ocr_line' id='line_1_94' title="bbox 2256 4201 3848 4273; baseline 0.001 -15"><span class='ocrx_word' id='word_1_582' title='bbox 2256 4203 2496 4258; x_wconf 91' lang='lat' dir='ltr'><strong>clemens</strong></span> <span class='ocrx_word' id='word_1_583' title='bbox 2520 4210 2683 4271; x_wconf 90' lang='lat' dir='ltr'><strong>atque</strong></span> <span class='ocrx_word' id='word_1_584' title='bbox 2702 4201 2930 4255; x_wconf 92' lang='lat' dir='ltr'><strong>multum</strong></span> <span class='ocrx_word' id='word_1_585' title='bbox 2959 4201 3272 4257; x_wconf 90' lang='lat' dir='ltr'><strong>misericors</strong></span> <span class='ocrx_word' id='word_1_586' title='bbox 3307 4201 3520 4256; x_wconf 90' lang='lat' dir='ltr'><strong>vincula</strong></span> <span class='ocrx_word' id='word_1_587' title='bbox 3555 4204 3848 4273; x_wconf 85' lang='lat' dir='ltr'><strong>pravitatis</strong></span> 
     </span>
    </p>
   </div>
   <div class='ocr_carea' id='block_1_93' title="bbox 2257 4293 3848 4364">
    <p class='ocr_par' dir='ltr' id='par_1_93' title="bbox 2257 4293 3848 4364">
     <span class='ocr_line' id='line_1_95' title="bbox 2257 4293 3848 4364; baseline 0 -14"><span class='ocrx_word' id='word_1_588' title='bbox 2257 4309 2392 4351; x_wconf 72' lang='lat' dir='ltr'><strong>mete</strong></span> <span class='ocrx_word' id='word_1_589' title='bbox 2438 4293 2704 4358; x_wconf 88' lang='lat' dir='ltr'><strong>absolvat,</strong></span> <span class='ocrx_word' id='word_1_590' title='bbox 2757 4301 2811 4347; x_wconf 90' lang='lat' dir='ltr'><strong>et</strong></span> <span class='ocrx_word' id='word_1_591' title='bbox 2872 4293 3066 4364; x_wconf 88' lang='lat' dir='ltr'><strong>gaudia</strong></span> <span class='ocrx_word' id='word_1_592' title='bbox 3116 4299 3320 4348; x_wconf 86' lang='lat' dir='ltr'><strong>aeterna</strong></span> <span class='ocrx_word' id='word_1_593' title='bbox 3369 4294 3652 4348; x_wconf 88' lang='lat' dir='ltr'><strong>concedat.</strong></span> <span class='ocrx_word' id='word_1_594' title='bbox 3704 4294 3848 4350; x_wconf 86' lang='lat' dir='ltr'><strong>Deus</strong></span> 
     </span>
    </p>
   </div>
   <div class='ocr_carea' id='block_1_94' title="bbox 2255 4384 3844 4456">
    <p class='ocr_par' dir='ltr' id='par_1_94' title="bbox 2255 4384 3844 4456">
     <span class='ocr_line' id='line_1_96' title="bbox 2255 4384 3844 4456; baseline -0.001 -16"><span class='ocrx_word' id='word_1_595' title='bbox 2255 4385 2598 4456; x_wconf 90' lang='lat' dir='ltr'><strong>omnipotens</strong></span> <span class='ocrx_word' id='word_1_596' title='bbox 2626 4393 2865 4440; x_wconf 80' lang='lat' dir='ltr'><strong>aeternus</strong></span> <span class='ocrx_word' id='word_1_597' title='bbox 2892 4393 3080 4456; x_wconf 87' lang='lat' dir='ltr'><strong>pastor</strong></span> <span class='ocrx_word' id='word_1_598' title='bbox 3127 4399 3224 4440; x_wconf 84' lang='lat' dir='ltr'><strong>vos</strong></span> <span class='ocrx_word' id='word_1_599' title='bbox 3262 4384 3465 4455; x_wconf 89' lang='lat' dir='ltr'><strong>ubique</strong></span> <span class='ocrx_word' id='word_1_600' title='bbox 3509 4392 3762 4456; x_wconf 83' lang='lat' dir='ltr'><strong>protegat</strong></span> <span class='ocrx_word' id='word_1_601' title='bbox 3788 4394 3844 4439; x_wconf 89' lang='lat' dir='ltr'><strong>et</strong></span> 
     </span>
    </p>
   </div>
   <div class='ocr_carea' id='block_1_95' title="bbox 2259 4475 3368 4548">
    <p class='ocr_par' dir='ltr' id='par_1_95' title="bbox 2259 4475 3368 4548">
     <span class='ocr_line' id='line_1_97' title="bbox 2259 4475 3368 4548; baseline -0.001 -16"><span class='ocrx_word' id='word_1_602' title='bbox 2259 4477 2328 4534; x_wconf 88' lang='lat' dir='ltr'><strong>ab</strong></span> <span class='ocrx_word' id='word_1_603' title='bbox 2357 4476 2608 4533; x_wconf 88' lang='lat' dir='ltr'><strong>omnibus</strong></span> <span class='ocrx_word' id='word_1_604' title='bbox 2630 4475 3131 4548; x_wconf 87' lang='lat' dir='ltr'><strong>perturbationibus</strong></span> <span class='ocrx_word' id='word_1_605' title='bbox 3155 4476 3368 4534; x_wconf 88' lang='lat' dir='ltr'><strong>liberet.</strong></span> 
     </span>
    </p>
   </div>
   <div class='ocr_carea' id='block_1_96' title="bbox 2769 4623 3330 4683">
    <p class='ocr_par' dir='ltr' id='par_1_96' title="bbox 2769 4623 3330 4683">
     <span class='ocr_line' id='line_1_98' title="bbox 2769 4623 3330 4683; baseline 0 -3"><span class='ocrx_word' id='word_1_606' title='bbox 2769 4623 3001 4682; x_wconf 78' lang='lat' dir='ltr'><strong>CAPUT</strong></span> <span class='ocrx_word' id='word_1_607' title='bbox 3036 4623 3330 4683; x_wconf 79' lang='lat' dir='ltr'><strong>PRIMUM.</strong></span> 
     </span>
    </p>
   </div>
   <div class='ocr_carea' id='block_1_97' title="bbox 2256 4739 3850 4813">
    <p class='ocr_par' dir='ltr' id='par_1_97' title="bbox 2256 4739 3850 4813">
     <span class='ocr_line' id='line_1_99' title="bbox 2256 4739 3850 4813; baseline -0.002 -14"><span class='ocrx_word' id='word_1_608' title='bbox 2256 4742 2335 4799; x_wconf 88' lang='lat' dir='ltr'><strong>De</strong></span> <span class='ocrx_word' id='word_1_609' title='bbox 2353 4743 2461 4813; x_wconf 78' lang='lat' dir='ltr'><strong>ﬁde</strong></span> <span class='ocrx_word' id='word_1_610' title='bbox 2475 4751 2674 4798; x_wconf 72' lang='lat' dir='ltr'><strong>sancta:</strong></span> <span class='ocrx_word' id='word_1_611' title='bbox 2696 4739 2994 4806; x_wconf 73' lang='lat' dir='ltr'><strong>Trinitatis,</strong></span> <span class='ocrx_word' id='word_1_612' title='bbox 3012 4741 3239 4813; x_wconf 81' lang='lat' dir='ltr'><strong>qualiter</strong></span> <span class='ocrx_word' id='word_1_613' title='bbox 3253 4742 3473 4796; x_wconf 83' lang='lat' dir='ltr'><strong>tenenda</strong></span> <span class='ocrx_word' id='word_1_614' title='bbox 3497 4741 3563 4796; x_wconf 74' lang='lat' dir='ltr'><strong>sit</strong></span> <span class='ocrx_word' id='word_1_615' title='bbox 3587 4759 3618 4794; x_wconf 90' lang='lat' dir='ltr'><strong>a</strong></span> <span class='ocrx_word' id='word_1_616' title='bbox 3639 4742 3850 4813; x_wconf 65' lang='lat' dir='ltr'><strong>presby-</strong></span> 
     </span>
    </p>
   </div>
   <div class='ocr_carea' id='block_1_98' title="bbox 2757 4813 3346 4883">
    <p class='ocr_par' dir='ltr' id='par_1_98' title="bbox 2757 4813 3346 4883">
     <span class='ocr_line' id='line_1_100' title="bbox 2757 4813 3346 4883; baseline 0 -17"><span class='ocrx_word' id='word_1_617' title='bbox 2757 4813 2880 4867; x_wconf 80' lang='lat' dir='ltr'><strong>teris</strong></span> <span class='ocrx_word' id='word_1_618' title='bbox 2913 4822 2961 4867; x_wconf 91' lang='lat' dir='ltr'><strong>et</strong></span> <span class='ocrx_word' id='word_1_619' title='bbox 2985 4813 3346 4883; x_wconf 67' lang='lat' dir='ltr'><strong>praedicanda.</strong></span> 
     </span>
    </p>
   </div>
   <div class='ocr_carea' id='block_1_99' title="bbox 2327 4946 3849 5022">
    <p class='ocr_par' dir='ltr' id='par_1_99' title="bbox 2327 4946 3849 5022">
     <span class='ocr_line' id='line_1_101' title="bbox 2327 4946 3849 5022; baseline -0.001 -16"><span class='ocrx_word' id='word_1_620' title='bbox 2327 4949 2468 5022; x_wconf 89' lang='lat' dir='ltr'><strong>(Lib.</strong></span> <span class='ocrx_word' id='word_1_621' title='bbox 2504 4948 2873 5020; x_wconf 82' lang='lat' dir='ltr'><strong>tCapitutar.,</strong></span> <span class='ocrx_word' id='word_1_622' title='bbox 2913 4962 3036 5019; x_wconf 88' lang='lat' dir='ltr'><strong>cap.</strong></span> <span class='ocrx_word' id='word_1_623' title='bbox 3070 4946 3186 5020; x_wconf 86' lang='lat'><strong>76.)</strong></span> <span class='ocrx_word' id='word_1_624' title='bbox 3227 4946 3412 5005; x_wconf 89' lang='lat' dir='ltr'><strong>Primo</strong></span> <span class='ocrx_word' id='word_1_625' title='bbox 3439 4949 3687 5004; x_wconf 90' lang='lat' dir='ltr'><strong>omnium</strong></span> <span class='ocrx_word' id='word_1_626' title='bbox 3737 4965 3849 5006; x_wconf 85' lang='lat' dir='ltr'><strong>cre-</strong></span> 
     </span>
    </p>
   </div>
   <div class='ocr_carea' id='block_1_100' title="bbox 2259 5039 3850 5112">
    <p class='ocr_par' dir='ltr' id='par_1_100' title="bbox 2259 5039 3850 5112">
     <span class='ocr_line' id='line_1_102' title="bbox 2259 5039 3850 5112; baseline -0.002 -13"><span class='ocrx_word' id='word_1_627' title='bbox 2259 5042 2495 5099; x_wconf 90' lang='lat' dir='ltr'><strong>dendum</strong></span> <span class='ocrx_word' id='word_1_628' title='bbox 2526 5049 2612 5098; x_wconf 88' lang='lat' dir='ltr'><strong>est</strong></span> <span class='ocrx_word' id='word_1_629' title='bbox 2633 5049 2798 5112; x_wconf 87' lang='lat' dir='ltr'><strong>atque</strong></span> <span class='ocrx_word' id='word_1_630' title='bbox 2810 5039 3065 5096; x_wconf 89' lang='lat' dir='ltr'><strong>omnibus</strong></span> <span class='ocrx_word' id='word_1_631' title='bbox 3095 5039 3424 5112; x_wconf 88' lang='lat' dir='ltr'><strong>generaliter</strong></span> <span class='ocrx_word' id='word_1_632' title='bbox 3443 5041 3850 5112; x_wconf 59' lang='lat' dir='ltr'><strong>praedicandum</strong></span> 
     </span>
    </p>
   </div>
   <div class='ocr_carea' id='block_1_101' title="bbox 2256 5130 3849 5202">
    <p class='ocr_par' dir='ltr' id='par_1_101' title="bbox 2256 5130 3849 5202">
     <span class='ocr_line' id='line_1_103' title="bbox 2256 5130 3849 5202; baseline -0.003 -10"><span class='ocrx_word' id='word_1_633' title='bbox 2256 5136 2475 5192; x_wconf 90' lang='lat' dir='ltr'><strong>Patrem</strong></span> <span class='ocrx_word' id='word_1_634' title='bbox 2500 5143 2557 5191; x_wconf 89' lang='lat' dir='ltr'><strong>et</strong></span> <span class='ocrx_word' id='word_1_635' title='bbox 2583 5133 2780 5189; x_wconf 89' lang='lat' dir='ltr'><strong>Filium</strong></span> <span class='ocrx_word' id='word_1_636' title='bbox 2800 5141 2858 5188; x_wconf 89' lang='lat' dir='ltr'><strong>et</strong></span> <span class='ocrx_word' id='word_1_637' title='bbox 2879 5130 3143 5202; x_wconf 89' lang='lat' dir='ltr'><strong>Spiritum</strong></span> <span class='ocrx_word' id='word_1_638' title='bbox 3170 5141 3416 5188; x_wconf 90' lang='lat' dir='ltr'><strong>sanctum</strong></span> <span class='ocrx_word' id='word_1_639' title='bbox 3459 5147 3628 5188; x_wconf 90' lang='lat' dir='ltr'><strong>unum</strong></span> <span class='ocrx_word' id='word_1_640' title='bbox 3682 5133 3849 5188; x_wconf 91' lang='lat' dir='ltr'><strong>Deum</strong></span> 
     </span>
    </p>
   </div>
   <div class='ocr_carea' id='block_1_102' title="bbox 2257 5221 3848 5295">
    <p class='ocr_par' dir='ltr' id='par_1_102' title="bbox 2257 5221 3848 5295">
     <span class='ocr_line' id='line_1_104' title="bbox 2257 5221 3848 5295; baseline -0.003 -13"><span class='ocrx_word' id='word_1_641' title='bbox 2257 5241 2376 5282; x_wconf 89' lang='lat' dir='ltr'><strong>esse</strong></span> <span class='ocrx_word' id='word_1_642' title='bbox 2401 5224 2848 5295; x_wconf 88' lang='lat' dir='ltr'><strong>omnipotentem,</strong></span> <span class='ocrx_word' id='word_1_643' title='bbox 2874 5230 3162 5289; x_wconf 82' lang='lat' dir='ltr'><strong>aeternum,</strong></span> <span class='ocrx_word' id='word_1_644' title='bbox 3187 5221 3536 5290; x_wconf 89' lang='lat' dir='ltr'><strong>invisibilem,</strong></span> <span class='ocrx_word' id='word_1_645' title='bbox 3568 5225 3662 5294; x_wconf 89' lang='lat' dir='ltr'><strong>qui</strong></span> <span class='ocrx_word' id='word_1_646' title='bbox 3694 5240 3848 5281; x_wconf 67' lang='lat' dir='ltr'><strong>etea-</strong></span> 
     </span>
    </p>
   </div>
   <div class='ocr_carea' id='block_1_103' title="bbox 564 5317 3851 5390">
    <p class='ocr_par' dir='ltr' id='par_1_103' title="bbox 564 5317 3851 5390">
     <span class='ocr_line' id='line_1_105' title="bbox 564 5317 3851 5390; baseline 0 -16"><span class='ocrx_word' id='word_1_647' title='bbox 564 5318 738 5390; x_wconf 87' lang='lat' dir='ltr'><strong>possit</strong></span> <span class='ocrx_word' id='word_1_648' title='bbox 792 5317 1060 5374; x_wconf 89' lang='lat' dir='ltr'><strong>sustinere</strong></span> <span class='ocrx_word' id='word_1_649' title='bbox 1099 5317 1390 5387; x_wconf 74' lang='lat' dir='ltr'><strong>iacturam.</strong></span> <span class='ocrx_word' id='word_1_650' title='bbox 1434 5321 1545 5379; x_wconf 82' lang='lat' dir='ltr'><strong>Hos</strong></span> <span class='ocrx_word' id='word_1_651' title='bbox 1573 5338 1706 5379; x_wconf 91' lang='lat' dir='ltr'><strong>vero</strong></span> <span class='ocrx_word' id='word_1_652' title='bbox 1733 5321 2052 5388; x_wconf 81' lang='lat' dir='ltr'><strong>obliterans,</strong></span> <span class='ocrx_word' id='word_1_653' title='bbox 2101 5331 2158 5379; x_wconf 88' lang='lat' dir='ltr'><strong>et</strong></span> <span class='ocrx_word' id='word_1_654' title='bbox 2257 5321 2337 5376; x_wconf 88' lang='lat' dir='ltr'><strong>vit</strong></span> <span class='ocrx_word' id='word_1_655' title='bbox 2389 5319 2589 5377; x_wconf 67' lang='lat' dir='ltr'><strong>caelum</strong></span> <span class='ocrx_word' id='word_1_656' title='bbox 2639 5326 2696 5373; x_wconf 87' lang='lat' dir='ltr'><strong>et</strong></span> <span class='ocrx_word' id='word_1_657' title='bbox 2751 5325 2973 5383; x_wconf 87' lang='lat' dir='ltr'><strong>terram,</strong></span> <span class='ocrx_word' id='word_1_658' title='bbox 3017 5331 3170 5372; x_wconf 91' lang='lat' dir='ltr'><strong>mare</strong></span> <span class='ocrx_word' id='word_1_659' title='bbox 3195 5325 3251 5372; x_wconf 91' lang='lat' dir='ltr'><strong>et</strong></span> <span class='ocrx_word' id='word_1_660' title='bbox 3310 5318 3492 5373; x_wconf 90' lang='lat' dir='ltr'><strong>omnia</strong></span> <span class='ocrx_word' id='word_1_661' title='bbox 3535 5334 3658 5389; x_wconf 75' lang='lat' dir='ltr'><strong>qua:</strong></span> <span class='ocrx_word' id='word_1_662' title='bbox 3693 5319 3851 5374; x_wconf 75' lang='lat' dir='ltr'><strong>ineis</strong></span> 
     </span>
    </p>
   </div>
   <div class='ocr_carea' id='block_1_104' title="bbox 565 5407 2156 5484">
    <p class='ocr_par' dir='ltr' id='par_1_104' title="bbox 565 5407 2156 5484">
     <span class='ocr_line' id='line_1_106' title="bbox 565 5407 2156 5484; baseline 0.006 -23"><span class='ocrx_word' id='word_1_663' title='bbox 565 5407 806 5462; x_wconf 89' lang='lat' dir='ltr'><strong>studium</strong></span> <span class='ocrx_word' id='word_1_664' title='bbox 835 5422 1014 5462; x_wconf 90' lang='lat' dir='ltr'><strong>meum</strong></span> <span class='ocrx_word' id='word_1_665' title='bbox 1039 5409 1204 5465; x_wconf 87' lang='lat' dir='ltr'><strong>certis</strong></span> <span class='ocrx_word' id='word_1_666' title='bbox 1250 5419 1413 5482; x_wconf 87' lang='lat' dir='ltr'><strong>atque</strong></span> <span class='ocrx_word' id='word_1_667' title='bbox 1450 5413 1732 5470; x_wconf 92' lang='lat' dir='ltr'><strong>catholicis</strong></span> <span class='ocrx_word' id='word_1_668' title='bbox 1759 5413 2044 5484; x_wconf 87' lang='lat' dir='ltr'><strong>scripturis</strong></span> <span class='ocrx_word' id='word_1_669' title='bbox 2065 5428 2156 5470; x_wconf 90' lang='lat' dir='ltr'><strong>ac-</strong></span> 
     </span>
    </p>
   </div>
   <div class='ocr_carea' id='block_1_105' title="bbox 568 5498 2151 5576">
    <p class='ocr_par' dir='ltr' id='par_1_105' title="bbox 568 5498 2151 5576">
     <span class='ocr_line' id='line_1_107' title="bbox 568 5498 2151 5576; baseline 0.004 -22"><span class='ocrx_word' id='word_1_670' title='bbox 568 5498 947 5565; x_wconf 89' lang='lat' dir='ltr'><strong>commodans,</strong></span> <span class='ocrx_word' id='word_1_671' title='bbox 975 5500 1103 5570; x_wconf 84' lang='lat' dir='ltr'><strong>quid</strong></span> <span class='ocrx_word' id='word_1_672' title='bbox 1140 5517 1301 5574; x_wconf 87' lang='lat' dir='ltr'><strong>agere</strong></span> <span class='ocrx_word' id='word_1_673' title='bbox 1331 5505 1666 5571; x_wconf 89' lang='lat' dir='ltr'><strong>sacerdotes,</strong></span> <span class='ocrx_word' id='word_1_674' title='bbox 1696 5504 1996 5576; x_wconf 88' lang='lat' dir='ltr'><strong>qualiterve</strong></span> <span class='ocrx_word' id='word_1_675' title='bbox 2018 5519 2151 5561; x_wconf 88' lang='lat' dir='ltr'><strong>con-</strong></span> 
     </span>
    </p>
   </div>
   <div class='ocr_carea' id='block_1_106' title="bbox 568 5591 2155 5667">
    <p class='ocr_par' dir='ltr' id='par_1_106' title="bbox 568 5591 2155 5667">
     <span class='ocr_line' id='line_1_108' title="bbox 568 5591 2155 5667; baseline 0.003 -19"><span class='ocrx_word' id='word_1_676' title='bbox 568 5591 779 5648; x_wconf 82' lang='lat' dir='ltr'><strong>versari</strong></span> <span class='ocrx_word' id='word_1_677' title='bbox 810 5591 895 5646; x_wconf 92' lang='lat' dir='ltr'><strong>vel</strong></span> <span class='ocrx_word' id='word_1_678' title='bbox 921 5593 1430 5661; x_wconf 58' lang='lat' dir='ltr'><strong>quomodo-Christi</strong></span> <span class='ocrx_word' id='word_1_679' title='bbox 1476 5611 1691 5667; x_wconf 84' lang='lat' dir='ltr'><strong>gregem</strong></span> <span class='ocrx_word' id='word_1_680' title='bbox 1713 5595 1880 5652; x_wconf 90' lang='lat' dir='ltr'><strong>veluti</strong></span> <span class='ocrx_word' id='word_1_681' title='bbox 1906 5606 2155 5667; x_wconf 87' lang='lat' dir='ltr'><strong>pastores</strong></span> 
     </span>
    </p>
   </div>
   <div class='ocr_carea' id='block_1_107' title="bbox 568 5683 2158 5758">
    <p class='ocr_par' dir='ltr' id='par_1_107' title="bbox 568 5683 2158 5758">
     <span class='ocr_line' id='line_1_109' title="bbox 568 5683 2158 5758; baseline 0.002 -17"><span class='ocrx_word' id='word_1_682' title='bbox 568 5683 788 5758; x_wconf 87' lang='lat' dir='ltr'><strong>ingenio</strong></span> <span class='ocrx_word' id='word_1_683' title='bbox 809 5695 1088 5757; x_wconf 89' lang='lat' dir='ltr'><strong>compotes</strong></span> <span class='ocrx_word' id='word_1_684' title='bbox 1115 5699 1170 5743; x_wconf 90' lang='lat' dir='ltr'><strong>et</strong></span> <span class='ocrx_word' id='word_1_685' title='bbox 1225 5703 1475 5745; x_wconf 88' lang='lat' dir='ltr'><strong>sermone</strong></span> <span class='ocrx_word' id='word_1_686' title='bbox 1497 5698 1705 5744; x_wconf 91' lang='lat' dir='ltr'><strong>tantum</strong></span> <span class='ocrx_word' id='word_1_687' title='bbox 1732 5689 2037 5745; x_wconf 91' lang='lat' dir='ltr'><strong>medicinali</strong></span> <span class='ocrx_word' id='word_1_688' title='bbox 2060 5705 2158 5744; x_wconf 87' lang='lat' dir='ltr'><strong>an-</strong></span> 
     </span>
    </p>
   </div>
   <div class='ocr_carea' id='block_1_108' title="bbox 579 5777 2157 5852">
    <p class='ocr_par' dir='ltr' id='par_1_108' title="bbox 579 5777 2157 5852">
     <span class='ocr_line' id='line_1_110' title="bbox 579 5777 2157 5852; baseline 0.001 -19"><span class='ocrx_word' id='word_1_689' title='bbox 579 5777 748 5833; x_wconf 88' lang='lat' dir='ltr'><strong>tidoto</strong></span> <span class='ocrx_word' id='word_1_690' title='bbox 782 5777 1072 5849; x_wconf 89' lang='lat' dir='ltr'><strong>levigatum</strong></span> <span class='ocrx_word' id='word_1_691' title='bbox 1096 5780 1162 5834; x_wconf 92' lang='lat' dir='ltr'><strong>ad</strong></span> <span class='ocrx_word' id='word_1_692' title='bbox 1182 5789 1456 5850; x_wconf 89' lang='lat' dir='ltr'><strong>perpetuae</strong></span> <span class='ocrx_word' id='word_1_693' title='bbox 1479 5779 1662 5835; x_wconf 91' lang='lat' dir='ltr'><strong>caulas</strong></span> <span class='ocrx_word' id='word_1_694' title='bbox 1686 5795 1902 5852; x_wconf 66' lang='lat' dir='ltr'><strong>pascuae</strong></span> <span class='ocrx_word' id='word_1_695' title='bbox 1934 5795 2157 5836; x_wconf 86' lang='lat' dir='ltr'><strong>revoca-</strong></span> 
     </span>
    </p>
   </div>
   <div class='ocr_carea' id='block_1_109' title="bbox 571 5869 2156 5944">
    <p class='ocr_par' dir='ltr' id='par_1_109' title="bbox 571 5869 2156 5944">
     <span class='ocr_line' id='line_1_111' title="bbox 571 5869 2156 5944; baseline 0.003 -20"><span class='ocrx_word' id='word_1_696' title='bbox 571 5883 633 5924; x_wconf 87' lang='lat' dir='ltr'><strong>re</strong></span> <span class='ocrx_word' id='word_1_697' title='bbox 657 5879 930 5943; x_wconf 89' lang='lat' dir='ltr'><strong>oporteat,</strong></span> <span class='ocrx_word' id='word_1_698' title='bbox 957 5885 1026 5926; x_wconf 82' lang='lat' dir='ltr'><strong>ex</strong></span> <span class='ocrx_word' id='word_1_699' title='bbox 1047 5879 1360 5926; x_wconf 89' lang='lat' dir='ltr'><strong>sanctorum</strong></span> <span class='ocrx_word' id='word_1_700' title='bbox 1383 5869 1603 5928; x_wconf 86' lang='lat' dir='ltr'><strong>Patrum</strong></span> <span class='ocrx_word' id='word_1_701' title='bbox 1631 5886 2007 5944; x_wconf 88' lang='lat' dir='ltr'><strong>canonumque</strong></span> <span class='ocrx_word' id='word_1_702' title='bbox 2028 5888 2156 5928; x_wconf 86' lang='lat' dir='ltr'><strong>sen-</strong></span> 
     </span>
    </p>
   </div>
   <div class='ocr_carea' id='block_1_110' title="bbox 2260 5407 3849 5479">
    <p class='ocr_par' dir='ltr' id='par_1_110' title="bbox 2260 5407 3849 5479">
     <span class='ocr_line' id='line_1_112' title="bbox 2260 5407 3849 5479; baseline -0.003 -12"><span class='ocrx_word' id='word_1_703' title='bbox 2260 5420 2408 5479; x_wconf 84' lang='lat' dir='ltr'><strong>sunt,</strong></span> <span class='ocrx_word' id='word_1_704' title='bbox 2432 5419 2488 5466; x_wconf 91' lang='lat' dir='ltr'><strong>et</strong></span> <span class='ocrx_word' id='word_1_705' title='bbox 2508 5423 2672 5466; x_wconf 90' lang='lat' dir='ltr'><strong>unam</strong></span> <span class='ocrx_word' id='word_1_706' title='bbox 2698 5423 2820 5465; x_wconf 89' lang='lat' dir='ltr'><strong>esse</strong></span> <span class='ocrx_word' id='word_1_707' title='bbox 2842 5407 3102 5463; x_wconf 88' lang='lat' dir='ltr'><strong>deitatem</strong></span> <span class='ocrx_word' id='word_1_708' title='bbox 3149 5416 3206 5463; x_wconf 90' lang='lat' dir='ltr'><strong>et</strong></span> <span class='ocrx_word' id='word_1_709' title='bbox 3256 5408 3616 5464; x_wconf 89' lang='lat' dir='ltr'><strong>substantiam</strong></span> <span class='ocrx_word' id='word_1_710' title='bbox 3643 5417 3699 5464; x_wconf 90' lang='lat' dir='ltr'><strong>et</strong></span> <span class='ocrx_word' id='word_1_711' title='bbox 3734 5424 3849 5463; x_wconf 80' lang='lat' dir='ltr'><strong>ma-</strong></span> 
     </span>
    </p>
   </div>
   <div class='ocr_carea' id='block_1_111' title="bbox 2251 5498 3850 5573">
    <p class='ocr_par' dir='ltr' id='par_1_111' title="bbox 2251 5498 3850 5573">
     <span class='ocr_line' id='line_1_113' title="bbox 2251 5498 3850 5573; baseline -0.003 -13"><span class='ocrx_word' id='word_1_712' title='bbox 2251 5503 2508 5573; x_wconf 81' lang='lat' dir='ltr'><strong>iestatem</strong></span> <span class='ocrx_word' id='word_1_713' title='bbox 2542 5503 2598 5558; x_wconf 91' lang='lat' dir='ltr'><strong>in</strong></span> <span class='ocrx_word' id='word_1_714' title='bbox 2629 5500 2804 5557; x_wconf 92' lang='lat' dir='ltr'><strong>tribus</strong></span> <span class='ocrx_word' id='word_1_715' title='bbox 2831 5500 3082 5572; x_wconf 86' lang='lat' dir='ltr'><strong>personis</strong></span> <span class='ocrx_word' id='word_1_716' title='bbox 3106 5498 3287 5556; x_wconf 88' lang='lat' dir='ltr'><strong>Patris</strong></span> <span class='ocrx_word' id='word_1_717' title='bbox 3301 5508 3356 5556; x_wconf 88' lang='lat' dir='ltr'><strong>et</strong></span> <span class='ocrx_word' id='word_1_718' title='bbox 3383 5499 3507 5554; x_wconf 86' lang='lat' dir='ltr'><strong>Filii</strong></span> <span class='ocrx_word' id='word_1_719' title='bbox 3532 5509 3591 5554; x_wconf 90' lang='lat' dir='ltr'><strong>et</strong></span> <span class='ocrx_word' id='word_1_720' title='bbox 3613 5499 3850 5571; x_wconf 85' lang='lat' dir='ltr'><strong>Spiritus</strong></span> 
     </span>
    </p>
   </div>
   <div class='ocr_carea' id='block_1_112' title="bbox 2261 5591 3850 5664">
    <p class='ocr_par' dir='ltr' id='par_1_112' title="bbox 2261 5591 3850 5664">
     <span class='ocr_line' id='line_1_114' title="bbox 2261 5591 3850 5664; baseline -0.004 -12"><span class='ocrx_word' id='word_1_721' title='bbox 2261 5596 2454 5653; x_wconf 90' lang='lat' dir='ltr'><strong>sancti.</strong></span> <span class='ocrx_word' id='word_1_722' title='bbox 2485 5595 2730 5663; x_wconf 89' lang='lat' dir='ltr'><strong>Itemque</strong></span> <span class='ocrx_word' id='word_1_723' title='bbox 2751 5592 3006 5664; x_wconf 90' lang='lat' dir='ltr'><strong>quoniam</strong></span> <span class='ocrx_word' id='word_1_724' title='bbox 3030 5591 3199 5647; x_wconf 86' lang='lat' dir='ltr'><strong>Filius</strong></span> <span class='ocrx_word' id='word_1_725' title='bbox 3219 5593 3313 5648; x_wconf 91' lang='lat' dir='ltr'><strong>Dei</strong></span> <span class='ocrx_word' id='word_1_726' title='bbox 3344 5593 3662 5648; x_wconf 89' lang='lat' dir='ltr'><strong>incarnatus</strong></span> <span class='ocrx_word' id='word_1_727' title='bbox 3679 5601 3767 5648; x_wconf 86' lang='lat' dir='ltr'><strong>est</strong></span> <span class='ocrx_word' id='word_1_728' title='bbox 3786 5592 3850 5646; x_wconf 86' lang='lat' dir='ltr'><strong>de</strong></span> 
     </span>
    </p>
   </div>
   <div class='ocr_carea' id='block_1_113' title="bbox 2261 5683 3845 5758">
    <p class='ocr_par' dir='ltr' id='par_1_113' title="bbox 2261 5683 3845 5758">
     <span class='ocr_line' id='line_1_115' title="bbox 2261 5683 3845 5758; baseline -0.003 -14"><span class='ocrx_word' id='word_1_729' title='bbox 2261 5686 2465 5758; x_wconf 89' lang='lat' dir='ltr'><strong>Spiritu</strong></span> <span class='ocrx_word' id='word_1_730' title='bbox 2489 5695 2680 5742; x_wconf 89' lang='lat' dir='ltr'><strong>sancto</strong></span> <span class='ocrx_word' id='word_1_731' title='bbox 2705 5693 2759 5740; x_wconf 91' lang='lat' dir='ltr'><strong>et</strong></span> <span class='ocrx_word' id='word_1_732' title='bbox 2789 5683 2953 5740; x_wconf 82' lang='lat' dir='ltr'><strong>Maria</strong></span> <span class='ocrx_word' id='word_1_733' title='bbox 2978 5683 3198 5756; x_wconf 85' lang='lat' dir='ltr'><strong>Virgine</strong></span> <span class='ocrx_word' id='word_1_734' title='bbox 3224 5699 3325 5756; x_wconf 89' lang='lat' dir='ltr'><strong>pro</strong></span> <span class='ocrx_word' id='word_1_735' title='bbox 3350 5685 3523 5740; x_wconf 89' lang='lat' dir='ltr'><strong>salute</strong></span> <span class='ocrx_word' id='word_1_736' title='bbox 3544 5694 3602 5740; x_wconf 87' lang='lat' dir='ltr'><strong>et</strong></span> <span class='ocrx_word' id='word_1_737' title='bbox 3625 5698 3845 5755; x_wconf 80' lang='lat' dir='ltr'><strong>repara-</strong></span> 
     </span>
    </p>
   </div>
   <div class='ocr_carea' id='block_1_114' title="bbox 2263 5767 3844 5854">
    <p class='ocr_par' dir='ltr' id='par_1_114' title="bbox 2263 5767 3844 5854">
     <span class='ocr_line' id='line_1_116' title="bbox 2263 5767 3844 5854; baseline -0.003 -15"><span class='ocrx_word' id='word_1_738' title='bbox 2263 5767 2409 5839; x_wconf 84' lang='lat' dir='ltr'><strong>tione</strong></span> <span class='ocrx_word' id='word_1_739' title='bbox 2434 5782 2654 5839; x_wconf 90' lang='lat' dir='ltr'><strong>humani</strong></span> <span class='ocrx_word' id='word_1_740' title='bbox 2675 5781 2912 5853; x_wconf 89' lang='lat' dir='ltr'><strong>generis,</strong></span> <span class='ocrx_word' id='word_1_741' title='bbox 2933 5781 3096 5836; x_wconf 91' lang='lat' dir='ltr'><strong>homo</strong></span> <span class='ocrx_word' id='word_1_742' title='bbox 3119 5783 3315 5848; x_wconf 86' lang='lat' dir='ltr'><strong>factus,</strong></span> <span class='ocrx_word' id='word_1_743' title='bbox 3341 5797 3560 5854; x_wconf 88' lang='lat' dir='ltr'><strong>passus,</strong></span> <span class='ocrx_word' id='word_1_744' title='bbox 3585 5781 3844 5852; x_wconf 86' lang='lat' dir='ltr'><strong>sepultus,</strong></span> 
     </span>
    </p>
   </div>
   <div class='ocr_carea' id='block_1_115' title="bbox 2261 5872 3842 5943">
    <p class='ocr_par' dir='ltr' id='par_1_115' title="bbox 2261 5872 3842 5943">
     <span class='ocr_line' id='line_1_117' title="bbox 2261 5872 3842 5943; baseline -0.001 -13"><span class='ocrx_word' id='word_1_745' title='bbox 2261 5875 2422 5934; x_wconf 88' lang='lat' dir='ltr'><strong>tertia</strong></span> <span class='ocrx_word' id='word_1_746' title='bbox 2447 5877 2533 5932; x_wconf 90' lang='lat' dir='ltr'><strong>die</strong></span> <span class='ocrx_word' id='word_1_747' title='bbox 2561 5875 2883 5941; x_wconf 80' lang='lat' dir='ltr'><strong>resurrexit,</strong></span> <span class='ocrx_word' id='word_1_748' title='bbox 2905 5881 2961 5929; x_wconf 89' lang='lat' dir='ltr'><strong>et</strong></span> <span class='ocrx_word' id='word_1_749' title='bbox 3001 5873 3241 5931; x_wconf 89' lang='lat' dir='ltr'><strong>ascendit</strong></span> <span class='ocrx_word' id='word_1_750' title='bbox 3268 5874 3336 5929; x_wconf 91' lang='lat' dir='ltr'><strong>ad</strong></span> <span class='ocrx_word' id='word_1_751' title='bbox 3362 5872 3552 5940; x_wconf 68' lang='lat' dir='ltr'><strong>caelos,</strong></span> <span class='ocrx_word' id='word_1_752' title='bbox 3585 5874 3842 5943; x_wconf 75' lang='lat' dir='ltr'><strong>sedetque</strong></span> 
     </span>
    </p>
   </div>
  </div>
