4070 6310
316 393 420 448 705

1755 387 2112 447 CAPITULA.

3455 397 3560 454 706

315 504 382 558 ad
439 506 718 559 dexteram
768 503 969 569 Patris,
999 511 1054 558 et
1092 504 1216 574 quia
1236 513 1495 560 venturus
1539 503 1612 558 sit
1641 501 1887 572 judicare
1912 504 1969 565 Α
1991 502 2136 558 aliud
2165 511 2360 573 praeter
2381 506 2699 561 vestimenta
2740 506 3106 563 ecclesiastica
3143 514 3198 563 et
3221 523 3348 565 vasa
3371 521 3561 571 sancta

313 609 507 650 omnes
527 594 773 651 homines
801 604 1026 667 pr0pter
1060 596 1252 652 merita
1279 597 1520 668 propria,
1549 604 1606 652 et
1631 594 1884 666 quoniam

312 703 504 743 omnes
526 687 722 743 mortui
746 687 801 743 in
828 703 957 744 vera
986 703 1150 744 carne
1172 697 1480 761 resurgent,
1497 687 1646 759 impii
1666 695 1888 758 propter

314 779 523 836 scelera
545 794 641 834 sua
663 795 786 834 cum
813 779 1025 835 diabolo
1053 781 1108 835 in
1127 781 1306 850 ignem
1333 778 1580 836 mittendi
1600 788 1884 845 aeternum,

308 870 444 941 justi
472 886 598 926 vero
621 886 744 926 cum
790 869 1007 927 Christo
1035 879 1092 926 et
1117 885 1240 927 cum
1266 870 1472 942 angelis
1493 868 1606 926 suis
1634 868 1690 924 in
1717 867 1885 923 vitam

311 961 658 1018 consociandi
686 969 963 1018 aeternam.

939 1073 1166 1133 CAPUT
1198 1074 1263 1130 Il.

525 1167 602 1222 De
622 1169 818 1222 honore
843 1176 890 1222 et
919 1169 1298 1222 restauratione
1319 1167 1672 1222 ecclesiarum.

387 1275 522 1348 (Lib.
555 1294 573 1332 ι
623 1276 941 1348 Capitular.,
967 1293 1087 1349 cap.
1119 1278 1207 1346 67,
1239 1286 1295 1334 et
1331 1277 1428 1334 lib.
1456 1294 1532 1344 v1,
1564 1294 1683 1348 cap.
1734 1276 1882 1348 377.)

309 1366 517 1422 Placuit
572 1367 726 1423 nobis
773 1367 1064 1424 admonere
1125 1367 1320 1424 fratres
1371 1377 1426 1424 et
1477 1368 1884 1424 consacerdotes

312 1467 526 1513 nostros
554 1467 611 1512 ut
634 1457 860 1513 ecclesia
907 1459 1002 1514 Dei
1049 1473 1148 1527 per
1175 1458 1386 1514 illorum
1410 1458 1698 1529 parochias
1727 1474 1883 1519 suum

309 1549 510 1604 habeat
533 1550 808 1613 honorem,
845 1557 898 1605 et
926 1549 1118 1604 altaria
1141 1553 1434 1607 secundum
1467 1567 1619 1608 suam
1649 1552 1883 1624 dignita-

308 1647 420 1693 tem
442 1650 770 1694 venerentur
788 1649 844 1694 et
861 1648 1213 1707 exornentur,
1235 1642 1530 1713 domusque
1550 1643 1644 1698 Dei
1667 1651 1722 1697 et
1748 1641 1884 1696 alta-

309 1729 390 1783 ria
416 1739 628 1784 sacrata
658 1744 765 1784 non
789 1730 897 1785 sint
926 1732 1118 1786 avibus
1167 1739 1224 1787 et
1251 1733 1474 1789 canibus
1497 1735 1698 1803 pervia,
1731 1742 1787 1790 et
1823 1742 1884 1789 ut

308 1818 588 1874 saecularia
603 1820 816 1890 negotia
835 1820 1204 1891 etvaniloquia
1219 1821 1271 1877 in
1314 1823 1558 1879 ecclesiis
1588 1840 1695 1879 non
1717 1839 1883 1895 agan-

311 1920 420 1976 tur,
443 1911 567 1981 quia
592 1911 782 1967 domus
807 1912 904 1967 Dei
936 1914 1129 1969 domus
1149 1914 1410 1970 orationis
1430 1915 1586 1971 debet
1609 1932 1747 1980 esse,
1775 1932 1881 1972 non

308 2003 566 2072 spelunca
617 2001 891 2058 latronum
942 2002 1159 2073 (Matth.
1190 2005 1326 2077 xu),
1371 2015 1427 2061 et
1476 2022 1582 2061 non
1613 2007 1682 2062 ob
1722 2006 1881 2063 aliam

307 2111 528 2151 causam
572 2097 626 2150 iu
653 2095 939 2151 ecclesiam
968 2097 1257 2152 convenire
1311 2099 1507 2154 debere
1547 2099 1651 2154 nisi
1679 2100 1745 2153 ad
1769 2098 1883 2154 lau-

307 2188 547 2243 dandum
577 2187 747 2244 Deum
768 2196 824 2244 et
842 2188 960 2260 ejus
985 2189 1264 2244 servitium
1292 2189 1614 2246 faciendum.
1647 2189 1884 2262 (Capitu-

305 2276 419 2331 lare
465 2276 760 2345 Theodulﬁ,
817 2293 940 2348 cap.
1017 2278 1130 2350 to.)
1181 2279 1608 2352 Disceptationes
1651 2295 1782 2338 vero
1827 2289 1884 2336 et

311 2370 572 2425 tumultus
598 2379 654 2424 et
678 2369 986 2440 vaniloquia
1015 2379 1071 2426 et
1096 2371 1397 2428 scurrilitas
1421 2382 1736 2444 czeteraeque
1761 2381 1880 2428 tur-

307 2475 406 2530 pes
429 2461 670 2516 actiones
693 2459 763 2515 ab
783 2461 971 2517 eodem
1000 2471 1187 2518 sancto
1214 2461 1332 2518 loco
1350 2464 1563 2534 penitus
1587 2463 1881 2534 prohiben-

309 2552 374 2608 da
400 2560 550 2615 sunt.
572 2550 678 2608 Ubi
703 2551 848 2606 enim
877 2551 970 2609 Dei
1003 2567 1198 2609 nomen
1224 2553 1526 2620 invocatur,
1557 2553 1883 2611 sacriﬁcium

311 2643 423 2699 Deo
452 2641 696 2708 offertur,
722 2643 1033 2716 angelorum
1063 2644 1366 2716 frequentia
1388 2647 1567 2703 inesse
1592 2663 1700 2703 non
1729 2646 1885 2702 dubi-

309 2742 480 2801 tatur,
501 2735 864 2806 periculosum
887 2746 973 2793 est
999 2737 1106 2793 tale
1154 2737 1358 2808 aliquid
1399 2737 1580 2794 dicere
1612 2737 1699 2793 vel
1725 2751 1886 2810 agere

309 2828 453 2898 quod
503 2827 622 2885 loco
651 2844 756 2884 non
785 2830 1056 2885 convenit.
1099 2827 1158 2885 Si
1198 2829 1345 2885 enim
1392 2829 1652 2886 Dominus
1678 2829 1796 2886 illos
1817 2829 1885 2885 de

306 2923 512 2996 templo
532 2922 692 2994 ejecit
717 2925 808 2996 qui
834 2925 1086 2981 victimas
1130 2940 1267 2996 quas
1298 2924 1372 2980 ibi
1398 2923 1695 2981 offerebant
1735 2912 1883 2981 eme-

307 3015 443 3070 bant
471 3024 529 3070 et
551 3015 860 3072 vendebant
885 3015 1100 3086 (Matth.
1128 3015 1268 3088 ut),
1295 3025 1496 3087 quanto
1544 3017 1716 3086 magis
1763 3016 1886 3072 illos

307 3107 482 3163 iratus
500 3107 1176 3178 abjiciet-quimeudaciis,
1222 3108 1561 3179 vaniloquiis,
1585 3108 1804 3175 risibus,
1830 3116 1886 3164 et

313 3198 626 3268 huiusmodi
669 3200 828 3271 nugis
875 3199 1052 3256 locum
1081 3201 1259 3256 divino
1306 3201 1474 3257 cultui
1520 3201 1883 3271 mancipatum

307 3291 553 3347 foedant?
577 3289 855 3347 Monemus
885 3291 1048 3347 etiam
1077 3299 1136 3346 ut
1167 3291 1453 3362 praedictas
1470 3291 1727 3347 ecclesias
1746 3292 1885 3348 bene

306 3390 628 3438 construant
656 3389 713 3436 et
732 3381 1019 3437 emendent
1045 3381 1198 3452 juxta
1229 3397 1412 3436 rerum
1448 3381 1882 3451 possibilitatem,

306 3486 363 3532 et
391 3476 680 3531 luminaria
709 3475 789 3531 eis
822 3474 1080 3541 tribuant,
1103 3475 1242 3530 sicut
1271 3476 1448 3542 decet,
1474 3484 1534 3530 ut
1563 3475 1617 3530 in
1638 3474 1886 3529 omnibus

306 3565 696 3622 bonorilicetur
720 3565 882 3632 Deus,
903 3573 959 3621 et
988 3564 1230 3620 Ecclesia
1284 3575 1470 3621 sancta
1514 3565 1714 3622 Christi
1757 3581 1882 3621 san-

308 3659 476 3730 guine
504 3669 745 3714 mercata
773 3667 1080 3725 veneretur,
1135 3657 1509 3728 magniﬁcetur
1553 3666 1712 3728 atque
1740 3657 1887 3714 exal-

308 3756 456 3804 tetur
488 3747 630 3832 (Lib.
653 3765 691 3804 ιι
719 3747 1037 3817 Capitular.,
1061 3764 1180 3819 cap.
1209 3748 1286 3820 5).

929 3885 1155 3944 CAPUT
1189 3886 1275 3941 111.

309 3978 385 4035 Ut
412 3979 574 4035 missa
601 3978 1083 4051 nequaquamalibi
1109 3980 1210 4051 nisi
1242 3979 1298 4051 in
1340 3977 1556 4051 ecclesia
1579 3977 1884 4034 celebretur.

590 4050 662 4104 Et
677 4048 742 4105 ut
761 4048 819 4105 in
838 4049 1066 4105 ecclesiis
1091 4048 1308 4104 cellaria
1332 4065 1434 4104 non
1459 4049 1610 4118 (iant.

384 4162 711 4235 (Capitulare
736 4161 1030 4232 Theodulﬁ,
1046 4176 1166 4232 cap.
1186 4160 1301 4233 11.)
1325 4161 1605 4218 Missarum
1629 4162 1888 4218 solemnia

308 4269 650 4325 nequaquam
699 4253 830 4308 alibi
882 4252 986 4308 nisi
1034 4253 1089 4307 in
1143 4252 1370 4310 ecclesia
1395 4252 1714 4310 celebranda
1743 4261 1886 4317 sunt,

308 4362 420 4404 non
452 4347 506 4401 in
537 4344 866 4416 quibuslibet
909 4343 1156 4399 domibus
1182 4352 1236 4398 et
1276 4344 1332 4398 in
1385 4343 1584 4399 vilibus
1611 4343 1768 4410 locis,
1795 4351 1890 4399 sed

308 4441 367 4497 in
399 4440 518 4495 loco
563 4454 724 4509 quem
776 4437 1002 4507 elegerit
1051 4437 1329 4503 Dominus,
1364 4435 1518 4506 juxta
1567 4437 1698 4492 illud
1747 4439 1891 4507 quod

308 4529 576 4598 scriptum
604 4535 726 4584 est:
761 4524 891 4581 Vide
912 4526 1182 4596 nea/[eras
1211 4525 1520 4581 holocausta
1549 4537 1642 4580 tua
1664 4527 1719 4580 in
1747 4527 1891 4580 omni

1989 601 2046 650 et
2069 593 2235 649 libros
2253 602 2308 649 et
2328 608 2391 650 ea
2412 611 2532 666 quae
2551 597 2742 652 honori
2763 604 3064 668 congruunt
3085 597 3170 652 vel
3193 613 3299 654 non
3321 598 3562 658 olllciunt

1988 683 2356 740 ecclesiastico
2412 687 2766 753 recondatur;
2817 682 3053 744 ne’forte
3088 688 3134 744 si
3157 687 3260 744 alia
3291 687 3366 744 ibi
3396 705 3559 760 quam

1986 785 2200 846 oportet
2223 777 2438 847 negotia
2466 787 2841 845 exerceantur,
2883 795 2915 835 a
2966 779 3194 837 Domino
3236 781 3556 837 audiamus:

1986 866 2188 922 Domus
2208 883 2325 922 mea
2363 868 2548 923 domus
2577 870 2832 924 orationis
2888 869 3173 924 vocabitur.
3229 868 3334 925 Vos
3386 881 3562 926 autem

1987 958 2182 1030 fecistis
2210 975 2325 1014 eam
2353 958 2653 1030 speluncam
2679 959 2962 1016 latronum.
2987 961 3056 1015 Et
3082 961 3279 1016 iterum
3307 979 3321 1015 :
3347 960 3563 1031 Auferte

1986 1053 2089 1107 ista
2119 1053 2257 1117 hinc,
2292 1063 2342 1108 et
2367 1053 2527 1109 nolite
2548 1054 2722 1124 facere
2761 1054 2974 1110 domum
3015 1054 3194 1111 Patris
3221 1055 3324 1110 mei
3347 1055 3560 1110 domum

1987 1143 2368 1214 negotiationis.

2588 1235 2814 1294 CAPUT
2864 1237 2954 1295 IV.

1988 1322 2057 1379 Ut
2110 1325 2166 1380 in
2212 1325 2438 1380 ecclesiis
2485 1327 2733 1468 cleinctzp’ss
2777 1327 3058 1398 sepultura:
3101 1339 3426 1386 mortuorum
3458 1349 3564 1388 non

2736 1408 2845 1453 ant.
3119 1453 3125 1464 ,

2736 1408 2845 1453 ant.

2057 1511 2382 1583 (Capitulare
2433 1512 2727 1583 Theodulﬁ,
2783 1530 2902 1586 cap.
2960 1514 3039 1586 9.)
3090 1516 3359 1586 Antiquus
3388 1518 3440 1572 in
3478 1518 3561 1573 his

1988 1603 2300 1672 regionibus
2350 1603 2406 1657 in
2466 1603 2694 1659 ecclesia
2746 1605 3178 1675 sepeliendorum
3226 1614 3563 1661 mortuarum

1994 1709 2127 1749 usus
2157 1695 2354 1761 fuit,et
2382 1697 2699 1769 plerumque
2722 1699 2838 1755 loca
2870 1701 3052 1756 divino
3069 1701 3235 1757 cultui
3261 1703 3566 1773 mancipata

1985 1792 2040 1840 et
2064 1786 2130 1841 ad
2150 1785 2454 1843 offerendas
2481 1789 2592 1845 Deo
2621 1790 2826 1846 hostias
2840 1800 3143 1862 prmparata
3161 1793 3425 1848 cimiteria
3453 1794 3566 1847 sive

1910 1864 1958 1924 Β
1985 1877 2305 1949 polyandria
2332 1878 2477 1935 facta
2507 1891 2650 1936 sunt.
2675 1895 2701 1922 ο
2727 1882 2880 1938 Unde
2922 1883 3169 1940 volumus
3191 1894 3252 1938 ut
3275 1886 3343 1939 ab
3366 1885 3468 1939 hac
3507 1898 3567 1938 re

1987 1968 2246 2040 deinceps
2272 1969 2629 2036 abstineatur,
2661 1979 2717 2026 et
2741 1986 2902 2027 nemo
2931 1972 2984 2026 in
3007 1972 3231 2028 ecclesia
3254 1973 3564 2044 sepeliatur,

1985 2057 2092 2113 nisi
2117 2057 2258 2114 forte
2287 2059 2412 2114 talis
2437 2060 2509 2114 sit
2534 2075 2763 2130 persona
2809 2059 3107 2118 sacerdotis
3143 2072 3236 2119 aut
3282 2063 3567 2133 cujuslibet

1979 2148 2112 2219 justi
2134 2149 2368 2206 hominis
2387 2151 2480 2220 qui
2500 2166 2592 2221 per
2606 2151 2730 2207 vita:
2751 2153 3005 2209 meritum
3031 2153 3190 2210 talem
3212 2155 3444 2210 vivendo
3467 2171 3566 2212 suo

1985 2241 2203 2310 corpori
2259 2241 2510 2297 defuncto
2567 2243 2741 2298 locum
2797 2244 3101 2315 acquisivit.
3151 2244 3389 2316 Corpora
3441 2261 3570 2301 vero

1991 2349 2111 2403 quae
2140 2333 2437 2404 antiquitus
2460 2334 2514 2389 in
2543 2335 2788 2392 ecclesiis
2833 2337 3041 2408 sepulta
3083 2346 3208 2393 sunt
3229 2355 3566 2410 nequaquam

1990 2422 2381 2496 proiiciantur;
2413 2426 2506 2482 sed
2536 2427 2722 2482 tumuli
2761 2428 2852 2498 qui
2880 2438 3143 2499 apparent
3169 2429 3486 2500 profundius
3513 2431 3567 2490 in

1985 2521 2188 2569 terram
2223 2516 2526 2582 mittantur,
2555 2525 2612 2572 et
2639 2519 2948 2588 pavimento
2977 2518 3209 2590 desuper
3238 2519 3398 2584 facto,
3422 2520 3568 2576 nullo

1985 2606 2310 2662 tumulorum
2334 2607 2562 2678 vestigio
2608 2619 2923 2680 apparente,
2974 2610 3215 2665 ecclesiae
3263 2611 3565 2666 reverentia

1985 2707 2349 2756 conservetur.
2377 2699 2480 2756 Ubi
2501 2715 2628 2756 vero
2650 2709 2798 2756 tanta
2823 2711 2907 2758 est
2928 2703 3215 2759 multitudo
3236 2704 3560 2759 cadaverum

1984 2800 2047 2849 ut
2070 2794 2174 2850 hoc
2202 2793 2382 2850 facere
2418 2793 2630 2850 dillicile
2674 2795 2765 2861 sit,
2821 2796 2971 2852 locus
3019 2794 3109 2851 ille
3161 2810 3257 2866 pro
3299 2796 3566 2852 cimiterio

1985 2886 2273 2954 habeatur,
2321 2887 2502 2944 ablato
2546 2889 2670 2944 inde
2693 2888 2870 2953 altari,
2908 2897 2962 2944 et
2987 2888 3042 2943 in
3073 2904 3138 2945 eo
3162 2887 3282 2945 loco
3311 2896 3561 2944 constru«

1986 2984 2076 3032 cto
2113 2976 2207 3033 ubi
2257 2976 2508 3051 religiose
2559 2986 2614 3034 et
2659 2995 2792 3051 pure
2837 2978 2948 3035 Deo
3000 2979 3327 3062 sacriﬁcium
3378 2978 3560 3037 otferri

1983 3065 2179 3124 valeat.

2616 3162 2841 3221 CAPUT
2879 3161 2946 3220 ν.

1911 3238 1956 3302 C
1988 3251 2068 3309 De
2093 3252 2241 3309 libris
2259 3262 2307 3310 et
2330 3254 2645 3310 vestimentis
2673 3253 3035 3310 ecclesiasticis
3055 3253 3134 3310 vel
3161 3244 3568 3312 sacerdotalibus

2522 3335 2568 3380 et
2595 3326 2659 3380 de
2687 3327 2822 3381 vasis
2846 3327 3032 3381 sacris.

2059 3437 2199 3507 (Lib.
2242 3455 2259 3494 ι
2305 3437 2630 3506 Capitular.,
2688 3455 2806 3510 cap.
2858 3438 3105 3506 68,105,
3143 3448 3198 3497 et
3240 3441 3332 3496 lib.
3361 3458 3414 3508 v,
3441 3457 3566 3513 cap.

1986 3525 2136 3599 229.)
2184 3528 2521 3586 Admonendi
2568 3531 2732 3586 etiam
2763 3539 2888 3585 sunt
2938 3530 3247 3587 sacerdotes
3270 3541 3565 3602 utoperam

1988 3617 2119 3672 dent
2142 3629 2410 3689 quatenus
2441 3621 2712 3676 missalem
2735 3629 2788 3675 et
2814 3620 3211 3687 lectionarium,
3232 3621 3568 3690 psalterium,

1987 3710 2101 3765 sive
2122 3710 2256 3766 alios
2277 3711 2486 3766 libellos
2511 3711 2614 3767 sibi
2643 3709 2974 3767 necessarios
2995 3712 3133 3766 bene
3172 3721 3445 3766 correctos
3475 3711 3570 3765 ha-

1985 3798 2173 3866 beant,
2229 3801 2354 3871 quia
2409 3816 2550 3871 saepe
2597 3801 2723 3855 dum
2773 3802 2909 3856 bene
2958 3799 3159 3870 aliquid
3187 3801 3356 3855 Deum
3378 3814 3569 3871 rogare

1987 3894 2232 3964 cupiunt,
2280 3909 2378 3965 per
2427 3893 2801 3948 inemendatos
2854 3893 3023 3949 libros
3068 3892 3208 3947 male
3254 3901 3462 3963 rogant.
3501 3891 3566 3946 Et

1986 4001 2186 4060 pueros
2208 4001 2335 4042 suos
2358 4001 2465 4041 non
2491 3985 2676 4041 sinant
2695 3985 2780 4041 vel
2809 3985 3039 4057 legendo
3065 3985 3147 4040 vel
3167 3985 3453 4042 scribendo
3474 3999 3568 4040 eos

1990 4094 2358 4150 corrumpere,
2385 4077 2680 4149 corrigere,
2710 4092 2947 4148 vasaque
3005 4076 3116 4132 Deo
3141 4085 3351 4133 sacrata
3376 4092 3570 4148 magna

1988 4173 2338 4229 veneratione
2369 4172 2686 4226 habeantur.
2718 4170 2786 4225 Et
2811 4185 2918 4224 non
2967 4169 3130 4226 liceat
3159 4169 3318 4225 alicui
3345 4169 3570 4225 calicem

1992 4274 2084 4322 aut
2130 4276 2380 4334 patenam
2421 4271 2514 4318 aut
2561 4262 2837 4333 quodlibet
2862 4277 2959 4317 vas
3004 4269 3277 4318 sacratum
3307 4268 3362 4316 et
3392 4260 3572 4315 divino

1992 4356 2157 4412 cultui
2182 4356 2544 4424 mancipatum
2596 4355 2662 4409 ad
2693 4354 2827 4410 alios
2881 4362 3362 4423 ususretorquere.
3393 4351 3574 4423 (Cupi—

1992 4445 2161 4500 tulare
2189 4443 2483 4514 Theodulﬁ,
2513 4460 2633 4515 cap.
2664 4443 2776 4515 18.)
2804 4443 2938 4498 Nam
2961 4444 3268 4514 quicunque
3317 4441 3383 4497 de
3406 4441 3572 4496 calice

1993 4548 2206 4595 sacrato
2225 4537 2372 4592 aliud
2400 4535 2536 4592 bibit
2561 4543 2761 4606 praeter
2787 4535 2991 4592 Christi
3035 4535 3372 4606 sanguinem,
3402 4532 3491 4600 qui
3517 4532 3572 4585 in

311 4624 430 4680 loco
459 4638 610 4694 quem
633 4621 842 4687 videris,
863 4619 953 4675 sed
986 4620 1043 4674 in
1062 4618 1175 4674 loco
1201 4636 1353 4690 quem
1396 4619 1604 4690 elegerit
1635 4617 1887 4673 Dominus

1995 4642 2334 4690 sacramento
2362 4630 2644 4702 accipitur,
2674 4639 2729 4686 et
2753 4637 3004 4700 patenam
3051 4628 3120 4682 ad
3147 4625 3291 4680 aliud
3341 4623 3573 4680 cilicium

309 4722 371 4768 ut
395 4721 557 4784 ponat
587 4728 774 4766 nomen
819 4727 973 4765 suum
1024 4710 1131 4776 ibi;
1171 4720 1397 4780 excepta
1446 4710 1654 4765 ratione
1704 4723 1890 4766 eorum

312 4805 410 4876 qui
436 4805 493 4860 in
515 4805 814 4860 exercitum
844 4811 1132 4876 pergentes
1155 4804 1221 4858 ad
1251 4803 1354 4858 hoc
1381 4817 1517 4873 opus
1545 4803 1745 4858 habent
1772 4811 1893 4858 ten-

317 4897 460 4952 toria
487 4903 549 4952 et
572 4896 766 4952 altaria
787 4896 1034 4952 dedicata
1065 4896 1120 4950 in
1145 4895 1342 4965 quibus
1386 4896 1670 4951 missarum
1693 4895 1891 4951 solem-

312 4988 408 5044 nia
428 4986 700 5058 expleant.
731 4987 988 5043 Videmus
1003 4986 1165 5042 etiam
1187 4987 1378 5042 crebro
1406 4986 1460 5040 in
1489 4985 1734 5042 ecclesiis
1755 5001 1896 5042 mes-

320 5093 435 5145 ses,
466 5078 672 5145 vinum,
695 5077 902 5145 fenum,
951 5086 1006 5134 et
1050 5087 1370 5135 caeterarum
1426 5076 1638 5148 frugum
1689 5079 1899 5149 species

314 5171 560 5242 congeri.
593 5170 921 5242 (Capitulare
944 5169 1238 5240 Theodulﬁ,
1266 5186 1383 5242 cap.
1417 5170 1494 5244 8.)
1523 5169 1673 5226 Unde
1703 5173 1896 5228 horrea

315 5263 406 5320 vel
428 5262 649 5318 cellaria
680 5263 860 5334 potius
884 5278 1045 5334 quam
1076 5263 1321 5319 ecclesiae
1347 5278 1466 5320 esse
1491 5265 1804 5334 probantur.
1831 5265 1900 5320 Et

316 5357 388 5411 ob
411 5355 538 5421 hoc,
566 5353 708 5424 quod
737 5353 889 5411 nefas
908 5365 1011 5422 est,
1058 5354 1369 5420 homicidia,
1415 5354 1696 5422 adulteria,
1732 5355 1895 5424 furta,

315 5447 764 5512 comessationes,
789 5447 1095 5512 ebrietates,
1123 5447 1466 5517 turpiloquia,
1499 5457 1555 5503 et
1576 5448 1659 5503 his
1697 5447 1894 5504 similia

318 5536 528 5604 illicita,
579 5555 698 5609 qua:
724 5539 842 5595 visu
879 5548 935 5595 et
991 5539 1177 5595 auditu
1221 5541 1452 5596 obscena
1503 5549 1630 5596 sunt
1675 5540 1749 5598 ibi
1777 5541 1895 5598 fieri

318 5644 466 5700 saepe
489 5646 521 5685 a
549 5629 797 5701 plurimis
826 5630 1129 5687 didicimus.
1155 5631 1497 5702 Quapropter
1540 5631 1790 5690 volumus
1837 5642 1898 5689 ut

320 5717 427 5777 hoc
469 5721 686 5792 penitus
725 5722 1044 5778 observetur
1088 5731 1355 5794 quatenus
1394 5723 1448 5778 in
1479 5723 1710 5782 ecclesia
1764 5724 1898 5782 nihil

395 5866 423 5898 ι
451 5856 584 5914 Vide
615 5856 780 5916 Notas
807 5858 874 5916 ad
901 5857 1252 5930 Regiuonem,
1288 5875 1407 5930 pag.
1439 5819 1562 5915 557;

1992 4723 2158 4780 habet
2175 4739 2338 4794 quam
2370 4722 2437 4777 ad
2461 4721 2648 4777 altaris
2697 4719 3083 4784 ministerium,
3116 4715 3468 4771 deterrendus
3490 4723 3574 4771 est

1993 4813 2240 4885 exemplo
2263 4811 2563 4877 Balthasar,
2593 4811 2686 4882 qui
2725 4810 2850 4865 dum
2896 4824 3024 4864 vasa
3076 4807 3291 4863 Domini
3334 4807 3390 4861 in
3444 4821 3574 4862 usus

1996 4922 2313 4964 communes
2337 4906 2648 4976 assumpsit,
2672 4905 2838 4960 vitam
2878 4904 3083 4974 pariter
3110 4917 3233 4957 cum
3258 4917 3421 4972 regno
3441 4900 3576 4956 ami-

1997 5001 2089 5055 sit.
2121 4998 2423 5054 Statuimus
2450 5013 2666 5069 quoque
2691 5005 2753 5052 ut
2775 5012 2897 5052 cum
2949 5011 3159 5051 summo
3185 4994 3362 5049 studio
3385 4993 3577 5049 lintea-

1999 5091 2146 5146 mina
2171 5091 2340 5145 nitida
2371 5089 2632 5144 altaribus
2659 5097 2984 5159 praeparent,
3011 5097 3066 5144 et
3111 5087 3466 5144 sacerdotalia
3495 5087 3577 5142 in-

2001 5168 2254 5238 dumenta
2303 5196 2425 5236 cum
2475 5181 2671 5251 quibus
2711 5180 3054 5236 sacrificatur
3099 5179 3301 5251 optima
3325 5193 3423 5247 pro
3449 5176 3578 5232 viri-

1999 5276 2100 5332 bus
2128 5284 2184 5331 et
2209 5275 2409 5330 munda
2450 5275 2651 5330 habere
2701 5281 2968 5345 satagunt,
3017 5284 3071 5330 et
3119 5275 3231 5328 sive
3281 5287 3420 5327 nova
3463 5271 3577 5326 sive

1999 5375 2272 5423 vetustate
2291 5365 2538 5424 conlecta
2567 5367 2633 5422 ad
2653 5365 2788 5422 alios
2816 5382 2948 5422 usus
2995 5366 3224 5422 transire
3245 5363 3390 5420 nullo
3416 5362 3579 5420 modo

1998 5456 2198 5515 sinant.

2616 5529 2844 5588 CAPUT
2882 5529 2967 5586 Vl.

2554 5620 2634 5677 De
2669 5622 3025 5677 Eucharistia.

2079 5731 2220 5805 (Lib.
2254 5749 2269 5788 ι
2298 5731 2616 5805 Capitular.,
2649 5750 2769 5806 cap.
2801 5734 2923 5791 155.
2959 5731 3258 5804 Capitulare
3283 5727 3575 5804 Theodulﬁ,
