4070 6310
563 440 667 508 707

557 659 893 727 charistiam,
916 670 975 716 ut
1000 663 1212 732 quando
1240 665 1467 735 quisque
1491 665 1867 736 inlirmaverit,
1891 677 1983 723 aut
2002 685 2129 741 par-

556 753 714 809 vulus
763 753 1008 811 inﬁrmus
1057 755 1240 823 fuerit,
1274 758 1457 814 statim
1494 775 1588 816 eos
1615 762 2030 828 communicent,
2058 777 2129 819 ne

556 846 673 902 sine
699 847 1079 904 communione
1128 851 1445 908 moriantur.
1480 852 1653 910 Panes
1700 853 1843 910 enim
1889 868 2025 927 quos
2072 857 2125 911 in

555 939 820 997 sacriﬁcio
840 938 1064 1009 offertis,
1089 950 1182 999 aut
1202 959 1233 999 a
1263 946 1416 1002 vobis
1434 947 1563 1018 ipsis
1585 950 1676 1003 aut
1702 964 1732 1004 a
1755 948 1952 1005 vestris
1970 948 2130 1005 mini-

448 1080 473 1104 ,
554 1030 681 1085 stris
705 1020 855 1087 adid
897 1035 1160 1103 agendum
1213 1034 1421 1092 idoneis
1446 1053 1628 1095 coram
1672 1040 1826 1096 vobis
1874 1038 2040 1097 nitide
2064 1055 2130 1097 ac

552 1120 789 1177 studiose
839 1120 994 1190 ﬂant,
1044 1134 1103 1181 et
1151 1126 1438 1198 diligenter
1465 1130 1786 1187 observetur
1810 1141 1869 1185 ut
1889 1132 2042 1203 panis
2074 1139 2135 1187 et

555 1211 736 1267 vinum
779 1221 835 1268 et
876 1230 1040 1284 aqua,
1086 1217 1203 1273 sine
1232 1219 1429 1290 quibus
1477 1221 2128 1293 missaenequeuntcele-

548 1304 718 1372 brari,
743 1307 1096 1364 mundissimo
1122 1318 1285 1381 atque
1311 1311 1548 1369 studiose
1580 1323 1899 1382 tractentur,
1921 1323 1976 1379 et
1995 1315 2130 1371 nihil

551 1392 607 1451 in
658 1397 744 1452 bis
789 1396 913 1466 vile,
947 1400 1083 1455 nihil
1132 1402 1556 1473 reprehensibile
1600 1405 1925 1473 inveniatur,
1974 1417 2028 1462 et
2070 1414 2131 1462 ut

549 1489 813 1545 sacrificia
838 1491 1179 1548 sanctificata
1206 1510 1328 1549 cum
1359 1510 1554 1567 magna
1600 1497 1875 1568 diligentia
1926 1499 1993 1553 ab
2050 1498 2130 1555 eis

547 1579 869 1653 colligantur
897 1582 988 1652 qui
1019 1583 1165 1653 digni
1194 1594 1336 1649 sunt,
1366 1597 1423 1642 et
1476 1587 1774 1644 honoriﬁce
1823 1596 2124 1644 serventur.

549 1669 694 1743 (Lib.
716 1687 739 1727 ῐ
763 1671 1082 1745 Capitular.,
1103 1690 1223 1748 cap.
1254 1676 1367 1750 67.)
1396 1678 1477 1733 Ab
1523 1679 1773 1735 omnibus
1824 1689 2005 1736 autem
2033 1695 2128 1737 ca-

547 1766 779 1822 vendum
808 1780 1151 1841 summopere
1192 1784 1311 1827 esse
1355 1787 1637 1828 monemus
1670 1782 1733 1828 ut
1779 1789 1887 1829 non
1929 1774 2129 1830 diutius

556 1866 863 1927 serventur,
885 1874 953 1915 ne
979 1858 1121 1918 forte
1145 1862 1359 1934 putrida
1386 1871 1442 1919 et
1492 1864 1778 1922 inhonesta
1811 1873 2124 1938 appareant,

547 1951 641 2006 sed
677 1950 861 2007 tandiu
884 1978 887 1981 ν
912 1953 965 2007 in
1024 1968 1152 2010 vase
1177 1953 1530 2013 mundissimo
1567 1958 1942 2016 custodiantur
1958 1970 2130 2032 usque
2157 1940 2206 2003 Β

546 2040 671 2096 dum
699 2040 773 2099 ad
795 2041 898 2098 alia
924 2040 1102 2100 dicata
1126 2046 1436 2102 succedant.

1143 2177 1370 2239 CAPUT
1406 2179 1515 2239 Ἧι.

857 2289 935 2346 De
958 2290 1065 2348 uita
1094 2301 1147 2348 et
1176 2295 1411 2351 moribus
1453 2298 1803 2355 sacerdotum.

615 2421 937 2498 (Capitulare
963 2424 1260 2501 Theodulﬂ,
1294 2448 1413 2503 cap.
1456 2432 1537 2506 2.)
1566 2432 1790 2506 Oportet
1816 2439 2122 2496 sacerdotes

546 2513 635 2571 Dei
653 2514 1022 2574 assiduitatem
1044 2518 1243 2576 habere
1258 2520 1468 2595 legendi
1490 2534 1545 2581 et
1563 2526 1873 2583 instantiam
1895 2530 2117 2599 orandi;

542 2607 665 2678 quia
695 2608 805 2663 vita
856 2608 956 2666 viri
973 2608 1107 2683 justi
1156 2609 1385 2669 lectione
1418 2614 1728 2684 instruitur,
1758 2619 2004 2677 oratione
2033 2636 2122 2676 or-

540 2704 720 2763 natur,
759 2707 815 2754 et
843 2699 1159 2757 assiduitate
1210 2700 1457 2761 lectionis
1502 2708 1763 2773 munitur,
1791 2708 1947 2783 juxta
1970 2710 2121 2767 illum

540 2785 631 2857 qui
652 2786 866 2845 dicebat
897 2806 911 2844 :
945 2786 1014 2845 In
1044 2789 1199 2847 corde
1229 2809 1343 2848 meo
1378 2794 1631 2850 abscondi
1654 2797 1857 2869 eloquia
1900 2809 2017 2866 tua,
2064 2808 2119 2855 ut

539 2890 643 2930 non
666 2895 868 2948 peccem
915 2880 1027 2935 tibi.
1072 2881 1198 2937 llaec
1238 2892 1363 2939 sunt
1386 2900 1560 2952 arma,
1590 2886 1750 2943 lectio
1785 2889 2037 2947 videlicet
2067 2899 2125 2948 et

539 2966 736 3034 oratio,
754 2968 947 3040 quibus
966 2971 1211 3028 diabolus
1238 2984 1596 3047 expugnatur.
1616 2975 1741 3035 “EBG
1769 2989 1894 3035 sunt
1924 2981 2123 3038 instru—

539 3065 720 3112 menta
753 3060 948 3129 quibus
992 3063 1269 3120 beatitudo
1320 3067 1635 3137 acquiritur.
1683 3070 1858 3141 (ibid.,
1886 3088 2005 3144 cap.
2038 3073 2118 3149 3.)

545 3144 643 3200 llis
669 3149 836 3204 armis
858 3150 988 3205 vitia
1015 3154 1567 3224 comprimuntur,his
1594 3159 1865 3219 alimentis
1888 3144 2119 3222 virtutes

546 3239 880 3308 nutriuntur.
912 3242 980 3298 Et
1006 3244 1051 3299 si
1075 3247 1290 3315 quando
1312 3262 1344 3303 a
1372 3246 1602 3307 lectione
1621 3253 1702 3308 vel
1733 3255 1979 3312 oratione
1999 3272 2117 3315 ces-

1579 461 1878 533 RODULFI
1912 464 2388 524 BITURICENSIS
2415 466 2724 525 EPISCOPI

558 581 676 636 esp.
713 565 797 640 ὗε)
823 565 895 623 Ut
922 570 1223 641 presbyteri
1252 586 1466 642 semper
1484 574 1721 631 habeant
1765 586 2009 648 paratam
2027 593 2123 634 eu-
2148 584 2203 644 Α
2326 544 2329 545 ν

3713 477 3833 535 708

2824 580 3060 640 CAPUT
3094 582 3186 640 IX.

2231 690 2303 747 Ut
2325 692 2448 747 laici
2468 691 2694 769 seniores
2721 688 2911 769 domus
2923 696 3264 769 sacerdotum
3278 767 3285 769 Α
3299 697 3494 769 aliqua
3543 701 3834 755 occasione

2301 764 2675 890 wﬂfeminis
2713 775 2767 819 et
2793 766 3013 821 canibus
3032 767 3308 821 habitandi
3350 764 3572 825 cum
3596 787 3709 826 non
3722 773 3835 825 lut-

2397 851 2432 890 ιι

2298 950 2498 1010 Omnes
2540 955 2601 1009 in
2638 968 2924 1010 commune
2969 956 3210 1012 seniores
3249 958 3607 1015 ecclesiarum
3647 959 3831 1016 laicus

2228 1058 2509 1100 monemus
2554 1053 2615 1100 ut
2654 1045 2709 1100 in
2753 1046 3001 1102 domibus
3043 1048 3413 1118 sacerdotum,
3445 1066 3569 1122 quae
3598 1053 3831 1107 munda

2230 1147 2293 1187 ac
2319 1142 2484 1189 castae
2506 1142 2563 1189 et
2586 1135 2855 1206 religiosae
2886 1137 3083 1193 (habent
3109 1153 3251 1206 esse,
3280 1155 3402 1195 cum
3449 1143 3720 1198 uxoribus
3740 1142 3831 1198 vel

2230 1220 2352 1276 aliis
2379 1219 2599 1278 feminis
2618 1236 2715 1280 seu
2745 1224 2973 1281 canibus
3000 1227 3250 1284 habitare
3274 1230 3586 1288 nullatenus
3609 1248 3831 1302 praesu-

2230 1318 2385 1366 mant
2410 1330 2422 1365 :
2448 1314 2700 1383 quoniam
2725 1314 2981 1371 illicitum
3007 1327 3091 1373 est
3137 1333 3261 1375 eum
3290 1321 3381 1391 qui
3428 1322 3529 1378 soli
3556 1322 3677 1381 Deo
3711 1339 3834 1379 ser-

2228 1404 2347 1459 viro
2362 1402 2588 1473 iubetur
2608 1405 2909 1473 luxuriosis
2927 1409 3110 1467 verbis
3140 1420 3305 1483 atque
3325 1413 3619 1485 superﬂuis
3650 1415 3827 1486 impli-

2233 1496 2347 1552 cari
2405 1496 2747 1567 tumultibus,
2794 1510 2851 1559 et
2892 1502 3168 1559 commissi
3197 1504 3358 1561 ofﬁcii
3399 1506 3658 1577 praefixas
3684 1508 3831 1580 psal-

2228 1584 2397 1653 lendi,
2426 1589 2706 1659 vigilandi,
2730 1592 2945 1658 orandi,
2966 1604 3080 1658 aut,
3129 1595 3178 1650 si
3218 1598 3514 1654 necessitas
3555 1603 3828 1667 evenerit,

2229 1677 2565 1749 baptizandi,
2594 1681 2936 1755 inﬁrmisque
2964 1692 3019 1741 et
3038 1684 3413 1743 deficientibus
3437 1689 3827 1759 subveniendi,

2231 1790 2584 1853 corrumpere
2604 1788 2798 1837 metas.
2822 1779 2939 1836 Hoc
2962 1795 3097 1838 vero
3121 1781 3278 1838 nefas
3299 1784 3560 1856 deinceps
3584 1785 3709 1841 ﬁeri
3731 1800 3830 1841 ve-

2235 1875 2434 1933 lamus,
2460 1884 2531 1924 ne
2557 1869 2651 1926 Dei
2674 1871 2910 1928 ministri
2939 1872 3187 1931 saeculari
3220 1878 3579 1947 oppressione
3622 1878 3831 1935 laedan-

2235 1970 2341 2029 tur,
2376 1971 2433 2020 et
2460 1963 2664 2023 Christi
2692 1980 2825 2036 grex
2878 1966 3201 2027 citatissimo
3251 1970 3428 2040 pretio
3473 1982 3832 2044 comparatus

2234 2057 2566 2129 negligentia
2590 2059 2851 2129 pastorali
2873 2071 3050 2122 morte
3078 2063 3363 2121 damnetur
3380 2074 3607 2123 aeterna.
3631 2065 3695 2123 Si
3723 2083 3828 2124 att-

2228 2157 2337 2206 tem
2366 2150 2435 2207 ab
2464 2151 2592 2207 hinc
2618 2151 2729 2209 tale
2749 2151 2953 2223 aliquid
2979 2161 3195 2225 gestum
3235 2154 3425 2224 fuerit,
3448 2158 3520 2213 ad
3570 2166 3826 2214 nostram

2225 2242 2393 2299 citius
2418 2243 2709 2313 perveniat
2733 2244 3007 2313 notitiam,
3060 2254 3123 2305 ut
3161 2247 3490 2306 auctoritate
3534 2248 3723 2304 divina
3759 2250 3827 2305 ad

2223 2332 2609 2405 corrigendum
2636 2335 2727 2393 vel
2747 2335 2903 2395 inviti
2925 2337 3263 2397 deducantur
3286 2348 3745 2413 transgressores.

2841 2466 3073 2528 CAPUT
3108 2470 3177 2526 Χ.

2402 2556 2518 2626 Quo
2542 2559 2725 2617 ordine
2751 2578 2782 2617 a
2802 2564 3111 2635 presbyteris
3138 2566 3299 2621 missa
3324 2565 3634 2623 celebretur.

2297 2665 2625 2743 (Capitulare
2677 2670 2971 2746 Tlteodulﬁ,
3005 2668 3230 2748 cap.'7.)
3274 2675 3542 2735 Sacerdos
3594 2680 3823 2736 missam

2228 2761 2376 2822 solus
2402 2780 2746 2838 nequaquam
2784 2768 3021 2824 celebret
3057 2788 3068 2823 :
3101 2770 3226 2840 quia
3260 2771 3401 2826 sicut
3427 2771 3514 2826 illa
3547 2772 3825 2829 celebrari

2229 2871 2339 2915 non
2361 2866 2545 2928 potest
2576 2859 2697 2915 sine
2723 2858 3046 2916 salutatione
3096 2860 3413 2929 sacerdotis,
3460 2867 3825 2936 responsione

2225 2948 2429 3021 plebis,
2460 2951 2827 3009 admonitione
2855 2953 3171 3020 sacerdotis,
3228 2956 3579 3027 responsione
3622 2957 3824 3013 nihilo-

2227 3039 2412 3095 minus
2437 3040 2631 3112 plebis,
2657 3041 2730 3096 ita
2761 3042 3017 3098 nimirum
3055 3059 3393 3116 nequaquam
3435 3045 3502 3102 ab
3525 3061 3636 3102 uno
3665 3048 3824 3103 debet

2226 3126 2515 3198 celebrari,
2545 3147 2665 3187 esse
2693 3140 2871 3189 autem
2900 3133 3097 3190 debent
3131 3134 3247 3199 duo,
3284 3146 3378 3191 aut
3415 3143 3530 3195 tres
3584 3138 3681 3209 qui
3715 3139 3823 3194 cir-

2226 3229 2515 3289 cumstent,
2554 3238 2690 3293 quos
2717 3223 2805 3279 ille
2835 3224 3051 3291 salutet,
3099 3242 3129 3280 a
3166 3226 3362 3297 quibus
3401 3226 3454 3283 ei
3483 3230 3820 3300 respondea-

543 3307 716 3395 satur,
749 3330 907 3386 debet
941 3307 1192 3417 manuum
1215 3340 1458 3409 operatio
1478 3307 2120 3416 subsequinuia'otiosi—
2150 3307 2197 3372 C
2229 3318 2339 3367 ων·
2368 3312 2435 3417 EE
2466 3322 2526 3415 u.‘
2545 3313 2828 3417 epiStOIf‘En
2857 3315 3036 3417 ¹¹¹¹,¹¹¹¹³
3070 3316 3237 3417 hich
3283 3319 3463 3392 legere
3515 3334 3819 3417 praesum”

547 3428 627 3473 tas
650 3419 871 3477 inimica
907 3432 990 3480 est
1038 3426 1254 3496 animae,
1285 3439 1340 3485 et
1387 3433 1642 3504 antiquus
1683 3435 1854 3492 hostis
1899 3453 2056 3510 quem
2087 3456 2121 3496 a

546 3508 778 3568 lectione
807 3514 919 3570 sive
960 3518 1027 3571 ab
1069 3521 1316 3578 oratione
1365 3540 1461 3580 seu
1498 3527 1813 3597 operatione
1836 3508 2119 3591 vacantem

544 3602 808 3661 invenerit
830 3606 987 3664 facile
1010 3611 1079 3666 ad
1101 3612 1205 3667 ima
1232 3617 1393 3687 rapit.
1417 3615 1586 3677 Debet
1608 3619 1790 3693 itaque
1812 3620 2013 3680 Christi
2039 3641 2124 3681 sa-

540 3695 730 3754 ccr'dos
763 3703 1078 3775 compositis
1132 3708 1395 3777 moribus,
1444 3711 1590 3767 vultu
1639 3713 1819 3783 hilari,
1872 3732 2123 3776 sermone

539 3791 798 3862 prolicuo,
823 3797 1070 3867 exemplo
1099 3798 1321 3862 salubri.
1365 3802 1579 3874 placido
1608 3806 1811 3875 animo,
1858 3809 1976 3865 sine
2000 3810 2123 3867 dolo

538 3890 593 3937 et
622 3883 985 3954 simulatione,
1015 3897 1176 3960 atque
1196 3893 1447 3950 omnibus
1477 3894 1531 3950 in
1581 3911 1867 3955 commune
1900 3900 2119 3957 virtuti-

538 3973 641 4029 bus
675 3976 903 4045 clarere,
933 3991 1201 4053 quatenus
1252 3983 1354 4042 sibi
1405 3989 1722 4046 commissos
1770 4007 1877 4047 non
1936 3993 2122 4051 livoris

545 4076 705 4137 atque
752 4071 1126 4130 amaritudinis
1182 4074 1296 4133 zelo
1348 4081 1626 4150 pertrahat
1655 4083 1721 4138 ad
1749 4084 1983 4151 ruinam,
2023 4085 2119 4141 sed

540 4157 824 4218 charitatis
851 4173 1014 4235 atque
1042 4165 1341 4228 dulcedinis
1382 4172 1721 4243 providentia
1767 4186 2026 4248 provocet
2050 4179 2119 4236 ad

540 4248 791 4307 salutem.

1124 4346 1352 4410 CAPUT
1391 4353 1522 4412 VIII.

748 4453 827 4515 De
853 4457 1095 4519 doctrina
1127 4471 1175 4518 et
1207 4465 1531 4525 observantia
1550 4472 1900 4531 sacerdotum.

609 4587 748 4683 (Lib.
779 4602 805 4647 ι
825 4591 1145 4665 Capitular.,
1171 4614 1288 4671 cap.
1325 4602 1441 4675 66.)
1470 4604 1541 4662 Ut
1570 4609 1871 4681 presbyteri
1894 4613 1985 4683 qui
2012 4614 2115 4671 sibi

537 4688 592 4736 et
617 4670 832 4741 cte'teris
859 4689 1118 4757 prodesse
1155 4670 1352 4750 debent
1400 4670 1751 4771 summopere
1775 4670 2026 4762 studeant
2051 4718 2111 4764 ut

536 4772 837 4832 doctrinam
864 4789 1068 4837 rectam
1092 4792 1332 4853 teneant,
1365 4797 1420 4843 et
1470 4791 1736 4862 baptisma
1784 4798 2107 4857 catholicum

534 4864 843 4938 observent,
876 4882 930 4929 et
957 4876 1246 4933 missarum
1286 4895 1478 4951 preces
1520 4884 1657 4942 bene
1705 4890 2026 4964 intelligant,
2053 4905 2109 4951 et

534 4956 699 5015 horas
722 4964 1014 5023 canonicas
1041 4966 1266 5027 diurnas
1305 4974 1389 5029 vel
1439 4986 1733 5037 nocturnas
1776 4956 2106 5055 cuslodiant,

533 5053 590 5100 et
608 5054 668 5101 ut
689 5051 880 5119 psalmi
904 5054 1065 5125 digne
1083 5062 1380 5119 secundum
1404 5066 1698 5127 divisiones
1718 5087 1969 5130 versuum
1991 5051 2107 5133 mo;

535 5135 808 5206 dulentur,
855 5151 909 5197 et
959 5146 1292 5207 Dominicam
1343 5158 1647 5213 orationem
1701 5169 1754 5216 et
1803 5166 2105 5235 symbolum

536 5231 701 5325 atque
728 5232 1118 5325 expositionem
1160 5241 1259 5310 ipsi
1308 5254 1533 5300 noscant
1557 5256 1612 5302 et
1638 5231 1886 5307 omnibus
1910 5254 2106 5325 praedi»

535 5327 660 5373 cent
682 5319 1105 5396 intelﬁgendam,
1126 5339 1182 5387 et
1206 5336 1576 5408 unusquisque
1620 5342 1756 5396 sciat
1784 5319 1962 5413 quid-a
1995 5348 2108 5404 Deo

762 5424 1026 5482 quatenus
1073 5436 1260 5477 eorum
1318 5427 1576 5484 doctrinis
1634 5440 1796 5503 atque
1844 5439 2108 5509 exemplis
2174 5464 2177 5471 ν

536 5501 686 5556 multi
708 5508 1094 5573 pertrahantur
1122 5514 1187 5567 ad
1224 5517 1503 5573 servitium
1550 5520 1663 5588 Dei,
1697 5501 1839 5580 sicut
1860 5527 1973 5598 ipse

534 5590 713 5647 minus
741 5593 795 5647 in
826 5595 1117 5668 Evangelio
1144 5605 1395 5674 prmcepit
1419 5624 1431 5659 :
1459 5607 1550 5662 Sic
1596 5609 1764 5666 luceat
1799 5590 1895 5669 (ua;
1939 5628 2107 5672 vestra

533 5699 709 5740 coram
736 5688 1031 5745 hominibus
1060 5703 1115 5746 ut
1148 5695 1354 5752 videant
1385 5717 1539 5770 opera
1568 5714 1735 5758 vestra
1765 5707 1897 5763 bona
1924 5719 1971 5763 et
1996 5710 2109 5779 glo-

510 5770 737 5847 ’νέμω
760 5779 974 5836 Patrem
1001 5795 1220 5841 oestrum
1242 5791 1330 5858 qui
1352 5793 1405 5845 in
1431 5793 1571 5848 ειεΙόε
1596 5806 1692 5850 est.

2228 3418 2334 3460 nec
2380 3402 2639 3473 clericus,
2694 3406 2795 3463 nisi
2853 3409 3005 3479 prius
3057 3410 3474 3468 subdiaconatus
3511 3416 3823 3485 susceperit

2227 3490 2484 3551 cilicium.
2537 3495 2690 3552 Sicut
2733 3499 2879 3553 enim
2905 3500 3128 3556 missam
3178 3505 3487 3560 sacerdotes
3508 3514 3566 3561 et
3588 3521 3821 3580 evange-

2227 3584 2358 3640 lium
2392 3586 2571 3658 legere
2592 3588 2804 3645 diaconi
2828 3589 3106 3661 jubentur,
3130 3593 3204 3649 ita
3234 3595 3518 3667 epistolam
3565 3613 3817 3669 pronun-

2229 3677 2368 3733 tiare
2429 3679 2572 3734 inter
2618 3696 2772 3736 sacra
2833 3683 3122 3741 missarum
3180 3686 3439 3743 solemnia
3492 3690 3817 3746 subdiaconi

2228 3778 2551 3833 noscuntur.
2574 3770 2707 3826 Nam
2734 3773 2779 3827 si
2810 3775 3170 3832 subdiaconus
3216 3776 3467 3845 defuerit,
3502 3789 3597 3835 aut
3622 3795 3654 3834 a
3698 3782 3816 3835 dia-

2229 3877 2369 3917 cono
2391 3871 2486 3916 aut
2517 3863 2597 3923 ab,
2626 3864 2743 3935 ipso
2772 3865 2980 3938 legatur
3022 3868 3359 3941 presbytero,
3390 3880 3449 3925 ut
3479 3888 3585 3927 nou
3607 3873 3819 3944 vitupe-

2227 3963 2381 4006 retur
2404 3953 2765 4009 ministerium
2792 3968 3031 4022 sacrum,
3058 3959 3153 4013 sed
3200 3959 3255 4014 iu
3277 3961 3532 4017 omnibus
3552 3963 3818 4019 honoriﬁ-

2226 4051 2382 4097 cetur
2406 4043 2567 4099 Deus.
2597 4045 2771 4117 (ibid.,
2808 4062 2927 4117 cap.
2950 4048 3033 4120 6.)
3054 4049 3293 4107 Femina
3317 4060 3500 4108 autem
3526 4057 3816 4112 sacerdote

2224 4133 2450 4188 missam
2476 4133 2785 4192 celebrante
2813 4152 3151 4210 nequaquam
3194 4142 3260 4197 ad
3306 4142 3481 4198 altare
3525 4148 3812 4213 accedant,

2223 4238 2330 4279 nec
2362 4240 2492 4280 vasa
2524 4241 2676 4282 sacra
2702 4229 3044 4300 contingant,
3094 4231 3193 4291 sed
3226 4233 3283 4288 in
3324 4234 3459 4290 locis
3500 4237 3618 4292 suis
3648 4246 3811 4293 stent.

2222 4312 2494 4371 lemures
2518 4317 2663 4372 enim
2684 4332 2806 4375 esse
2836 4319 3035 4377 debent
3068 4322 3285 4380 femina;
3328 4325 3666 4385 inﬁrmitatis
3703 4347 3815 4385 sua:

2223 4414 2282 4461 et
2308 4420 2469 4462 sexus
2497 4407 2906 4466 imbecillitatis.
2932 4410 2997 4467 Et
3037 4412 3240 4470 idcirco
3265 4424 3452 4472 sancta
3474 4418 3735 4487 quaelibet
3759 4421 3811 4475 in

2222 4500 2538 4557 ministerio
2566 4504 2812 4562 ecclesia
2860 4509 3177 4581 contingere
3228 4514 3640 4583 pertimescant.
3682 4517 3814 4583 Qum

2223 4591 2391 4645 etiam
2423 4591 2545 4648 laici
2571 4594 2674 4649 viri
2699 4598 3087 4665 pertimescere
3099 4600 3311 4666 deberit,
3330 4618 3403 4659 ne
3418 4602 3573 4659 Oesn
3594 4620 3811 4676 penam

2141 4668 2197 4729 D
2221 4682 2452 4737 subeant
2469 4723 2485 4749 ,
2511 4684 2605 4754 qui
2630 4687 2758 4741 dum
2786 4702 2970 4745 arcam
2996 4690 3210 4747 Domini
3235 4701 3388 4748 extra
3412 4668 3664 4751 ordinari
3693 4696 3810 4767 (sic)

2216 4774 2317 4829 Dei
2362 4784 2672 4835 sustentare
2698 4781 2890 4849 voluit,
2926 4784 3021 4840 sed
3066 4786 3292 4844 Domino
3341 4791 3685 4859 porcum
3725 4792 3809 4847 in-

2216 4873 2385 4923 tcriit.

2416 5024 2419 5025 ν
2825 4965 3055 5025 CAPUT
3109 4969 3200 5026 XI.

2765 5055 2846 5112 De
2878 5060 3252 5132 hospitalitate.

2289 5184 2479 5259 (ΝΜ,
2536 5204 2653 5263 cap.
2696 5192 2807 5266 15.)
2861 5193 3197 5255 Admonendi
3230 5209 3354 5257 sunt
3402 5204 3720 5260 sacerdotes
3750 5216 3808 5261 ut

2216 5272 2637 5353 hospitalitatem
2663 5291 2718 5337 et
2768 5300 2865 5356 per
2918 5302 2976 5343 se
3002 5287 3227 5362 diligant
3252 5302 3307 5346 et
3337 5294 3550 5351 czeteris
3580 5295 3804 5369 diligcn-

2216 5370 2338 5425 dam
2366 5386 2486 5428 esse
2506 5372 2798 5442 insinuent,
2822 5386 2875 5433 et
2897 5378 3025 5434 nulli
3046 5381 3336 5452 hospitium
3362 5385 3710 5456 prohibeant.
3736 5387 3803 5442 Et

2216 5461 2261 5517 si
2293 5462 2378 5517 cui
2423 5463 2562 5519 forte
2611 5466 2901 5538 hospitium
2932 5538 2937 5543 ο
2961 5474 3334 5542 praestiterint,
3391 5474 3595 5531 nullum
3626 5479 3697 5533 ab
3739 5493 3802 5533 eo

2219 5568 2416 5610 munus
2443 5557 2736 5627 accipiant,
2766 5560 2870 5617 nisi
2898 5562 3038 5619 forte
3066 5563 3155 5620 ille
3200 5566 3295 5636 qui
3325 5567 3584 5637 recipitur
3614 5580 3801 5641 sponte

2216 5655 2315 5697 sua
2342 5642 2540 5716 aliquid
2569 5648 2677 5702 det.
2708 5650 3108 5725 Dicendumque
3137 5653 3240 5711 illis
3266 5656 3499 5726 qualiter
3525 5658 3680 5714 multi
3708 5675 3801 5730 per

2215 5734 2602 5804 hOSpitalitatis
2628 5738 2858 5796 officium
2886 5743 2994 5800 Deo
3035 5744 3373 5817 placuerunt,
3416 5750 3629 5806 dicente
3657 5754 3797 5823 Apo—

2126 5896 2134 5900 _
2217 5825 2358 5881 Stolo
2385 5840 2399 5879 :
2432 5824 2535 5882 Per
2563 5830 2696 5885 hanc
2726 5833 2861 5886 enim
2890 5834 3194 5905 placuerunt
3216 5840 3428 5908 quidam
3472 5839 3601 5906 Deo,
3642 5860 3796 5912 ange-

2091 5904 2115 5941 ³ί
2221 5914 2285 5969 lis
2313 5915 2533 5987 hospitio
2554 5926 2823 5992 susceptis.
2874 5925 2941 5979 Et
2965 5927 3158 5982 iterum
3194 5904 3541 5987 :tﬂosoitales
3583 5934 3792 5987 int-irem

2036 6000 2077 6024 ,ι-ν,
2092 5991 2139 6015 ζ»
