4070 6310
253 469 356 528 709

1703 459 2064 517 CAPiTULA.

3399 457 3504 512 710

248 584 363 638 sine
415 580 848 635 murmuratione.
903 578 972 632 Et
1010 579 1124 648 ipse
1168 577 1424 632 Dominus
1466 576 1532 629 ad
1569 573 1830 645 judicium
1859 576 1910 635 Α
1936 588 2124 642 quere,
2184 586 2287 626 non
2334 571 2540 641 jurare,
2573 585 2642 626 ne
2669 569 2806 626 forte
2832 570 3097 640 perjures,
3128 569 3410 625 veritatem
3436 585 3507 627 ex

251 673 494 729 dicturus
521 678 604 726 est
633 687 645 723 :
695 667 896 739 Hospes
924 685 1089 734 eram,
1125 679 1171 722 et
1218 666 1498 738 collegistis
1519 682 1618 720 me.
1645 664 1829 720 Sciant

249 779 484 836 namque
506 764 812 834 quicunque
855 761 1270 832 hospitalitatem
1322 767 1522 824 amant,
1557 757 1828 813 Christum

250 856 388 914 sein
429 853 728 924 hospitibus
763 853 1022 922 recipere.
1072 851 1385 907 Esurientes
1431 865 1559 921 ergo
1600 847 1828 903 satiandi

250 956 396 1012 sunt,
420 947 664 1003 sitientes
689 944 930 1015 potandi,
963 943 1090 999 nudi
1111 943 1409 1014 aperiendi,
1437 941 1634 996 inﬁrmi
1661 950 1716 995 et
1740 938 1831 1010 qui

251 1043 308 1100 in
353 1055 572 1100 carcere
631 1048 756 1097 sunt
813 1039 1088 1105 visitandi,
1134 1048 1189 1095 et
1236 1038 1472 1109 hospites
1525 1034 1827 1104 colligendi,

252 1135 468 1192 dicente
497 1131 764 1187 Domino:
799 1128 1006 1184 Esurivi
1037 1131 1194 1195 enim,
1225 1139 1272 1183 et
1297 1127 1512 1183 dedistis
1539 1126 1666 1180 mihi
1689 1141 1834 1179 man-

252 1224 486 1288 ducare;
505 1219 665 1287 sitim',
689 1231 735 1277 et
765 1221 980 1276 dedistis
1001 1220 1128 1275 mihi
1154 1221 1340 1287 bibere,
1373 1227 1426 1274 et
1446 1227 1663 1274 caetera.
1697 1215 1832 1270 Nam

255 1315 374 1372 haec
397 1313 576 1372 omnia
606 1323 659 1370 et
687 1313 741 1368 in
774 1328 832 1370 se
859 1313 1086 1382 quisque
1137 1311 1294 1369 debet
1337 1310 1653 1384 spiritaliter
1676 1323 1834 1381 agere

254 1415 311 1463 et
336 1406 394 1463 in
424 1406 546 1462 aliis
567 1404 858 1462 carnaliter
879 1402 1189 1474 adimplere.

859 1513 1086 1570 CAPUT
1122 1512 1235 1568 XII.

677 1606 758 1662 De
792 1606 1027 1661 conciliis
1056 1605 1408 1661 observandis.

333 1721 644 1779 Secundum
666 1721 971 1792 priscorum
995 1721 1172 1778 edicta
1201 1720 1422 1776 Patrum
1449 1717 1630 1775 cuncti
1657 1731 1836 1773 sacer-

257 1815 413 1870 dotes
440 1829 538 1884 per
560 1813 846 1883 parochias
900 1813 1180 1868 constituti
1227 1811 1294 1866 ad
1341 1809 1626 1867 concilium
1653 1807 1838 1863 venire

254 1903 536 1974 iubentur,
577 1911 638 1959 ut
684 1904 758 1959 ibi
797 1904 1040 1960 omnium
1099 1902 1457 1974 quaestionum
1510 1899 1725 1972 negotia
1769 1895 1838 1952 ab

257 1999 515 2070 episcopo
537 1999 915 2066 discutiantur,
945 2008 1004 2054 ut
1024 2014 1144 2070 qua:
1169 1998 1320 2054 utilia
1341 2005 1467 2054 sunt
1487 1983 1835 2068 comproben-

255 2097 371 2154 tur,
396 2096 451 2144 et
477 2087 683 2142 inutilia
713 2104 940 2159 quaeque
970 2098 1026 2144 et
1055 2088 1240 2144 illicita
1277 2087 1534 2144 canonice
1561 2086 1836 2156 corrigan-

257 2188 367 2236 tur.
394 2179 549 2237 Unde
571 2195 853 2237 monemus
878 2195 1066 2237 omnes
1097 2189 1158 2236 ut
1203 2180 1320 2236 haec
1352 2179 1604 2236 salutaria
1635 2177 1837 2233 monita

261 2271 535 2330 custodire
555 2288 664 2329 non
717 2273 1009 2346 negligant,
1040 2280 1094 2330 et
1122 2273 1187 2330 ad
1215 2272 1476 2345 synodum
1503 2269 1650 2327 omni
1676 2252 1836 2326 occa-

258 2365 413 2422 sione
433 2364 642 2420 sublata
671 2380 960 2422 occurrere
988 2363 1360 2421 indifferenter
1404 2373 1672 2436 satagant,
1701 2378 1837 2434 qua-

255 2458 384 2515 liter
427 2458 780 2514 unanimitate
834 2457 1046 2515 servata
1093 2458 1336 2516 omnium
1389 2457 1839 2528 disceptationum

259 2550 477 2606 ruinosa
508 2548 764 2608 tollantur
793 2551 1034 2612 dissidia.
1068 2550 1130 2608 Si
1172 2551 1295 2622 quis
1323 2567 1453 2607 vero
1487 2551 1573 2606 his
1619 2550 1842 2605 institu-

225 2708 229 2712 _
258 2641 498 2698 tionibus
521 2641 792 2698 contraire
823 2643 1141 2708 tentaverit,
1163 2652 1219 2699 et
1258 2642 1535 2716 synodalia
1564 2643 1684 2699 iura
1713 2658 1844 2698 con-

261 2741 509 2788 temnens
532 2733 601 2788 ad
647 2741 897 2792 nostrum
941 2733 1228 2790 concilium
1272 2743 1690 2806 nostrorumque
1738 2732 1841 2787 mi-

258 2824 555 2880 nistrorum
587 2824 848 2882 festinare
874 2825 1169 2893 distulerit,
1214 2825 1320 2882 nisi
1357 2826 1560 2898 justam
1613 2839 1840 2882 excusa-

261 2915 426 2973 tionis
463 2918 751 2988 protulerit
797 2934 1044 2988 causam,
1082 2920 1358 2978 canonica
1403 2919 1842 2978 excommunica-

263 3008 423 3070 tionis
449 3011 649 3072 sentiet
667 3025 905 3088 prauam.

847 3120 1076 3182 CAPUT
1097 3121 1234 3178 XIII.

630 3211 708 3272 De
725 3213 1096 3284 praedicatione
1114 3213 1464 3270 sacerdotum.

333 3323 658 3395 (ςαρσωιαε
689 3323 962 3393 ramum
993 3340 1112 3395 cap.
1140 3325 1260 3398 as.)
1289 3324 1584 3382 Hortamur
1615 3339 1712 3381 vos
1741 3339 1842 3396 pa-
1873 3308 1920 3372 C

261 3424 412 3469 ratos
435 3429 558 3470 esse
581 3412 651 3468 ad
680 3413 952 3468 docendas
990 3414 1196 3483 plebes.
1244 3415 1350 3484 Qui
1375 3413 1690 3485 Scripturas
1719 3416 1842 3480 scit,

260 3506 520 3575 praelucet
557 3502 883 3572 Scriptores.
929 3503 1032 3570 Qui
1085 3520 1214 3560 vero
1260 3504 1596 3576 Scripturam
1647 3506 1844 3572 nescit,

261 3597 452 3654 saltem
499 3597 606 3652 hoe
639 3596 784 3666 quod
825 3595 1167 3650 notissimum
1200 3603 1284 3651 est
1310 3597 1560 3666 plebibus
1587 3597 1756 3660 dicat,
1786 3606 1847 3652 ut

261 3689 585 3745 declinanda
620 3689 764 3743 male
789 3697 845 3744 et
868 3688 1070 3744 faciant
1094 3690 1316 3756 bonum,
1344 3690 1620 3759 inquirant
1654 3705 1844 3759 pacem

260 3790 320 3834 et
345 3789 639 3849 sequantur
663 3793 806 3842 eam,
835 3779 958 3850 quia
981 3779 1124 3834 oculi
1158 3779 1374 3836 Domini
1400 3796 1556 3850 super
1573 3780 1772 3849 justas,
1797 3792 1846 3836 et

262 3887 422 3926 aures
455 3871 570 3941 eius
620 3871 676 3926 in
719 3887 894 3941 preces
934 3885 1151 3935 eorum;
1199 3871 1374 3927 uultus
1413 3881 1588 3927 autem
1632 3872 1846 3928 Domini

258 3978 418 4032 super
445 3961 693 4030 facientes
723 3962 880 4026 mala,
919 3971 980 4018 ut
1002 3963 1193 4033 perdat
1226 3961 1292 4017 de
1336 3973 1481 4019 terra
1531 3965 1844 4019 memoriam

259 4067 470 4107 eorum.
522 4051 710 4108 Nullus
739 4068 868 4124 ergo
907 4068 965 4109 se
1005 4069 1268 4108 excusare
1312 4054 1510 4123 poterit
1546 4054 1690 4123 quod
1740 4071 1846 4111 non

259 4145 460 4203 habeat
488 4145 729 4217 linguam
755 4146 900 4200 unde
924 4146 1089 4214 possit
1111 4145 1346 4215 aliquem
1389 4146 1677 4202 aediﬁcare.
1727 4147 1846 4204 Mox

255 4237 408 4292 enim
450 4246 515 4290 ut.
560 4235 856 4305 quemlibet
895 4245 1168 4291 errantem
1205 4236 1424 4303 viderit,
1465 4248 1625 4307 prout
1670 4247 1851 4308 potest

255 4339 357 4384 aut
381 4329 542 4394 valet,
579 4338 674 4386 aut
713 4329 986 4400 arguendo
1017 4340 1109 4384 aut
1157 4331 1494 4387 obsecrando
1520 4342 1614 4387 aut
1660 4333 1846 4389 incre-

256 4418 439 4488 pando
468 4421 538 4478 δώ
556 4435 745 4476 errore
770 4422 1012 4475 retrahat
1057 4431 1112 4477 et
1139 4420 1207 4476 ad
1251 4422 1614 4494 peragendum
1647 4426 1846 4480 bonum

257 4525 398 4578 Opus
438 4509 701 4564 hortetur.
743 4509 932 4565 Modus
960 4518 1138 4565 autem
1192 4514 1594 4582 praedicationis
1630 4514 1718 4570 hic
1743 4524 1846 4570 est.

260 4602 385 4668 (ib.,
416 4615 535 4669 cap.
577 4600 692 4671 2|.)
740 4601 800 4656 In
852 4602 1044 4670 primis
1073 4601 1359 4659 Dominum
1405 4606 1576 4660 Deum
1627 4605 1848 4677 diligere

1933 664 2094 719 corde
2114 670 2170 719 et
2195 679 2290 720 ore
2314 662 2578 733 proferre,
2603 663 2803 718 malum
2833 662 3100 733 proman
3118 677 3225 717 non
3255 663 3502 730 reddere,

1931 752 2179 823 iniuriam
2201 769 2304 807 non
2326 751 2522 817 facere,
2558 751 2650 806 sed
2671 760 2726 806 et
2751 750 2947 805 factam
2971 753 3238 821 patienter
3260 750 3503 814 sufferre,

1933 846 2181 902 inimicos
2211 845 2432 917 diligere
2458 853 2678 916 propter
2698 846 2890 911 Deum,
2913 844 3298 900 maledicentes
3317 861 3377 900 se
3402 860 3507 900 non

1933 937 2335 1002 remaledicere,
2372 937 2464 992 sed
2497 936 2668 1007 magis
2713 937 3054 1003 benedicere,
3080 937 3508 1007 persecutionem

1933 1045 2032 1102 pro
2047 1028 2256 1099 justitia
2277 1027 2566 1094 sustinere,
2600 1042 2706 1082 non
2731 1041 2852 1088 esse
2881 1029 3194 1098 superbum,
3222 1043 3329 1082 non
3360 1027 3510 1082 vino—

1934 1123 2157 1185 lentum,
2214 1135 2323 1176 non
2369 1120 2595 1174 multum
2651 1119 2890 1185 edacem,
2945 1135 3052 1175 non
3089 1118 3512 1184 somnolentum,

1935 1230 2041 1270 non
2079 1214 2313 1284 pigrum,
2359 1227 2465 1266 non
2497 1211 2942 1276 murmuriosum,
2978 1225 3082 1265 non
3120 1212 3506 1274 detractorem,

1935 1323 2042 1362 non
2083 1306 2396 1377 litigiosum,
2445 1318 2598 1373 spem
2643 1317 2796 1359 suam
2851 1301 2959 1358 Deo
3011 1303 3366 1358 committere.
3411 1300 3515 1356 Bo-

1938 1414 2068 1455 num
2093 1397 2296 1468 aliquid
2337 1397 2393 1451 in
2443 1411 2504 1450 se
2530 1407 2656 1451 cum
2697 1393 2909 1459 viderit,
2959 1394 3070 1449 Deo
3101 1393 3355 1464 applicet,
3408 1406 3520 1448 non

1939 1490 2041 1546 sibi
2071 1507 2083 1545 :
2115 1487 2315 1543 malum
2337 1502 2467 1542 vero
2497 1502 2527 1540 a
2556 1501 2615 1541 se
2643 1484 2843 1541 factum
2887 1485 3022 1540 sciat
3065 1493 3118 1540 et
3145 1484 3248 1540 sibi
3281 1492 3514 1555 reputet.

1937 1582 2092 1638 Diem
2116 1581 2306 1652 jud-icii
2333 1580 2551 1645 timere,
2586 1580 2893 1650 gehennam
2939 1591 3320 1647 expavescere,
3353 1575 3518 1630 vitam

1938 1683 2202 1732 aeternam
2230 1671 2380 1728 omni
2408 1670 2844 1742 concupiscentia
2900 1669 3130 1740 spiritali
3183 1668 3513 1735 desiderare,

1939 1775 2170 1823 mortem
2187 1766 2426 1836 quotidie
2449 1775 2576 1820 ante
2591 1763 2780 1819 oculos
2800 1772 3108 1832 suspectam
3120 1762 3346 1827 habere,
3368 1769 3528 1815 actus-

1941 1857 2068 1911 vitar
2095 1871 2205 1912 suae
2248 1842 2395 1911 omni
2435 1854 2570 1910 hora
2595 1854 2886 1917 custodire,
2918 1853 2973 1907 in
2999 1853 3148 1908 omni
3190 1851 3312 1906 loco
3351 1850 3523 1906 Deum

1864 1940 1915 2004 Β
1941 1963 1998 2004 se
2023 1947 2297 2019 respicere
2322 1961 2422 2016 pro
2445 1954 2596 2002 certo
2611 1946 2772 2011 scire,
2798 1944 3157 2015 cogitationes
3177 1942 3350 1999 maias
3371 1939 3524 1996 cordi

1942 2055 2040 2097 suo
2065 2039 2412 2094 advenientes
2431 2037 2687 2107 abjicere,
2709 2052 2770 2092 os
2795 2051 2952 2092 suum
2992 2051 3023 2090 a
3066 2035 3208 2089 malo
3251 2033 3335 2086 vel
3359 2045 3527 2102 pravo

1947 2134 2163 2204 eloquio
2199 2131 2496 2198 custodire,
2529 2131 2760 2186 multum
2805 2129 2950 2199 loqui
2995 2143 3104 2184 non
3145 2139 3352 2190 amare,
3393 2139 3526 2193 quo-

1948 2226 2098 2281 niam
2117 2223 2414 2281 secundum
2432 2221 2792 2292 Scriptorum,
2819 2221 2884 2275 lu
2905 2218 3238 2288 multiloquio
3261 2223 3530 2288 peccatum

1949 2335 2058 2374 novt
2081 2318 2266 2382 deerit,
2293 2317 2464 2371 verba
2487 2329 2628 2370 vana
2656 2323 2751 2370 aut
2778 2315 2910 2369 risui
2957 2322 3083 2382 apta
3110 2305 3218 2367 non
3246 2309 3416 2380 loqui,
3457 2308 3528 2362 ri-

1944 2426 2064 2467 sum
2115 2410 2345 2465 multum
2391 2425 2498 2464 non
2527 2423 2734 2475 amare,
2762 2407 3022 2463 lectiones
3060 2412 3274 2461 sanctas
3301 2403 3530 2458 libenter

1945 2503 2153 2568 audire,
2169 2502 2401 2559 orationi
2415 2501 2728 2572 frequenter
2741 2499 3074 2564 incumbere,
3092 2495 3232 2551 mala
3249 2503 3416 2565 prtete
3425 2493 3528 2547 rita

1947 2611 2069 2652 cum
2117 2594 2375 2666 laerymis
2415 2605 2470 2650 et
2513 2593 2715 2664 gemitu
2746 2593 2987 2662 quotidie
3030 2592 3084 2646 in
3134 2590 3382 2646 oratione
3417 2589 3527 2642 Deo

1947 2688 2212 2753 conﬁteri,
2243 2688 2314 2743 de
2353 2688 2487 2758 ipsis
2507 2687 2662 2742 alis
2707 2686 2774 2742 de
2801 2694 3004 2741 caetero
3049 2685 3363 2747 emendare,
3394 2683 3533 2737 desi-

1950 2781 2102 2836 deria
2159 2779 2339 2835 carnis
2393 2793 2502 2832 non
2541 2777 2820 2846 perlicere,
2875 2776 3200 2832 voluntatem
3256 2773 3530 2844 prepriam

1948 2872 2122 2938 odire,
2141 2870 2427 2942 praeceptis
2438 2869 2736 2924 sacerdotis
2750 2868 2806 2922 in
2822 2867 3076 2923 omnibus
3085 2865 3328 2930 obedire,
3341 2864 3534 2918 etiam-

1949 2966 1995 3022 si
2009 2965 2124 3036 ipse
2147 2964 2326 3031 aliter,
2345 2961 2490 3033 quod
2513 2961 2676 3026 absit,
2697 2975 2856 3030 quam
2887 2974 2992 3016 non
3019 2966 3235 3030 oportet
3262 2967 3408 3028 agat,
3427 2969 3536 3011 mc-

1951 3071 2136 3112 mores
2169 3055 2312 3110 illius
2357 3052 2622 3110 Dominici
2649 3050 2926 3121 praecepti.
2961 3049 3092 3118 0w
3121 3049 3302 3106 dicunt
3353 3047 3534 3116 facite,

1948 3165 2068 3221 qua:
2108 3155 2284 3202 autem
2329 3145 2526 3216 faciunt
2568 3143 2739 3214 facere
2765 3142 2956 3206 nolite;
3001 3148 3268 3210 praecepta
3310 3139 3405 3194 Dei
3453 3137 3536 3193 fa-

1947 3241 2054 3300 ctis
2076 3240 2316 3311 quotidie
2363 3238 2673 3308 adimplere,
2706 3236 3017 3293 castitatem
3045 3249 3248 3296 amare,
3283 3232 3458 3288 zelum
3484 3240 3538 3286 et

1951 3333 2210 3390 invidiam
2246 3347 2355 3386 non
2385 3329 2606 3394 habere,
2639 3327 3044 3384 contentionem
3073 3342 3182 3380 non
3209 3339 3416 3386 amare,
3451 3338 3538 3377 se-

1951 3426 2132 3480 niores
2164 3423 2434 3486 venerari,
2459 3420 2703 3492 juniorcs
2732 3418 2976 3489 diligere,
3008 3433 3130 3472 cum
3177 3414 3538 3471 discordanti-

1949 3516 2049 3571 bus
2071 3523 2193 3570 ante
2222 3513 2352 3569 solis
2383 3525 2636 3568 occasum
2683 3511 2735 3564 in
2764 3523 2952 3578 pacem
2981 3508 3178 3572 redire,
3222 3517 3277 3563 et
3324 3507 3390 3562 de
3442 3505 3537 3560 Dei

1949 3606 2322 3662 misericordia
2371 3618 2648 3673 nunquam
2708 3602 3014 3670 desperare.
3073 3597 3202 3653 Hasc-
3242 3607 3365 3656 sunt
3393 3598 3539 3674 enim

1951 3697 2310 3752 instrumenta
2353 3693 2662 3764 spiritalia;
2709 3707 2831 3760 quae
2881 3706 3004 3746 cum
3059 3688 3260 3745 fuerint
3310 3705 3342 3742 a
3386 3688 3542 3748 nobis

1951 3789 2040 3843 die
2090 3795 2362 3856 noctuque
2407 3783 2802 3842 incessabiliter
2840 3782 3130 3851 adimpleta
3173 3781 3314 3836 etin
3341 3781 3428 3836 die
3453 3778 3542 3848 ju-

1951 3879 2076 3936 dicii
2136 3879 2537 3948 reconsignata,
2594 3876 2684 3930 illa
2725 3889 2936 3930 merces
2969 3890 2999 3928 a
3049 3874 3276 3930 Domino
3330 3887 3540 3927 recom-

1949 3971 2269 4042 pensabitur
2297 3985 2463 4040 quam
2515 3969 2632 4039 ipse
2681 3966 2934 4037 promisit
2968 4005 2984 4020 .
3027 3965 3179 4031 Quod
3210 3966 3394 4018 oculus
3438 3981 3542 4018 non

1950 4062 2098 4126 uidit,
2134 4078 2226 4116 nec
2283 4062 2431 4116 auris
2475 4059 2698 4124 audiuit,
2727 4075 2818 4113 nec
2862 4059 2919 4112 in
2971 4074 3060 4112 cor
3090 4057 3316 4112 hominis
3364 4072 3543 4111 ascen-

1950 4153 2054 4220 dit,
2074 4169 2194 4225 quae
2221 4151 2542 4223 prwparauit
2569 4149 2712 4206 Deus
2732 4150 2814 4204 his
2839 4150 2929 4220 qui
2945 4149 3175 4220 diligunt
3201 4165 3340 4206 eum.

2542 4307 2770 4366 CAPUT
2797 4307 2937 4364 XIV.

1952 4425 2032 4480 De
2085 4426 2396 4496 presbyteris
2439 4425 2528 4496 qui
2587 4425 2643 4478 in
2673 4423 2832 4478 Lana
2886 4422 3093 4496 Domini
3141 4438 3233 4491 pro
3265 4421 3544 4496 citrismale

2059 4489 2286 4561 veniunt,
2314 4506 2368 4549 ut
2393 4489 2747 4566 unusquisque
2776 4505 2877 4549 tres
2903 4493 3105 4563 deferat
3141 4489 3429 4560 ampullas.

2027 4608 2167 4679 (Lib.
2195 4625 2210 4664 ι
2239 4609 2496 4678 Capitul.,
2523 4626 2644 4680 cap.
2671 4611 2759 4677 95,
2790 4610 2912 4675 156,
2961 4618 3016 4663 et
3041 4608 3132 4662 lib.
3177 4621 3229 4668 v,
3257 4620 3375 4674 cap.
3413 4602 3536 4657 145.

258 4707 326 4746 cs
363 4698 475 4745 toto
512 4691 694 4756 corde,
729 4699 839 4746 tota
872 4691 1072 4757 anima,
1101 4701 1212 4748 tota
1241 4694 1463 4759 virtute,
1489 4694 1684 4750 deinde
1717 4711 1842 4764 pro-

1952 4701 2086 4758 Vide
2117 4711 2274 4757 notas
2293 4703 2360 4755 ad
2383 4701 2488 4758 loc.
2522 4703 2642 4773 cit.)
2677 4704 2751 4757 De
2773 4700 3105 4772 presbyteris
3122 4699 3214 4769 qui
3237 4695 3540 4766 accipiendi

264 4784 477 4838 simum
527 4793 782 4855 tanquam
843 4786 1098 4854 seipsum.
1168 4786 1373 4842 Deinde
1418 4801 1523 4844 non
1573 4787 1845 4854 occidere,

260 4889 370 4927 non
387 4873 711 4941 adulterare,
735 4889 842 4932 non
865 4875 1040 4931 facere
1061 4875 1290 4941 furtum,
1312 4891 1416 4931 non
1441 4877 1846 4947 concupiscere,

261 4981 370 5018 non
427 4963 618 5021 falsum
677 4968 1042 5022 testimonium
1089 4967 1292 5032 dicere,
1337 4967 1608 5022 honorare
1659 4985 1847 5026 omnes

261 5056 537 5122 homines,
578 5065 629 5112 et
661 5059 802 5127 quod
836 5059 939 5114 sibi
983 5059 1103 5129 quis
1135 5059 1251 5114 ﬁeri
1282 5073 1390 5113 non
1436 5058 1553 5112 vult
1602 5058 1690 5114 alii
1737 5076 1844 5116 non

259 5147 451 5213 faciat,
475 5150 741 5222 abnegare
769 5153 1115 5220 semetipsum
1146 5151 1271 5217 sibi,
1310 5160 1369 5206 ut
1404 5160 1662 5220 sequatur
1687 5151 1845 5207 Chri-

263 5250 430 5305 stum,
454 5256 650 5311 corpus
676 5243 962 5312 castigare,
985 5243 1206 5299 delicias
1228 5258 1336 5298 non
1362 5259 1566 5308 amare,
1582 5241 1845 5310 jejunium

265 5349 472 5397 amare,
505 5349 767 5404 pauperes
807 5351 1083 5401 recreare,
1117 5336 1318 5390 nudum
1359 5336 1577 5400 vestire,
1607 5335 1846 5404 hospites

267 5428 585 5497 suscipere,
633 5429 910 5484 inﬁrmum
959 5430 1204 5494 visitare,
1261 5438 1532 5486 mortuum
1591 5428 1839 5499 sepelire,

266 5519 319 5573 in
352 5521 698 5577 tribulatione
723 5523 910 5590 positis
931 5524 1236 5588 subvenire,
1262 5524 1530 5578 dolentem
1553 5523 1839 5587 consolari,

267 5627 296 5666 a
328 5613 508 5666 smculi
540 5615 746 5668 actibus
768 5629 825 5668 se
850 5613 1026 5669 facere
1060 5615 1313 5680 alienum,
1341 5616 1471 5670 nihil
1495 5616 1666 5671 amori
1700 5614 1850 5669 Chri-

269 5705 341 5760 sti
377 5722 714 5776 praeponere,
746 5707 879 5761 iram
926 5724 1030 5763 non
1075 5708 1661 5780 perlicere,iracundia3
1709 5719 1843 5763 tem-

269 5813 369 5867 pus
417 5814 522 5853 non
578 5815 879 5865 rcservarc,
942 5802 1118 5856 dolum
1174 5803 1224 5855 in
1273 5805 1431 5858 corde
1485 5819 1588 5858 non
1642 5814 1841 5867 tenere,

270 5902 456 5956 pacem
511 5889 698 5945 falsam
745 5908 850 5946 non
901 5892 1051 5958 dare,
1086 5894 1400 5950 charitatem
1455 5912 1558 5949 nou
1611 5895 1843 5951 derelin—

1951 4792 2263 4848 chrismatis
2285 4794 2458 4862 gratia
2485 4795 2552 4848 ad
2575 4793 2824 4848 civitates
2854 4793 2903 4846 in
2934 4791 3100 4846 Coena
3125 4789 3336 4845 Domini
3360 4787 3544 4842 venire

1950 4886 2097 4942 soliti
2130 4895 2258 4942 sunt
2287 4886 2669 4942 constituimus
2701 4895 2757 4940 ut
2783 4901 2847 4940 ex
2891 4885 3074 4939 decem
3129 4899 3268 4938 unus
3293 4881 3541 4953 eligatur,

1952 4979 2043 5048 qui
2068 4987 2346 5049 acceptum
2377 4979 2618 5034 chrisma
2645 4977 2806 5031 sociis
2834 4976 2949 5030 suis
2975 4975 3262 5045 diligenter
3285 4973 3541 5044 perferat.

1952 5071 2019 5126 Hi
2059 5086 2189 5126 vero
2221 5071 2312 5140 qui
2341 5086 2446 5126 non
2477 5068 2690 5139 longius
2715 5084 2746 5122 a
2773 5067 2993 5123 civitate
3019 5081 3182 5137 quam
3212 5082 3306 5122 sex
3337 5073 3432 5120 aut
3461 5081 3544 5122 se-

1955 5173 2100 5235 ptem
2125 5163 2360 5218 millibus
2384 5163 2654 5227 habitant,
2683 5162 2750 5216 ad
2781 5161 3156 5232 accipiendo
3177 5161 3415 5216 chrisma
3441 5175 3542 5230 per

1955 5271 2016 5310 se
2057 5254 2299 5310 veniant.
2328 5252 2462 5308 Tres
2498 5261 2678 5310 autem
2706 5268 2896 5310 omnes
2924 5268 3108 5309 secum
3136 5253 3384 5314 deferant
3433 5268 3546 5310 am-

1953 5347 2148 5418 pullas,
2181 5361 2340 5400 unam
2365 5361 2461 5415 pro
2487 5346 2804 5411 chrismate,
2835 5346 2996 5401 aliam
3031 5362 3126 5416 pro
3151 5345 3272 5401 oleo
3302 5347 3370 5401 ad
3397 5353 3545 5401 cate-

1952 5439 2270 5500 chumenos,
2289 5438 2502 5492 tertiam
2523 5453 2622 5506 pro
2643 5438 2763 5494 oleo
2779 5439 2843 5492 ad
2870 5438 3110 5494 inﬁrmos
3126 5438 3423 5510 ungendus.
3452 5436 3546 5492 Se-

1955 5529 2190 5582 cundum
2223 5529 2403 5598 itaque
2454 5529 2594 5585 beati
2641 5531 2872 5599 apostoli
2901 5530 3086 5586 Jacobi
3135 5531 3542 5590 documentum,

1955 5621 2044 5676 cui
2069 5621 2234 5678 etiam
2285 5622 2502 5676 decreta
2550 5621 2770 5678 Patrum
2812 5632 3130 5685 consonant,
3181 5620 3380 5681 inﬁrmi
3427 5617 3545 5674 oleo

1954 5714 2096 5782 Quod
2133 5713 2201 5768 ab
2219 5713 2488 5782 episcopis
2514 5714 2848 5770 benedicitur
2881 5730 2910 5769 a
2935 5712 3268 5784 presbyteris
3300 5710 3424 5779 uagi
3452 5710 3542 5762 de-

1955 5804 2102 5858 bent.
2132 5803 2271 5857 Dicit
2296 5804 2439 5858 enim
2469 5819 2482 5857 :
2516 5804 2829 5874 In/irmatur
2871 5807 2986 5874 quis
3028 5807 3082 5857 in
3129 5804 3284 5864 vobis,
3328 5801 3542 5852 inducat

1954 5895 2276 5964 presbyteros
2338 5896 2603 5957 I'Irclcsiu',
2649 5906 2692 5948 ct
2732 5907 2874 5948 orent
2909 5912 3062 5963 super
3107 5909 3241 5954 etun,
3301 5899 3540 5958 tingentes
