4070 6310
543 435 643 490 7H

546 645 813 714 inﬁrmum
837 651 883 696 et
913 639 1152 695 allevabit
1179 655 1298 693 eum
1326 638 1596 693 Dominus.
1630 634 1700 691 Et
1729 637 1774 691 si
1811 638 1867 691 in
1901 635 2124 708 peccatis

545 746 640 801 est,
672 735 962 789 remittetur
987 731 1055 786 ei.
1075 731 1192 786 Non
1215 740 1300 785 est
1327 745 1456 801 ergo
1475 728 1911 800 parvipendenda
1937 726 2123 796 hujus-

545 828 753 885 cemodi
779 825 1061 891 medicina,
1102 839 1223 894 quae
1265 823 1510 893 corporis
1538 822 1840 891 animaeque
1880 820 2125 876 medetur

546 919 915 990 languoribus.
963 916 1275 989 Presbyteri
1304 923 1484 971 autem
1529 914 1767 970 chrisma
1811 914 1912 968 sub
1950 912 2125 983 sigillo

545 1009 872 1074 custodiant,
899 1015 956 1062 ut
981 1006 1113 1063 nulli
1142 1007 1243 1063 sub
1264 1012 1527 1076 praztextu
1549 1004 1829 1060 medicina:
1849 1002 1936 1058 vel
1955 1001 2125 1058 alicuc

495 1123 504 1128 ·
537 1102 627 1173 jus
681 1101 932 1158 maleﬁcii
961 1101 1092 1159 dare
1120 1106 1474 1172 praesumant.
1503 1097 1566 1154 Si
1611 1094 1862 1163 fecerint,
1916 1094 2124 1150 honore

541 1193 837 1266 priventur.

467 1277 471 1282 ⁷
1139 1284 1364 1343 CAPUT
1391 1285 1507 1343 XV.

539 1381 618 1438 De
641 1381 978 1453 parochianis
1018 1380 1157 1437 etde
1183 1381 1436 1505 pail'ochia
1477 1378 1693 1459 alterius
1737 1385 1787 1434 et
1831 1378 1896 1433 de
1922 1376 2124 1432 clericis

1224 1469 1258 1505 a
1279 1467 1430 1505 renis.

1224 1467 1410 1506 attenta
1416 1493 1430 1506 .

609 1565 936 1640 (Capitulare
959 1565 1256 1637 Theodul/i,
1281 1581 1400 1638 cap.
1429 1565 1528 1633 14;
1555 1565 1649 1622 lib.
1687 1581 1762 1621 vn
1803 1564 2122 1636 Capitular.,

536 1671 654 1729 cap.
678 1659 780 1714 I98
810 1666 866 1714 et
885 1659 979 1714 lib.
1009 1675 1045 1724 ι,
1079 1674 1200 1730 cap.
1234 1658 1356 1723 147,
1403 1656 1551 1730 148.)
1600 1655 1787 1713 Nullus
1840 1657 2128 1728 presbyter

536 1750 758 1806 alterius
784 1751 1174 1822 parochianum
1201 1747 1527 1821 persuadeat
1552 1758 1610 1804 ut
1649 1749 1716 1804 ad
1746 1763 1900 1804 suam
1951 1747 2124 1803 eccle-

536 1844 672 1898 siam
696 1852 1008 1910 concurrat,
1035 1843 1221 1898 relicta
1253 1841 1469 1914 prepria
1493 1841 1744 1906 ecclesia,
1777 1855 1878 1895 nec
1908 1839 1976 1895 ad
1997 1838 2126 1894 mis-

1605 426 1904 485 RODULFI
1946 421 2422 481 BITURICENSIS
2457 421 2766 480 EPISCOPI

545 565 664 604 eum
697 547 810 602 oleo
854 547 909 599 in
938 547 1142 599 nomine
1190 543 1421 608 Domini,
1467 551 1513 596 et
1546 543 1714 596 oratio
1744 541 1870 611 ﬁdei
1907 539 2124 596 saluabit
2151 545 2208 604 Α

3717 424 3845 481 712

2805 535 3032 593 CAPUT
3090 535 3251 592 XVII.

2289 627 2374 701 _Ut
2406 627 2584 684 nullus
2624 629 2889 700 presbyter
2909 626 3184 752 ecczesittrm
3236 625 3452 683 alterius
3478 627 3758 698 subripere

2921 715 2990 752 au
3033 715 3094 752 ea
3123 737 3138 752 .

2921 715 3138 753 auaeat.

2297 810 2488 880 (Ibid.,
2508 826 2626 881 cap.
2651 811 2751 878 16;
2781 809 2872 866 lib.
2908 825 2984 864 vn
3004 808 3255 879 Capitul.,
3282 825 3403 881 cap.
3431 809 3557 875 206,
3580 819 3640 866 et
3667 811 3766 866 lib.
3791 828 3836 878 ι,

2229 915 2348 970 cap.
2394 900 2541 972 150.)
2575 901 2632 956 Si
2672 903 2794 972 quis
2820 902 3102 972 presbyter
3153 901 3406 957 inventus
3448 901 3620 959 fuerit
3663 904 3836 959 alicui

2229 991 2427 1047 clerico
2460 1002 2554 1047 aut
2588 993 2726 1048 laico
2767 1008 2994 1048 munera
3042 993 3174 1048 dare
3199 1002 3293 1048 aut
3323 995 3537 1050 dedisse
3573 1003 3672 1050 aut
3719 997 3839 1050 ullo

2228 1081 2388 1137 modo
2413 1083 2744 1152 quibuslibet
2775 1084 3101 1140 factionibus
3135 1084 3217 1139 vel
3246 1084 3528 1141 fraudibus
3556 1102 3658 1141 seu
3682 1087 3840 1143 dolo-

2227 1177 2478 1233 sitatibus
2506 1179 2719 1250 publice
2749 1181 2834 1236 vel
2862 1181 3075 1237 occulte
3120 1191 3392 1238 attentare
3424 1192 3481 1238 ut
3533 1184 3838 1240 ecclesiam

2228 1266 2452 1324 alterius
2475 1271 2777 1341 presbyteri
2800 1272 3087 1343 subripiat,
3111 1274 3249 1328 sciat
3283 1289 3342 1330 se
3371 1291 3470 1344 pro
3494 1277 3600 1330 hac
3631 1278 3834 1347 rapina

2227 1367 2283 1414 et
2308 1374 2450 1414 saeva
2477 1361 2771 1431 cupiditate
2793 1373 2883 1417 aut
2904 1363 3126 1435 gradum
3150 1365 3476 1420 amissurum
3508 1375 3604 1421 aut
3624 1367 3683 1422 in
3709 1384 3838 1423 car-

2227 1451 2368 1506 ceris
2392 1467 2630 1508 aerumna
2652 1453 2810 1526 longo
2832 1465 3074 1527 tempore
3089 1457 3465 1527 paenitentiam
3488 1461 3708 1530 agendo
3735 1462 3837 1516 de-

2230 1543 2530 1598 tinendum.
2557 1543 2856 1602 Statuimus
2881 1563 3096 1618 quoque
3135 1559 3192 1604 ut
3224 1551 3407 1606 nullus
3435 1553 3700 1608 sacerdos
3728 1569 3833 1623 pro

2228 1644 2447 1706 accepta
2465 1636 2693 1692 ecclesia
2709 1654 2933 1694 munera
2959 1641 3086 1696 dare
3115 1650 3430 1712 praesumat.
3455 1643 3524 1697 Et
3546 1644 3652 1699 hoc
3667 1645 3831 1714 juxta

2228 1741 2495 1783 canonum
2526 1729 2742 1786 decreta
2777 1747 2872 1788 seu
2926 1732 3442 1804 gloriosissimorum
3478 1735 3664 1791 Caroli
3715 1737 3830 1792 sci-

2227 1818 2352 1874 licet
2383 1836 2448 1875 ac
2467 1819 2725 1878 Ludovici
2747 1823 3091 1879 decernimus
3120 1833 3178 1878 ut
3200 1825 3569 1895 unusquisque
3595 1828 3834 1897 presby-

538 1953 654 1994 sam
686 1938 935 2007 recipiat,
967 1937 1070 1992 nisi
1117 1937 1171 1992 in
1194 1905 1388 1992 itinere
1414 1933 1599 2002 fuerit,
1629 1943 1723 1989 aut
1747 1934 2004 2004 placitum
2047 1932 2123 1988 ibi
2152 1905 2200 1965 Β
2229 1924 2311 1968 “3"
2336 1929 2423 1969 res
2457 1929 2593 1984 quas
2618 1923 2739 1985 υοει
2771 1916 2910 1971 diem
2937 1917 3363 1974 οοηδθοτθιίοηίδ
3406 1919 3730 1990 δοίίυίδίθτίι
3760 1918 3832 1973 ad

535 2030 806 2096 habuerit,
833 2038 927 2084 aut
950 2029 1128 2099 aliqua
1144 2030 1290 2099 justa
1325 2029 1463 2083 ratio
1493 2027 1865 2083 intervenerit.
1903 2024 2122 2080 Nullus-

537 2135 644 2191 que
692 2121 975 2193 presbyter
1017 2121 1073 2175 in
1125 2121 1349 2176 alterius
1388 2121 1617 2176 ecclesia
1664 2120 1884 2176 missam
1931 2132 2126 2174 canere

536 2222 849 2285 praesumat,
903 2213 1006 2268 nisi
1033 2213 1087 2267 in
1116 2213 1311 2267 itinere
1338 2212 1566 2282 positus,
1619 2218 1711 2265 aut
1749 2212 1815 2266 ab
1841 2224 1906 2265 eo
1939 2207 2126 2277 jussus

542 2303 610 2357 ad
633 2317 792 2373 quem
822 2302 935 2374 ipsa
966 2301 1198 2373 pertinet
1252 2300 1500 2357 ecclesia.
1544 2298 1656 2356 Nec
1692 2298 1932 2367 decimas
1967 2297 2124 2352 alteri

543 2394 753 2451 debitas
780 2395 978 2450 audeat
997 2393 1240 2462 recipere
1258 2432 1273 2459 ,
1298 2391 1394 2449 sed
1417 2392 1788 2462 unusquisque
1814 2405 1911 2446 sua
1952 2389 2124 2444 eccle-

537 2487 617 2542 sia
634 2494 689 2542 et
709 2469 904 2557 populo
926 2495 1229 2552 contentus,
1253 2485 1398 2556 quod
1423 2484 1526 2540 sibi
1549 2499 1657 2540 non
1678 2483 1790 2538 vult
1806 2483 1943 2549 ﬁeri,
1968 2482 2123 2538 alteri

535 2593 879 2650 nequaquam
908 2579 1090 2645 faciat,
1136 2578 1293 2648 juxta
1328 2578 1456 2634 illud
1500 2577 1872 2650 evangelicum
1905 2595 1918 2630 :
1962 2576 2121 2642 Quie-

535 2685 737 2740 cunque
763 2669 915 2724 vultis
942 2679 997 2723 ut
1040 2669 1181 2724 vobis
1204 2669 1403 2740 faciant
1431 2669 1687 2735 homines,
1718 2678 1766 2723 et
1808 2685 1894 2724 vos
1940 2668 2122 2722 eadem

533 2759 693 2830 facite
715 2760 840 2816 illis.
869 2760 985 2818 Hoc
1008 2777 1225 2833 quoque
1250 2761 1426 2817 modis
1468 2763 1721 2818 omnibus
1771 2762 2121 2833 prohibemus

531 2867 594 2914 ut
615 2859 792 2916 nullus
818 2862 1104 2933 presbyter
1131 2860 1356 2916 alterius
1424 2859 1686 2915 clericum
1736 2857 1989 2914 sollicitet
2029 2865 2122 2911 aut

534 2952 782 3025 recipiat,
813 2953 938 3023 quia
974 2951 1154 3024 gravis
1180 2953 1248 3008 de
1299 2953 1403 3007 hac
1432 2966 1492 3006 re
1521 2951 1577 3005 in
1624 2950 1796 3007 sacris
1823 2950 2121 3006 canonibus

533 3032 802 3100 sententia
851 3053 954 3100 est.
997 3043 1252 3113 Quisquis
1297 3050 1478 3097 autem
1526 3051 1717 3098 contra
1771 3043 1887 3098 haec
1918 3050 2119 3098 statuta

533 3135 763 3202 venerit,
805 3135 890 3191 vel
930 3135 1016 3190 his
1061 3133 1304 3190 monitis
1334 3132 1540 3189 nostris
1576 3133 1736 3189 reniti
1783 3127 2072 3189 tentaverit
2101 3172 2116 3200 ,

2226 2009 2498 2080 propriam
2522 2008 2796 2081 relinquat
2816 2011 3123 2067 ecclesiam.

2785 2129 3014 2186 CAPUT
3063 2129 3246 2187 XVIII.
3283 2187 3294 2197 ,

2229 2217 2296 2274 Ut
2336 2238 2430 2291 pro
2463 2219 2788 2294 baptizandis
2829 2221 2933 2276 sive
2961 2210 3054 2292 pro
3078 2223 3386 2294 sepeliendis
3415 2220 3692 2292 ﬁdelibus,
3720 2224 3832 2280 sine

2295 2308 2388 2362 pro
2412 2292 2710 2360 paenitentia
2733 2292 2909 2346 danda
2933 2304 3023 2347 aut
3056 2292 3149 2362 pro
3177 2295 3522 2349 sacramentis
3548 2295 3602 2350 in
3655 2296 3830 2350 eccle-

2295 2362 2375 2416 sia
2398 2361 2654 2432 faciendis
2694 2362 2839 2417 nulla
2863 2365 3033 2433 pretia
3054 2361 3348 2435 exigantur.

2297 2475 2437 2543 (Lib.
2482 2493 2516 2532 v
2567 2477 2864 2548 Capitular.
2913 2495 2962 2535 c.
3015 2480 3140 2546 I72,
3193 2492 3249 2538 et
3276 2482 3373 2538 lib.
3425 2500 3501 2550 vi,
3533 2500 3660 2555 cap.
3697 2485 3828 2550 I06,

2226 2565 2348 2621 I83.
2378 2565 2624 2637 Capitula
2651 2568 2830 2623 Caroli
2852 2569 3018 2637 Calvi,
3053 2573 3133 2626 tit.
3157 2588 3252 2637 vn,
3281 2589 3402 2644 cap.
3427 2574 3480 2629 2.
3514 2573 3572 2630 S.
3597 2573 3828 2646 (ἐνέρων.

2221 2656 2315 2713 lib.
2343 2673 2438 2724 vn,
2465 2659 2650 2714 indict.
2678 2660 2732 2726 2,
2764 2679 2844 2732 ep.
2867 2661 2983 2733 55.)
3006 2663 3324 2722 Audivimus
3347 2668 3612 2736 quosdam
3639 2684 3830 2723 sacer-

2225 2751 2378 2805 dotes
2393 2749 2628 2822 maligno
2644 2752 2903 2808 instinctu
2919 2756 3152 2824 agitatos
3163 2771 3263 2826 pro
3277 2758 3622 2829 baptismatis
3641 2761 3823 2830 gratia

2222 2841 2336 2896 sive
2365 2858 2465 2912 pro
2493 2842 2782 2913 sepulturae
2807 2844 2926 2902 loco
2949 2847 3123 2916 pretia
3153 2847 3351 2916 injusta
3369 2863 3401 2904 a
3424 2851 3709 2905 nonnullis
3725 2866 3824 2906 ac-

2222 2935 2431 3005 cepisse
2460 2950 2475 2989 :
2501 2936 2645 3006 quod
2666 2936 3112 2995 nelandissimnm
3138 2941 3350 2998 facinus
3381 2942 3435 2998 in
3458 2944 3675 2999 cunctis
3704 2961 3827 2998 rna—

2202 3024 2401 3096 ~jorum
2455 3027 2718 3106 institutis
2759 3031 3007 3087 novimus
3049 3033 3400 3103 prohibitum.
3451 3033 3639 3090 Gratis
3676 3036 3825 3090 enim

2223 3120 2399 3189 datur,
2428 3131 2483 3178 et
2519 3123 2692 3194 gratis
2718 3125 2832 3180 dari
2854 3125 3095 3196 iubetur.
3138 3127 3208 3182 Et
3247 3128 3370 3184 ideo
3396 3128 3533 3184 nihil
3559 3128 3826 3200 deinceps

534 3234 630 3280 aut
652 3224 876 3294 gradum
898 3240 958 3282 se
982 3226 1118 3281 sciat
1141 3227 1486 3293 amissurum,
1511 3234 1606 3281 aut
1625 3225 1679 3282 in
1702 3241 1924 3282 carcere
1959 3227 2119 3299 longo

2225 3212 2350 3281 quia
2377 3213 2548 3284 gratis
2566 3223 2653 3270 est
2677 3216 2858 3270 datum
2869 3258 2884 3282 ,
2898 3232 2998 3287 pro
3011 3219 3349 3289 baptizandis
3362 3221 3475 3276 sive
3487 3220 3823 3291 sepeliendis

534 3327 778 3390 tempore
813 3318 1184 3376 detinendam.

1122 3451 1348 3512 CAPUT
1389 3452 1528 3512 XVI.

711 3569 786 3627 De
805 3572 1013 3644 feminis
1039 3588 1072 3626 a
1096 3570 1407 3643 presbyteris
1450 3585 1554 3624 non
1577 3569 1942 3640 suscipiendis.

606 3683 935 3756 (Capitulare
987 3683 1261 3754 Theodul/i
1297 3699 1419 3754 cap.
1463 3683 1579 3756 12.)
1617 3683 1773 3739 Nulla
1826 3683 2029 3741 femina
2067 3686 2122 3740 in

531 3775 692 3831 domo
744 3777 1047 3833 sacerdotis
1101 3777 1330 3833 habitet.
1386 3763 1648 3845 Quamvis
1690 3778 1837 3832 enim
1887 3794 2123 3835 canones

529 3879 761 3924 matrem
795 3880 852 3926 et
878 3884 1121 3926 sororem
1151 3877 1207 3926 et
1233 3868 1608 3938 hujuscemodi
1633 3884 1896 3940 personas
1923 3871 1976 3925 in
2004 3870 2125 3942 qui-

529 3964 634 4020 bus
656 3964 802 4019 nulla
829 3964 902 4020 sit
923 3965 1162 4035 suspicio
1203 3980 1326 4020 cum
1383 3965 1475 4020 illo
1524 3963 1772 4020 habitare
1801 3964 2118 4031 concedant,

531 4055 636 4110 hoc
666 4070 766 4110 nos
789 4055 964 4113 modis
989 4057 1243 4112 omnibus
1272 4057 1472 4113 idcirco
1519 4065 1883 4126 amputamus,
1911 4044 2040 4126 quia
2068 4057 2123 4111 in

531 4144 792 4215 obsequio
816 4146 930 4202 sive
954 4149 1240 4204 occasione
1256 4148 1470 4204 illarum
1495 4148 1722 4204 veniunt
1765 4147 1886 4203 alize
1909 4146 2124 4202 feminas

533 4255 654 4310 quae
675 4258 786 4298 non
811 4251 938 4298 sunt
956 4244 1007 4299 ei
1035 4243 1291 4302 aﬂinitate
1321 4245 1646 4317 conjunctae,
1671 4257 1726 4302 et
1750 4262 1874 4302 eum
1898 4249 1962 4301 ad
1992 4259 2123 4316 pec-

532 4341 710 4387 catum
756 4332 1005 4389 illiciunt.
1059 4333 1387 4394 Occasiones
1428 4339 1575 4394 enim
1614 4338 1958 4410 amputandae
1998 4345 2125 4392 sunt

531 4431 904 4492 peccatorum,
935 4431 991 4480 et
1016 4423 1264 4482 tollendas
1313 4444 1504 4484 omnes
1549 4429 1883 4500 suspiciones
1929 4428 2124 4498 quibus

531 4512 804 4568 subtilitas
845 4515 1047 4571 diaboli
1075 4516 1178 4572 sub
1206 4527 1470 4588 praetextu
1495 4521 1780 4576 charitatis
1805 4529 1858 4576 et
1881 4521 2124 4576 dilectio-

531 4603 620 4659 nis
649 4603 899 4662 incautas
942 4607 1156 4664 animas
1207 4617 1264 4664 et
1304 4609 1522 4682 ignaras
1559 4610 1776 4666 irretire
1817 4610 2119 4666 consuevit.

530 4693 739 4752 Idcirco
787 4697 855 4752 ad
898 4699 1311 4756 custodiendam
1346 4700 1514 4754 vitam
1555 4715 1743 4756 eorum
1792 4701 1876 4757 vel
1919 4701 2121 4757 famam

531 4787 754 4857 speciali
782 4788 1122 4846 ordinatione
1141 4791 1488 4862 praecipimus
1509 4798 1567 4847 ut
1589 4792 1764 4848 nullus
1778 4793 2122 4849 sacerdotum

533 4885 807 4936 extraneas
820 4881 1031 4938 mulieri
1059 4882 1298 4952 qualibet
1322 4884 1610 4940 collatione
1634 4894 1726 4940 aut
1750 4885 2123 4942 familiaritate

527 4965 810 5041 jungatur,
839 4980 894 5027 et
920 4989 1029 5029 non
1076 4973 1250 5030 solum
1299 4975 1354 5030 in
1381 4975 1543 5032 domo
1589 4976 1734 5032 illius
1777 4975 1981 5032 femina
2013 4991 2121 5032 non

535 5061 778 5127 accedat,
812 5062 904 5119 sed
932 5081 1031 5120 nec
1069 5066 1182 5137 ipse
1229 5066 1607 5137 frequentandi
1638 5067 1857 5122 domum
1905 5067 2120 5123 femina:

535 5150 734 5209 habeat
757 5164 1098 5225 potestatem,
1131 5174 1232 5215 nec
1263 5159 1319 5214 in
1348 5159 1627 5216 cellarium
1657 5159 1743 5215 vel
1769 5160 1825 5214 in
1850 5171 2121 5217 secretum

535 5244 789 5301 ancillam
818 5256 912 5302 aut
933 5248 1181 5306 libertam
1213 5267 1309 5307 seu
1341 5265 1723 5323 quamcunque
1749 5249 2010 5305 feminam
2039 5249 2124 5305 in-

537 5339 823 5394 tromittat.
874 5339 931 5396 Si
979 5343 1100 5412 quis
1139 5359 1266 5399 vero
1302 5345 1586 5416 presbyter
1614 5342 1843 5398 crimine
1891 5342 2121 5398 fornica-

534 5428 702 5486 tionis
735 5431 800 5487 de
826 5448 1147 5505 quacunque
1181 5434 1382 5490 femina
1414 5435 1721 5504 suspicatus
1741 5443 1862 5504 post
1888 5434 2121 5506 primam

535 5527 592 5576 et
619 5523 911 5579 secundam
933 5524 1357 5581 admonitionem
1384 5525 1692 5601 inveniatur
1734 5523 1964 5581 fabulari
1997 5541 2122 5582 cum

532 5625 601 5670 ea
625 5612 710 5670 vel
734 5614 917 5686 aliquo
952 5616 1112 5672 modo
1156 5617 1496 5684 conversari,
1545 5617 1759 5674 noverit
1784 5632 1844 5673 se
1875 5633 1907 5672 a
1942 5631 2126 5674 sacer-

534 5706 668 5766 dotii
694 5709 901 5766 honore
929 5718 985 5765 et
1011 5709 1080 5765 ab
1107 5708 1284 5766 cilicio
1310 5712 1718 5779 removendum,
1742 5711 1888 5768 nulla
1905 5711 1955 5768 ei
1969 5727 2126 5784 pror-

533 5815 632 5861 sus
658 5804 1088 5875 recuperationis
1110 5805 1480 5864 consolatione
1506 5803 1712 5865 relicta.

2145 3289 2192 3354 C
2223 3305 2532 3362 hominibus
2584 3307 2744 3378 pretii
2785 3308 3004 3379 exigere
3029 3320 3394 3381 praesumant,
3425 3313 3521 3368 sed
3547 3289 3646 3368 eos
3677 3329 3819 3383 quos

2223 3398 2468 3468 corporis
2488 3398 2730 3456 valitudo
2751 3400 2925 3456 sociat
2943 3401 3123 3468 saluti,
3142 3403 3474 3473 temporibus
3491 3405 3822 3461 constitutis

2223 3497 2415 3559 sponte
2443 3490 2751 3560 baptizent;
2784 3501 2837 3548 et
2869 3492 2912 3548 si
2945 3491 2999 3547 in
3027 3492 3133 3548 ﬁne
3158 3495 3354 3551 mortis
3379 3497 3667 3552 constituti
3698 3496 3818 3553 fne-

2222 3581 2352 3648 rint,
2379 3597 2476 3638 eos
2497 3584 2704 3655 absque
2729 3583 2911 3654 aliqua
2933 3584 3192 3640 dilatione
3234 3587 3351 3644 sine
3380 3587 3611 3658 alicujus
3660 3590 3824 3660 pretii

2223 3689 2448 3731 munere
2463 3677 2530 3731 ad
2559 3677 2988 3746 regenerationis
3003 3679 3330 3749 baptismum
3353 3681 3666 3738 admittant.
3687 3683 3826 3739 Cum

2223 3783 2352 3824 vero
2375 3769 2442 3823 ab
2471 3769 2576 3824 hac
2603 3769 2713 3824 vita
2740 3771 3089 3837 recesserint,
3114 3786 3236 3826 cum
3254 3772 3479 3844 psalmis
3501 3782 3560 3830 et
3589 3776 3824 3830 canticis

2223 3860 2513 3932 diligenter
2535 3861 2602 3916 ad
2624 3861 2933 3931 sepulcrum
2957 3862 3079 3919 illos
3103 3863 3370 3930 deferant,
3395 3865 3603 3920 nullum
3625 3867 3825 3923 exinde

2222 3950 2457 4020 pretium
2506 3950 2870 4022 requirentes,
2904 3952 3005 4008 nisi
3040 3953 3144 4024 ipsi
3189 3962 3285 4008 aut
3335 3965 3590 4024 parentes
3628 3972 3823 4012 eorum

2224 4057 2319 4097 seu
2347 4041 2760 4113 eleemosynarii
2784 4050 2974 4112 sponte
3018 4043 3220 4114 aliquid
3261 4045 3523 4101 tribuant.
3553 4045 3824 4103 Similiter

2223 4135 2290 4190 de
2333 4133 2653 4204 pcenitentia
2699 4134 2876 4190 danda
2904 4143 2962 4190 et
2993 4135 3059 4191 de
3099 4146 3442 4194 sacramento
3486 4137 3544 4193 in
3587 4137 3821 4195 ecclesia

2224 4225 2472 4282 faciendo
2499 4225 2869 4283 ecclesiastica
2889 4237 3040 4284 vetat
3067 4231 3363 4287 auctoritas
3409 4231 3618 4287 nullum
3660 4249 3822 4304 pror-

2223 4333 2316 4375 sus
2337 4318 2626 4388 exquirere
2649 4319 2870 4374 donnm.
2900 4318 3283 4377 Pmnitentiam
3310 4333 3494 4378 autem
3523 4326 3819 4394 quaerenti-

2223 4411 2325 4468 bus
2341 4413 2452 4468 cilo
2477 4414 2904 4469 succurrendum
2924 4422 3025 4470 est.
3051 4413 3118 4469 Et
3139 4415 3447 4485 jnrantibus
3462 4432 3530 4472 ne
3558 4415 3613 4472 in
3639 4417 3821 4489 perju-

2225 4503 2365 4557 rium
2412 4501 2653 4558 incidant
2705 4504 3128 4574 praedicandum.
3185 4504 3479 4562 Peccantes
3527 4518 3716 4563 autem
3761 4519 3822 4564 ut

2226 4595 2292 4649 ad
2319 4594 2694 4664 paenitentiam
2719 4597 2944 4650 redeant
2969 4595 3117 4650 omni
3145 4596 3505 4653 sollicitudine
3528 4599 3817 4655 invitandi.

2147 4656 2201 4716 D
2226 4684 2292 4739 Et
2312 4685 2558 4755 jurantes
2577 4685 2861 4741 utcrimen
2888 4701 2995 4742 non
3019 4688 3299 4743 incurrant
3324 4690 3660 4748 omnimodis
3697 4708 3820 4748 sna~

2227 4779 2385 4834 dendi
2409 4787 2552 4833 sunt.
2579 4779 2845 4846 Quoniam
2868 4777 3184 4850 frequenter
3217 4781 3462 4837 nonnulli
3494 4792 3819 4854 paupertate

2225 4881 2452 4943 cogente
2472 4871 2715 4927 deterriti
2738 4872 3064 4942 baptismum
3088 4873 3368 4941 ditl‘erunt,
3410 4883 3467 4931 et
3495 4876 3707 4946 absque
3727 4877 3820 4930 ba-

2224 4963 2494 5035 ptismatis
2529 4964 2705 5035 gratia
2755 4963 2899 5020 filios
2926 4965 3066 5021 mori
3091 4966 3435 5036 permittunt.
3462 4967 3570 5022 Alii
3601 4983 3821 5038 quoque

2217 5055 2515 5128 juramenti
2539 5055 2794 5127 pretium,
2816 5056 2958 5126 quod
2988 5056 3058 5112 ab
3092 5057 3197 5113 illis
3237 5057 3421 5114 illicite
3463 5073 3494 5113 a
3519 5061 3820 5115 sacerdoti-

2225 5148 2327 5204 bus
2353 5148 2608 5219 exigitur,
2644 5155 2970 5214 metuentes,
3016 5149 3315 5220 perjurium
3345 5159 3666 5222 perpetrare
3712 5169 3818 5207 non

2223 5238 2536 5295 formidant.
2590 5238 2647 5295 Si
2699 5240 2822 5311 quis
2847 5254 2977 5295 vero
2999 5241 3338 5297 sacerdotum
3380 5243 3496 5297 haec
3540 5242 3815 5312 prohibita

2226 5333 2599 5404 deprehensus
2630 5331 2798 5389 fuerit
2845 5333 3150 5402 admisisse,
3197 5333 3283 5390 vel
3317 5334 3611 5390 commissa
3637 5336 3817 5404 potius

2227 5435 2523 5496 spontanea
2556 5423 2834 5480 voluntate
2862 5424 3023 5480 citius
3070 5440 3178 5482 non
3230 5427 3555 5492 correxerit,
3609 5424 3816 5498 proprii

2227 5521 2448 5579 honoris
2475 5519 2970 5592 irrecuperabiliter
2987 5519 3231 5591 periculo
3253 5518 3552 5590 subjacebit

2821 5634 3052 5692 CAPUT
3091 5633 3232 5691 XIX.

2226 5729 2272 5785 Α
2294 5731 2479 5804 quibus
2511 5731 2709 5789 illicitis
2763 5733 3092 5858 presbyltzzim
3105 5732 3333 5786 maxime
3356 5747 3411 5786 se
3437 5731 3674 5786 cohibere
3720 5728 3813 5783 de-

2299 5902 2626 5973 (Capitulare
2666 5902 2940 5974 Theodulﬁ
2977 5919 3094 5974 cap.
3144 5904 3244 5972 15;
3299 5902 3390 5958 lib.
3434 5918 3466 5953 v
3517 5897 3808 5958 Caeitular.
