4070 6310
292 376 397 432 ’115

1744 374 2102 435 CAPITULA.

3447 389 3549 442 7ῑό

289 506 412 560 cap.
464 488 587 543 525.
618 487 642 560 ),
686 486 1099 544 Observandum
1151 498 1236 545 est
1283 489 1651 545 sacerdotibus
1702 499 1760 544 ut
1802 490 1872 545 ab
1899 498 1945 553 Α
1974 491 2064 554 rit,
2094 491 2307 545 noverit
2332 506 2393 547 se
2433 490 2522 548 ille
2549 492 2642 564 qui
2671 507 2792 548 eum
2836 508 2945 549 non
2974 493 3264 565 baptizavit
3292 510 3391 565 pro
3434 499 3551 567 ejus

287 581 551 637 ebrietate
578 593 638 633 se
659 579 984 644 abstineant,
1015 580 1271 649 quoniam
1293 579 1590 634 secundum
1614 579 1864 649 Scriptu-

286 688 406 728 ram
431 672 669 727 ebrietas
703 670 910 725 nullum
954 672 1140 735 vitium
1170 681 1418 727 excusat.
1467 671 1534 725 Et
1580 672 1870 741 Apostolus
1931 723 1939 730 .

285 768 602 819 commonet
628 760 855 815 dicens:
896 761 1075 815 Nolite
1102 762 1352 816 inebriari
1390 764 1529 826 vino,
1567 763 1623 815 in
1648 779 1751 832 quo
1793 774 1870 817 est

288 841 530 906 (auria.
562 850 629 904 Et
653 865 830 919 neque
856 865 952 920 per
981 851 1234 906 tabernas
1256 860 1384 906 eant
1406 852 1639 907 bibendo
1659 861 1749 907 aut
1777 868 1869 908 co-

286 942 577 1007 medenda,
609 956 783 1010 neque
811 942 1001 996 domos
1019 951 1111 995 aut
1132 942 1283 996 villas
1303 943 1615 998 curiositate
1632 945 1871 1013 qualibet

283 1037 594 1100 peragrent,
628 1038 722 1082 aut
754 1044 876 1083 cum
922 1028 1138 1086 feminis
1163 1029 1245 1084 vel
1272 1031 1601 1100 quibuslibet
1645 1032 1870 1103 impuris

290 1124 540 1194 personis
561 1123 824 1178 convivia.
844 1133 1151 1189 exerceant,
1185 1139 1359 1195 neque
1385 1126 1870 1183 comessationibus

282 1224 340 1271 et
368 1216 580 1270 czeteris
625 1216 867 1285 pestibus
896 1217 961 1269 ad
992 1216 1425 1286 gastrimargiam
1474 1217 1869 1286 pertinentibus

287 1311 619 1375 deserviant,
645 1320 701 1365 et
725 1312 793 1365 ad
823 1309 999 1365 forum
1019 1311 1102 1366 vel
1128 1320 1423 1366 mercatum
1445 1312 1751 1368 nullatenus
1777 1316 1871 1366 va-

285 1401 439 1466 dant,
468 1416 643 1470 neque
669 1400 735 1454 ad
758 1400 1017 1455 saeculare
1040 1401 1302 1471 judicium
1332 1410 1577 1472 pergant,
1603 1403 1703 1457 nisi
1730 1401 1868 1459 forte

281 1502 344 1548 ut
382 1492 704 1563 pauperibus
733 1503 1068 1557 succurrant,
1118 1503 1212 1548 aut
1241 1494 1307 1549 de
1348 1496 1511 1551 verbo
1540 1495 1633 1551 Dei
1658 1496 1869 1566 judices

280 1582 606 1637 admoneant
645 1592 703 1637 ut
744 1580 890 1651 justa
909 1584 1112 1655 judicia
1135 1585 1398 1655 judicent.
1429 1585 1487 1642 Si
1516 1603 1646 1643 vero
1672 1603 1864 1643 eorum

278 1672 495 1740 prapria
525 1687 688 1726 causa
723 1674 926 1743 agenda
966 1683 1070 1739 est,
1117 1691 1239 1729 cum
1268 1676 1486 1731 licentia
1531 1678 1774 1749 episc0pi
1806 1689 1864 1734 et

279 1774 402 1813 cum
434 1758 697 1814 advocato
726 1771 969 1832 pergant.
1000 1762 1357 1819 Probibemns
1380 1774 1563 1822 autem
1599 1768 1866 1823 omnimo-

1972 582 2152 636 anima
2175 582 2441 640 rationem
2465 586 2823 641 redditurum.

2553 678 2781 773 CAPUT
2811 717 2949 773 xxr.

2327 806 2403 861 De
2422 806 2635 862 decimis
2661 826 2693 861 a
2718 808 2959 877 ﬁdelibus
2982 810 3190 864 dandis.

1958 960 1964 967 .
2041 915 2289 972 Decimas
2309 917 2374 971 de
2402 917 2652 973 omnibus
2679 919 2840 973 rebus
2859 918 3012 987 juxta
3045 921 3262 976 modum
3303 938 3335 976 a
3370 919 3549 978 beatis

1968 1005 2222 1062 Patribus
2268 1008 2622 1063 constitutum
2671 1024 2704 1064 a
2751 1024 2946 1067 cuncto
2996 1013 3191 1083 populo
3239 1030 3361 1070 cum
3399 1016 3549 1077 omni
3606 1004 3628 1013 ”

1969 1099 2253 1154 devotione
2304 1100 2401 1155 Dei
2450 1102 2694 1157 ecclesiis
2738 1104 3040 1160 reddendas
3089 1120 3210 1160 esse
3240 1121 3545 1170 monemus,

1969 1200 2030 1245 ut
2055 1192 2386 1258 sacerdotes,
2429 1193 2522 1263 qui
2566 1209 2663 1262 per
2704 1209 2892 1250 sacras
2938 1210 3128 1251 eorum
3176 1197 3452 1252 orationes
3490 1206 3548 1273 et

1968 1282 2269 1337 oblationes
2298 1297 2397 1351 pro
2422 1299 2573 1354 pace,
2610 1300 2710 1354 pro
2735 1285 2898 1341 totius
2942 1286 3120 1356 populi
3143 1286 3436 1343 Christiani
3463 1305 3548 1344 sa-

1968 1370 2099 1436 lute,
2152 1386 2251 1440 pro
2295 1370 2541 1443 frugibus
2588 1386 2765 1439 terrae,
2801 1390 2901 1445 pro
2946 1375 3175 1432 inﬁrmis
3223 1392 3437 1447 quoque
3490 1390 3548 1435 et

1969 1460 2237 1518 defunctis
2262 1464 2646 1533 omnipotentis
2675 1465 2766 1521 Dei
2791 1467 3212 1523 misericordiam
3238 1469 3545 1540 implorant.

1967 1553 2170 1607 victum
2218 1562 2273 1607 et
2310 1555 2692 1610 vestimentum
2722 1564 2778 1611 et
2827 1565 3020 1612 caetera
3049 1572 3169 1628 quae
3216 1558 3273 1612 in
3316 1559 3396 1615 eis
3421 1571 3549 1615 sunt

1967 1645 2272 1699 necessaria
2313 1646 2566 1713 habeant,
2596 1657 2654 1702 et
2698 1660 2759 1702 ut
2793 1649 3095 1720 hospitibus
3123 1658 3181 1706 et
3223 1653 3544 1723 peregrinis.

1966 1734 2227 1803 orphanis
2269 1743 2325 1789 et
2371 1734 2571 1803 viduis,
2620 1739 2883 1794 debilibus
2929 1749 2987 1795 et
3033 1743 3250 1812 mgrotis
3295 1743 3545 1799 solatium

278 1853 363 1907 dis
392 1861 451 1907 ιιι
471 1822 769 1924 presbyteri
802 1822 962 1911 villici
994 1867 1048 1911 et
1070 1860 1428 1915 conductores
1451 1861 1729 1916 seniorum
1750 1880 1859 1919 non
1890 1849 1936 1909 Β
1966 1822 2208 1924 "imm
2227 1825 2462 1880 valeam'
2484 1824 2715 1924 ,βίηφι
2748 1827 2986 1924 ϐᾳὸϋφμ
3015 1847 3071 1894 η’
3101 1846 3222 1902 cap'
3249 1833 3350 1924 i9;
3380 1833 3545 1905 ϐαθέ’

278 1942 428 2005 fiant,
460 1958 560 1998 nec
585 1944 803 1999 chartas
831 1947 1094 2012 scribant,
1119 1964 1220 2003 nec
1261 1950 1328 2003 ad
1370 1951 1587 2019 nuptias
1608 1965 1856 2024 pergant,

274 2043 375 2084 nec
395 2045 544 2084 arma
566 2043 863 2097 assumant,
890 2050 991 2089 nec
1013 2036 1356 2105 lidejussores
1377 2039 1637 2095 existant.
1665 2042 1860 2099 Carnis

275 2134 492 2189 quoque
536 2119 837 2191 voluptates
876 2132 932 2178 et
983 2127 1196 2195 negotia
1255 2129 1536 2184 saecularia
1587 2140 1642 2185 et
1690 2147 1860 2188 vanas

275 2210 440 2281 hujus
481 2212 665 2267 mundi
695 2214 935 2280 delicias,
974 2217 1241 2286 impudica
1270 2221 1539 2287 convivia,
1569 2239 1709 2278 vana
1737 2240 1859 2294 spe-

271 2302 509 2368 ctacula,
538 2304 843 2361 mortiferas
892 2308 1052 2378 hujus
1079 2311 1258 2365 saeculi
1309 2328 1555 2383 pompas,
1602 2314 1857 2371 obscaena

265 2391 515 2462 jocorum
549 2395 736 2459 verba,
766 2396 908 2450 risus
939 2398 1178 2464 inutiles,
1209 2396 1549 2456 venationem
1590 2419 1712 2459 cum
1743 2406 1858 2460 avi-

271 2482 375 2537 bus
404 2483 487 2538 vel
519 2486 765 2550 canibus,
796 2502 1009 2554 usuras,
1038 2492 1432 2562 negotiationes
1455 2494 1693 2561 illicitas,
1722 2513 1856 2568 pon-

272 2576 403 2631 dera
440 2579 641 2649 iniqua,
688 2581 884 2650 placita
930 2586 1233 2653 saecularia,
1267 2605 1505 2645 munera.
1547 2592 1768 2663 injusta,
1800 2604 1857 2649 et

271 2669 454 2723 omnia
485 2673 732 2726 mortalia
768 2685 1009 2742 peccata,
1033 2687 1089 2731 et
1115 2678 1291 2748 siqua
1318 2690 1445 2734 sunt
1486 2683 1708 2750 similia,
1740 2701 1857 2740 mo-

270 2774 466 2816 nemus
491 2772 549 2816 ut
575 2763 877 2835 refugiant:
907 2770 1163 2836 quoniam
1198 2762 1498 2827 secundum
1536 2773 1854 2845 Apostolum

272 2847 444 2903 Nemo
482 2851 713 2907 militans
744 2853 851 2908 Deo
904 2856 1136 2927 implicat
1156 2876 1211 2913 se
1250 2863 1467 2931 negotiis
1512 2865 1854 2923 srecularibus

269 2949 329 2994 ut
381 2942 427 2995 ei
472 2942 674 3013 placeat
711 2947 797 2999 cui
849 2963 904 3001 se
948 2949 1204 3016 probavit.
1266 2952 1504 3009 Caeteros
1556 2956 1739 3027 itaque
1786 2961 1855 3016 ad

268 3031 568 3087 Ecclesiam
602 3034 804 3089 Christi
832 3038 1163 3106 pertinentes
1192 3041 1279 3111 pie
1304 3050 1358 3097 et
1383 3044 1530 3115 juste
1556 3048 1854 3116 praevidere

268 3134 325 3180 et
371 3128 561 3196 regere
606 3127 804 3182 debent
860 3136 1118 3199 tanquam
1173 3130 1375 3188 Christi
1422 3136 1659 3202 milites,
1717 3139 1854 3195 bene

271 3218 482 3287 agendo
504 3226 561 3271 et
603 3220 949 3288 praedicando
964 3221 1119 3291 juxta
1150 3225 1360 3281 Domini
1387 3224 1733 3295 sententiam,
1760 3235 1853 3302 qui
1882 3204 1926 3267 Ο

266 3306 381 3359 ait:
416 3304 504 3360 Sic
529 3305 697 3361 luceat
723 3308 816 3363 lux
843 3323 1012 3366 vestra
1031 3330 1209 3369 coram
1231 3316 1529 3374 hominibus
1557 3333 1611 3374 ut
1641 3324 1850 3379 videant

266 3404 438 3450 vestra
467 3396 603 3450 bona
638 3414 794 3468 opera
835 3409 885 3453 et
930 3400 1224 3471 gloriﬁcent
1252 3404 1467 3463 Patrem
1495 3421 1722 3465 vestrum
1764 3413 1855 3483 qui

178 3508 185 3513 ·
267 3486 325 3539 in
348 3483 491 3539 cadis
520 3496 617 3541 est.

864 3581 1092 3640 CAPUT
1134 3584 1253 3641 XX.

272 3665 428 3732 Quod
464 3669 889 3748 statutis__diebu_s
924 3684 986 3748 Διι
1013 3675 1070 3748 in
1100 3676 1221 3748 eicis
1260 3677 1517 3748 baptisma
1544 3682 1849 3740 celebretur.

666 3740 735 3794 Et
762 3743 826 3794 de
851 3742 1073 3811 inﬁrmis
1100 3740 1449 3815 baptizandis.

339 3849 674 3921 Baptismnm
699 3853 864 3907 certis
886 3857 1217 3924 temporibus
1242 3858 1453 3914 celebra
1464 3860 1506 3914 ri
1530 3861 1737 3933 antiqui
1765 3880 1853 3934 pa-

268 3949 384 3995 tres
422 3950 735 4007 sauxerunt,
762 3940 969 3998 Pascha
992 3946 1201 4001 scilicet
1221 3957 1274 4003 ct
1306 3949 1679 4008 Pentecosten.
1718 3955 1854 4011 Aliis

242 4051 399 4090 .vero
428 4037 758 4105 temporibus
782 4040 1090 4109 quempiam
1118 4044 1377 4113 baptizari
1421 4049 1681 4104 canonica
1705 4062 1854 4107 vetat

268 4129 587 4192 auctoritas,
648 4138 845 4199 prater
884 4146 1007 4185 eum
1062 4149 1224 4202 quem
1275 4137 1326 4190 in
1376 4139 1617 4207 periculo
1660 4146 1851 4201 mortis

264 4219 622 4272 constitutum
653 4225 950 4277 necessitas
987 4240 1195 4280 summa
1225 4232 1566 4303 constringit.
1607 4235 1700 4291 His
1746 4239 1851 4293 ita-

265 4324 374 4378 que
425 4310 633 4365 duobus
678 4315 1028 4383 temporibus,
1081 4317 1286 4375 Pascha
1329 4323 1537 4379 scilicet
1566 4338 1620 4381 et
1659 4327 1852 4387 Pente-

266 4410 479 4465 coslen,
509 4418 699 4458 omnes
728 4407 1040 4463 sacerdotes
1085 4426 1151 4464 ex
1184 4413 1335 4469 cellis
1363 4417 1430 4470 ad
1463 4418 1609 4473 vicos
1656 4436 1854 4478 conve-

265 4493 386 4547 nire
414 4493 633 4560 debent,
663 4506 719 4551 et
746 4497 816 4551 ibi
844 4496 1017 4555 ofﬁcio
1055 4514 1295 4570 peracto,
1326 4522 1447 4562 cum
1473 4525 1682 4566 summa
1731 4515 1851 4570 dili-

264 4583 447 4654 gentia
500 4585 852 4654 baptizandos
890 4604 1132 4660 quosque
1175 4593 1469 4665 baptizent.
1519 4600 1586 4654 Et
1618 4610 1743 4658 tunc
1781 4606 1848 4659 ad
1882 4571 1928 4630 υ

260 4676 513 4745 proprias
536 4678 793 4734 ecclesias
814 4697 936 4735 cum
966 4684 1253 4754 baptizatis
1272 4692 1384 4745 suis
1407 4701 1463 4747 et
1486 4696 1696 4751 caeteris
1723 4699 1850 4754 sub-

257 4766 422 4838 jectis
482 4779 786 4856 remea’ntes
831 4775 1118 4832 missarum
1173 4781 1435 4838 solemnia
1493 4788 1846 4856 persolvant,

261 4868 319 4914 et
353 4861 632 4930 baptizati,
656 4842 715 4918 et
745 4866 835 4936 qui
857 4882 950 4923 eos
986 4884 1016 4922 a
1046 4870 1192 4927 fonte
1222 4874 1563 4943 baptismatis
1591 4897 1847 4953 suscepe-

260 4961 389 5005 runt
424 4967 612 5008 omnes
663 4959 1151 5014 excommunicent.
1199 4962 1263 5017 Et
1319 4968 1554 5034 quandiu
1603 4970 1657 5024 in
1707 4972 1845 5028 albis

258 5046 409 5103 sunt,
432 5040 671 5107 quotidie
699 5057 729 5095 a
769 5045 997 5113 patrinis
1022 5048 1088 5102 ad
1116 5050 1399 5106 ecclesiam
1421 5070 1543 5109 cum
1568 5056 1844 5115 luminari-

257 5126 363 5181 bns
404 5127 762 5195 deducantur,
812 5141 867 5186 et
916 5150 1115 5205 corpus
1161 5145 1217 5193 et
1266 5143 1580 5211 sanguinem
1638 5145 1840 5204 Christi

254 5234 432 5288 usque
458 5220 511 5274 in
534 5220 674 5276 diem
697 5234 947 5280 octavum
968 5229 1158 5299 aequali
1174 5230 1297 5301 jure
1335 5236 1514 5290 cuncti
1561 5238 1841 5309 percipere

254 5312 534 5366 studeant.
580 5313 636 5368 Si
680 5325 860 5372 autem
908 5322 1162 5388 parvulus
1205 5336 1473 5397 tegrotans
1514 5331 1580 5383 ad
1611 5333 1839 5401 quemli-

254 5399 351 5456 bet
387 5405 760 5475 presbyterum
811 5425 1132 5484 quocunque
1174 5424 1411 5487 tempore
1455 5421 1540 5475 vel
1582 5399 1715 5478 hora
1744 5427 1839 5480 ba-

253 5494 439 5564 ptismi
486 5499 659 5567 gratia
691 5501 757 5583 de
783 5503 1068 5571 cujuslibet
1115 5511 1371 5578 parocbia
1421 5512 1615 5569 allatus
1653 5514 1830 5587 fuerit,

256 5584 311 5639 ei
358 5585 612 5656 baptismi
665 5578 1060 5651 sacramentum
1108 5590 1253 5654 nullo
1300 5603 1460 5658 modo
1503 5616 1745 5676 negetur.

255 5674 382 5745 quis
410 5676 512 5732 hoc
552 5693 747 5735 munus
770 5687 970 5751 petenti
998 5680 1291 5745 concedere
1336 5674 1738 5762 detrecutverit,
1785 5711 1843 5753 et.

253 5763 351 5824 ille
376 5769 632 5836 parvulus
662 5772 865 5842 absque
884 5776 1231 5848 baptismatis
1259 5785 1428 5854 gratia
1458 5797 1698 5843 mortuus
1722 5790 1838 5847 fuc-

660 5866 929 5929 PATnOL.
969 5873 1188 5937 CXIX.

1962 1911 2075 1967 tula
2096 1923 2339 1985 excerpta
2367 1932 2431 1970 ea:
2475 1916 2585 1988 lege
2613 1917 3038 1990 Longobardor.,
3090 1936 3213 1993 cap.
3241 1923 3356 1996 41.)
3405 1924 3548 1980 Sunt

1961 2013 2223 2074 praeterea
2254 2007 2473 2077 quidam
2499 2010 2589 2078 qui
2612 2011 2852 2067 decimas
2873 2028 3001 2067 suas
3030 2014 3163 2069 dare
3192 2015 3261 2083 ad
3284 2016 3547 2073 ecclesias

1961 2109 2088 2150 suas
2113 2095 2410 2167 negligant,
2439 2099 2530 2153 ubi
2560 2108 2615 2154 et
2640 2100 2742 2169 ipsi
2762 2110 2818 2156 et
2836 2116 3025 2157 eorum
3054 2104 3198 2159 servi
3226 2106 3424 2162 missas
3442 2122 3541 2179 au-

1961 2185 2133 2239 diunt;
2182 2185 2415 2242 Proinde
2464 2189 2803 2246 decrevimus
2844 2202 2903 2246 ut
2931 2207 3122 2250 omnes
3172 2196 3245 2251 ibi
3305 2198 3545 2259 decimas

1958 2274 2090 2329 dent
2130 2276 2220 2331 ubi
2261 2277 2496 2334 infantes
2515 2295 2704 2336 eorum
2737 2281 3098 2354 baptizantur,
3134 2295 3191 2361 et
3231 2289 3321 2343 ubi
3348 2290 3544 2345 missas

1958 2366 2204 2433 audiunt,
2236 2377 2291 2423 et
2315 2370 2408 2425 ubi
2440 2386 2527 2427 res
2577 2372 2708 2443 ipsa:
2734 2377 3027 2432 convenire
3068 2378 3341 2444 videntur,
3386 2381 3543 2451 juxta

1956 2458 2161 2528 proprii
2203 2460 2442 2531 episcopi
2488 2463 2784 2519 decretum.
2832 2465 3142 2540 Presbyteri
3190 2486 3321 2526 vero
3346 2474 3415 2527 ab
3448 2475 3536 2528 bis

1957 2545 2049 2614 qui
2078 2547 2316 2601 decimas
2352 2564 2459 2603 non
2498 2551 2629 2607 dant
2675 2555 2883 2610 vvadios
2930 2572 3205 2627 nunquam
3248 2560 3538 2630 accipiant.

1958 2634 2067 2690 Sed
2094 2637 2185 2706 qui
2212 2646 2334 2706 post
2368 2640 2587 2696 crebras
2614 2643 3010 2719 admonitiones
3053 2660 3109 2703 et
3129 2653 3545 2719 praedicationes

1955 2738 2051 2778 eas
2086 2725 2215 2780 dare
2244 2727 2580 2797 neglexerint
2615 2737 3170 2793 excommunicentur.
3220 2740 3539 2802 Juramento

1956 2823 2137 2871 autem
2157 2827 2378 2888 propter
2398 2822 2694 2891 periculmn
2720 2825 2943 2897 perjurii
2980 2833 3276 2905 constringi
3313 2851 3408 2892 eos
3437 2853 3536 2891 no-

1960 2907 2158 2963 lumus.

2533 3025 2760 3083 CAPUT
2801 3029 2966 3087 XXII.

1955 3117 2035 3174 De
2063 3122 2298 3176 oratione
2342 3123 2621 3208 Dominica
2632 3140 2692 3208 _et
2710 3133 2962 3208 symbolo.
2993 3134 3062 3189 Et
3094 3136 3160 3192 de
3181 3139 3543 3208 spiritualibus

2479 3200 2719 3266 patribus
2738 3200 2787 3256 et
2805 3204 3008 3271 ﬁliolis.

2027 3321 2167 3389 (Lib.
2218 3341 2257 3381 ιι
2303 3324 2559 3397 Capitul.,
2603 3347 2722 3401 cap.
2757 3333 2827 3389 46
2878 3345 2933 3392 et
2968 3336 3060 3394 lib.
3092 3355 3166 3405 vr,
3212 3357 3335 3414 cap.
3393 3345 3542 3413 l82.)

1998 3418 2001 3423 ’
2025 3414 2414 3473 Commonendi
2459 3430 2586 3476 sunt
2636 3423 2821 3481 ﬁdeles
2851 3438 2911 3482 ut
2933 3444 3123 3487 onmes
3148 3436 3482 3504 generaliter
3509 3456 3543 3491 a

1930 3505 2179 3561 ‘minimo
2202 3523 2372 3579 usque
2392 3511 2459 3565 ad
2482 3515 2774 3569 maximum
2799 3519 3101 3576 oralionem
3130 3523 3462 3582 Dominicam
3486 3540 3547 3584 et

1952 3597 2256 3668 symbolum
2314 3601 2545 3658 discant.
2595 3606 2663 3661 Et
2710 3608 2995 3666 dicendum
3047 3614 3127 3670 eis
3157 3618 3300 3686 quod
3346 3619 3400 3673 in
3451 3621 3541 3678 his

1953 3688 2163 3743 duabus
2208 3694 2494 3749 sententiis
2529 3710 2691 3751 omne
2715 3697 2839 3754 fidei
2866 3700 3189 3759 Christiana:
3220 3706 3543 3768 fundamen-

1953 3785 2068 3832 tum
2098 3778 2379 3836 incnmbit.
2424 3784 2494 3838 Et
2540 3786 2643 3840 nisi
2669 3788 2791 3856 quis
2829 3790 2926 3846 has
2973 3792 3108 3848 duas
3147 3797 3445 3854 sententias
3483 3812 3542 3857 et

1952 3871 2269 3927 memoriter
2292 3876 2527 3931 tennerit
2569 3887 2626 3932 et
2672 3893 2737 3934 ex
2795 3889 2907 3936 toto
2952 3885 3116 3939 corde
3143 3888 3456 3955 crediderit,
3485 3908 3543 3948 et

1952 3958 2008 4013 in
2031 3960 2278 4016 oratione
2298 3964 2598 4032 sepissime
2626 3966 3074 4039 frequentaverit,
3096 3976 3401 4035 catholicus
3418 3995 3541 4037 esse

1950 4064 2058 4104 non
2129 4053 2348 4121 poterit.
2406 4053 2771 4115 Constitutum
2823 4079 3055 4135 namque
3116 4077 3203 4122 est
3254 4078 3313 4124 ut
3359 4072 3541 4129 nullus

1949 4142 2296 4209 chrismetur,
2327 4160 2501 4216 neque
2530 4149 2852 4220 baptizetur,
2883 4171 3057 4227 neque
3077 4173 3108 4213 a
3133 4159 3348 4218 lavacro
3368 4162 3538 4221 fontis

1950 4230 2113 4286 alium
2169 4236 2449 4305 suscipiat,
2503 4255 2679 4310 neque
2704 4257 2889 4299 coram
2938 4247 3193 4319 episcopo
3223 4252 3293 4307 ad
3339 4257 3537 4311 contir-

1951 4323 2206 4378 mandum
2238 4327 2535 4395 quemlibet
2559 4339 2760 4397 teneat,
2784 4334 2888 4391 nisi
2917 4339 3219 4408 symbolum
3249 4352 3306 4397 et
3326 4346 3535 4402 oratio-

1950 4426 2074 4466 nem
2120 4412 2457 4471 Dominicam
2503 4422 2819 4480 memoriter
2868 4428 3123 4494 tenuerit,
3161 4434 3405 4502 exceptis
3448 4434 3535 4491 his

1950 4516 2088 4569 quos
2121 4502 2188 4555 ad
2236 4502 2560 4572 loquendum
2584 4518 2717 4565 tetas
2760 4512 2985 4570 minime
3012 4517 3283 4584 perduxit.
3324 4519 3532 4580 Patrini

1954 4603 2134 4650 autem
2173 4610 2267 4651 eos
2317 4614 2452 4668 quos
2480 4601 2576 4675 .de
2621 4602 2769 4661 fonte
2819 4606 3019 4664 lavacri
3067 4611 3369 4680 suscipiunt
3412 4631 3535 4671 eru-

1951 4685 2070 4740 dire
2121 4701 2467 4760 summopere
2522 4695 2799 4763 studeant,
2845 4707 2902 4753 et
2945 4700 3243 4756 orationem
3291 4703 3534 4771 Domini-

1950 4789 2072 4829 cam
2117 4785 2174 4831 et
2217 4780 2520 4847 symbolum
2552 4784 2659 4839 illis
2700 4786 2992 4855 insinuent,
3023 4790 3280 4860 quoniam
3306 4808 3402 4851 eos
3426 4797 3534 4854 Dec
3596 4793 3606 4803 ’

1950 4866 2097 4922 mino
2133 4882 2457 4939 genuerunt,
2502 4883 2558 4929 et
2604 4892 2704 4947 pro
2752 4879 2832 4934 eis
2876 4880 3220 4951 fidejussores
3268 4887 3530 4948 existunt.

1949 4954 2051 5023 Qui
2081 4973 2207 5014 vero
2231 4960 2285 5015 in
2312 4962 2526 5031 publica
2568 4966 2888 5035 ptrnitentia
2934 4979 3063 5027 sunt
3103 4975 3405 5045 constituti,
3431 4991 3533 5036 aut

1944 5048 2212 5106 criminali
2235 5064 2458 5123 peccato
2488 5064 2741 5114 tenentur
2764 5061 3004 5130 obnoxii,
3030 5066 3303 5124 neminem
3332 5085 3364 5126 a
3384 5070 3531 5127 lava-

1943 5154 2037 5193 cro
2062 5139 2227 5197 fontis
2257 5146 2534 5215 suscipere
2577 5164 2753 5220 neque
2782 5166 2967 5208 coram
3008 5155 3266 5230 episcopo
3295 5162 3365 5219 ad
3400 5179 3535 5220 con-

1942 5230 2303 5289 ﬁrmationem
2332 5244 2516 5293 tenere
2538 5253 2866 5309 praesumant
2909 5259 3189 5318 usquequo
3210 5252 3531 5321 pmnitentia

1940 5331 2161 5390 peracta
2204 5326 2629 5386 satisfactionem
2680 5334 3006 5408 condignam
3053 5341 3337 5414 percipere
3410 5360 3499 5402 me

1942 5422 2186 5470 reantur.

2509 5510 2736 5570 CAPUT
2774 5517 2958 5574 XXIII.

1946 5609 2020 5665 De
2046 5612 2243 5668 honore
2276 5628 2574 5685 parentum,
2608 5634 2656 5677 et
2691 5625 2923 5748 ἕὲῃιὶηἱε
2969 5631 3298 5689 subditorum
3339 5636 3526 5693 admo-

2626 5712 2688 5748 ne
2764 5714 2826 5748 ts.
3418 5716 3443 5745 θ

2626 5712 2826 5750 nenats.
3418 5740 3423 5745 α
3442 5716 3443 5719 ¹

2015 5795 2157 5867 (Lib.
2188 5814 2203 5854 ι
2240 5797 2556 5873 Capitular.,
2587 5821 2705 5877 cap.
2736 5809 2833 5875 65;
2884 5811 2977 5868 lib.
3009 5829 3045 5867 ιι
3066 5856 3079 5873 .
3128 5830 3245 5885 cap.
3278 5816 3380 5884 il,
3403 5815 3529 5894 44.)

2530 5931 2551 5941 ς
3012 5902 3092 5964 23
