4070 6310
635 337 742 394 715

3508 318 3569 343 δια

1704 338 2002 398 ιιοιιιιωτι
2042 339 2209 395 Βιτυῖ

2232 339 2519 395 thENSlS
2552 339 2859 398 EPISCOPI
3166 311 3173 320 ’
3508 318 3569 343 ’⁸
3753 348 3831 407 nc

637 448 977 508 Admonendi
1011 459 1138 508 sunt
1166 444 1350 509 ﬁdeles
1376 460 1577 508 sanctte
1606 453 1700 508 Dei
1720 453 1973 509 Ecclesiae
1992 462 2052 508 ut
2078 453 2217 508 ﬁlios
2244 457 2295 515 Α
2322 468 2553 523 rumque
2591 455 2672 518 lit,
2701 454 2773 508 illi
2804 454 2897 525 qui
2940 450 3071 512 odio
3098 462 3196 513 aut
3219 452 3507 529 longinqua
3546 456 3673 513 inter
3695 475 3743 516 se
3762 463 3833 520 lite

636 561 767 601 suos
800 554 856 599 et
885 545 1021 600 ﬁlias
1069 560 1196 600 suas
1235 546 1464 600 doceant
1507 547 1825 616 parentibus
1856 546 2217 601 obedientiam

637 636 915 701 exhibere,
959 634 1171 689 dicente
1226 634 1450 689 Domino
1482 652 1495 688 :
1524 632 1657 699 Fili,
1698 634 1991 703 honoriﬁca
2019 644 2218 704 patrem

637 739 788 783 tuum
811 738 858 782 et
888 736 1109 781 matrem
1158 741 1326 780 tuam.
1356 725 1490 780 Nam
1546 735 1602 780 et
1647 726 1752 796 ipsi
1795 736 2048 797 parentes
2090 740 2217 797 erga

636 818 777 873 filios
800 832 928 872 suos
955 832 1019 871 ac
1065 816 1201 871 ﬁlias
1241 817 1485 871 modeste
1532 817 1732 871 debent
1780 831 1961 888 agere,
1997 816 2216 871 dicente

633 908 893 981 Apostolo
932 927 947 962 :
985 907 1053 962 Et
1094 925 1205 972 vos,
1237 919 1479 979 parentes
1505 949 1521 973 ,
1567 908 1727 963 nolite
1771 908 1842 962 ad
1884 908 2217 962 iracundiam

633 1020 912 1075 provocare
956 1003 1095 1072 ﬁlios
1148 1011 1363 1058 uestros.
1403 1002 1538 1057 Nam
1574 1011 1630 1057 et
1674 1003 1780 1057 hoc
1815 1001 2097 1056 dicendum
2132 1009 2218 1055 est

632 1092 716 1148 eis
742 1098 804 1146 ut
831 1091 875 1146 si
906 1090 983 1145 illi
1013 1091 1104 1145 tali
1139 1089 1333 1147 affectu
1377 1105 1602 1161 parcere
1628 1091 1799 1146 velint
1838 1091 2051 1161 injuriis
2080 1090 2217 1145 ﬁlio-

630 1197 777 1247 rum,
806 1196 914 1237 non
958 1182 1060 1238 hos
1088 1183 1305 1251 impune
1350 1182 1614 1237 Dominus
1645 1182 1798 1246 sinit,
1824 1181 1925 1235 nisi
1959 1180 2097 1243 forte
2126 1180 2210 1234 di-

630 1272 723 1345 gni
769 1272 1107 1344 paenitentiae
1161 1274 1502 1328 exhibeant:
1543 1272 1670 1342 quia
1721 1272 1893 1328 levius
1938 1280 2023 1327 est
2076 1271 2215 1327 filios

628 1371 917 1434 parentum
951 1362 1207 1433 quaelibet
1233 1362 1439 1434 ﬂagella
1472 1363 1750 1431 suscipere
1777 1376 1938 1432 quam
1961 1361 2055 1417 Dei
2078 1363 2213 1416 iram

629 1454 933 1510 incurrere.
986 1453 1323 1509 Admonendi
1358 1465 1484 1509 sunt
1519 1455 1683 1509 etiam
1730 1454 1935 1508 domini
1980 1454 2215 1509 subdito-

626 1559 753 1599 rum
791 1550 852 1598 ut
878 1543 1021 1598 circa
1048 1542 1318 1611 subjectos
1353 1543 1440 1614 pie
1466 1552 1521 1598 et
1560 1542 1988 1599 misericorditer
2017 1550 2206 1614 agant,

627 1647 732 1689 nec
760 1648 854 1688 eos
882 1631 1123 1702 qualibet
1149 1630 1345 1700 injusta
1385 1633 1675 1688 occasione
1697 1633 2079 1698 condemnant,
2113 1648 2212 1689 nec

626 1737 723 1779 eos
740 1724 1068 1795 opprimant,
1093 1737 1193 1779 nec
1215 1723 1426 1777 illorum
1453 1722 1842 1777 substantiolas
1873 1721 2073 1793 injuste
2107 1721 2210 1776 tol-

2323 542 2689 607 discesserint,
2715 553 2772 599 et
2792 545 2862 598 ad
2890 559 3078 615 pacem
3108 546 3282 602 redire
3302 548 3553 603 diuturna
3587 549 3831 610 intentione

2321 633 2626 701 noluerint,
2660 636 2727 691 dc
2768 636 3029 693 Ecclesiae
3058 646 3203 695 cortu
3241 638 3540 709 justissima
3578 658 3831 701 excommu-

2319 723 2588 779 nicatione
2624 725 2893 795 pellantur
2911 728 3262 799 quoadusque
3296 730 3366 785 ad
3406 731 3716 796 cbaritatetn,
3745 751 3833 806 quae

2320 814 2565 884 cooperit
2615 815 3018 874 multitudinem
3068 827 3416 890 peccatorum
3440 860 3457 888 ,
3510 824 3678 879 venire
3721 824 3833 882 festi-

2319 914 2452 962 nent
2473 916 2524 960 ⁸.

2876 977 3107 1035 CAPUT
3152 978 3346 1036 XXVI.

2569 1064 2810 1132 Qualiter
2848 1067 2959 1122 dies
3002 1069 3309 1125 Dominicus
3348 1070 3647 1127 observetur.

2388 1154 2529 1227 (Lib.
2553 1170 2572 1209 ι
2596 1154 2927 1226 Capitular.,
2969 1173 3090 1228 cap.
3141 1158 3240 1226 75;
3283 1160 3378 1216 ιιι).
3415 1176 3488 1227 vt,
3526 1176 3631 1233 cap.
3670 1163 3768 1225 580.
3791 1175 3829 1220 et

2314 1241 2410 1298 lib.
2441 1260 2539 1309 vn,
2568 1259 2690 1313 cap.
2722 1244 2875 1315 276.)
2928 1248 3081 1302 Diem
3130 1248 3462 1304 dominicum
3496 1253 3699 1321 apostoli
3741 1256 3829 1308 ideo

2316 1332 2571 1403 religiosa
2615 1342 2918 1389 sanxerunt
2945 1335 3288 1392 solemnitate
3309 1339 3437 1408 quia
3482 1340 3534 1393 in
3577 1341 3735 1395 eodem
3767 1344 3829 1398 die

2316 1422 2646 1492 Redemptor
2672 1432 2857 1479 noster
2885 1440 2916 1478 a
2946 1427 3174 1481 mortuis
3196 1429 3517 1485 resurrexit.
3543 1427 3724 1500 Quique
3741 1433 3829 1488 ideo

2316 1513 2628 1570 Dominicus
2651 1515 2957 1586 appellatur
2984 1527 3045 1572 ut
3067 1518 3120 1572 in
3145 1534 3211 1573 eo
3250 1535 3279 1573 a
3312 1522 3543 1576 terrenis
3565 1524 3773 1591 operibus
3790 1538 3826 1579 et

2316 1621 2346 1659 a
2379 1606 2561 1661 mundi
2596 1605 2865 1662 illecebris
2914 1609 3273 1676 abstinentes,
3306 1618 3515 1666 tantum
3555 1614 3721 1670 divinis
3743 1616 3824 1670 cnl-

2318 1695 2460 1750 tibus
2509 1697 2829 1751 serviamus.
2891 1696 3028 1752 Natn
3078 1700 3223 1754 sicut
3268 1701 3383 1771 ipse
3428 1700 3668 1759 Dominus
3711 1704 3828 1761 lesus

625 1785 905 1879 lam",',ec
951 1785 1065 1884 ipsa'
1094 1814 1276 1869 debita
1306 1829 1426 1884 qua,
1449 1830 1480 1867 a
1508 1814 1742 1869 subditis
1770 1785 2042 1867 reddéuda
2088 1822 2213 1866 sum
2238 1795 2285 1856 Β
2314 1785 2563 1884 Christus
2605 1795 2661 1884 et
2689 1787 2937 1843 Salvator
2965 1799 3152 1845 noster
3201 1793 3361 1847 tertia
3411 1794 3496 1849 die
3543 1797 3822 1851 resurrexit:

619 1903 791 1973 impie
829 1918 894 1959 ac
940 1903 1233 1958 crudeliter
1274 1904 1515 1975 exigant.
1558 1902 1696 1971 Quia
1748 1916 1880 1973 ergo
1913 1910 2128 1956 constat
2156 1901 2209 1955 in

619 1995 867 2052 Ecclesia
897 1995 1232 2051 diversarum
1282 1995 1648 2050 conditionum
1703 1992 1953 2048 homines
1981 2007 2123 2056 esse,
2152 1999 2213 2045 ut

626 2087 738 2143 sint
764 2085 974 2141 nobiles
1001 2093 1057 2140 et
1100 2084 1383 2157 ignobiles,
1414 2085 1582 2150 servi,
1620 2082 1824 2147 coloni,
1857 2082 2127 2152 inquilini,
2156 2089 2212 2136 et

625 2186 824 2234 caetera
852 2175 1160 2248 hujusmodi
1182 2178 1423 2240 nomina,
1447 2184 1663 2245 oportet
1704 2185 1765 2230 ιιι
1789 2175 2101 2244 quicunque
2129 2173 2211 2229 eis

624 2268 832 2339 praelati
875 2277 1019 2335 sunt,
1068 2268 1251 2324 clerici
1280 2268 1393 2324 sive
1424 2268 1571 2334 laici,
1605 2268 1902 2323 clementer
1942 2282 2069 2338 erga
2117 2280 2212 2321 eos

625 2371 794 2435 agant
819 2370 876 2418 et
899 2360 1326 2417 misericorditer
1362 2375 1457 2416 eos
1485 2367 1737 2425 tractent,
1765 2360 1880 2413 sive
1911 2358 1964 2412 in
1989 2358 2211 2429 exigen-

623 2456 713 2511 dis
752 2455 819 2510 ab
858 2454 938 2510 eis
963 2452 1249 2524 operibus,
1280 2453 1395 2508 sive
1429 2453 1483 2507 in
1522 2450 1853 2522 accipiendis
1881 2450 2096 2505 tributis
2125 2447 2211 2504 vel

624 2544 947 2615 quibusdam
995 2544 1224 2608 debitis;
1266 2544 1548 2613 sciantque
1575 2557 1671 2597 eos
1701 2540 1901 2596 fratres
1935 2556 2064 2595 suos
2088 2553 2210 2596 esse

624 2642 683 2687 ει
703 2647 865 2687 unum
886 2647 1070 2688 secum
1087 2642 1295 2703 patrem
1324 2645 1381 2687 se
1405 2634 1604 2687 habere
1619 2631 1808 2696 Deum,
1825 2631 1912 2685 cui
1933 2630 2206 2685 clamant:

623 2719 790 2777 Pater
804 2731 977 2777 noster
1002 2723 1093 2792 qui
1121 2738 1174 2776 es
1204 2722 1259 2775 in
1282 2721 1690 2787 ctelis,’etunam
1714 2729 1940 2775 matrem
1964 2729 2208 2775 sanctam

620 2813 944 2878 Ecclesiam,
986 2829 1106 2884 quae
1153 2828 1248 2869 eos
1292 2813 1615 2868 intemerato
1648 2813 1790 2868 sacri
1836 2811 2002 2868 fontis
2051 2820 2209 2867 utero

621 2904 815 2975 gignit.
842 2902 1134 2975 Disciplina
1162 2905 1324 2975 igitur
1361 2904 1441 2959 eis
1473 2903 1984 2959 misericordissima
2025 2912 2082 2957 et
2106 2918 2209 2973 gu-

623 2989 872 3051 bernatio
922 3005 1222 3066 opportuna
1271 2995 1575 3050 adhibenda
1625 3004 1740 3066 est;
1795 2992 2097 3064 disciplina,
2139 3008 2207 3047 ne

625 3085 1022 3156 indiscipliuate
1040 3086 1268 3141 vivendo
1293 3093 1569 3141 auctorem
1597 3100 1752 3140 suum
1778 3082 2080 3145 offendant;
2105 3097 2205 3152 gu-

626 3174 893 3244 bernatio,
930 3193 998 3234 ne
1032 3178 1086 3232 in
1122 3178 1454 3249 quotidianis
1477 3178 1601 3232 vitae
1631 3177 2024 3232 commeatibus
2063 3191 2203 3247 pra:-

626 3268 861 3326 latorum
894 3268 1221 3325 adminiculo
1249 3269 1493 3325 destituti
1534 3268 1821 3324 fatescant.

1187 3381 1417 3439 CAPUT
1467 3381 1658 3438 XXIV.

678 3476 853 3544 Quod
885 3494 988 3532 non
1022 3477 1089 3531 sit
1127 3490 1469 3546 personarum
1506 3473 1736 3544 acceptio
1772 3473 1913 3543 apud
1944 3470 2132 3527 Deum.

698 3587 923 3660 (Concil.
962 3586 1205 3643 Cabilon.
1231 3602 1303 3652 ιι,
1349 3600 1467 3657 cap.
1514 3583 1630 3657 '54.)
1666 3583 1803 3652 Quia
1851 3583 2036 3654 igitur,
2065 3585 2208 3654 Apo-

625 3678 768 3734 stole
795 3686 1047 3743 testante,
1085 3692 1191 3732 non
1242 3685 1328 3733 est
1363 3689 1718 3747 personarum
1774 3674 2017 3743 acceptio
2066 3673 2208 3740 apud

626 3769 819 3835 Deum,
854 3777 909 3823 et
938 3768 991 3822 in
1028 3767 1280 3822 omnibus
1309 3766 1529 3836 judiciis
1569 3764 1866 3821 cavendum
1895 3773 1999 3828 est,
2039 3763 2209 3818 multo

627 3861 802 3931 magis
839 3861 893 3914 in
922 3860 1024 3914 hoc
1050 3857 1384 3930 paenitentiae
1410 3856 1614 3926 judicio
1636 3856 1935 3926 praecaveri
1967 3856 2127 3910 debet
2148 3862 2211 3909 ut

623 3949 803 4006 nullus
829 3950 1170 4004 sacerdotum
1203 3962 1437 4017 unquam
1480 3954 1573 4000 aut
1601 3945 1775 4017 gratia
1818 3956 1913 4000 aut
1953 3945 2078 4000 odio
2106 3945 2207 3999 ali-

625 4041 782 4113 cujus
810 4055 1054 4112 personae
1082 4052 1240 4096 secus
1276 4039 1485 4109 judicet
1519 4055 1683 4110 quam
1724 4039 1869 4112 quod
1902 4038 1956 4093 in
1985 4039 2209 4095 canoni-

624 4136 730 4193 bus
752 4136 924 4191 sacris
957 4137 1241 4200 invenerit,
1279 4146 1371 4191 aut
1398 4137 1540 4207 quod
1569 4135 1644 4191 illi
1670 4136 1964 4191 secundum
1994 4144 2209 4191 sancta-

620 4239 749 4284 rum
805 4226 1207 4298 Scripturarum
1254 4228 1634 4283 auctoritatem
1676 4234 1731 4281 et
1774 4226 2203 4281 ecclesiasticam

627 4318 1076 4374 wnsuetudinem
1100 4318 1301 4373 rectius
1323 4319 1496 4373 visum
1529 4317 1710 4373 fuerit.
1745 4315 1803 4371 Si
1832 4330 1962 4388 ergo
1987 4316 2205 4383 medici,

612 4410 721 4482 qui
752 4409 1071 4481 corporibus
1097 4408 1416 4463 medicinam
1447 4406 1651 4464 inferre
1673 4415 1971 4473 conantur,
1999 4423 2207 4478 nequa-

2315 1879 2562 1945 mortuis,
2612 1879 2686 1933 ita
2728 1887 2784 1933 et
2822 1896 2922 1935 nos
2962 1890 3370 1938 resurrecturos
3395 1884 3447 1938 in
3477 1886 3825 1941 novissimos.»-

2314 1970 2436 2026 culo
2464 1983 2762 2040 speramus.
2789 1970 2940 2026 Unde
2965 1971 3130 2028 etiam
3158 1972 3211 2027 in
3240 1974 3518 2029 Dominiea
3563 1976 3641 2030 die
3668 1987 3824 2031 stantes

2313 2075 2532 2115 oramus
2568 2077 2584 2114 :
2635 2060 2779 2131 quod
2826 2070 2911 2116 est
2952 2062 3166 2131 signum
3222 2063 3422 2119 futurte
3464 2066 3821 2121 resurrectionis.

2315 2151 2429 2208 Ιίοε
2475 2151 2872 2234 agit‘universa
2917 2152 3157 2208 Ecclesia
3199 2168 3322 2222 quae
3368 2154 3423 2209 in
3469 2156 3823 2226 peregrinatione

2313 2243 2657 2299 mortalitatis
2687 2244 2909 2297 inventa
2928 2252 3034 2308 est,
3068 2255 3397 2314 exspectans
3425 2247 3476 2301 iu
3516 2246 3661 2301 ﬁnem
3688 2246 3821 2301 seculi

2314 2336 2457 2406 quod
2491 2336 2544 2390 in
2577 2335 2790 2390 Domini
2840 2336 3013 2390 nostri
3061 2335 3189 2392 Jesu
3246 2337 3452 2392 Christi
3504 2353 3703 2407 corpore
3726 2353 3824 2408 prte-

2314 2437 2676 2483 monstratum
2707 2436 2811 2493 est,
2844 2427 2935 2497 qui
2970 2436 3055 2481 cst
3104 2428 3502 2500 primogenitae
3531 2439 3822 2484 mortuorum.

2315 2516 2439 2571 Dies
2493 2524 2672 2571 autem
2727 2516 3038 2572 Dominicus
3082 2532 3113 2571 a
3155 2516 3480 2573 Christianis
3529 2528 3644 2588 post
3687 2535 3821 2573 resur-

2315 2607 2607 2663 rectionem
2651 2605 2867 2662 Domini
2910 2608 3210 2663 celebratus
3258 2621 3382 2677 est,
3413 2621 3466 2666 et
3492 2626 3556 2666 ex
3601 2611 3678 2665 illo
3701 2611 3821 2679 cupit

2314 2697 2517 2752 habere
2562 2696 2910 2753 festivitatem
2961 2713 3134 2753 suam.
3188 2699 3364 2755 Tanta
3419 2717 3545 2771 ergo
3584 2700 3718 2769 hujus
3748 2699 3823 2754 diei

2314 2790 2470 2844 debet
2492 2805 2613 2846 esse
2639 2791 2985 2845 observantia
3013 2801 3073 2845 ut
3101 2801 3299 2861 prteter
3352 2794 3613 2848 orationes
3653 2801 3698 2847 et
3728 2792 3821 2845 mis-

2313 2896 2497 2935 sarum
2554 2881 2815 2935 solemnia
2845 2889 2899 2936 et
2916 2896 2978 2934 ea
2998 2897 3130 2957 Aqua}
3153 2882 3221 2936 ad
3265 2882 3583 2939 vescendum
3616 2882 3824 2952 pertinent

2313 2970 2447 3025 nihil
2476 2970 2622 3025 aliud
2669 2969 2782 3025 ﬁat.
2826 2969 3089 3026 Videlicet
3121 2981 3181 3027 ut
3219 2987 3321 3028 nec
3359 2988 3519 3043 opera
3566 2972 3746 3027 servilia
3785 2971 3821 3024 in

2312 3074 2377 3115 eo
2428 3071 2700 3132 agantur,
2750 3076 2851 3117 nec
2896 3061 2999 3116 viri
3053 3061 3254 3117 ruralia
3299 3072 3608 3129 exerceant,
3648 3076 3732 3117 nec
3764 3059 3821 3113 vi-

2232 3137 2277 3202 C
2310 3166 2440 3206 neas
2464 3151 2661 3216 colant,
2693 3166 2793 3207 nec
2830 3167 3052 3221 campos
3076 3163 3254 3218 arent,
3278 3168 3382 3209 nec
3411 3168 3626 3213 messem
3647 3157 3822 3211 metant,

2308 3258 2409 3298 nec
2448 3241 2627 3297 fenum
2671 3251 2890 3310 secent,
2935 3258 3036 3298 nec
3078 3260 3259 3314 sepem
3308 3254 3543 3315 ponant,
3580 3259 3665 3298 nec
3703 3242 3822 3296 silvai

2308 3334 2555 3405 stirpent,
2582 3349 2682 3390 nec
2704 3336 2927 3389 arbores
2947 3337 3177 3400 credant,
3211 3352 3311 3391 nec
3340 3338 3396 3391 in
3428 3336 3592 3408 petris
3615 3336 3819 3392 laborent.

2308 3441 2411 3482 nec
2440 3427 2627 3482 domos
2648 3434 2986 3491 construant,
3020 3441 3123 3481 nec
3150 3426 3371 3483 hortum
3398 3428 3611 3490 faciant,
3638 3441 3721 3480 nec
3742 3434 3821 3477 ter-

2307 3529 2425 3570 ram
2453 3524 2726 3582 moveant,
2758 3530 2858 3572 nec
2884 3516 2950 3571 ad
2979 3516 3174 3586 placita
3216 3521 3565 3583 conveniant,
3590 3532 3678 3571 nec
3701 3530 3820 3567 vena-

2309 3606 2482 3661 tiones
2503 3617 2815 3671 exerceant,
2840 3607 2944 3662 nisi
2978 3615 3185 3661 tantum
3218 3608 3326 3663 cibi
3359 3609 3446 3666 vel
3473 3608 3665 3677 frigoris
3683 3616 3819 3659 neces.

2308 3696 2490 3751 sitate.
2519 3694 2654 3751 ltetn
2685 3694 2904 3751 feminae
2932 3711 3094 3768 opera
3120 3697 3358 3753 textrilia
3390 3714 3493 3753 non
3538 3696 3724 3756 faciant,
3750 3705 3818 3745 nec

2308 3786 2631 3842 vestimenta
2661 3786 2937 3856 capulent,
2969 3803 3070 3843 nec
3117 3798 3408 3853 consuant,
3435 3803 3530 3842 nec
3568 3785 3816 3840 vestimenta

2309 3878 2510 3944 lavent,
2555 3893 2655 3932 nec
2704 3877 2920 3944 liniant,
2954 3894 3055 3935 nec
3103 3879 3271 3934 linum
3310 3880 3538 3943 battant,
3583 3893 3667 3932 nec
3688 3875 3816 3928 lanam

2308 3987 2533 4043 carpere
2562 3982 2911 4041 praesumant,
2938 3987 3037 4028 nec
3062 3973 3311 4029 berbices
3339 3974 3587 4029 tondeant
3608 4012 3621 4034 ,
3663 3978 3711 4022 ut
3733 3980 3817 4020 om-

2310 4062 2542 4118 nimodis
2565 4060 2828 4116 bonorum
2856 4063 3073 4132 requies
3098 4062 3186 4118 die
3213 4064 3497 4118 Dominico
3526 4058 3815 4132 persolvatur.

2310 4156 2428 4226 Ipse
2466 4163 2551 4211 est
2578 4154 2720 4209 enim
2750 4153 2957 4224 primus
2997 4154 3113 4209 dies
3143 4155 3346 4210 saeculi.
3394 4155 3451 4210 lu
3498 4154 3603 4224 ipso
3640 4150 3815 4205 formata

2310 4254 2436 4301 sunt
2473 4245 2738 4300 elementa
2765 4244 2970 4310 mundi,
2996 4245 3049 4298 in
3081 4245 3197 4314 ipso
3228 4247 3401 4301 creati
3443 4252 3561 4300 sunt
3583 4238 3753 4310 angeli.
3778 4235 3815 4287 ίη

2309 4353 2375 4394 eo
2396 4353 2593 4392 manna
2624 4337 2692 4392 de
2717 4336 2857 4391 coelo
2880 4335 3065 4390 datum
3094 4345 3197 4400 est,
3230 4336 3285 4390 in
3314 4351 3381 4391 eo
3423 4334 3715 4401 Redemptor
3748 4326 3815 4377 lm-

2311 4430 2458 4486 mani
2489 4411 2704 4500 generis
2745 4444 2776 4480 a
2814 4427 3044 4483 mortuis
3091 4427 3411 4492 resurrexit,
3454 4427 3504 4480 in
3532 4438 3593 4478 eo
3636 4416 3813 4490 Spiritus

626 4516 791 4571 quam
822 4508 1046 4571 proin"
1088 4512 1333 4591 ﬁmum
1375 4496 1661 4591 “595"”
1706 4497 2086 4591 ῗθθθβίίθηθω,
2117 4496 2203 4591 δῖε
2235 4520 2281 4580 D
2310 4496 2534 4577 sanctus
2582 4535 2743 4591 super
2770 4518 3064 4588 discipulos
3095 4518 3398 4573 descendit.
3450 4505 3813 4571 Conveniendum

618 4605 767 4661 quos
796 4604 992 4646 sanare
1025 4590 1251 4659 cupiunt
1280 4588 1542 4653 cauterio,
1569 4598 1661 4643 aut
1705 4586 1871 4653 ferro,
1920 4595 2014 4641 aut
2055 4586 2205 4642 duris

624 4683 753 4740 aliis
801 4680 1129 4755 quibuslibet
1174 4680 1355 4746 rebus,
1384 4687 1640 4750 parcunt,
1694 4678 1863 4733 multo
1901 4677 2075 4747 magis
2121 4677 2207 4732 his

627 4775 1024 4832 observandum
1050 4780 1135 4829 est
1174 4773 1265 4843 qui
1316 4787 1421 4827 non
1450 4785 1740 4841 corporum
1766 4769 1862 4825 sed
1899 4770 2204 4824 animarum

626 4868 824 4924 medici
868 4869 1125 4924 existunt.
1159 4865 1346 4936 Neque
1392 4864 1537 4920 enim
1585 4862 1863 4934 pensanda
1905 4870 1989 4916 est
2032 4861 2207 4931 poeni-

629 4958 800 5013 tentia
845 4961 1145 5027 quantitate
1185 4957 1480 5027 temporis,
1530 4954 1626 5009 sed
1680 4952 1876 5007 ardore
1911 4953 2109 5005 mentis
2151 4960 2207 5005 et

627 5047 1044 5104 mortiﬁcatione
1092 5049 1355 5117 corporis.
1418 5047 1526 5101 Cor
1580 5052 1760 5099 autem
1809 5040 2105 5096 contritum
2155 5048 2210 5095 et

625 5134 967 5192 humiliatum
994 5139 1136 5193 Deus
1165 5153 1270 5193 non
1297 5138 1525 5208 spernit.

1202 5251 1431 5307 CAPUT
1463 5250 1631 5306 XXV.

1119 5344 1203 5400 De
1256 5347 1697 5401 discordantibus.

694 5453 899 5527 (Addit.
949 5472 1004 5512 tv
1032 5456 1357 5528 Capitular.,
1386 5474 1506 5530 cap.
1538 5457 1653 5528 50.)
1684 5456 1995 5515 Oblatibnes
2042 5452 2194 5510 dissi«

628 5547 867 5603 dentium
896 5547 1126 5603 fratrum
1169 5563 1342 5619 neque
1377 5551 1431 5604 in
1475 5550 1719 5605 sacrario
1747 5562 1920 5619 neque
1958 5546 2010 5600 in
2051 5558 2196 5616 gazo-

626 5637 875 5711 phylacio
923 5639 1277 5709 recipiantur.
1328 5639 1534 5694 Placuit
1576 5641 1740 5694 etiam
1791 5648 1850 5693 nt
1907 5638 2045 5693 sicut
2098 5635 2208 5705 ple-

702 5765 730 5798 ι
758 5753 890 5810 Vide
925 5763 1076 5808 notas
1107 5774 1174 5807 an
1203 5769 1535 5823 .regmoncm,
1558 5769 1678 5822 pag.
1709 5753 1828 5806 5230.

2310 4622 2397 4669 est
2439 4612 2668 4668 sabbato
2721 4610 2810 4666 die
2858 4625 2983 4666 cum
3051 4607 3409 4663 luminaribus
3460 4606 3522 4661 ad
3562 4596 3811 4657 ecclesiam.

2312 4704 2739 4762 conveniendum
2791 4711 2877 4758 est
2926 4702 2993 4757 ad
3040 4701 3247 4771 vigilias
3295 4700 3408 4755 sive
3448 4697 3511 4750 ad
3559 4687 3812 4747 matutinum

2310 4797 2580 4860 oflicium,
2624 4796 3056 4851 concurrendum
3087 4801 3172 4848 est
3216 4793 3380 4847 etiam
3430 4803 3546 4844 cum
3586 4773 3811 4838 oblationi-

2312 4888 2413 4942 bus
2440 4887 2508 4941 ad
2530 4886 2819 4941 missarum
2848 4869 3125 4939 solemnia.
3146 4884 3213 4937 Et
3241 4884 3366 4937 dum
3395 4864 3812 4935 conveniturmulla

2308 4975 2487 5047 jurgia
2524 4984 2649 5031 sunt
2681 4973 2963 5040 habenda;
2995 4975 3087 5029 sed
3121 4984 3230 5028 tota
3268 4973 3356 5028 die
3392 4980 3588 5025 tantum
3633 4964 3723 5018 Deo

2312 5069 2546 5124 cundum
2594 5077 2714 5130 est,
2760 5076 2815 5120 ει
2844 5082 2949 5120 non
2985 5066 3036 5119 in
3084 5066 3306 5135 crapula
3354 5073 3406 5119 et
3433 5061 3669 5117 ebrietate
3692 5045 3811 5103 velia

2312 5162 2541 5218 luxuriis
2562 5168 2615 5215 et
2642 5158 2982 5229 jocularibus
3015 5158 3214 5222 verbis,
3243 5157 3336 5211 sed
3369 5155 3419 5208 in
3443 5153 3529 5207 Dei
3557 5144 3759 5203 laudibus
3777 5143 3814 5232 tl

2312 5232 2671 5325 clcemossvnis
2695 5267 2815 5305 cum
2837 5250 3048 5313 amicis,
3082 5248 3361 5319 proximis,
3379 5255 3431 5300 ct
3450 5233 3711 5314 peregrinis
3733 5240 3813 5295 Sil"

2316 5345 2544 5400 ritaliter
2582 5340 2929 5412 epulandum.

2851 5427 3082 5484 CAPUT
3135 5425 3348 5481 XXVII.

2749 5513 2828 5575 De
2868 5519 3049 5573 diebus
3101 5517 3246 5588 [estis
3293 5514 3434 5568 anni.

2385 5618 2524 5693 (Lib.
2557 5632 2593 5671 ιι
2636 5611 2955 5685 Capilular.,
3002 5625 3122 5682 cap.
3158 5608 3258 5673 35;
3311 5603 3525 5676 Regino,
3553 5595 3633 5651 lib.
3660 5605 3695 5651 ι.
3722 5591 3806 5648 αρ’
