4070 6310
296 371 402 429 ἸΠ

1758 361 1954 418 CAPIT
1962 360 2118 418 ULA.

3457 367 3562 424 7l8

295 486 448 558 577.)
471 485 658 540 Festos
681 483 797 539 dies
829 482 883 538 in
927 496 1073 536 anno
1109 480 1384 538 celebrare
1415 477 1694 533 sanximus
1716 517 1732 541 ,
1776 478 1878 533 hoc
1904 480 1954 539 Α
1981 475 2327 547 conjugibus;
2361 485 2415 531 et
2446 476 2549 531 nisi
2591 490 2685 532 eos
2736 474 2974 530 audisset
3015 475 3082 530 ab
3107 476 3224 532 heri
3260 486 3316 531 et
3365 478 3561 533 nudius

294 590 398 643 est,
443 577 588 632 diem
614 577 949 632 Dominicum
980 573 1202 631 Paschae
1245 588 1369 630 cum
1413 573 1560 627 omni
1591 573 1796 626 honore
1821 580 1878 625 et

294 671 588 727 sobrietate
609 668 882 732 venerari,
913 667 1076 722 simili
1105 666 1264 720 modo
1291 673 1456 720 tctam
1485 664 1873 718 hebdomadam

293 761 442 818 illam
461 761 751 815 observare
769 758 1126 820 decrevimus,
1149 756 1290 811 diem
1311 753 1642 809 ascensionis
1665 751 1875 807 Domini

291 850 529 921 pleniter
575 849 872 904 celebrare.
901 845 961 901 In
1015 845 1367 900 Pentecosten
1419 842 1669 898 similiter
1713 851 1773 896 ut
1819 841 1873 894 in

295 940 526 1004 Pascha,
553 937 892 992 nativitatem
915 937 1088 991 sancti
1107 934 1328 990 Joannis
1347 932 1621 1002 Baptistae,
1647 931 1792 986 Petri
1820 938 1876 984 et

293 1029 450 1086 Pauli
505 1029 649 1083 diem
699 1043 866 1082 unum
898 1066 914 1092 ,
971 1025 1146 1080 sancti
1188 1023 1498 1087 Laurentii,
1548 1021 1871 1090 assumptio-

294 1135 424 1175 nem
461 1127 662 1175 sancta:
706 1116 921 1176 Marim,
969 1114 1360 1169 dedicationem
1407 1110 1582 1166 sancti
1634 1109 1872 1164 Michae-

290 1208 398 1273 lis,
430 1208 662 1263 natalem
694 1206 864 1260 sancti
901 1203 1137 1268 Martini,
1168 1201 1337 1256 sancti
1369 1199 1629 1262 Andreae,
1659 1207 1714 1253 et
1753 1212 1874 1252 om-

289 1302 445 1357 nium
475 1297 859 1369 apostolorum.
893 1295 949 1348 ln
993 1292 1274 1347 nativitate
1323 1288 1535 1344 Domini
1579 1287 1696 1342 dies
1743 1302 1874 1357 qua-

291 1399 438 1454 tuor,
484 1397 702 1444 octavas
756 1384 1006 1445 Domini,
1060 1380 1394 1452 Epiphania,
1447 1377 1874 1446 purificationem

292 1487 497 1535 sancta!
543 1475 754 1537 Mariae,
807 1472 1038 1527 natalem
1083 1469 1256 1524 sancti
1311 1466 1547 1522 Ursicini
1596 1474 1650 1520 et
1701 1464 1874 1520 sancti

291 1562 633 1635 Austregisili
681 1570 736 1616 et
783 1560 955 1615 sancti
989 1557 1221 1628 Sulpitii.
1275 1556 1342 1612 Et
1389 1555 1509 1610 illas
1553 1554 1874 1610 festivitates

286 1662 602 1710 sanctorum
648 1649 939 1704 observare
981 1647 1318 1702 decrevimus
1350 1659 1580 1712 quorum
1634 1643 1687 1697 in
1733 1657 1874 1696 una-

289 1759 507 1815 quaque
552 1742 810 1814 parocbia
859 1746 1045 1795 sancta
1105 1752 1336 1806 corpora
1388 1736 1734 1804 requiescunt
1787 1733 1872 1787 vel

292 1835 538 1905 reliquia:
574 1841 916 1889 venerantur.
950 1832 1045 1887 llis
1073 1830 1341 1901 prmdictis
1365 1830 1552 1885 diebus
1598 1827 1666 1882 ab
1692 1828 1872 1896 operi-
1898 1820 1946 1880 Β

290 1925 394 1983 bus
417 1926 801 1996 quiescendum
836 1939 958 1978 esse
993 1923 1245 1977 diximus.
1271 1920 1508 1976 Cmteras
1551 1918 1868 1974 festivitates

288 2027 602 2075 sanctorum
622 2015 1009 2086 apostolorum.
1031 2021 1346 2083 martyrum,
1374 2009 1768 2073 confessorum,
1786 2019 1872 2063 at-

287 2121 397 2179 que
425 2108 690 2179 virginum
713 2120 950 2172 congruo
971 2104 1178 2159 honore
1203 2099 1558 2158 celebrandas
1597 2114 1717 2155 esse
1741 2114 1868 2154 cen-

288 2216 494 2259 scmus.

824 2288 1053 2347 CAPUT
1106 2287 1338 2343 XXVIII.

287 2404 538 2472 Qualiter
560 2404 738 2474 ﬁdeles
761 2404 816 2458 in
841 2405 1122 2474 missarum
1152 2401 1418 2474 solemniis
1435 2400 1623 2469 offerre
1647 2399 1864 2454 debeant

807 2473 888 2527 vel
937 2473 1344 2526 communicare.

361 2585 702 2642 Sacriﬁcium
747 2585 890 2656 quod
917 2601 947 2638 a
975 2583 1304 2639 Christianis
1333 2583 1442 2637 Deo
1495 2581 1719 2638 otIertur
1759 2583 1866 2652 pri-

289 2695 441 2736 mum
467 2679 715 2733 Christus
753 2680 1012 2734 Dominus
1043 2689 1228 2735 noster
1258 2687 1312 2734 et
1352 2680 1608 2749 magister
1639 2678 1870 2733 instituit

286 2768 506 2836 quando
531 2767 926 2822 commendavit
968 2769 1224 2838 apostolis
1248 2783 1443 2837 corpus
1471 2777 1525 2821 et
1552 2768 1868 2836 sanguinem

289 2871 446 2913 suum
476 2859 793 2927 priusquam
818 2859 1135 2913 traderetur.
1177 2858 1269 2913 Sic
1308 2859 1453 2912 enim
1491 2857 1685 2928 legitur
1715 2875 1728 2910 :
1763 2860 1865 2910 Ac-

286 2948 444 3018 cepit,
486 2948 678 3017 inquit,
703 2948 857 3002 Iesus
885 2967 1072 3018 panem
1103 2958 1151 3002 et
1199 2949 1436 3012 calicem,
1465 2959 1511 3003 et
1563 2948 1866 3002 benedicens

282 3037 432 3090 dedit
454 3039 547 3090 eis.
579 3039 771 3091 Dicunt
793 3038 978 3106 aliqui,
1006 3040 1108 3093 nisi
1135 3039 1315 3108 aliquo
1344 3039 1714 3094 intercedente
1741 3054 1868 3108 pec-

285 3136 439 3192 cato,
467 3129 848 3183 eucharistiam
892 3131 1130 3198 quotidie
1177 3131 1566 3200 accipiendam.
1598 3131 1865 3202 (Regino,

286 3215 384 3270 lib.
409 3231 447 3282 ι,
487 3232 604 3286 cap.
633 3216 777 3286 I94.)
809 3216 962 3273 Hunc
990 3219 1134 3273 enim
1161 3234 1354 3289 panem
1383 3219 1502 3291 dari
1538 3219 1694 3274 nobis
1733 3233 1868 3288 quo-

288 3306 422 3360 tidie
458 3305 683 3375 jubente
712 3307 944 3363 Domino
993 3309 1326 3378 postulamus
1351 3309 1590 3365 dicentes
1620 3327 1633 3362 :
1667 3308 1866 3364 Panem

287 3406 527 3451 nostrum
569 3399 936 3468 quotidianum
965 3401 1036 3454 da
1082 3400 1228 3454 nobis
1259 3399 1434 3454 hodie.
1468 3399 1620 3467 Quod
1651 3401 1865 3470 quidem

284 3485 428 3542 bene
469 3486 674 3554 dicunt,
703 3487 750 3542 si
785 3487 888 3542 hoc
925 3503 1048 3542 cum
1103 3489 1361 3558 religione
1403 3498 1459 3543 et
1505 3489 1788 3545 devotione
1813 3499 1867 3544 et

285 3574 595 3630 humilitate
637 3576 954 3645 suscipiunt,
997 3592 1101 3632 nec
1128 3577 1342 3633 fidendo
1369 3579 1434 3632 de
1472 3577 1685 3647 justitia
1712 3618 1728 3642 ,
1770 3594 1864 3632 su-

283 3666 454 3734 perba
508 3669 928 3737 praesumptione
974 3666 1028 3722 id
1065 3665 1286 3722 faciant.
1332 3667 1598 3722 Caeterum
1649 3668 1694 3722 si
1738 3668 1864 3722 talia

284 3764 416 3810 sunt
443 3764 659 3826 peccata
685 3772 804 3826 quae
832 3758 987 3827 quasi
1018 3767 1290 3814 mortuum
1339 3760 1404 3813 ab
1445 3758 1638 3813 altario
1690 3774 1866 3814 rerno~

285 3857 470 3912 veant,
493 3849 643 3917 prius
661 3850 868 3918 agenda
891 3859 976 3906 est
1008 3851 1356 3920 poenitentia;
1390 3866 1456 3906 ac
1477 3852 1522 3906 si
1546 3852 1738 3907 deinde
1763 3854 1864 3907 hoc

280 3937 622 3992 salutiferam
650 3939 1101 3996 medicamentum
1125 3941 1548 4012 suscipiendum,
1557 3940 1709 4010 juxta
1725 3942 1866 4012 Apo-

285 4027 486 4084 stolum
525 4028 754 4098 probare
787 4045 848 4086 se
892 4031 1054 4088 debet
1097 4033 1258 4087 homo
1295 4041 1349 4088 et
1385 4032 1464 4088 sic
1491 4033 1558 4087 de
1606 4048 1742 4102 pane
1772 4035 1864 4090 illo

285 4117 618 4174 manducare
655 4130 711 4176 et
751 4122 817 4176 de
841 4121 1011 4178 calice
1036 4122 1241 4178 bibere.
1289 4123 1432 4195 (Lib.
1475 4139 1514 4179 ιι
1543 4121 1860 4196 Capitular.,

282 4223 406 4278 cap.
438 4207 555 4278 40.)
608 4209 665 4264 Si
700 4226 827 4267 vero
868 4212 1157 4268 indiscrete
1208 4213 1503 4283 accipitur,
1563 4214 1864 4268 timendum

279 4306 372 4353 est
397 4298 526 4353 illud
557 4301 700 4370 quod
721 4301 797 4356 ait
822 4301 966 4357 idem
991 4302 1284 4373 Apostolus
1311 4317 1326 4356 :
1359 4302 1463 4369 Qui
1506 4304 1789 4358 manducat
1815 4312 1864 4357 et

169 4411 187 4465 λ
283 4388 412 4442 bibit
447 4389 657 4458 indigne
699 4390 965 4460 judicium
1010 4392 1109 4446 sibi
1141 4392 1424 4446 manducat
1471 4403 1519 4446 et
1565 4392 1711 4445 bibit.
1751 4391 1865 4447 Hoc

1981 568 2175 622 tertius
2203 583 2426 624 vacasse
2462 569 2532 623 ab
2559 583 2726 639 opere
2767 566 3058 638 conjugali,
3086 583 3358 638 nunquam
3391 586 3559 638 panes

1981 664 2197 712 Sanctos
2235 657 2304 710 ad
2355 657 2742 712 comedendum
2793 658 3170 727 concessisset.
3216 659 3560 730 Quapropter
3631 678 3640 736 ζ

1979 745 2211 816 eligendi
2239 756 2365 800 sunt
2393 747 2556 816 aliqui
2587 748 2701 803 dies
2747 749 2938 818 quibus
2971 749 3122 818 prius
3172 751 3334 805 homo
3377 753 3557 806 conti-
3632 751 3642 824 ξ

1980 838 2196 893 nentius
2228 839 2398 905 vivat,
2424 855 2531 908 quo
2574 841 2640 894 ad
2674 851 2879 896 tantum
2925 854 3321 898 sacramentum
3363 845 3556 916 dignus

1980 925 2234 981 accedere
2262 927 2450 997 possit.
2494 929 2755 984 Similiter
2806 940 2861 986 et
2890 948 2983 987 eos
3034 933 3124 1002 qui
3164 934 3217 988 in
3261 935 3553 989 missarmn

1977 1015 2256 1073 solemniis
2280 1033 2474 1088 panem
2523 1027 2578 1074 et
2625 1022 2807 1075 vinum
2867 1024 3237 1080 sacerdotibus
3274 1026 3342 1081 ad
3381 1027 3556 1084 altare

1976 1107 2241 1174 offerunt,
2295 1124 2327 1164 a
2375 1109 2690 1182 conjugibus
2720 1113 3029 1183 aliquandiu
3068 1117 3340 1173 abstinere
3395 1133 3559 1188 Opor-

1978 1207 2117 1270 tet."
2139 1208 2195 1254 et
2238 1210 2424 1271 postea
2454 1219 2594 1273 aqua
2634 1203 2762 1269 loti,
2813 1215 2868 1260 et
2925 1207 3267 1264 vestimentis
3315 1211 3552 1276 ablutis,

1975 1304 2076 1358 pro
2120 1291 2232 1345 suis
2279 1307 2608 1362 suorumque
2653 1296 2924 1351 erratibus
2969 1296 3271 1355 oblationes
3319 1302 3429 1356 Deo
3475 1303 3555 1356 of-

1976 1376 2185 1444 ferant,
2235 1389 2290 1436 et
2339 1383 2386 1437 si
2432 1383 2620 1450 velint,
2670 1386 3088 1440 communicent.
3133 1388 3339 1456 Quibus
3377 1403 3556 1446 autem

1975 1467 2224 1523 sacrificii
2250 1479 2498 1540 sumptus
2521 1484 2769 1544 negatur,
2787 1474 3043 1530 oll‘erendi
3078 1475 3306 1534 facultas
3322 1496 3427 1534 non
3463 1484 3558 1535 tri-

1975 1558 2178 1615 bmtur.

2510 1633 2736 1689 CAPUT
2792 1635 2984 1691 XXIX.

2353 1744 2433 1799 De
2465 1745 2666 1814 jejunio
2700 1747 3160 1817 quadragesimali.

2045 1821 2371 1904 (Capitulare
2419 1835 2714 1906 Tlteodulﬁ,
2746 1854 2864 1907 cap.
2897 1840 2988 1905 57,
3022 1841 3110 1906 41,
3157 1841 3271 1912 45.)
3304 1842 3428 1897 Dies
3462 1860 3556 1896 an-

1978 1929 2085 1975 tem
2131 1923 2624 1994 quadragesimales
2653 1944 2777 1982 cum
2798 1944 3008 1983 summa
3045 1931 3422 1988 observatione
3454 1951 3551 1988 cu-

1972 2010 2241 2064 Stodiendi
2270 2021 2416 2077 sunt,
2452 2022 2509 2067 ut
2530 2013 2794 2082 jejunium
2843 2016 2896 2069 in
2949 2018 3031 2071 eis
3061 2028 3258 2086 praeter
3288 2020 3402 2074 dies
3457 2020 3556 2074 Do-

1972 2100 2220 2166 minicos,
2244 2103 2330 2158 cui
2382 2103 2450 2158 ab
2494 2104 2820 2160 abstinentia
2855 2107 3119 2163 subtracti
3154 2118 3297 2173 sunt,
3328 2111 3555 2164 nullate-

1972 2208 2076 2247 nus
2100 2193 2501 2265 solvatur,quia
2534 2197 2633 2266 ipsi
2661 2199 2776 2253 dies
2808 2201 3028 2254 decima:
3053 2211 3179 2256 sunt
3200 2203 3325 2257 anni
3357 2206 3549 2266 nostri,

1971 2300 2108 2354 quos
2148 2301 2270 2340 cum
2312 2289 2461 2343 omni
2503 2289 2761 2360 religione
2797 2301 2852 2346 et
2901 2294 3191 2349 sanctitate
3235 2297 3554 2370 transﬁgere

1973 2374 2248 2430 debemus.
2269 2375 2420 2432 Nulla
2442 2379 2586 2433 cnim
2611 2381 2664 2434 in
2680 2381 2764 2436 his
2783 2383 2998 2438 occasio
3010 2384 3080 2438 sit
3101 2385 3396 2442 resolvendi
3416 2387 3553 2456 jeju-

1969 2465 2075 2531 nii;
2135 2467 2260 2536 quia
2305 2467 2412 2522 alio
2475 2478 2717 2540 tempore
2761 2471 2897 2527 solet
2947 2473 3213 2544 jejunium
3267 2477 3553 2532 charitatis

1969 2570 2131 2610 causa
2163 2557 2400 2612 dissolvi.
2439 2559 2545 2614 lsto
2577 2575 2703 2615 vero
2742 2578 3015 2633 nunquam
3046 2564 3222 2630 debet,
3252 2575 3307 2620 et
3347 2567 3402 2620 in
3449 2568 3552 2620 alio

1972 2653 2214 2715 tempore
2259 2645 2508 2714 jejunarc
2554 2652 2834 2720 praemium
2887 2654 3169 2722 acquirere
3215 2666 3319 2712 est.
3354 2657 3408 2711 ln
3449 2659 3552 2712 hoc

1975 2750 2364 2808 vero,'praeter
2401 2741 2647 2796 infirmos
2690 2753 2782 2797 aut
2832 2747 3103 2814 parvulos,
3152 2749 3394 2819 quisquis
3447 2766 3551 2804 non

1965 2823 2196 2894 jejunat,
2222 2840 2440 2897 pinnam
2465 2831 2566 2884 sibi
2607 2833 2856 2902 acquirit,
2890 2835 3016 2904 quia
3062 2839 3278 2892 eosdem
3310 2841 3424 2894 dies
3448 2841 3552 2894 Do-

1973 2917 2151 2971 minus
2199 2926 2254 2971 et
2299 2933 2394 2988 per
2439 2919 2658 2992 Moysen
2705 2932 2758 2976 ct
2800 2939 2896 2993 per
2934 2925 3106 2980 Etiam
3137 2937 3193 2982 et
3233 2945 3330 2998 per
3357 2943 3553 2986 semct-

1971 3007 2148 3076 ipsum
2183 3024 2342 3064 sacro
2363 3009 2568 3080 jejunio
2621 3016 2978 3069 consecravit.
3029 3016 3419 3075 Abstinendum
3468 3036 3553 3077 est

1974 3095 2118 3150 enim
2145 3096 2200 3151 in
2243 3098 2327 3152 his
2360 3100 2745 3156 sacratissimis
2773 3098 2962 3159 diebus
2990 3119 3020 3158 a
3047 3106 3389 3178 conjugibus,
3424 3114 3550 3180 quia

1974 3201 2112 3256 pene
2140 3188 2273 3243 nihil
2315 3191 2456 3246 valet
2474 3192 2736 3262 jejunium
2767 3196 2910 3264 quod
2941 3198 3206 3269 conjugali
3233 3215 3397 3270 opere
3437 3205 3553 3272 pol-

1969 3279 2152 3334 luitur.
2175 3281 2257 3336 Ab
2293 3284 2541 3338 omnibus
2567 3301 2696 3356 ergo
2725 3286 2970 3344 fidelibus
3009 3290 3233 3362 singulis
3257 3294 3552 3352 Dominicis

1966 3374 2156 3430 diebus
2184 3375 2235 3429 in
2265 3380 2704 3450 quadragesima,
2730 3389 2928 3450 printer
2955 3399 3048 3438 eos
3077 3386 3168 3452 qui
3195 3402 3293 3456 pro
3324 3388 3552 3444 crimine

1967 3467 2182 3521 mortali
2205 3470 2662 3525 excommunicati
2692 3482 2835 3536 sunt,
2865 3486 3203 3530 sacramenta
3227 3482 3468 3549 corporis
3497 3493 3554 3535 ct

1968 3557 2247 3628 sanguinis
2279 3557 2480 3615 Christi
2509 3564 2770 3618 sumenda
2802 3575 2947 3629 sunt,
2973 3576 3027 3620 ct
3052 3568 3104 3620 in
3127 3569 3290 3625 Coena
3316 3573 3549 3635 Domini,

1967 3657 2022 3703 et
2054 3650 2105 3703 in
2145 3650 2460 3717 Parasccve,
2485 3663 2540 3706 et
2570 3655 2748 3724 vigilia
2792 3655 3034 3723 Pascbm,
3069 3671 3122 3713 et
3159 3663 3210 3714 in
3243 3663 3330 3716 die
3355 3665 3550 3718 "05"!"

1968 3739 2225 3794 rectiouis
2273 3740 2485 3796 Domini
2535 3752 2748 3813 penitus
2797 3748 3302 3803 communicandum
3335 3762 3435 3806 est.
3484 3755 3550 3807 Et

1967 3829 2070 3897 ipsi
2115 3829 2230 3884 dies
2261 3831 2531 3901 paschalis
2563 3834 2910 3891 hebdomadm
2958 3853 3146 3894 omnes
3183 3843 3374 3911 mquali
3427 3845 3550 3898 teli-

1969 3919 2128 3988 gione
2167 3919 2378 3975 colendi
2428 3932 2573 3992 sunt.

2542 4036 2771 4092 CAPUT
2812 4037 2978 4094 XXX.
3176 4097 3186 4106 ,

2314 4123 2392 4178 De
2431 4127 2631 4180 caeteris
2658 4128 2881 4197 jejuuiis
2920 4132 3191 4188 institutis.

2042 4212 2182 4284 (Lib.
2209 4229 2240 4266 v
2267 4213 2589 4284 Capitular.,
2635 4232 2754 4287 cap.
2790 4218 2935 4291 151.)
2963 4221 3040 4275 De
3064 4222 3268 4293 jejunio
3316 4227 3370 4283 in
3415 4247 3549 4300 qua-

1968 4310 2092 4358 tuor
2118 4303 2244 4358 anni
2274 4306 2604 4375 temporibus
2632 4311 3024 4377 conservando,
3049 4315 3264 4382 quando
3291 4316 3550 4377 lectiones

1969 4396 2248 4452 duodecim
2277 4397 2331 4452 in
2359 4397 2584 4454 sabbato
2603 4398 2872 4471 leguntur,
2897 4411 3158 4459 statutum
3186 4416 3268 4461 est
3293 4425 3320 4461 a
3349 4403 3551 4467 sanctis

281 4489 370 4535 est
392 4480 536 4536 enim
571 4481 787 4554 indigne
824 4484 1090 4553 accipere,
1121 4485 1166 4538 si
1205 4501 1271 4540 eo
1298 4494 1538 4556 tempore
1565 4485 1686 4554 quis
1721 4485 1862 4539 acci-
1892 4509 1942 4569 ι)
1969 4485 2218 4542 Patribus
2245 4495 2306 4541 ut
2333 4488 2385 4541 in
2413 4489 2588 4556 primo
2619 4505 2805 4546 mense
2833 4493 2886 4547 in
2910 4494 3084 4563 prima
3111 4496 3464 4563 bebdomada,
3493 4503 3544 4555 in

281 4572 401 4642 piat
436 4587 543 4642 quo
585 4573 743 4628 debet
771 4573 971 4628 habere
999 4576 1394 4645 pmnitentiam.
1444 4575 1600 4642 Quod
1621 4575 1681 4646 ,εἰ
1711 4583 1862 4628 tanta

282 4677 394 4717 non
424 4669 550 4715 sunt
576 4671 796 4733 peccata
823 4669 883 4716 ut
917 4666 1470 4722 excommunicandus
1508 4668 1738 4738 quisque
1774 4667 1863 4737 ju-

282 4751 516 4815 dicetur,
543 4767 649 4805 non
681 4765 740 4805 se
770 4751 931 4807 debet
971 4767 1002 4806 a
1034 4754 1298 4808 medicina
1325 4754 1592 4811 Dominiei
1618 4758 1863 4826 corporis

278 4857 560 4912 separare,
589 4857 658 4896 ne
697 4843 824 4898 dum
873 4843 1102 4898 nimium
1136 4844 1190 4899 in
1231 4846 1450 4917 longum
1498 4847 1762 4913 differtur,
1794 4850 1864 4903 ad

279 4932 580 5004 perniciem
609 4933 804 4989 anima:
847 4936 1134 5004 pertineat,
1184 4936 1401 4993 dicente
1432 4939 1661 4995 Domino
1695 4959 1707 4993 :
1742 4941 1862 4994 Nisi

279 5023 723 5078 manducaveritis
748 5041 958 5080 carnem
986 5025 1116 5080 Filii
1137 5028 1360 5082 hominis
1385 5039 1432 5082 et
1472 5029 1700 5084 biberitis
1746 5032 1862 5101 ejus

277 5116 614 5185 sanguinem,
645 5131 749 5170 non
783 5117 1036 5172 habebitis
1079 5120 1238 5174 vitam
1270 5121 1328 5174 in
1357 5120 1516 5174 vobis.
1551 5119 1864 5193 Conjugatis

279 5213 467 5260 autem
510 5206 888 5262 abstinendum
918 5217 1002 5264 est
1027 5225 1058 5262 a
1093 5211 1238 5265 coitu
1268 5210 1473 5280 aliquot
1510 5210 1718 5278 diebus,
1747 5231 1865 5268 ora-

280 5295 525 5366 tionique
545 5298 863 5363 vacandum,
897 5308 956 5355 ut
979 5301 1045 5356 ad
1084 5309 1290 5355 tantum
1318 5302 1573 5356 accedere
1595 5302 1864 5370 purificati

279 5387 500 5442 valeant
529 5399 945 5445 sacramentum.
981 5391 1241 5462 Belegant
1268 5406 1553 5463 regnorum
1595 5393 1781 5458 libros,
1804 5404 1860 5448 ct

280 5477 560 5533 invenient
595 5481 932 5536 sacerdotem
963 5482 1274 5537 Abimelech
1301 5484 1368 5538 de
1407 5483 1636 5552 panibus
1665 5500 1857 5555 propo-

279 5568 494 5625 sitionis
522 5571 761 5627 noluisse
795 5574 946 5644 prius
984 5574 1116 5642 dare
1143 5573 1312 5630 David
1340 5584 1394 5630 et
1417 5577 1598 5645 pueris
1618 5577 1734 5647 ejus
1766 5596 1861 5632 an-

279 5669 502 5730 thuam
551 5661 908 5736 interrogaret
951 5674 1129 5720 utrum
1183 5665 1368 5721 mundi
1415 5679 1598 5722 essent
1637 5670 1787 5738 pueri
1828 5687 1858 5723 a

282 5754 635 5822 mulieribus,
668 5773 774 5812 non
802 5758 988 5828 utique
1019 5760 1086 5816 ab
1125 5759 1315 5815 alienis
1337 5800 1351 5825 ,
1404 5761 1499 5815 sed
1552 5777 1581 5815 a
1628 5763 1861 5833 propriis

1971 4574 2129 4631 Junio
2152 4577 2205 4630 in
2235 4578 2468 4633 secunda
2493 4579 2850 4650 bebdomada,
2868 4583 2920 4637 in
2944 4583 3284 4654 Septembrio
3305 4589 3357 4641 in
3386 4592 3547 4644 tertia

1972 4667 2340 4734 bebdomada,
2386 4670 2440 4724 in
2486 4669 2802 4729 Decembrio
2853 4674 2906 4728 in
2960 4687 3150 4746 quarta
3188 4679 3545 4745 bebdomada,

1975 4760 2146 4815 tribus
2188 4761 2414 4826 diebus,
2464 4763 2518 4817 id
2552 4773 2635 4818 est
2681 4773 2874 4834 quarta
2923 4776 2980 4820 et
3024 4776 3179 4822 sexta
3219 4779 3274 4824 et
3313 4774 3542 4842 septima

1971 4854 2126 4919 feria,
2163 4871 2381 4922 omnes,
2425 4861 2666 4929 exceptis
2711 4860 3006 4916 infantibus
3050 4872 3106 4918 et
3151 4863 3402 4931 infirmis,
3453 4884 3544 4922 us-

1971 4963 2076 5018 que
2113 4950 2179 5004 ad
2219 4965 2413 5005 nonam
2453 4951 2705 5021 jejunent
2745 4963 2801 5009 et
2843 4955 3156 5011 abstineant
3193 4973 3251 5013 se
3291 4974 3322 5013 a
3356 4976 3556 5019 carne.

1966 5037 2170 5095 Eodem
2196 5041 2356 5095 modo
2393 5042 2446 5095 in
2468 5042 2656 5097 diebus
2686 5045 3021 5115 rogationum
3050 5045 3406 5116 jejunandum
3437 5065 3542 5112 est.

1969 5143 2023 5189 et
2051 5150 2080 5189 a
2104 5151 2271 5189 carne
2320 5136 2496 5190 triduo
2547 5139 2925 5195 abstinendum
2973 5150 3074 5197 est.
3105 5140 3317 5210 Jejunia
3353 5162 3486 5202 vero
3515 5169 3544 5201 ει

1969 5226 2336 5283 sacerdotibus
2361 5227 2559 5283 indicta
2587 5229 2704 5284 sine
2747 5232 3070 5288 necessitate
3099 5234 3404 5292 rationabili
3433 5242 3546 5292 sol-

1968 5317 2139 5371 venda
2177 5333 2282 5372 non
2313 5325 2455 5371 sunt.
2490 5317 2814 5387 (Capitulare
2837 5319 3137 5392 Tlteodulﬁ,
3174 5342 3296 5396 cap.
3335 5327 3454 5397 38.)
3486 5329 3540 5382 In

1971 5405 2159 5460 diebus
2215 5407 2396 5488 itaque
2432 5404 2621 5473 jejunii
2667 5409 3008 5481 eleemosyna
3062 5413 3306 5471 facienda
3341 5426 3444 5481 est,
3490 5427 3547 5488 et

1972 5495 2148 5548 cibum
2180 5480 2445 5564 et'potum
2472 5512 2598 5566 quo
2625 5499 2852 5570 quisque
2877 5480 2955 5557 uti
2983 5502 3158 5569 vellet,
3185 5505 3228 5558 si
3261 5521 3368 5574 non.
3406 5480 3545 5574 jeju-

1971 5592 2142 5648 naret,
2199 5585 2522 5653 pauperibus
2567 5599 2782 5658 eroget;
2831 5592 2954 5661 quia
2999 5592 3246 5662 jejunarc
3297 5605 3354 5651 ct
3395 5597 3546 5650 cibos

1971 5674 2180 5744 prandii
2208 5674 2274 5728 ad
2303 5690 2512 5730 coenam
2564 5694 2841 5735 reservare
2874 5698 2980 5737 non
3010 5684 3276 5740 mercedis
3322 5687 3417 5738 sed
3466 5685 3545 5741 ci—

1970 5767 2160 5821 borum
2195 5775 2277 5821 est
2313 5767 2724 5826 incrementum.
