4070 6310
531 323 638 384 719

1087 429 1314 487 uapor
1370 427 1559 485 xxxx.
1674 497 1686 508 ,

849 524 928 580 De
970 522 1413 578 obseruationibus
1441 521 1792 591 jejuniorum.

608 639 934 716 (Capitulare
974 635 1276 703 Tlteodul/i,
1309 650 1429 705 cap.
1462 634 1565 700 40;
1599 632 1892 703 Capitular.
1933 629 2112 686 Caroli

536 731 709 798 Calui,
758 733 841 786 tit.
873 730 975 794 58,
1017 743 1136 797 cap.
1177 726 1243 792 8;
1288 725 1592 795 Capitularc
1628 722 1935 792 Theedulﬁ,
1989 738 2109 792 cap.

534 821 654 895 Ω.)
699 819 1037 875 Abstinentia
1088 817 1141 871 in
1196 817 1385 870 diebus
1424 813 1617 884 jejunii
1676 828 1815 884 pene
1871 812 2113 868 omnium

535 912 848 969 deliciarum
889 922 1009 963 esse
1039 906 1214 970 debet,
1237 914 1292 960 et
1319 904 1500 960 sobrie
1537 913 1594 959 et
1624 911 1773 957 caste
1802 900 2113 965 vivendum,

521 1012 597 1058 ut
640 1000 978 1058 sanctiﬁcata
1022 997 1185 1052 corde.
1232 1005 1288 1051 et
1330 1009 1558 1065 corpore
1614 992 1717 1063 ipsi
1763 992 1939 1047 sancti
1988 991 2104 1046 dies

518 1084 922 1162 transigantur.
995 1086 1430 1144 Denuntiandum
1486 1093 1571 1140 est
1623 1084 1787 1139 etiam
1849 1082 2114 1137 ministris

529 1182 842 1254 reipublicae
871 1189 983 1234 uta
1007 1189 1200 1249 quarta
1227 1177 1361 1232 feria
1400 1185 1526 1230 ante
1567 1174 1779 1228 initium
1805 1171 2117 1241 Quadrage-

528 1275 712 1339 simze,
742 1287 843 1327 nec
869 1270 925 1325 in
951 1271 1068 1340 ipsa
1114 1277 1309 1338 quarta
1342 1266 1498 1332 feria,
1529 1278 1701 1333 usque
1726 1273 1848 1334 post
1894 1271 2118 1318 octavas

528 1366 776 1431 Paschm,
804 1364 1025 1419 mallum
1057 1361 1138 1416 vel
1166 1359 1425 1430 placitum
1450 1358 1728 1429 publicum
1764 1355 1868 1411 nisi
1898 1356 1966 1410 de
1991 1369 2118 1410 con-

535 1454 721 1512 cordia
759 1463 813 1509 et
854 1450 1228 1524 paciﬁcatione
1268 1447 1690 1503 discordantium
1745 1453 1929 1501 tenere
1975 1458 2118 1515 prae-

530 1554 772 1603 sumant.
806 1542 1068 1599 Similiter
1103 1556 1134 1595 a
1174 1549 1368 1610 quarta
1412 1537 1545 1594 feria
1599 1546 1727 1593 ante
1778 1535 2117 1591 nativitatem

532 1635 749 1693 Domini
772 1647 944 1705 usque
968 1625 1459 1704 post'consecratos
1485 1629 1599 1684 dies
1631 1629 1953 1692 observent,
1999 1641 2123 1681 uec-

532 1743 640 1784 non
670 1736 726 1782 et
770 1726 823 1781 in
847 1723 1065 1794 jejuniis
1086 1732 1318 1794 quatuor
1348 1731 1650 1795 temporum
1685 1727 1741 1774 et
1775 1719 1828 1773 in
1858 1718 2117 1788 Rogatio-

533 1819 694 1875 nibus
716 1827 771 1871 et
792 1818 845 1872 in
874 1815 1084 1871 caeteris
1097 1812 1316 1883 jejuniis
1335 1812 1649 1868 constitutis
1674 1809 1837 1865 simili
1857 1810 2116 1863 observa-

533 1910 686 1965 tione
710 1907 928 1963 eosdem
952 1904 1176 1961 feriatos
1199 1903 1314 1958 dies
1357 1902 1608 1957 venerari
1644 1899 1966 1955 omnimodis
2003 1906 2119 1953 stu-

537 2001 721 2058 deant.
745 2000 803 2055 ln
841 1998 925 2053 his
958 2005 1140 2055 autem
1159 1992 1493 2066 jejuniorum
1540 1992 1730 2048 diebus
1777 1992 1935 2047 nulla:
1975 1991 2120 2057 lites,

536 2092 698 2149 nulla:
712 2088 1082 2147 contentiones
1106 2102 1227 2143 esse
1247 2087 1468 2151 debent,
1487 2086 1580 2141 sed
1603 2085 1657 2138 in
1681 2084 1775 2138 Dei
1801 2083 2048 2138 laudibus
2068 2091 2124 2137 et

536 2183 594 2237 in
612 2196 774 2251 opere
789 2178 1098 2235 necessario
1115 2175 1540 2247 persistendum.
1555 2173 1748 2244 Arguit
1762 2173 1907 2227 enim
1921 2187 2014 2228 eos
2030 2173 2121 2242 qui

536 2272 910 2329 contentiones
938 2279 992 2326 et
1012 2269 1131 2324 lites
1148 2268 1340 2339 jejunii
1366 2278 1608 2337 tempore
1636 2274 1911 2330 exercent,
1941 2276 1996 2320 et
2030 2265 2121 2335 qui

537 2362 719 2419 debita
748 2378 780 2416 a
806 2361 1142 2417 debitoribus
1170 2359 1431 2430 exigunt,
1473 2358 1733 2412 Dominus
1771 2372 1868 2427 per
1888 2356 2121 2426 prophe-

536 2460 649 2509 tam
680 2453 863 2508 dicens
892 2468 906 2504 :
939 2450 1071 2505 Ecce
1092 2450 1148 2502 in
1178 2449 1262 2503 die
1276 2448 1650 2519 jejuniioestri
1670 2446 2009 2501 inveniuntur
2027 2461 2122 2499 vo-

538 2542 768 2599 luntates
810 2552 1013 2605 vestrm,
1048 2549 1096 2595 et
1126 2556 1303 2617 omnes
1350 2539 1608 2594 debitores
1648 2547 1844 2592 uestros
1873 2537 2119 2607 repetitis.

532 2634 675 2691 Ecce
701 2634 771 2690 ad
815 2633 932 2689 lites
975 2643 1026 2688 et
1073 2632 1425 2688 contentiones
1457 2631 1738 2703 jejunatis,
1767 2642 1820 2695 et,
1856 2630 2124 2685 oercutitis

523 2744 712 2801 pugno
753 2743 930 2800 rmpte.

1010 2826 1013 2827 '
1082 2812 1315 2872 CAPUT
1358 2813 1576 2870 XXXII.

862 2908 941 2962 De
967 2908 1273 2979 paenitentia
1314 2906 1558 2976 ﬁdelibus
1597 2902 1803 2959 danda.

614 3018 940 3090 (Capitulare
991 3015 1288 3086 Theodulﬁ,
1325 3030 1443 3084 cap.
1486 3012 1578 3079 56,
1620 3011 1736 3085 51.)
1779 3009 2124 3066 Hebdomada

534 3127 653 3166 una
681 3117 806 3164 ante
835 3107 1047 3163 initium
1085 3104 1520 3176 Quadragesimze
1547 3101 1911 3157 confessiones
1937 3114 2121 3155 sacer-
2150 3135 2197 3200 Ο

539 3204 757 3258 dotibus
789 3201 976 3256 danda:
1000 3206 1149 3261 sunt,
1177 3195 1496 3268 ptenitentia
1524 3192 1839 3263 accipienda
1864 3232 1879 3256 ,
1921 3191 2126 3246 discor-

534 3296 732 3349 dantes
776 3287 1182 3353 reconciliandi,
1208 3294 1264 3341 et
1307 3286 1489 3339 omnia
1535 3281 1709 3353 iurgia
1756 3281 2024 3345 sedanda;
2072 3288 2129 3334 et

536 3384 816 3440 dimittere
871 3379 1069 3435 debent
1096 3376 1279 3433 debita
1312 3374 1544 3430 invicem
1591 3373 1657 3428 de
1696 3371 1950 3427 cordibus
1991 3369 2125 3434 suis,

540 3484 601 3529 ut
630 3472 852 3528 liberius
880 3469 1099 3525 dicant:
1136 3465 1353 3520 Dimitte
1388 3464 1535 3541 nobis
1561 3462 1735 3516 debita
1763 3470 1963 3525 nostra,
1994 3461 2127 3514 sicut

551 3575 600 3617 et
632 3580 723 3617 nos
769 3560 1079 3615 dimittimus
1124 3554 1442 3610 debitoribus
1489 3553 1699 3607 nostris.
1735 3550 1799 3605 Et
1838 3550 1919 3605 sic
1952 3550 2130 3629 ingre-

554 3655 764 3709 dientes
811 3652 863 3706 in
895 3652 1065 3706 beaue
1109 3646 1544 3717 Quadragesimze
1591 3652 1803 3712 tempus
1843 3640 2057 3696 mundis
2075 3649 2131 3695 et

540 3744 843 3817 purificatis
867 3740 1137 3796 mentibus
1158 3738 1225 3793 ad
1245 3744 1492 3791 sanctum
1518 3734 1723 3789 Pascha
1767 3729 2048 3795 accedant,
2075 3738 2132 3784 et

543 3853 640 3904 per
686 3831 1057 3901 paenitentiam
1105 3843 1164 3882 se
1220 3832 1514 3888 renovent,
1565 3839 1685 3893 qua:
1731 3831 1815 3877 est
1861 3822 2130 3876 secundus

545 3925 863 3993 baptisnms.
895 3916 1278 3974 Confessiones
1307 3930 1437 3968 vero
1466 3915 1655 3967 dandae
1679 3921 1805 3967 sunt
1851 3911 1918 3965 de
1957 3911 2127 3963 omni-

546 4018 649 4069 bus
682 4010 917 4083 peccatis
943 4022 1062 4079 qua:
1110 4006 1226 4060 sive
1273 4005 1326 4058 in
1370 4019 1533 4074 Opere
1559 4004 1673 4058 sive
1718 4004 1770 4056 in
1806 4001 2132 4072 cogitatione

546 4109 941 4173 perpetrantur.
958 4098 1090 4152 Octo
1121 4103 1248 4151 sunt
1276 4095 1406 4150 vitia
1438 4092 1755 4163 principalia
1784 4092 1900 4147 sine
1937 4091 2134 4161 quibus

546 4193 641 4247 vix
685 4190 823 4245 nllus
859 4186 1088 4242 inveniri
1116 4194 1311 4256 potest.
1367 4184 1463 4238 Est
1492 4185 1636 4237 enim
1682 4183 1911 4251 primum
1940 4180 2135 4251 gastri-

549 4281 752 4353 margia
772 4320 787 4344 ,
819 4281 921 4334 hoc
945 4274 1028 4333 est
1059 4275 1265 4331 ventris
1299 4275 1597 4345 ingluvies,
1632 4272 1925 4327 secundum
1968 4260 2135 4326 forni-

540 4377 718 4440 catio,
747 4372 964 4430 tertium
996 4369 1201 4425 accidia
1248 4368 1362 4422 sive
1394 4366 1644 4428 tristitia,
1674 4373 1926 4433 quartum
1958 4361 2135 4416 avari-

550 4470 657 4531 tia,
691 4466 939 4535 quintum
990 4476 1125 4543 vana
1170 4459 1376 4530 gloria,
1421 4466 1633 4512 sextum
1686 4453 1925 4518 invidia,
1975 4452 2214 4543 septi-D

552 4576 699 4613 mum
748 4558 851 4621 ira,
882 4562 1130 4610 octavum
1163 4550 1434 4620 superbia.
1481 4545 1705 4615 Quando
1742 4560 1872 4617 ergo
1906 4544 2027 4613 quis
2067 4544 2133 4598 ad

538 4649 944 4705 confessionem
988 4644 1183 4709 venit,
1212 4642 1497 4712 diligenter
1542 4640 1700 4693 debet
1750 4638 1948 4706 inquiri
2004 4652 2138 4707 quo-

553 4746 714 4797 modo
740 4749 832 4795 aut
850 4753 956 4807 qua
975 4735 1262 4792 occasione
1286 4739 1563 4801 peceatum
1586 4727 1977 4799 perpetraverit
1993 4727 2137 4796 quod

448 4872 455 4877 .
544 4831 827 4905 peregisse
854 4826 1165 4891 confitetur,
1196 4831 1253 4877 et
1285 4822 1440 4893 juxta
1471 4820 1688 4873 modum
1740 4816 1865 4871 facti
1896 4816 2054 4871 debet
2084 4815 2136 4870 ei

553 4922 871 4994 ptenitentia
904 4917 1152 4974 indicari.
1184 4914 1354 4969 Debet
1376 4911 1425 4966 ei
1461 4909 1774 4981 persuaderi
1806 4916 1865 4963 ιιι
1906 4908 1973 4963 de
2016 4922 2139 4977 per-

554 5013 732 5069 versis
761 5010 1178 5083 cogitationibus
1224 5006 1391 5060 faciat
1436 5002 1854 5058 confessionem.
1895 4999 2061 5054 Debet
2088 4998 2139 5053 ei

557 5104 724 5160 etiam
773 5100 975 5171 injnngi
1033 5107 1089 5154 ut
1147 5098 1214 5152 de
1259 5105 1384 5152 octo
1426 5094 1571 5149 vitiis
1623 5089 2010 5162 principalibus
2062 5085 2141 5141 fa-

552 5195 672 5250 ciat
713 5191 1131 5248 confessionem.
1161 5189 1229 5243 Et
1252 5185 1569 5242 nominatim
1597 5183 1758 5237 debet
1792 5180 1840 5233 ei
1883 5178 2143 5234 sacerdos

563 5284 984 5356 unumquodque
1013 5281 1202 5335 vitium
1232 5267 1415 5332 dicere
1462 5284 1518 5329 et
1547 5288 1701 5328 suam
1728 5271 1795 5326 dc
1829 5284 1895 5349 eo
1933 5267 2143 5322 confes-
2224 5294 2229 5299 ο

553 5380 773 5437 sionem
807 5377 1073 5447 accipere.

1054 5474 1057 5479 ‘
1097 5484 1325 5543 CAPUT
1370 5483 1608 5538 xxxnl.

837 5584 918 5639 De
958 5576 1465 5648 modis‘pmnitentim
1501 5572 1576 5627 vel
1619 5568 1876 5624 remediis.

570 5680 575 5685 ’
636 5696 861 5772 (ευητιι.
899 5666 1137 5746 Cabilon.
1176 5706 1237 5754 ιι,
1277 5703 1394 5756 cap.
1429 5687 1542 5755 '58.)
1589 5683 1774 5738 Modus
1823 5692 2001 5735 autem
2032 5694 2144 5749 pre-

1580 318 1881 379 ftODULFl
1918 312 2392 374 BITURIGENSIS
2427 313 2732 390 EPJSCOPI

3694 314 3807 371 7‘20

2137 437 2189 491 Α
2217 427 2456 481 nitentia:
2480 434 2700 495 peccata
2733 438 2832 478 sua
2868 416 3255 478 confitentibus
3278 427 3373 476 aut
3412 435 3510 491 per
3548 421 3807 492 antiquo-

2212 532 2332 574 rum
2381 531 2650 573 canonum
2691 514 3119 578 institutionem,
3180 521 3274 566 aut
3323 528 3421 582 per
3463 524 3795 567 sanctarum

2219 605 3052 678 Scripturarumauctoritatem,
3079 614 3175 658 aut
3225 618 3322 673 per
3361 603 3798 659 ecclesiasticam

2212 698 2657 754 consuetudinem
2683 694 3110 781 imponi‘debet,
3153 693 3452 764 repudiatis
3485 710 3552 747 ac
3587 694 3808 764 penitus

2212 789 2503 846 eliminatis
2531 789 2724 844 libellis
2763 804 2901 858 quos
2945 788 3357 857 prenitentiales
3390 797 3627 853 vocant;
3664 802 3808 857 quo—

2212 898 2333 938 rum
2374 890 2502 937 sunt
2529 882 2664 937 certi
2705 896 2942 946 errores,
2973 880 3166 936 incerti
3212 889 3491 944 auctores,
3513 879 3583 933 de
3608 880 3809 948 quibus

2215 982 2363 1030 recte
2388 974 2494 1029 dici
2523 981 2703 1043 potest
2732 991 2745 1027 :
2776 973 3172 1042 Mortiﬁcabant
3194 973 3400 1026 animos
3422 988 3543 1040 quis
3563 988 3673 1024 non
3695 987 3809 1023 mo-

2214 1064 2502 1128 riebantur,
2532 1073 2581 1117 et
2624 1063 2954 1131 uiviﬂcabant
2997 1064 3204 1116 animas
3231 1076 3352 1130 qua:
3401 1076 3506 1114 non
3543 1060 3807 1115 vivebant.

2217 1154 2318 1222 Qui
2366 1154 2492 1208 dum
2530 1165 2629 1222 pro
2673 1153 2910 1223 peccatis
2951 1153 3206 1222 gravibus
3246 1150 3393 1204 leves
3438 1154 3708 1219 quosdam
3755 1156 3811 1202 et

2216 1242 2503 1298 inusitatos
2559 1243 2840 1311 imponunt
2877 1241 3214 1311 paenitentiae
3263 1238 3470 1301 modos,
3536 1248 3812 1293 consuunt

2215 1332 2497 1403 pulvillos,
2530 1324 2848 1386 secundum
2895 1330 3272 1401 propheticum
3314 1343 3651 1390 sermonem,
3710 1327 3813 1381 sub

2217 1423 2364 1477 omni
2403 1421 2587 1476 cubito
2618 1435 2812 1474 manus
2838 1428 2895 1473 et
2917 1418 3124 1473 faciunt
3167 1416 3454 1473 cervicalia
3481 1417 3585 1470 sub
3631 1416 3813 1484 capite

2217 1512 2487 1565 universa
2525 1510 2697 1564 anatis
2739 1508 2806 1563 ad
2840 1508 3134 1577 capiendas
3175 1507 3406 1561 animas.
3456 1505 3623 1560 Sicut
3664 1506 3811 1560 enim

2219 1602 2518 1671 baptismus
2539 1607 2780 1669 peccata,
2812 1599 2885 1653 ita
2907 1607 2962 1652 et
2983 1598 3300 1667 paenitentia
3330 1603 3552 1666 purgat.
3585 1595 3810 1665 Septem

2221 1689 2364 1745 enim
2412 1689 2588 1744 modis
2616 1696 2840 1757 peccata
2882 1686 3081 1741 dimitti
3133 1683 3413 1753 Scriptura
3475 1695 3672 1738 sancta
3723 1683 3813 1738 de-

2151 1773 2193 1832 B
2222 1792 2509 1837 monstrat.
2543 1779 2732 1835 Primo
2762 1780 2814 1834 in
2843 1778 3185 1847 baptismate,
3212 1777 3453 1832 secundo
3478 1791 3577 1844 per
3606 1788 3814 1845 many

2222 1872 2383 1936 rium,
2417 1869 2576 1925 tertio
2604 1884 2703 1939 per
2743 1867 3161 1938 eleemosynam,
3212 1864 3366 1934 juxta
3404 1865 3536 1918 illud
3579 1879 3815 1933 evange-

2221 1960 2383 2016 licum
2431 1980 2446 2015 :
2488 1957 2855 2013 Verumtamen
2908 1956 3030 2010 date
3073 1956 3475 2026 elemosynam,
3532 1963 3583 2007 et
3634 1954 3813 2006 omnis

2220 2050 2419 2105 munda
2448 2060 2568 2103 sunt
2610 2047 2767 2101 vobis.
2813 2044 3021 2112 Quarto
3050 2046 3094 2100 si
3124 2045 3369 2099 remittat
3408 2043 3534 2111 quis
3563 2042 3813 2110 peccat-ti

2222 2141 2277 2196 in
2307 2155 2366 2195 se
2391 2148 2611 2210 peccata
2638 2151 2756 2198 sua,
2807 2135 2963 2204 juxta
2995 2134 3123 2188 illud
3151 2152 3164 2187 :
3197 2126 3475 2185 Dimittite‘
3494 2141 3544 2185 et
3575 2131 3813 2184 dimittr

2220 2241 2308 2285 tur
2329 2231 2492 2285 vobis.
2542 2226 2744 2295 Quinto
2775 2226 2821 2281 si
2854 2241 2953 2296 per
2977 2224 3421 2295 prmdicationem
3446 2222 3572 2292 quis
3602 2230 3664 2275 et
3714 2222 3813 2277 bo-

2223 2338 2415 2379 norum
2446 2336 2674 2391 operum
2717 2318 3032 2374 exercitium
3068 2317 3201 2371 alios
3237 2315 3308 2370 ab
3330 2330 3518 2370 errore
3545 2330 3650 2369 suo
3688 2330 3819 2369 con-

2221 2422 2417 2477 vertat,
2462 2410 2617 2481 juxta
2657 2411 2787 2466 illud
2825 2409 3066 2479 Apostoli
3100 2426 3113 2462 :
3159 2409 3422 2474 Quoniam
3448 2408 3542 2478 qui
3574 2408 3817 2461 conuerti

2223 2501 2403 2570 fecerit
2422 2508 2743 2570 peccatorem
2764 2498 2828 2551 ab
2843 2512 3019 2551 errore
3038 2496 3133 2550 via!
3160 2511 3294 2559 sum,
3328 2494 3548 2549 salvabit
3570 2496 3817 2548 animum

2232 2593 2348 2663 ejus
2374 2608 2407 2644 a
2432 2599 2617 2644 morte.
2643 2588 2810 2643 Sexto
2832 2603 2930 2657 per
2943 2587 3284 2652 charitatem,
3305 2583 3459 2653 juxta
3481 2584 3649 2638 illud:
3679 2582 3822 2637 Claa-

2224 2683 2353 2735 ritas
2377 2678 2589 2735 Domini
2631 2680 2860 2749 cooperit
2899 2676 3286 2731 multitudinem
3311 2685 3672 2747 peccatorum.
3722 2674 3823 2729 Sco

2218 2770 2393 2840 ptimo
2428 2784 2531 2840 per
2549 2767 2947 2838 paenitentiam,
2970 2765 3124 2835 juxta
3152 2768 3293 2838 quod
3323 2768 3398 2820 ait
3422 2766 3592 2822 David
3620 2784 3635 2819 :
3682 2765 3823 2819 Con-

2219 2878 2402 2917 versus
2445 2877 2561 2915 sum
2602 2860 2660 2914 in
2712 2875 2948 2914 (erumna
2996 2860 3123 2912 dum
3161 2858 3440 2927 conﬁgitur
3473 2859 3652 2928 spina.
3727 2858 3824 2913 llis

2222 2970 2352 3027 ergo
2378 2963 2585 3025 septem
2614 2954 2784 3008 modis
2836 2963 2892 3007 et
2915 2952 3169 3006 remissio
3200 2952 3358 3005 datur
3383 2959 3439 3006 et
3460 2962 3691 3006 aeternae
3739 2966 3825 3006 re-

2227 3046 2541 3103 tributionis
2588 3045 2873 3116 praemium
2919 3044 3242 3114 acquiritur.

2627 3232 2630 3235 η
2751 3155 2980 3213 CAPUT
3032 3152 3269 3210 XXXIV.

2706 3245 2779 3301 De
2815 3246 3024 3316 publica
3042 3242 3363 3315 paenitentia.

2299 3360 2522 3437 (Concil.
2571 3357 2745 3415 Cabil.
2793 3372 2853 3422 ιι,
2901 3370 3020 3425 cap.
3070 3352 3187 3424 25.)
3227 3351 3612 3407 Ρωιιὶιθιιιίειιιι
3665 3368 3828 3423 agere

2222 3454 2376 3527 juxta
2406 3451 2680 3521 antiquam
2718 3460 2984 3503 canonum
3016 3442 3407 3499 institutionem
3458 3442 3512 3494 in
3548 3440 3827 3511 plerisque

2229 3543 2362 3598 locis
2412 3541 2480 3595 ab
2510 3554 2612 3593 usu
2660 3537 2899 3600 recessit,
2946 3542 3003 3588 et
3078 3545 3254 3600 neque
3306 3530 3824 3586 exeommunicandi

2229 3646 2405 3702 neque
2428 3626 2812 3685 reconciliandi
2860 3622 3067 3694 antiqui
3097 3621 3264 3676 moris
3288 3623 3422 3674 ordo
3448 3630 3728 3674 servatur.
3759 3619 3827 3674 Et

2234 3726 2354 3780 ideo
2378 3722 2470 3793 qui
2499 3720 2711 3791 publice
2735 3726 2925 3789 peccat
2947 3715 3156 3787 publica
3180 3713 3466 3767 mulctetur
3496 3713 3825 3781 pmnitentia

2240 3827 2296 3871 et
2322 3814 2618 3871 secundum
2663 3810 2908 3866 ordinem
2935 3821 3200 3863 canonum
3236 3819 3335 3874 pro
3363 3805 3558 3857 merito
3582 3820 3689 3857 suo
3731 3818 3826 3858 ex—

2220 3904 2665 3962 ‘communicetur
2701 3909 2758 3955 et
2786 3891 3183 3953 reconcilietur.
3241 3893 3357 3947 Non
3416 3893 3563 3946 enim
3611 3893 3823 3949 licitum

2224 4006 2319 4053 est
2339 3992 2670 4067 presbyteris
2689 3989 2958 4061 publicam
2989 3988 3119 4041 dare
3159 3984 3554 4054 ptenitentiam,
3586 3984 3687 4036 sed
3732 3997 3821 4051 pu-

2233 4093 2376 4148 blice
2406 4096 2693 4159 peccantes
2737 4090 2950 4153 oportet
2989 4088 3051 4133 ut
3080 4078 3235 4148 juxta
3263 4076 3606 4144 antiquorum
3652 4088 3823 4128 cano-

2235 4197 2364 4237 num
2426 4180 2643 4233 decreta
2692 4190 2789 4246 per
2838 4169 3139 4241 episcopale
3197 4166 3559 4221 ministerium
3604 4165 3825 4219 nubiim

2236 4271 2406 4326 Deum
2435 4267 2687 4322 studeant
2723 4258 3095 4317 satisfactione
3134 4250 3366 4326 placare.

2778 4373 3005 4432 CAPUT
3044 4346 3260 4426 x'xxv.

2723 4469 2801 4521 De
2828 4467 3004 4520 usuris
3045 4475 3092 4518 et
3130 4464 3327 4532 fenore.

2310 4586 2537 4656 Oportet
2560 4581 2871 4639 sacerdotes
2895 4586 2950 4632 et
2978 4590 3171 4632 omnes
3206 4573 3260 4629 in
3305 4585 3596 4628 commune
3642 4570 3830 4625 ﬁdeles

2238 4687 2299 4733 ut
2324 4678 2368 4732 si
2391 4676 2606 4746 quando
2626 4672 2806 4740 fruges
2835 4669 2918 4724 vel
2936 4667 3199 4739 quosdam
3228 4663 3469 4718 redditus
3502 4670 3667 4717 terra:
3702 4677 3833 4716 con-

2241 4774 2466 4838 gregant
2497 4771 2554 4818 et
2583 4761 2871 4831 protelant,
2915 4773 3021 4812 non
3049 4758 3168 4811 ideo
3192 4755 3294 4809 hoc
3319 4752 3522 4807 faciant
3560 4759 3620 4804 ut
3648 4752 3833 4805 carius

2240 4858 2477 4913 vendant
2500 4863 2554 4909 et
2582 4838 2866 4907 thesauros
2901 4853 3250 4919 congregant,
3282 4843 3376 4899 sed
3403 4850 3464 4895 ut
3495 4842 3834 4911 pauperibus

2243 4958 2482 5017 tempore
2511 4942 2848 4998 necessitatis
2881 4937 3234 4999 subveniant;
3261 4947 3362 4988 nec
3382 4932 3450 4986 ad
3477 4946 3705 4985 usuram
3740 4929 3837 4985 ali-

2242 5038 2371 5108 quid
2399 5037 2547 5099 dent,
2577 5031 2833 5104 quoniam
2870 5029 2940 5083 ab
2977 5029 3094 5098 ipso
3138 5024 3365 5079 Domino
3405 5022 3458 5074 in
3484 5020 3602 5087 lege
3655 5018 3838 5074 oraui—

2243 5133 2345 5187 bus
2384 5128 2732 5185 interdictum
2767 5131 2853 5178 est
2885 5123 2954 5176 ad
3000 5132 3218 5175 usuram
3255 5114 3457 5184 aliquid
3494 5113 3647 5166 dare.
3688 5111 3832 5179 (Lib.

2245 5219 2612 5292 lCapitular.,
2660 5232 2782 5286 cap.
2832 5214 2955 5279 H9,
3017 5210 3140 5274 124,
3195 5206 3343 5276 1Ξ5.)
3391 5204 3569 5259 Usura
3612 5210 3703 5257 est
3747 5201 3836 5257 ubi

2251 5314 2479 5385 amplius
2500 5309 2791 5379 requiritur
2828 5319 2991 5375 quam
3029 5302 3209 5381 datur.
3240 5296 3402 5353 Verbi
3431 5295 3632 5366 gratia,
3663 5293 3714 5347 si
3747 5293 3839 5347 de-

2255 5382 2399 5463 deris
2433 5402 2634 5459 solidos
2672 5400 2858 5454 decem
2899 5406 2954 5451 et
2993 5392 3224 5463 amplius
3270 5387 3612 5458 requisieris,
3666 5384 3757 5439 vel
3792 5382 3836 5437 si

2254 5498 2467 5554 dederis
2509 5492 2719 5549 modios
2761 5474 3016 5544 fruinenti
3059 5493 3152 5539 aut
3176 5481 3308 5544 vini,
3345 5489 3402 5535 et
3426 5479 3623 5532 iterum
3679 5488 3839 5544 super

2254 5589 2454 5659 aliquid
2496 5579 2818 5657 quacunque
2860 5578 3148 5637 occasione
3179 5574 3262 5630 vel
3308 5585 3636 5643 quocunque
3682 5568 3838 5624 modo

2255 5679 2518 5749 exegeris.
2549 5676 2867 5745 Quicunque
2903 5669 3048 5727 enim
3077 5678 3318 5738 tempore
3346 5662 3563 5728 messis,
3596 5660 3684 5715 vel
3710 5667 3835 5713 tem.
