4070 6310
296 307 399 364 72s

1753 308 2105 366 [ΑΡιΤυιΑ.

3452 312 3561 372 722

294 434 429 487 pore
455 420 760 486 vindemias,
810 438 929 477 non
963 424 1313 489 necessitate,
1366 424 1460 478 sed
1483 431 1703 492 propter
1732 421 1879 489 cupi—
1905 422 1952 481 Α
1984 425 2268 481 lectionem
2301 427 2514 497 plenam
2538 438 2904 499 consequatur
2926 436 3046 486 acta
3095 403 3333 502 legitima
3377 432 3561 503 paeni-

293 509 541 576 ditatem,
593 522 872 583 comparat
905 529 1171 569 annonam
1222 523 1316 568 aut
1342 516 1544 577 viuum,
1601 523 1656 571 et
1694 520 1877 568 servat

295 612 468 666 usque
506 601 633 654 dum
679 602 859 657 carius
891 604 1198 660 venundare
1227 605 1423 674 possit,
1453 605 1557 659 hoc
1586 613 1741 672 turpe
1792 603 1877 656 Iu-

296 700 448 739 cruni
475 704 596 745 esse
622 690 871 746 dicimus.
912 693 1087 748 Penus
1105 703 1283 748 autem
1314 704 1535 749 exprcet
1558 695 1648 764 qui
1674 693 1878 764 aliquid

296 785 539 842 praestat.
592 777 724 833 Nam
774 781 976 850 justum
1035 780 1192 837 lenius
1242 791 1326 838 est
1373 783 1466 853 qui
1500 781 1727 852 amplius
1770 795 1875 836 non

297 866 527 935 requirit
561 869 669 924 nisi
714 880 975 940 quantum
1022 883 1261 941 pncstat.

814 1006 1043 1065 CAPUT
1082 1008 1322 1066 XXXVI.

605 1099 683 1154 De
717 1101 951 1171 perjurio
988 1113 1036 1156 et
1073 1103 1209 1172 falso
1242 1105 1556 1159 testimonio.

369 1203 693 1277 (Capitulare
734 1208 1027 1277 ’I'heodulﬁ,
1052 1227 1171 1281 cap.
1195 1213 1285 1278 26,
1312 1213 1434 1285 27.)
1472 1213 1876 1269 Praedicandum

295 1303 385 1349 est
424 1304 483 1350 ut
524 1296 787 1367 pcjurium
842 1299 1026 1354 ﬁdeles
1050 1301 1298 1357 caveant
1325 1311 1380 1356 et
1410 1304 1476 1358 ab
1508 1304 1611 1357 hoc
1638 1319 1878 1359 summo-

294 1398 428 1455 pere
465 1388 802 1454 abstineant,
854 1391 1088 1448 scientes
1108 1392 1208 1448 hoc
1242 1394 1445 1463 grande
1474 1394 1651 1451 scelus
1676 1409 1796 1450 esse
1824 1404 1880 1451 ct

298 1477 355 1532 in
381 1478 495 1549 lege
526 1490 580 1533 et
612 1482 889 1551 prephetis
929 1482 1042 1538 sive
1070 1485 1348 1556 evangelio
1379 1486 1726 1556 prohibitum.
1764 1488 1875 1542 Au-

298 1566 532 1624 diviiuus
565 1571 708 1625 enim
760 1573 1021 1640 quosdam
1067 1575 1219 1642 parvi
1263 1577 1497 1645 pendere
1536 1576 1639 1631 hoc
1695 1578 1877 1633 scelus

293 1666 354 1712 et
381 1658 554 1714 levem
578 1663 811 1730 quodam
838 1664 997 1718 modo
1024 1665 1260 1734 perjuris
1287 1668 1616 1738 ptenitentire
1657 1669 1875 1725 modum

294 1746 593 1817 imponere.
628 1751 732 1818 Qui
759 1768 919 1809 nosse
940 1756 1137 1810 debent
1159 1758 1321 1812 talem
1349 1759 1416 1813 de
1444 1758 1683 1830 periurio
1703 1762 1876 1830 paeni-

293 1840 518 1895 tentiam
541 1842 817 1914 imponere
838 1846 1034 1902 debere
1061 1849 1275 1917 qualem
1294 1859 1359 1905 et
1387 1851 1454 1907 de
1483 1852 1770 1917 adulterio,
1808 1856 1875 1910 de

291 1926 673 1998 fornicatione,
702 1933 768 1989 de
789 1935 1099 2002 homicidio,
1153 1946 1208 1993 et
1238 1939 1303 1994 de
1324 1942 1535 1996 caeteris
1580 1943 1876 1997 criminali-

292 2004 400 2074 bus
446 2022 633 2078 vitiis:
673 2027 924 2093 quoniam
980 2028 1032 2082 in
1084 2028 1200 2099 lege
1251 2032 1477 2088 Domino
1529 2035 1875 2106 pmcipiente

292 2108 597 2168 habemus:
632 2111 754 2168 Non
794 2116 1086 2185 perj'urabis
1130 2120 1183 2172 in
1207 2121 1412 2175 nomine
1448 2139 1585 2187 meo,
1633 2140 1724 2177 nec
1763 2124 1877 2195 pol:-

291 2199 405 2255 lues
451 2218 637 2257 nomen
673 2203 771 2258 Dei
818 2207 916 2272 tui,
970 2217 1019 2261 et
1060 2224 1123 2261 ne
1158 2226 1393 2266 assumes
1434 2229 1619 2268 nomen
1665 2213 1875 2270 Domini

291 2294 393 2347 Dei
430 2298 508 2349 tui
562 2297 619 2351 in
659 2314 871 2353 vanum.
940 2301 1234 2358 Dicendum
1278 2317 1363 2361 est
1397 2308 1561 2362 etiam
1607 2309 1686 2363 eis
1738 2319 1799 2365 ut
1842 2327 1873 2366 a

290 2383 431 2440 falso
491 2388 796 2445 testimonio
842 2383 1292 2463 se'ahstineant,
1371 2400 1608 2456 scientes
1662 2410 1714 2456 et
1770 2404 1872 2459 hoc

291 2477 670 2543 gravissimum
701 2481 878 2539 scelus
899 2499 1018 2540 esse
1042 2495 1096 2541 et
1121 2490 1188 2542 ah
1215 2489 1330 2559 ipso
1354 2491 1580 2547 Domino
1611 2493 1662 2547 in
1692 2506 1874 2553 monte

294 2562 447 2621 Sinai
520 2571 869 2638 prohibitum,
922 2574 1134 2632 dicente
1188 2578 1378 2634 eodem
1422 2580 1696 2637 Domino:
1749 2585 1875 2641 Non

292 2656 486 2725 falsum
513 2663 864 2719 testimonium
888 2667 1104 2735 dixeris,
1129 2670 1244 2725 sive
1273 2673 1418 2727 testis
1442 2672 1609 2742 falsus
1633 2692 1737 2730 non
1775 2679 1873 2731 erit

287 2743 599 2816 impunitus.
631 2750 781 2807 Sciat
805 2769 863 2809 se
896 2757 1056 2810 etiam
1084 2760 1330 2829 quisquis
1356 2762 1458 2817 hoc
1481 2764 1877 2832 perpetravcrit

293 2838 386 2892 tali
412 2841 724 2917 paenitentia
752 2848 1085 2915 purgandum
1114 2857 1174 2903 ut
1195 2852 1445 2921 superius
1469 2853 1670 2908 dictum
1698 2864 1781 2910 est
1803 2857 1869 2912 de

289 2930 547 2999 perjurio.
578 2932 978 3005 Dicendumque
1013 2948 1099 2992 est
1139 2939 1245 2994 illis
1288 2942 1434 3011 quod
1482 2959 1715 3009 summa,
1763 2962 1870 3000 non

290 3014 467 3072 dicam
498 3021 744 3086 stultitia,
777 3024 868 3079 sed
893 3029 1133 3097 nequitia
1176 3040 1262 3086 est
1287 3047 1386 3101 pro
1416 3035 1709 3104 cupiditate
1754 3038 1871 3092 auri

288 3118 349 3162 et
372 3111 600 3179 argenti,
624 3122 718 3167 aut
738 3115 1205 3186 vestimentorum,
1232 3132 1325 3176 aut
1345 3124 1631 3194 cujuslibet
1654 3127 1754 3191 rei,
1778 3139 1868 3183 aut
1899 3137 1942 3203 ο

287 3200 435 3266 quod
462 3202 791 3258 creberrime
812 3207 1125 3278 contingere
1174 3211 1328 3278 solet,
1371 3224 1593 3283 propter
1631 3219 1871 3273 ebrieta-

291 3298 424 3354 tem,
449 3291 501 3345 in
531 3301 638 3347 tam
666 3297 871 3365 grande
899 3298 1074 3355 scelus
1100 3317 1375 3369 corruere,
1431 3316 1490 3361 ut
1526 3317 1617 3363 aut
1667 3320 1873 3379 septem

288 3380 452 3434 anuis
477 3382 530 3436 in
560 3394 710 3438 arcta
739 3401 980 3441 aerumna
1017 3391 1107 3452 sit,
1148 3401 1240 3446 aut
1276 3395 1342 3448 ab
1370 3395 1612 3452 Ecclesia
1665 3400 1738 3453 sit
1784 3416 1871 3455 re-

286 3472 501 3541 pulsus,
531 3475 743 3532 dicente
773 3479 998 3534 Domino
1030 3499 1043 3535 :
1076 3481 1216 3548 Quid
1239 3486 1447 3555 prodest
1476 3488 1698 3555 homini,
1723 3492 1769 3544 si
1791 3490 1874 3545 lu-

290 3573 469 3616 cretur
486 3574 650 3620 totum
698 3569 974 3635 mundum,
1017 3581 1065 3625 et
1109 3575 1300 3629 anima:
1347 3593 1459 3631 sua:
1507 3580 1872 3637 detrimentum

292 3651 478 3720 faciat.
503 3653 709 3726 Quippe
730 3673 851 3712 cum
878 3660 999 3714 aliis
1029 3662 1274 3718 videatur
1316 3668 1439 3735 pius
1486 3671 1747 3736 existere,
1792 3674 1868 3728 si-

289 3741 465 3797 bimet
493 3747 725 3802 crudelis
751 3750 967 3805 existat.
999 3750 1056 3807 Si
1083 3755 1207 3823 quis
1235 3771 1362 3811 vero
1410 3769 1721 3829 perpetrato
1751 3777 1874 3832 per-

285 3831 455 3900 jurio,
483 3844 576 3890 aut
614 3837 747 3894 falso
793 3842 1123 3910 testimonio,
1176 3847 1261 3901 vel
1308 3850 1550 3918 quolibet
1604 3831 1873 3910 criminali

290 3935 540 3992 peccato,
577 3928 773 3984 timens
798 3932 1127 4000 poenitentia
1173 3937 1386 4009 longam
1436 3955 1752 4010 terumnam,
1805 3947 1871 4000 ad

290 4011 691 4071 confessionem
722 4021 908 4074 venire
945 4022 1200 4090 noluerit,
1225 4025 1293 4080 ab
1325 4026 1566 4098 Ecclesia
1611 4033 1874 4102 repelleuo‘

288 4102 393 4157 dus
423 4113 529 4169 est,
579 4106 1139 4168 siveacommunione
1182 4123 1238 4170 et
1284 4120 1558 4175 consortio
1611 4122 1871 4191 ﬁdelium,

289 4201 353 4246 ut
386 4195 564 4251 nullus
591 4213 713 4253 cum
744 4216 810 4255 eo
846 4192 1114 4270 cemedat,
1143 4222 1315 4276 neque
1336 4210 1507 4276 bibat,
1530 4227 1705 4283 neque
1730 4225 1868 4282 oret,

282 4278 468 4354 hcque
489 4287 543 4342 in
565 4290 845 4347 sua'domo
870 4308 992 4347 enm
1019 4297 1263 4366 recipiat.

815 4423 1043 4483 CAPUT
1083 4430 1343 4487 XXXVII.

663 4510 741 4565 De
766 4514 1020 4583 perjurio,
1047 4516 1189 4587 furto
1209 4531 1258 4576 et
1289 4525 1496 4593 rapina.

357 4616 677 4693 Quicunque
705 4626 882 4683 sciens
909 4630 1207 4701 perjurium
1241 4642 1655 4708 perpetraverit,
1711 4646 1869 4701 annis

283 4719 578 4781 septemse
632 4719 960 4786 paenitentiae
999 4722 1215 4791 subdat,
1271 4736 1327 4783 et
1373 4730 1446 4785 ita
1488 4732 1743 4804 deinceps
1799 4736 1869 4791 ad

282 4807 718 4862 communionem
742 4820 1074 4870 revertatur.
1115 4816 1215 4882 Qui
1266 4834 1397 4875 vero
1435 4823 1730 4891 cupiditate
1778 4843 1868 4881 ca-

281 4902 411 4965 ptus
435 4896 636 4953 furtum
660 4900 873 4968 fecerit,
904 4907 1046 4975 quod
1077 4907 1360 4964 abstulerit
1412 4914 1626 4979 reddat,
1670 4926 1726 4973 et
1773 4933 1869 4972 au—

281 4986 371 5042 nis
391 4988 629 5059 quinque
658 4994 1030 5062 paenitentiam
1061 5005 1204 5067 agat.
1249 4997 1510 5055 Similiter
1536 5012 1592 5057 et
1630 5005 1721 5073 qui
1773 5021 1871 5076 per

281 5077 530 5145 rapinam
557 5080 783 5136 alterius
809 5098 906 5137 res
931 5084 1129 5155 injuste
1159 5087 1462 5156 abstulerit,
1488 5103 1543 5145 et
1572 5093 1677 5148 hoc
1723 5097 1868 5164 quod

280 5166 334 5220 vi
368 5166 556 5224 illicite
577 5172 809 5226 extorsit
845 5183 1136 5241 restauret,
1201 5187 1257 5231 et
1312 5179 1531 5234 totidem
1582 5183 1761 5248 annis,
1816 5185 1869 5239 id

278 5267 366 5311 est
402 5259 665 5330 quinque,
698 5270 907 5317 reatum
939 5279 1095 5319 suum
1143 5267 1474 5336 paenitentia:
1512 5270 1746 5342 jejuniis.
1789 5275 1867 5330 di-

279 5346 417 5402 luat.
452 5349 510 5404 Si
542 5362 721 5408 autem
757 5356 931 5410 nescit
964 5357 1048 5411 cui
1081 5358 1335 5415 damnum
1386 5362 1583 5427 intulit,
1637 5374 1730 5419 aut
1753 5381 1859 5421 non

276 5439 426 5493 valet
477 5441 703 5521 reddere
763 5446 908 5514 quod
952 5447 1215 5503 violenter
1267 5447 1560 5522 subrepsit,
1600 5457 1859 5526 asperiori

277 5530 613 5603 ptenitentize
639 5548 698 5589 se
723 5535 1006 5592 submittat
1028 5546 1084 5593 et
1109 5549 1232 5610 post
1272 5551 1478 5612 septem
1515 5560 1688 5601 annos
1739 5562 1861 5615 per-

350 5681 385 5710 ι
415 5670 547 5727 Vide
574 5683 729 5728 notas
756 5674 822 5729 ad
846 5673 1138 5746 Capitular.
1177 5678 1330 5735 l058.

1978 515 2162 569 tentia.

2487 585 2714 647 CAPUT
2752 591 3037 647 XXXVIII.

2335 678 2406 734 De
2430 683 2870 737 observationibus
2891 684 3201 737 sanitatum.

2049 801 2075 830 α
2112 789 2432 861 Quicunque
2476 791 2711 847 ﬁdelium
2774 795 2997 863 auguria
3044 802 3102 848 et
3146 795 3388 865 auspicia
3432 796 3568 859 sive

1978 882 2186 936 somnia
2216 882 2300 938 vel
2355 881 2715 940 divinationes
2767 886 3034 955 quaslibet
3087 902 3237 942 more
3275 886 3555 958 gentilium

1976 972 2387 1028 observaverint
2414 1015 2430 1038 ,
2477 975 2591 1029 sive
2650 984 2824 1032 sortes
2874 992 3010 1047 quas
3062 978 3398 1033 mentiuntur
3438 993 3560 1034 esse

1977 1071 2309 1127 sanctorum,
2341 1079 2460 1132 quae
2487 1064 2671 1121 clerici
2693 1066 2776 1120 vel
2823 1067 2946 1122 laici
2984 1067 3180 1124 detecti
3231 1067 3433 1124 iuerint
3470 1067 3559 1124 vel

1978 1154 2262 1209 consulere
2290 1154 2374 1209 vel
2395 1154 2608 1220 docere,
2636 1166 2730 1211 aut
2760 1158 2812 1211 in
2835 1159 3029 1214 domos
3079 1176 3205 1215 suas
3248 1159 3558 1230 hujusmodi

1980 1240 2226 1300 homines
2256 1245 2656 1302 introduxerint
2677 1249 2996 1319 exquirendi
3020 1250 3222 1320 aliquid
3247 1260 3364 1306 arte
3391 1252 3558 1309 male-

1977 1333 2101 1398 ﬁca,
2139 1344 2232 1389 aut
2261 1335 2452 1391 domos
2481 1352 2606 1392 suas
2632 1338 3003 1405 iustraverint,
3036 1341 3105 1395 ab
3135 1340 3366 1397 ecclesia
3394 1343 3554 1413 quin-

1977 1427 2213 1497 quennio
2232 1427 2536 1483 habeantur
2551 1431 2795 1486 extranei
2822 1432 3195 1502 pmnitentiam
3225 1443 3449 1506 agentes
3467 1449 3555 1490 se-

1980 1522 2212 1575 cundum
2244 1521 2496 1592 antiquas
2524 1524 2740 1593 regulas
2762 1525 3106 1582 constitutas.
3148 1525 3265 1582 Non
3305 1527 3450 1582 enim
3499 1526 3563 1583 li-

1978 1620 2066 1666 cet
2082 1611 2406 1667 Christianis
2436 1614 2752 1669 traditiones
2792 1616 3073 1686 gentilium
3129 1617 3424 1673 observare
3472 1619 3558 1676 vel

1977 1701 2156 1757 colere
2173 1694 2462 1769 elementa,
2489 1713 2583 1759 aut
2605 1705 2780 1771 lunas,
2814 1714 2907 1761 aut
2928 1707 3203 1763 stellarum
3233 1724 3444 1771 cursus,
3470 1718 3565 1764 aut

1905 1777 1950 1836 Β
1978 1796 2192 1868 inanem
2212 1794 2489 1865 signorum
2516 1794 2806 1863 fallaciam,
2856 1814 2955 1868 pro
3003 1801 3164 1856 domo
3195 1800 3441 1856 facienda
3469 1798 3563 1856 vel

1977 1866 2161 1955 segete
2195 1884 2278 1940 vel
2309 1885 2595 1942 arboribus
2623 1866 2929 1956 plantandis
2955 1890 3038 1947 vel
3062 1892 3327 1963 coniugiis
3347 1893 3564 1948 socian-

1974 1974 2077 2028 dis.
2109 1974 2381 2045 Scriptum
2409 1985 2494 2030 est
2535 1977 2720 2032 enim:
2750 1977 2943 2034 Omnia
2983 1997 3305 2051 quiscunque
3354 1981 3551 2048 facitis,

1974 2066 2029 2119 in
2058 2067 2267 2122 nomine
2288 2066 2499 2122 Domini
2549 2069 2727 2138 facite.
2760 2071 2871 2125 Nec
2894 2071 3018 2127 licet
3058 2072 3112 2127 in
3144 2072 3557 2129 collectionibus

1975 2157 2265 2212 herbarum
2312 2159 2524 2228 aliquas
2565 2161 2976 2217 observationes
3024 2161 3110 2217 vel
3160 2163 3557 2220 incantationes

1974 2249 2275 2309 attendere.
2307 2250 2411 2305 nisi
2449 2259 2657 2305 tantum
2684 2266 2806 2306 cum
2840 2254 3087 2324 symbolo
3124 2255 3311 2310 divino
3340 2264 3396 2321 et
3423 2271 3551 2311 ora-
3614 2300 3621 2301 κ

1975 2338 2120 2392 tione
2149 2337 2450 2394 Dominica.
2480 2340 2748 2397 Similiter
2775 2356 2873 2398 nec
2909 2341 3252 2399 Christianas
3303 2346 3560 2401 mulieres

1972 2426 2101 2483 licet
2126 2429 2419 2484 vanitatem
2448 2430 2500 2484 in
2522 2430 2637 2486 suis
2657 2430 2910 2487 laniﬁciis
2929 2434 3242 2505 observare,
3266 2436 3362 2490 sed
3386 2434 3556 2491 Deum

1973 2516 2227 2572 invocent
2264 2518 2590 2587 adiutorem,
2618 2520 2711 2589 qui
2736 2521 2816 2576 eis
2836 2523 3158 2592 sapientiam
3199 2524 3411 2579 texendi
3457 2525 3556 2580 do-

1973 2607 2125 2663 navit
2176 2609 2313 2663 utin
2343 2610 2595 2665 omnibus
2625 2612 3014 2668 honoriﬁcetur
3036 2613 3197 2670 Deus.

2500 2700 2731 2759 CAPUT
2767 2704 3014 2760 XXXIX.

1973 2788 2052 2844 De
2075 2790 2367 2845 homicidiis
2377 2801 2557 2862 sponte
2568 2794 2856 2873 commigsis
2867 2804 2915 2849 et
2932 2811 3035 2850 non
3048 2807 3227 2866 sponte
3242 2798 3564 2857 commissis.

2045 2901 2121 2956 De
2149 2902 2235 2957 his
2254 2902 2346 2971 qui
2396 2902 2694 2959 voluntarie
2728 2905 3074 2962 homicidium
3126 2907 3331 2963 faciunt
3374 2911 3569 2980 gravis

1974 2994 2241 3046 sententia
2270 2992 2325 3046 iu
2358 2991 2656 3063 Scripturis
2684 2997 2853 3051 sacris
2882 3005 2986 3062 est,
3011 2998 3222 3053 dicente
3246 2999 3507 3069 Apostolo
3540 3018 3569 3053 :-

1977 3082 2081 3147 Qui
2130 3081 2375 3151 templum
2422 3083 2519 3137 Dei
2567 3086 2855 3151 violaverit,
2903 3087 3162 3157 disperdat
3209 3089 3356 3143 illum
3393 3089 3583 3155 θεας..

1980 3170 2247 3242 Templum
2269 3174 2405 3227 enim
2432 3172 2526 3228 Dei
2559 3184 2798 3228 sanctum
2826 3185 2903 3231 est
2929 3178 3067 3248 quod
3107 3180 3229 3232 estis
3273 3196 3383 3233 vos.
3434 3180 3559 3247 Qui:

1980 3277 2195 3333 cunque
2226 3278 2356 3335 ergo
2387 3264 2688 3321 voluntarie
2715 3268 3061 3324 homicidium
3094 3269 3304 3337 fecerit,
3346 3273 3416 3328 ab
3462 3272 3574 3328 Ece—

1979 3353 2143 3409 clesia
2191 3354 2285 3409 Dei
2326 3363 2410 3411 est
2465 3356 2806 3427 repellendus
2851 3369 2957 3415 eta
2985 3362 3261 3418 consortio
3317 3362 3560 3417 ﬁdelium

1976 3444 2399 3514 sequestrandus
2426 3444 2580 3515 juxta
2603 3464 2868 3504 canonum
2904 3451 3169 3517 instituta,
3208 3453 3298 3508 ubi
3328 3454 3400 3508 ita
3431 3456 3555 3509 scri-

1976 3539 2126 3601 ptum
2151 3534 2415 3605 reperitur
2446 3552 2459 3588 :
2494 3534 2598 3601 Qui
2632 3536 2924 3592 voluntarie
2961 3541 3304 3597 homicidium
3348 3543 3552 3612 fecerit,

1974 3623 2288 3691 paenitentia:
2307 3625 2512 3696 quidem
2529 3627 2726 3697 juqiter
2768 3646 2822 3683 se
2859 3631 3150 3697 submittat,
3192 3634 3560 3703 perfectionem

1977 3726 2093 3765 vero
2115 3712 2255 3767 circa
2284 3716 2483 3769 exitum
2506 3718 2625 3772 citis
2645 3730 3013 3790 consequatur.
3047 3722 3115 3776 Et
3139 3722 3267 3778 item
3293 3742 3305 3777 :
3334 3723 3396 3779 Si
3439 3727 3558 3794 quis

1975 3799 2267 3855 uoluntarie
2293 3802 2631 3861 homicidium
2677 3806 2878 3877 fecerit,
2922 3810 2992 3863 ad
3027 3810 3256 3881 januam
3312 3811 3559 3868 Ecclesiae

1975 3892 2246 3949 catholica:
2265 3912 2474 3965 semper-
2497 3897 2697 3967 jaceat,
2755 3910 2804 3955 et
2853 3902 3267 3957 communionem
3314 3905 3370 3958 in
3418 3907 3559 3961 exitu

1977 3983 2091 4040 vita:
2114 4000 2224 4038 sure
2255 3985 2493 4056 recipiat.
2515 3970 2582 4042 Si
2613 3999 2787 4044 autem
2830 4008 2934 4046 non
2972 3995 3259 4060 voluntate,
3308 3996 3398 4050 sed
3436 4014 3562 4052 casu

1976 4075 2172 4146 aliqua,
2199 4077 2541 4133 homicidium
2561 4080 2718 4150 fuerit
2741 4082 2961 4152 factum,
2985 4088 3134 4157 prior
3157 4105 3326 4144 canon
3368 4100 3584 4161 septemw

1974 4162 2622 4245 annis‘agiptznitentiam
2643 4171 2829 4241 jussit,
2874 4177 3133 4232 secundus
3183 4196 3354 4235 canon
3405 4184 3557 4252 quim

1973 4275 2073 4328 que
2110 4260 2398 4315 mandavit.
2444 4262 2511 4317 Et
2553 4263 2687 4319 alibi.
2726 4264 2921 4336 (Cone.
2967 4269 3186 4342 Ancyr.,
3217 4288 3266 4329 c.
3297 4274 3388 4339 ‘22,
3417 4275 3510 4347 25)
3542 4292 3565 4329 τ

1973 4347 2054 4402 De
2096 4349 2389 4405 homicidiis
2440 4368 2544 4408 non
2603 4366 2784 4424 sponte
2822 4360 3134 4425 commissis,
3160 4363 3308 4432 prior
3350 4366 3573 4434 quidem

1977 4437 2212 4506 definitio
2237 4450 2351 4509 post
2380 4452 2583 4507 septem.
2624 4460 2789 4498 annos
2832 4449 3144 4517 paenitentia:
3190 4452 3561 4521 perfectionem

1978 4545 2219 4596 consequi
2245 4533 2511 4602 prwcepit.
2544 4532 2788 4591 Secunda
2810 4555 2928 4592 vero
2970 4541 3310 4611 quinquennii
3358 4553 3559 4616 tempus

1974 4622 2199 4686 explere.

2537 4697 2767 4756 CAPUT
2803 4700 2918 4756 XL.

2078 4794 2157 4850 De
2177 4795 2471 4853 homicidiis
2501 4799 2714 4855 diversis
2743 4802 3102 4858 occasionibus
3124 4808 3454 4875 perpetratis.

1998 4969 2001 4971 ί
2047 4905 2102 4963 Si
2133 4909 2255 4979 quis
2285 4924 2498 4965 servum
2519 4911 2819 4981 proprium,
2843 4912 2968 4968 licet
2987 4915 3307 4972 criminibus
3365 4919 3553 4975 multis

1974 5000 2348 5067 approbatum,
2371 5000 2487 5055 sine
2526 5001 2858 5058 conscientia
2891 5004 3092 5073 judicis
3131 5007 3412 5076 occiderit,
3461 5029 3547 5067 ex-

1975 5090 2469 5145 communicatione
2487 5090 2570 5145 vel
2593 5092 2913 5161 paenitentia
2939 5095 3140 5152 biennii
3171 5108 3380 5155 reatum
3425 5118 3552 5158 san-

1973 5181 2151 5249 guinis
2200 5181 2526 5237 emcndabit.
2586 5181 2643 5237 Si
2688 5199 2817 5239 vero
2863 5184 3078 5241 domina
3119 5188 3300 5247 furore
3331 5193 3429 5247 zeli
3461 5210 3563 5250 ace
3614 5212 3630 5250 ς

1972 5285 2134 5325 censa
2164 5268 2387 5342 ﬂagellis
2414 5272 2777 5327 verberaverit
2812 5275 3061 5330 ancillam
3089 5294 3261 5344 suam,
3292 5283 3362 5336 ita
3387 5293 3444 5339 ul
3475 5286 3550 5340 iu-

1970 5360 2052 5415 ira
2083 5361 2225 5416 diem
2258 5363 2475 5417 tertium
2498 5363 2731 5418 animum
2764 5369 3004 5422 cruciatu
3026 5368 3287 5438 eﬂ'undat,
3316 5383 3369 5428 et
3396 5378 3551 5446 quod

1971 5450 2238 5505 incertum
2263 5452 2308 5505 si
2336 5451 2612 5507 voluntate
2636 5470 2732 5524 per
2757 5466 2964 5527 septem
2991 5475 3185 5528 annos,
3237 5463 3282 5518 si
3334 5465 3386 5519 in
3421 5482 3559 5522 casn

1968 5544 2249 5611 occiderit,
2291 5560 2388 5615 per
2434 5546 2785 5618 quinquennii
2845 5560 3085 5625 tempora
3112 5570 3142 5610 a
3173 5558 3577 5616 communione;
