4070 6310
286 322 392 383 728

864 433 1089 491 CAPUT
1126 432 1289 489 XLV.

661 568 739 624 De
775 567 1149 641 pollutionibus
1189 569 1474 623 nocturnis.

356 698 440 771 (S.
457 698 682 770 Gregor.
700 701 850 767 epist.
872 700 942 753 ad
957 699 1018 755 S.
1048 698 1419 770 Augustinum,
1434 716 1555 769 cap.
1580 702 1864 773 “Mlaa-

287 792 518 845 reudum
543 800 627 845 est
644 798 826 846 utrum
855 801 977 861 post
998 791 1297 846 illusionem
1325 807 1444 862 quae
1470 809 1567 864 per
1592 795 1862 850 somnium

285 882 424 936 solet
445 883 691 936 accidere
717 897 915 951 corpus
949 890 1007 937 et
1030 883 1351 954 sanguinem
1374 883 1582 939 Domini
1609 884 1865 954 quislibet

285 978 534 1046 accipere
575 976 767 1040 valeat,
824 985 919 1030 aut
948 977 993 1030 si
1028 977 1280 1031 sacerdos
1304 992 1457 1047 sacra
1489 978 1744 1047 mysteria
1776 992 1865 1032 ce-

285 1067 503 1123 lebrare
540 1066 735 1121 debeat
765 1082 832 1121 au
861 1082 985 1121 non.
1034 1066 1117 1121 Ad
1156 1067 1272 1122 haec
1310 1067 1743 1137 respondendum
1781 1075 1867 1121 est

286 1163 546 1234 quoniam
572 1163 626 1216 in
661 1160 840 1217 Veteri
877 1161 1226 1216 Testamento
1276 1162 1537 1231 pollutum
1567 1161 1671 1217 nisi
1715 1160 1866 1229 prius

287 1254 456 1309 lotum
483 1269 622 1324 aqua
654 1268 823 1323 usque
843 1253 909 1307 ad
938 1267 1222 1321 vesperum
1251 1253 1458 1308 intrare
1496 1254 1549 1308 in
1576 1254 1864 1311 ecclesiam

288 1360 398 1400 non
440 1345 775 1400 conceditur.
832 1344 986 1412 Quod
1017 1355 1199 1400 tamen
1237 1345 1394 1401 aliter
1436 1347 1665 1417 papulas
1707 1350 1868 1420 spiri-

288 1435 413 1491 talis
443 1435 748 1506 intelligens
790 1436 892 1490 sub
934 1435 1125 1491 eodem
1176 1436 1449 1492 intellectu
1478 1438 1695 1508 accipit,
1740 1440 1876 1509 quia

287 1526 442 1594 quasi
468 1540 566 1595 per
589 1524 856 1579 somnium
882 1523 1125 1579 illuditur
1152 1524 1243 1593 qui
1272 1534 1509 1581 tentatus
1542 1528 1697 1583 vanis
1728 1528 1867 1591 ima-

286 1615 506 1686 ginibus
552 1614 905 1669 immunditiae
944 1614 1000 1668 in
1026 1616 1350 1685 cogitatione
1391 1616 1722 1686 inquinatur.
1762 1617 1869 1673 Sed

293 1702 558 1758 lavandus
587 1711 672 1758 est
698 1719 858 1771 aqua,
898 1713 958 1758 ut
1009 1703 1195 1773 culpas
1220 1705 1566 1775 cogitationis
1617 1706 1869 1780 lacrymis

1052 318 1398 377 WALTERII
1433 317 1982 376 AURELIANENSIS
2015 317 2324 378 EPISCOPI
2372 316 2736 377 CAI’ITULA.

3429 316 3540 372 7'26

1886 437 1941 498 Α
1964 442 2189 504 peragat
2216 442 2273 489 et
2295 435 2362 489 ad
2384 447 2537 488 sacra
2564 432 2819 504 mysteria
2845 432 3069 487 devotus
3104 432 3344 488 accedat.
3401 431 3540 489 Cum

1962 538 2096 579 vero
2142 525 2283 587 ultra
2326 526 2545 579 modum
2577 523 2845 594 appetitus
2870 522 3007 594 gulae
3036 524 3088 577 in
3120 523 3396 579 sumendis
3440 523 3541 581 ali-

1962 615 2162 671 mentis
2196 615 2420 684 rapitur,
2451 623 2614 683 atque
2641 614 2844 669 idcirco
2874 615 3161 669 lunuorum
3195 613 3545 685 receptacula.

1963 716 2276 778 gravantur,
2327 708 2490 763 habet
2526 708 2721 763 exinde
2774 708 2985 763 animus
3029 707 3261 777 aliquem
3311 717 3547 775 reatum,

1964 813 2072 853 non
2105 808 2284 854 tamen
2315 815 2484 870 usque
2512 801 2579 855 ad
2604 800 3023 871 prohibitionem
3051 799 3378 871 percipiendi
3401 799 3544 855 sacri

1965 890 2208 961 mysterii
2247 888 2330 944 vel
2375 890 2661 944 missarum
2712 890 2973 945 solemnia
3021 889 3355 956 celebrandi,
3411 906 3536 945 eum

1973 979 2201 1035 fortasse
2233 986 2327 1033 aut
2361 978 2531 1034 festus
2558 980 2671 1033 dies
2696 980 2886 1050 exigit,
2927 979 3289 1034 autexltiberi
3333 989 3540 1049 myste-

1968 1072 2131 1137 rium,
2165 1088 2263 1143 pro
2290 1088 2358 1128 eo
2387 1068 2529 1142 quod
2558 1072 2811 1127 sacerdos
2834 1071 2972 1126 alius
3003 1071 3056 1126 in
3083 1070 3211 1127 loco
3232 1071 3405 1136 deest,
3433 1070 3549 1140 ipsa

1968 1168 2262 1221 necessitas
2308 1165 2602 1235 compellit.
2650 1164 2783 1219 Nam
2832 1165 2877 1220 si
2922 1166 3119 1220 adsunt
3162 1165 3255 1220 alii
3308 1165 3400 1235 qui
3450 1165 3552 1219 im-

1967 1257 2116 1328 plere
2163 1257 2292 1312 illud
2344 1256 2577 1311 oliicium
2625 1258 2859 1322 valeant,
2901 1257 3079 1311 illusio
3128 1273 3226 1328 per
3274 1256 3551 1328 crapulam

1968 1346 2110 1401 facta
2142 1362 2172 1401 a
2201 1348 2548 1416 perceptione
2568 1347 2891 1403 sacramenti
2907 1347 3193 1418 prohibere
3226 1362 3333 1401 non
3367 1346 3551 1412 debet,

1970 1438 2063 1492 sed
2103 1437 2172 1491 ab
2199 1438 2567 1493 immolatione
2592 1438 2735 1494 sacri
2764 1438 3005 1509 mysterii
3029 1438 3322 1503 abstinere,
3364 1446 3426 1491 ut
3467 1451 3555 1491 aro

1968 1527 2161 1593 hitror,
2193 1528 2466 1583 humiliter
2503 1529 2684 1593 debet,
2735 1529 2782 1583 si
2814 1536 2994 1583 tamen
3024 1529 3382 1584 dormientem
3431 1535 3546 1581 tur-

1970 1617 2054 1688 pis
2103 1617 2413 1688 imaginatio
2464 1623 2568 1673 n‘on
2620 1618 2973 1673 concusserit.
3021 1618 3153 1672 Nam
3185 1626 3311 1673 sunt
3352 1616 3549 1687 quibus

1969 1708 2283 1780 plerumque
2325 1710 2400 1766 ita
2450 1710 2628 1766 illusio
2688 1711 2931 1766 nascitur
2993 1719 3056 1765 ut
3101 1725 3289 1765 eorum
3340 1709 3558 1765 animus

288 1794 494 1850 abluat.
558 1795 627 1849 Et
674 1795 775 1849 nisi
820 1796 971 1866 prius
1018 1796 1160 1867 ignis
1205 1799 1519 1855 tcntationis
1560 1801 1868 1866 recesserit,
1899 1790 1946 1849 Β
1974 1802 2138 1857 etiam
2173 1802 2227 1857 in
2243 1818 2435 1859 somno
2457 1803 2701 1873 corporis
2725 1804 2934 1873 positus
2954 1802 3556 1874 turpibusimaginatio—

287 1899 442 1940 reum
483 1899 542 1939 se
577 1900 746 1955 usque
789 1886 857 1941 ad
882 1901 1165 1956 vesperum
1208 1898 1582 1958 recognoscat.
1625 1888 1731 1945 Sed
1786 1898 1871 1945 est

293 1973 351 2029 in
378 1974 567 2028 eadem
598 1973 845 2028 illusione
887 1978 1195 2031 necessaria
1223 1977 1378 2032 valde
1424 1979 1698 2044 discretio,
1748 1995 1869 2050 quae

288 2063 562 2120 subtiliter
615 2079 844 2135 pensare
899 2066 1095 2121 debeat
1136 2082 1200 2121 ex
1238 2083 1341 2137 qua
1372 2084 1430 2123 re
1468 2069 1677 2125 accidat
1701 2069 1868 2125 menti

286 2152 628 2208 dormientis.
665 2154 968 2224 Aliquando
990 2157 1131 2212 enim
1164 2174 1228 2212 ex
1259 2159 1476 2228 crapula
1500 2200 1516 2225 ,
1565 2160 1619 2214 id
1668 2170 1753 2215 est
1800 2176 1867 2215 ex

284 2247 458 2304 nimio
489 2248 611 2303 cibo
657 2248 739 2304 vel
774 2260 927 2319 potu,
971 2249 1258 2321 aliquando
1303 2267 1369 2304 ex
1395 2251 1633 2306 'natune
1678 2268 1867 2323 super-

287 2340 496 2397 ﬂuitate
551 2343 636 2397 vel
694 2343 1031 2410 inﬁrmitate,
1092 2344 1381 2415 aliquando
1422 2360 1487 2399 ex
1543 2345 1867 2415 cogitatione

289 2433 571 2503 contingit.
632 2434 698 2488 Et
722 2435 937 2503 quidem
980 2450 1100 2490 cum
1128 2451 1195 2488 ex
1232 2444 1440 2490 natura;
1494 2435 1870 2506 superﬂuitate

287 2524 376 2579 vel
408 2526 727 2591 inﬁrmitate,
747 2528 1011 2593 evenerit,
1060 2529 1372 2583 omnimodo
1410 2529 1527 2584 hme
1554 2529 1725 2583 illusio
1761 2544 1866 2583 non

289 2623 377 2670 est
403 2617 673 2684 timenda;
711 2619 805 2674 sed
842 2619 934 2674 ille
984 2619 1076 2690 qui
1121 2619 1361 2689 pertulit,
1394 2635 1452 2675 se
1476 2620 1647 2690 ipsum
1674 2634 1738 2674 ac
1776 2626 1869 2674 ve-

291 2708 561 2773 stimenta
592 2724 687 2763 sua
733 2710 892 2779 aquis
939 2709 1261 2774 emundans,
1309 2710 1456 2764 licite
1507 2711 1868 2765 ministerium

1973 1892 2133 1947 nibus
2157 1908 2264 1949 non
2293 1892 2545 1949 ﬁndetur.
2593 1892 2651 1949 Si
2678 1908 2806 1948 vero
2847 1908 2915 1949 ex
2945 1894 3087 1963 turpi
3125 1892 3453 1964 cogitatione
3479 1891 3560 1945 vi-

1972 1983 2190 2052 gilantis
2224 1983 2398 2039 oritur
2437 1982 2636 2047 illusio,
2665 1990 2901 2038 mentem
2928 1982 3246 2039 dormientis
3283 1981 3436 2036 radix
3460 1979 3563 2037 fm-

1971 2073 2557 2144 dateoinquinationis.
2606 2072 2741 2140 Quia
2767 2073 2912 2142 quod
2943 2071 3196 2144 cogitavit
3239 2071 3418 2127 sciens
3456 2070 3562 2124 hoc

1970 2165 2197 2234 pertulit
2244 2166 2513 2221 nesciens.
2559 2164 2665 2220 Iste
2702 2163 2832 2219 talis
2872 2178 2977 2219 non
3008 2164 3170 2219 debet
3201 2162 3461 2218 accedere
3492 2159 3562 2215 ad

1971 2257 2376 2328 percipiendum
2418 2257 2499 2311 vel
2543 2257 2967 2313 consecrandum
2994 2256 3237 2327 corporis
3261 2263 3316 2311 et
3345 2253 3566 2325 sanguis

1971 2346 2055 2400 nis
2088 2346 2293 2402 Christi
2353 2356 2749 2403 sacramentum
2797 2362 3079 2418 quousque
3124 2346 3457 2418 ptenitentiaa
3502 2352 3563 2400 et

1973 2440 2316 2495 abstinentiae
2335 2440 2567 2495 hiduana
2599 2440 2685 2496 vel
2717 2440 2962 2494 triduana
3008 2438 3383 2495 satisfactione
3430 2450 3561 2507 pur-

1972 2537 2128 2599 gatus
2150 2540 2207 2584 et
2226 2545 2363 2600 aqua
2392 2529 2603 2585 ablutus
2632 2528 2941 2595 mundetur,
2967 2536 3023 2583 et
3054 2536 3301 2585 sumente
3331 2537 3564 2597 corpore

1971 2634 2140 2689 purus
2175 2618 2243 2674 ad
2285 2629 2394 2673 tam
2434 2619 2863 2674 sacratissimum
2899 2620 3151 2692 mysterii
3181 2632 3379 2674 munus
3406 2631 3564 2673 acce-

1974 2712 2101 2766 dere
2138 2710 2364 2767 festinet
2388 2712 2662 2767 immunis.

296 2848 3547 2894 Μ

1499 3004 1664 3045 ANNO
1710 3000 1942 3045 DOMINI
1986 3002 2346 3046 DCCCLXV".

1115 3186 2759 3354 WALTERIUS

1427 3460 1978 3520 AURELIANENSIS
2019 3462 2421 3523 EPISCOPUS.

664 3734 1839 3899 WALTERII
1954 3736 3086 3898 CAPITULA
3167 3726 3200 3767 ³

377 4006 780 4085 Promulgata
811 4005 874 4067 in
906 4005 1152 4085 synodo
1182 4006 1350 4088 apud
1368 4004 1732 4145 Bullensiam
1755 4004 2348 4148 fundulmbsetcundo
2370 4005 2793 4071 ordinationis
2834 4006 2973 4087 ejus
2999 4022 3192 4082 anno,
3222 4024 3311 4070 vn
3337 4004 3491 4071 Kal.

1666 4102 1835 4148 unu.
1874 4102 1945 4148 ce
1977 4102 2010 4146 e
2061 4105 2125 4148 ra
2157 4105 2213 4148 a.

1666 4102 1801 4147 unu
1818 4129 1835 4160 ,
1874 4102 2213 4149 celebrata.

375 4313 505 4370 CAP.
545 4310 587 4366 Ι.
629 4338 704 4350 -
748 4308 1023 4376 Quomodo
1077 4312 1434 4368 archidiaconi
1484 4312 1808 4382 presbyteros
1907 4318 1952 4380 C
1984 4313 2084 4368 sibi
2135 4312 2453 4368 commissas
2502 4311 2822 4381 parochias,
2875 4309 3162 4382 diligenter
3199 4310 3229 4351 δ
3270 4310 3591 4370 discutiant:

941 4382 1244 4436 discutiant.

371 4496 637 4568 (llinem.,
661 4494 835 4567 Capit.
858 4495 971 4549 dat.
995 4492 1254 4564 decanis.)
1286 4492 1357 4550 Ut
1391 4494 1757 4552 archidiaconi
1786 4512 1881 4567 per

1985 4405 2428 4476 presbyterorum
2462 4404 2642 4468 ﬁdem,
2685 4403 2973 4474 baptisma,
2999 4410 3057 4457 et
3094 4402 3382 4457 missarum
3423 4402 3573 4458 cele-

1988 4496 2291 4552 hratiouem
2321 4511 2335 4550 :
2361 4506 2628 4566 quatenus
2668 4503 2871 4552 rectam
2907 4494 3069 4551 ﬁdem
3107 4503 3360 4563 teneant;
3392 4495 3570 4566 bapti«

1460 4630 1784 4689 LUDOVIC!
1821 4629 2136 4688 CELLOTI!
2171 4627 2411 4684 NOTAE-

374 4759 403 4789 ι
442 4744 655 4816 ιιοηπη
673 4746 1030 4816 capitulorum
1057 4758 1247 4803 auctor
1268 4747 1564 4814 Walterus,
1588 4752 1701 4806 sive
1721 4749 1881 4806 Gnal;

303 4827 458 4873 terus
499 4815 903 4872 Aurelianensis
947 4817 1263 4887 episcopus,
1313 4819 1366 4873 in
1411 4821 1640 4877 concilio
1690 4830 1878 4875 nostro

303 4887 622 4943 Duziaeensi
656 4902 776 4941 cum
819 4886 1034 4942 caeteris
1068 4886 1231 4954 judex
1269 4888 1427 4952 sedit,
1458 4899 1512 4945 et
1555 4892 1877 4945 sententiam

303 4958 443 5013 dixit
484 4956 744 5011 adversus
779 4955 1189 5011 Laudunensem
1222 4957 1601 5022 l-tinemarum,
1645 4961 1882 5015 subscri-

304 5038 545 5098 ptusque
564 5026 617 5079 in
647 5040 714 5082 eo
738 5026 935 5097 legitur
961 5047 980 5079 ‹
1008 5026 1280 5082 Wallerus
1318 5028 1537 5084 humilis
1565 5030 1880 5084 Aureliano-

303 5096 427 5152 i'um
463 5096 750 5166 episcopus
777 5096 844 5150 τί»
891 5098 1339 5167 quemadmodum
1387 5109 1574 5167 postea
1610 5101 1661 5153 in
1700 5101 1880 5155 Ponti-

304 5166 554 5238 gonensi,
589 5184 609 5218 ι
643 5166 919 5223 Walterus
942 5167 1159 5222 humilis
1184 5166 1590 5225 Aurelianensis
1625 5171 1880 5226 Ecclesia:

302 5239 634 5308 episcopus:
673 5256 692 5290 ι
735 5240 880 5293 unde
918 5238 1020 5291 viri
1072 5238 1260 5307 optimi
1312 5239 1664 5303 modestiam,
1710 5251 1765 5295 et
1810 5257 1877 5295 ex

303 5306 569 5379 modestia
591 5306 1188 5379 eaaterarumivirtulum
1212 5308 1486 5379 cumulum
1510 5311 1875 5379 intelligimus.

305 5377 523 5449 Ex_bac
551 5386 730 5449 autem
760 5378 964 5449 synodo
994 5378 1316 5447 paStoralem
1361 5377 1793 5442 sollicitudinem,
1826 5389 1882 5436 et

304 5446 685 5503 ecclesiasticae
739 5446 1034 5516 disciplinae
1091 5450 1524 5504 observationem
1588 5453 1877 5513 habemus,

305 5532 412 5585 qua
447 5517 727 5591 majorem
747 5532 847 5591 nec
874 5517 1195 5573 Hincmarus
1223 5519 1357 5587 ipse,
1384 5537 1480 5575 nec
1511 5522 1658 5577 Isaac
1679 5522 1877 5591 ngo~

305 5588 492 5662 ncnsis
516 5588 731 5662 Parduli
760 5588 887 5662 olim
920 5591 1179 5644 diaconus
1212 5591 1399 5662 eodem
1440 5602 1757 5662 argumento
1785 5588 1880 5661 po-

305 5658 537 5713 steritati
581 5659 1125 5733 transmiseruntzgut
1166 5675 1235 5714 ex
1281 5658 1663 5733 hiseap'itulis
1706 5658 1876 5733 patet,

305 5744 428 5799 qua:
452 5744 572 5783 eum
603 5730 724 5783 aliis
749 5740 841 5784 aut
865 5731 1127 5786 committi
1154 5740 1245 5785 aut
1274 5730 1540 5804 conjungi,
1567 5734 1661 5789 tibi
1689 5730 1873 5802 lector,

1981 4765 2140 4820 spero
2167 4748 2516 4820 iniucundum
2552 4764 2659 4803 non
2697 4749 2832 4804 fore.
2863 4747 3071 4820 Quibus
3102 4745 3267 4801 etiam
3295 4744 3568 4820 Theodul-

1980 4817 2509 4892 phumgadjiciemus
2554 4829 2610 4875 et
2635 4821 2837 4892 “ipsum
2884 4817 3357 4892 Aurelianensem,
3410 4818 3567 4892 cujus

1982 4887 2265 4959 epistolam
2295 4891 2362 4946 ad
2395 4891 2597 4945 elerum
2634 4887 2886 4945 Ecclesiae
2913 4903 3037 4959 suae,
3064 4887 3321 4959 scriptam
3351 4902 3419 4943 ex
3444 4887 3564 4945 edi-

1989 4956 2105 5017 tore
2150 4961 2383 5015 Barouio
2433 4975 2559 5015 suos
2612 4960 2665 5013 in
2715 4959 2951 5014 Annales
2999 4956 3225 5013 Carolus
3280 4956 3572 5017 Sausseius

1988 5031 2260 5085 transtulit
2289 5028 2660 5100 (Αηηαιηεσει.
2693 5029 2898 5100 ᾼανεΙ.,
2928 5029 2963 5082 Ι.
2994 5028 3091 5100 vt).
3120 5028 3438 5100 Quanquam
3467 5045 3587 5100 suo;

1986 5111 2145 5155 antea
2171 5097 2415 5156 loro'non
2437 5099 3014 5155 defueratSirmondus
3043 5097 3106 5165 ἐι.
3135 5097 3540 5165 Ιιϐοηἐ.ϐαιι.)

2057 5173 2137 5224 Ad
2181 5181 2390 5241 tempus
2434 5170 2673 5225 collectae
2721 5169 3236 5241 dimcesanaz'hujus
3265 5171 3478 5241 synodi,
3509 5181 3581 5227 et'

1987 5242 2219 5295 latorum
2252 5240 2779 5312 capitulorumgquod
2802 5242 3013 5312 attinet,
3046 5240 3175 5295 nihil
3200 5240 3412 5296 certum
3439 5256 3576 5312 pos-

1988 5327 2175 5365 sumus
2220 5312 2455 5372 edicere,
2479 5310 2762 5365 deﬁciente
2801 5311 2853 5365 in
2892 5310 3046 5365 titulo
3072 5321 3128 5367 et
3150 5310 3453 5366 Dominicaa‘
3476 5314 3569 5367 in—

1982 5382 2337 5453 carnationis,
2364 5392 2419 5435 et
2441 5381 2759 5453 gindictiouis
2788 5391 2932 5444 nota,
2961 5398 3122 5451 quam
3155 5382 3405 5453 religiose
3428 5391 3570 5438 tetas

1985 5452 2070 5505 illa
2101 5453 2348 5524 signavit.
2379 5472 2398 5503 ί
2434 5450 2704 5517 Secundo,
2739 5470 2757 5505 ι
2788 5450 2991 5522 inquit,
3021 5470 3040 5506 ι
3070 5450 3430 5509 ordinationis
3451 5467 3567 5508 sua!

3331 5538 3494 5578 anno.
3536 5542 3558 5576 ι

2056 5664 2081 5702 h
2124 5662 2418 5717 Discutiunt
2472 5666 2887 5736 presbyterorum
2933 5664 3110 5734 ﬁdem.
3160 5663 3275 5717 Non
3331 5660 3559 5738 multum

3329 5730 3533 5788 discu'i
