4070 6310
527 270 629 326 727
1350 326 1356 333 .
1376 322 1381 327 .
1521 273 1865 333 WALTERH
1900 269 2450 328 AURELIANENSIS
2484 265 2790 327 EPISCOPI
3693 270 3800 325 723

521 391 642 433 rima
670 381 994 439 catholicum
1019 385 1335 453 observent;
1358 394 1414 442 et
1438 388 1724 442 missarum
1752 398 1942 455 preces
1962 382 2104 437 bene
2131 390 2181 448 Α
2211 383 2481 454 ligendum
2517 401 2530 437 :
2559 390 2620 437 ut
2659 382 2805 441 sciat_
2826 380 3198 451 unusquisque
3237 381 3368 453 quid
3402 391 3553 451 petat
3576 381 3649 435 ad
3684 382 3796 437 Do-

522 468 825 542 intelligant
852 493 863 528 :
891 476 1126 546 psalmos
1152 478 1310 550 digne
1337 480 1632 535 secundum
1659 478 1954 553 divisiones
1977 458 2109 532 ver-i
2208 474 2434 529 minum.
2461 473 2529 527 Et
2559 480 2617 527 ut
2646 471 2815 553 gloria
2845 467 3015 535 Patri,
3045 480 3095 525 et
3123 469 3284 533 Filia,
3324 481 3373 526 et
3398 471 3629 540 Spiritui
3670 487 3799 524 san-

522 577 683 617 suum
718 565 1090 634 modulentur;
1126 581 1148 608 ο
1174 578 1249 625 et.
1270 568 1606 627 Dominicam
1636 568 1936 624 orationem
1972 584 2097 624 cum
2206 573 2306 627 clo,
2339 563 2367 603 ι)
2390 573 2445 616 et
2473 559 2638 616 Credo
2674 564 2731 616 in
2762 578 2925 616 unum
2956 559 3149 626 Deum,
3176 561 3319 632 apud
3343 576 3536 616 omnes
3562 561 3633 615 ad
3665 560 3797 615 mis-

523 654 770 722 symbolo
797 664 850 710 et
873 656 978 711 fide
1000 657 1263 714 catholica
1284 660 1385 728 ipsi
1412 660 1737 731 intelligant,
1764 671 1818 715 et
1845 660 2097 715 omnibus
2203 671 2318 712 sam
2356 656 2690 711 decantetur.
2736 654 2806 709 Et
2845 661 2907 708 ut
2934 653 3050 724 ipse
3106 654 3362 709 sacerdos
3405 669 3531 710 cum
3574 642 3796 708 sanctis

521 742 659 799 bene
686 748 1033 815 pronuntiare
1056 749 1247 804 diebus
1282 749 1490 805 feriatis
1527 750 1805 806 insinuent
1833 752 1899 806 ad
1935 749 2113 813 intel-_
2202 747 2409 817 angelis
2449 755 2505 801 et
2542 746 2742 816 populo
2777 744 2873 800 Dei
2923 760 3031 800 una
3060 760 3216 811 voce,
3265 743 3516 812 Sanctus,
3549 756 3791 832 sanans,

1676 879 2000 937 LUDOVICI
2038 878 2354 936 CELLOTll
2388 876 2623 935 ΝΟΤᾸΞ.

517 1005 679 1065 anno.
718 1010 734 1040 ι
780 990 853 1043 De
900 991 1072 1060 primo
1100 992 1242 1065 _quid
1289 993 1684 1065 divinabimus?
1721 994 1890 1065 Agius
1931 1008 2092 1062 quem

521 1061 711 1131 horum
754 1069 1052 1129 temporum
1094 1063 1529 1131 frequentissima
1575 1061 1801 1119 concilia
1848 1061 2095 1119 fecerunt

516 1129 813 1203 mliebrem,
869 1147 975 1184 non
1020 1132 1160 1203 ultra
1193 1129 1603 1203 :Suessionense
1647 1135 1713 1188 ΙΙΙ
1761 1135 2096 1203 subscriptus

515 1199 784 1268 reperitur
831 1217 973 1255 anno
1019 1201 1142 1256 866.
1192 1201 1266 1257 llli
1316 1205 1577 1260 successit
1624 1205 1674 1258 in
1717 1199 2092 1259 Aurelianensi

515 1269 715 1323 throno
742 1271 1048 1333 Anselmus,
1078 1273 1192 1328 solo
1230 1275 1446 1327 nomine
1473 1285 1650 1339 notus,
1681 1277 1735 1329 in
1777 1276 1919 1329 nullo
1961 1290 2093 1329 con-

516 1340 803 1415 cilio,__ne
853 1342 1163 1415 Tricassino
1194 1344 1427 1415 quidem
1475 1359 1618 1399 anno
1665 1345 1768 1401 867
1818 1352 2093 1415 repertus;

515 1411 753 1478 quaudiu
797 1413 1034 1483 sederit,
1085 1411 1299 1483 penitus
1336 1414 1623 1470 obscurum
1676 1428 1780 1470 eSt.
1824 1411 1927 1482 Qui
1974 1423 2098 1469 octo

516 1497 689 1553 annos
717 1481 860 1537 sedis
888 1481 1186 1552 assignant,
1218 1493 1274 1538 et
1306 1500 1475 1553 usque
1502 1485 1569 1539 ad
1593 1502 1794 1541 annum
1837 1481 1956 1552 ejus
1997 1494 2111 1540 sua

515 1551 625 1626 culi
652 1551 719 1605 76
747 1551 1046 1626 ostendunt
1069 1572 1080 1607 :
1106 1555 1196 1626 qui
1228 1551 1527 1626 Walterum
1557 1572 1699 1611 anno
1723 1555 1826 1611 885
1850 1551 2090 1626 alligant,

515 1619 559 1676 si
595 1622 660 1675 de
687 1623 831 1677 sedis
861 1622 1011 1695 initio
1040 1619 1225 1680 volunt
1268 1624 1516 1695 intelligi,
1543 1637 1698 1681 extra
1730 1627 1926 1680 lineam
1941 1619 2089 1680 ὀυτ-

513 1703 642 1772 root
674 1710 687 1746 :
713 1703 768 1747 et
803 1694 1020 1772 utrique
1058 1709 1125 1750 ex
1151 1695 1395 1772 _concilio
1409 1694 1953 1772 nostropuziacensi
1981 1711 2097 1772 ma-

513 1762 710 1834 nifeste
760 1762 1097 1828 refelluntur,
1150 1766 1203 1819 in
1254 1780 1361 1834 quo
1409 1765 1704 1823 Walterins
1765 1766 2094 1822 sententiam

514 1832 672 1887 dixit.
714 1834 899 1903 Itaque
940 1835 983 1889 si
1020 1834 1184 1904 justis
1229 1832 1474 1890 terminis
1500 1837 1737 1893 Anselmi
1774 1837 1955 1892 sedem
1989 1837 2095 1890 cir-

515 1904 1205 1978 ettmseriherc‘volumus,
1253 1906 1319 1959 ad
1366 1907 1799 1978 investigandum
1845 1905 2093 1978 Walterii

515 1974 798 2046 exordium
819 2015 834 2037 ,
882 1974 1141 2030 faciamus
1187 1991 1330 2029 anno
1367 1977 1549 2030 seculi
1569 1974 1695 2045 ejus
1720 1977 1789 2031 67
1820 1978 1994 2046 ipsum
2025 1976 2094 2030 ad

513 2044 885 2166 pontificatum
933 2045 1150 2109 adiisse,
1192 2061 1335 2100 anno
1382 2046 1570 2129 saltem
1612 2044 1685 2101 69
1731 2044 1954 2102 desiisse
2000 2047 2095 2129 de-

556 2122 716 2166 Itertt.
750 2113 821 2166 Ut
848 2130 971 2166 cum
999 2115 1274 2166 Walterus
1298 2116 1367 2166 70
1396 2119 1630 2166 mchoet-
1661 2127 1717 2166 et
1747 2127 2009 2166 sequente.
2039 2133 2092 2166 in

556 2115 716 2187 uerit.
750 2113 828 2187 Ut
848 2130 971 2171 cum
999 2115 1274 2187 Walterus
1298 2116 1367 2170 70
1396 2117 1631 2187 inchoet,
1661 2127 1717 2171 ct
1747 2127 2009 2187 sequente
2039 2117 2093 2171 in

513 2182 830 2239 Duziaccnsi
871 2186 1101 2241 concilio
1143 2187 1347 2242 sedeat.
1384 2186 1501 2242 Jam
1553 2203 1662 2255 quo
1700 2182 1900 2243 Christi
1951 2202 2092 2241 anno

516 2255 747 2323 capitula
779 2255 892 2310 hzec
915 2256 1161 2317 ediderit,
1188 2258 1539 2325 pronuntiare
1571 2258 1726 2312 facile
1751 2268 1852 2313 est.
1888 2277 1906 2309 ‹
1940 2258 2094 2312 Anno

515 2325 1150 2398 secundoordinationis
1192 2342 1325 2398 sum,
1363 2348 1382 2380 ι
1416 2328 1491 2382 ait
1531 2329 1715 2383 titulus
1742 2348 1754 2382 :
1780 2344 1909 2398 ergo
1951 2344 2094 2383 anno

514 2393 717 2449 Christi
749 2397 809 2451 7f
838 2406 964 2451 ante
1003 2397 1420 2453 celebrationem
1471 2399 1682 2454 concilii
1721 2393 2091 2463 Duzi'aceosis,

510 2480 634 2539 qua:
682 2482 868 2522 mense
892 2468 1133 2539 Augusto
1180 2466 1346 2539 facta,
1386 2483 1494 2522 non
1535 2485 1678 2539 :cgre
1718 2469 2091 2524 Aurelianensi

513 2535 769 2606 episcopo
795 2535 1046 2612 spatium
1058 2538 1325 2612 concessit
1351 2535 1712 2612 convoca—udae
1740 2540 2094 2612 synodipdim-

512 2616 724 2679 cesam:
772 2623 960 2679 mense
999 2607 1157 2679 Maio.
1202 2609 1267 2679 Et
1309 2608 1424 2663 haee
1454 2624 1519 2663 ex
1557 2607 1892 2679 conjectura,
1922 2610 2092 2665 donec

511 2677 714 2732 certius
739 2677 941 2749 aliquid
972 2679 1039 2734 de
1057 2676 1301 2736 'Anselmi
1332 2679 1482 2735 obitu
1508 2676 1699 2736 doceat
1733 2680 1982 2736 historia.

510 2811 743 2866 discedit
769 2812 872 2883 hoc
893 2811 1184 2882 capitulum
1214 2814 1283 2867 ab
1309 2813 1695 2869 lilncmariano
1723 2813 1851 2867 item
1882 2812 2087 2883 primo;

513 2891 694 2954 atque
717 2882 967 2938 universe
994 2884 1122 2953 quid
1152 2883 1517 2939 archidiaconi
1541 2898 1577 2954 ea
1610 2882 1942 2954 presbyteris
1980 2884 2094 2936 exi-

512 2967 640 3021 gere
665 2952 917 3025 debeant,
948 2952 1023 3025 et
1044 2955 1296 3024 episcopo
1324 2952 1658 3025 renuntiare
1682 2952 1907 3025 singulis
1935 2954 2094 3025 annis

2203 990 2445 1063 Symboli
2472 991 2807 1055 recitatione,
2838 1001 2898 1047 ut
2926 1006 3087 1055 nova,
3114 1000 3170 1048 et
3211 993 3452 1048 nondum
3486 992 3631 1063 apud
3666 1009 3790 1050 om-

2202 1077 2299 1116 ncs
2339 1077 2437 1117 usu
2484 1066 2834 1133 corroborata
2875 1063 3119 1133 prfecipit
3161 1072 3354 1117 auctor
3393 1064 3782 1133 capitulorum,

2201 1148 2364 1201 quam
2400 1142 2578 1187 tamen
2601 1131 2939 1204 Walafridps
2959 1130 3159 1204 Strabo
3182 1134 3400 1204 videtur
3428 1130 3486 1187 ut
3523 1130 3790 1204 antiquis-

2203 1200 2394 1256 simam
2426 1217 2720 1273 agnoscere
2736 1202 2822 1273 (de
2849 1200 2972 1256 Reb.
2996 1202 3201 1273 cedes”
3225 1218 3275 1258 c.
3298 1202 3418 1271 22),
3444 1212 3503 1257 et
3527 1220 3557 1273 a
3580 1200 3791 1260 Graecis

2201 1273 2267 1325 ad
2305 1271 2598 1343 Romanos,
2646 1288 2712 1329 ac
2748 1271 2961 1343 deinde
3012 1273 3078 1326 ad
3119 1271 3386 1343 Hispanos
3436 1272 3785 1343 profectam:

2204 1343 2345 1411 apud
2373 1342 2556 1397 Gallos
2584 1352 2761 1397 autem
2788 1350 2848 1412 et
2872 1338 3187 1400 Germanos.
3216 1338 3393 1412 Caroli
3427 1338 3611 1412 magni
3645 1354 3787 1398 tem-

2201 1428 2355 1482 pore,
2385 1414 2640 1467 damnata
2662 1427 2763 1483 per
2786 1411 3074 1483 Hispanias
3105 1412 3298 1468 Felicis
3332 1411 3638 1483 Urgelitani
3673 1414 3784 1468 ba-

2201 1483 2331 1544 resi,
2361 1482 2501 1536 idem
2532 1482 2835 1552 symbolum
2868 1501 2887 1533 ‹
2919 1482 3081 1536 latius
3118 1490 3175 1537 et
3214 1482 3462 1538 crebrius
3495 1483 3549 1536 in
3589 1485 3786 1537 missa-

2203 1568 2320 1606 rum
2352 1553 2581 1622 cmpisse
2602 1552 2792 1607 ofﬁciis
2822 1552 3025 1605 iterari.
3063 1572 3081 1604 ι
3114 1553 3286 1608 Antea
3318 1553 3483 1620 igitur
3511 1553 3785 1622 aliquibus

2204 1623 2396 1692 saltem
2438 1623 2489 1676 in
2524 1623 2688 1688 locis,
2726 1622 2851 1676 licet
2893 1623 3105 1687 rarius,
3149 1624 3528 1692 usurpabatur.
3566 1622 3788 1678 Gnaeos

2201 1691 2434 1765 denique
2471 1692 3119 1765 Constantinopolitanos,
3161 1691 3376 1747 coneilii
3423 1692 3508 1747 sui
3547 1692 3785 1765 Symbo-

2200 1761 2332 1833 lum,
2350 1761 2579 1819 ’Nica'no
2609 1763 2928 1833 praetulisse,
2959 1763 3081 1832 quia
3119 1771 3169 1817 et
3216 1765 3394 1831 aptius
3436 1771 3524 1817 est
3560 1761 3633 1816 ad
3675 1780 3790 1818 mo-

2201 1832 2554 1898 dufationem,
2584 1832 2639 1888 et
2680 1854 2697 1885 ι
2731 1842 2792 1887 ut
2829 1841 3018 1887 contra
3065 1833 3437 1887 haereticorum
3470 1848 3708 1895 venena,
3735 1835 3786 1888 in

2199 1902 2332 1973 ipsis
2359 1903 2522 1957 etiam
2560 1912 3019 1959 sacramentorum
3052 1901 3507 1957 celebrationibus
3540 1905 3785 1958 medica-

2199 1982 2380 2044 menta
2414 1974 2553 2043 apud
2601 1975 2761 2044 regia:
2806 1988 2915 2026 sua:
2956 1973 3106 2044 urbis
3142 1973 3321 2044 sedem
3359 1973 3635 2044 confecta,
3660 1974 3789 2027 fide-

2198 2041 2329 2114 lium
2366 2041 2581 2097 devotio
2629 2041 2947 2099 celebraret.
2985 2062 3005 2095 ι
3045 2043 3241 2097 Verum
3283 2043 3460 2114 Berno
3495 2043 3789 2114 Augieosis

2200 2112 2254 2183 in
2282 2129 2445 2169 causa
2480 2114 2595 2183 ejus
2622 2114 2847 2168 canendi
2880 2129 3001 2166 cum
3039 2127 3105 2183 eo
3144 2113 3417 2183 convenit,
3449 2114 3503 2167 in
3542 2112 3790 2183 tempore

2199 2181 2354 2254 longe
2398 2181 2656 2246 discedit,
2690 2200 2813 2239 cum
2843 2190 3026 2254 narrat
3054 2182 3112 2254 (Ι,
3149 2182 3213 2236 de
3258 2182 3503 2254 (ιιιὶζῃιειιζ
3542 2181 3674 2236 Πεὸζ
3718 2184 3786 2236 ad

2199 2251 2347 2306 mitis.
2397 2254 2807 2323 pertinentibus,
2838 2270 2888 2307 c.
2934 2252 3014 2323 2),
3062 2251 3277 2322 absque
3315 2251 3419 2323 ulla
3460 2252 3789 2323 Graecorum

2199 2321 2496 2387 mentione,
2525 2324 2798 2379 Benedicti
2829 2323 2890 2377 Ill
2937 2321 3190 2392 tempore
3209 2322 3277 2376 ab
3306 2321 3539 2376 Henrico
3566 2322 3583 2375 1
3619 2324 3789 2392 impe-

2199 2402 2380 2448 ratore
2428 2396 2786 2461 interrogatos
2833 2393 3104 2463 Romanos
3151 2393 3400 2456 clericos,
3431 2407 3533 2463 cur
3569 2410 3603 2445 a
3640 2408 3790 2463 sym-

2198 2463 2322 2518 bolo
2348 2465 2488 2519 inter
2514 2465 2797 2519 missarmn
2815 2462 3073 2518 solemnia
3106 2463 3385 2517 recitando
3411 2462 3791 2516 abstinerent?

2199 2535 2565 2603 respondisse,
2602 2553 2620 2585 ι
2663 2533 2812 2599 Quod
2864 2532 3104 2603 Romana
3153 2532 3391 2588 Ecclesia
3436 2548 3545 2586 non
3598 2532 3792 2587 fuisset

2200 2602 2489 2673 aliquando
2514 2604 2617 2657 ulla
2648 2604 2921 2658 haereseos
2953 2602 3085 2656 frcce
3113 2603 3333 2666 infecta,
3358 2604 3453 2657 sed
3483 2605 3786 2673 securulum

2196 2672 2368 2728 sancti
2393 2673 2538 2728 Petri
2566 2675 2887 2735 doctrinam,
2929 2673 2981 2725 in
3020 2673 3294 2726 soliditate
3331 2673 3617 2726 catholicae
3652 2672 3778 2726 fidei

2198 2752 2542 2812 permaneret
2586 2745 2903 2797 inconcussa
2934 2762 2945 2796 :
2973 2751 3028 2796 ct
3061 2743 3180 2795 ideo
3216 2744 3386 2809 magis
3419 2743 3503 2795 his
3532 2758 3789 2812 necessa-

2198 2811 2337 2867 rium
2390 2828 2542 2878 esse,
2589 2815 2716 2885 illud
2765 2813 3064 2885 symbolum
3115 2814 3310 2885 saepius
3354 2813 3630 2865 cantando
3682 2811 3791 2865 fre-

2198 2894 2482 2952 queutare,
2523 2886 2612 2954 qui
2644 2882 2933 2953 aliquando
2974 2882 3077 2954 ulla
3111 2883 3312 2954 lia-resi
3341 2890 3635 2954 potuerunt
3668 2899 3787 2934 ma-

2198 2955 2389 3009 culari.
2430 2979 2447 3005 ι
2479 2952 2684 3021 Quibus
2721 2952 2918 3007 auditis
2955 2952 3168 3012 institit,
3194 2964 3355 3018 atque
3398 2952 3717 3019 impetravit
3756 2970 3786 3004 a

516 3024 732 3099 quando
757 3024 1046 3099 parochias
1066 3021 1267 3099 ebennt
1288 3021 2095 3099 visitando,_Hiocuiarusjdem
2120 3037 2167 3099 (ζ
2200 3025 2489 3099 [Seriedicto
2516 3024 2768 3099 pontifice
2788 3023 3104 3099 imperator,
3129 3024 3259 3075 utin
3289 3031 3561 3099 posterum
3598 3021 3790 3099 Romae

513 3091 770 3147 articulis
808 3094 879 3147 ‘20
922 3093 1297 3161 complectitur
1342 3095 1498 3161 (tom.
1545 3092 1607 3148 lll
1654 3092 1855 3147 Concil.
1913 3091 2091 3159 Gall.,

513 3178 577 3233 p.
604 3162 753 3233 623)ἶ
782 3161 907 3216 Vult
932 3178 1200 3233 prtererea
1228 3171 1287 3216 ut
1318 3166 1669 3221 r‘sermOnem
1704 3163 1986 3219 Athanasii
2029 3166 2097 3220 de

513 3231 640 3294 iide,
669 3231 823 3301 cujus
851 3231 1062 3286 initium
1098 3243 1203 3296 est,
1231 3232 1547 3303 Quicunque
1585 3233 1702 3287 vult
1737 3233 1919 3287 salvus
1951 3250 2092 3298 esse,

515 3304 797 3357 memoriae
825 3303 1055 3372 quisque
1091 3302 1535 3369 commendenet
1572 3319 1788 3359 sensum
1836 3304 1979 3359 illius
2011 3306 2094 3359 in-

516 3372 742 3443 ielligat,
776 3383 831 3428 et
875 3374 1057 3427 verbis
1109 3374 1478 3428 communibus
1523 3374 1804 3429 enuntiare
1849 3386 2029 3443 queat.
2071 3395 2089 3427 ι

517 3441 794 3514 lierardus
849 3444 1180 3499 Turonensis
1236 3444 1400 3514 idem”
1434 3444 1677 3514 praecipit
1735 3444 1788 3497 in
1851 3441 2098 3513 capitulis

516 3512 956 3587 (Hernd.,icapit.
985 3514 1068 3576 16,
1112 3523 1242 3568 ῑοηι.
1271 3512 1336 3567 lll
1364 3512 1522 3587 Cone.
1556 3513 1721 3587 Gell”
1749 3529 1803 3587 p.
1836 3512 1981 3587 112),
2007 3532 2098 3576 ea-

515 3598 622 3649 que
649 3586 827 3638 omnia
858 3600 962 3639 non
1006 3595 1212 3639 tantum
1248 3601 1276 3637 a
1313 3584 1666 3655 presbyteris,
1695 3585 1789 3638 sed
1814 3584 1990 3655 etiam
2030 3587 2098 3642 ab

518 3655 636 3723 ipso
665 3655 859 3725 populo
901 3656 1161 3710 memoria
1211 3653 1405 3725 tenerig
1420 3653 1585 3723 cupit,
1614 3663 1670 3709 et
1704 3653 1824 3709 cani
1866 3656 2094 3724 publice.

521 3744 541 3775 ι
587 3723 680 3780 ῡεέ
703 3723 945 3781 oratione
970 3725 1249 3796 Dominica
1287 3733 1345 3780 et
1375 3723 1664 3796 §ymbolo,
1698 3734 1758 3779 ut
1789 3723 2098 3781 memoriter

518 3805 754 3857 teneant,
780 3807 835 3851 et
863 3796 1044 3852 Gloria
1071 3795 1241 3859 Patri,
1283 3810 1345 3848 ac
1378 3794 1633 3860 Sanctus,
1672 3803 1835 3863 atque
1858 3796 2099 3852 Creduli-

516 3876 623 3937 tas,
656 3875 712 3921 ct
737 3866 902 3937 Kyrie
941 3867 1146 3922 eleison
1177 3882 1207 3919 a
1246 3865 1458 3937 cunctis
1501 3875 1814 3937 reverenter
1848 3876 2094 3937 canatur.

515 3936 719 3991 Psalmi
769 3935 1017 3991 similiter
1055 3937 1306 3990 distincte
1334 3949 1364 3988 a
1398 3935 1629 3990 clericis.
1672 3956 1690 3988 ι
1727 3935 1859 4003 Qua:
1896 3936 1964 3989 sit
2009 3936 2096 3990 illa

517 4007 844 4077 Credulitas,
875 4008 920 4061 si
961 4007 1310 4077 distinguitur
1348 4020 1380 4077 a
1425 4004 1680 4075 Symbolo
1706 4006 2094 4077 apostolorum,

517 4076 627 4199 ilicei
668 4085 993 4158 nonupotest
1023 4075 1148 4142 alia,
1180 4092 1300 4133 meo
1340 4076 1563 4147 judicio,
1588 4092 1748 4146 quam
1783 4075 2096 4147 Symbolum

573 4156 821 4199 tranasu.

573 4147 821 4200 thanasﬁ.

592 4215 964 4288 {orationem
992 4218 1320 4273 ﬂaminicam
1358 4234 1476 4271 cum
1518 4215 1783 4288 Symbolo.
1823 4215 2101 4286 Apostolo-

520 4301 642 4341 rum
672 4287 940 4353 videlicet,
974 4306 1077 4343 unu
1105 4305 1171 4343 eo
1195 4289 1260 4342 de
1297 4301 1405 4355 quo
1434 4303 1557 4341 mox
1588 4289 1639 4340 in
1674 4287 1835 4341 missa
1870 4289 2097 4341 recitan-

521 4363 613 4414 do.
644 4358 720 4413 De
744 4375 853 4429 quo
882 4370 938 4414 et
968 4361 1020 4414 in
1051 4358 1345 4429 Capitulari
1374 4357 1553 4413 Caroli
1584 4357 1757 4428 Magni
1776 4357 2101 4429 Aprarcipitur

521 4432 582 4493 (ι.
610 4445 685 4494 vr,
710 4427 914 4495 c._l7l,
944 4430 1088 4492 172),
1119 4427 1140 4481 ἑ
1174 4427 1243 4499 Ut
1284 4430 1605 4499 antututieut
1647 4427 1948 4499 presbyteri
1986 4444 2102 4481 om-

526 4502 685 4556 nibus
719 4501 964 4556 fidelibus
990 4500 1090 4554 sibi
1124 4497 1379 4567 subjectis
1403 4496 1702 4569 symbolum
1728 4506 1785 4552 et
1802 4496 2104 4569 orationem

522 4572 880 4637 Dominicam,
910 4579 967 4624 ut
994 4570 1196 4639 Spiritu
1228 4579 1414 4625 sancto
1435 4568 1748 4639 illustrante
1776 4568 2099 4639 salveniur.»

520 4640 589 4697 Et
636 4657 757 4697 mox
807 4651 865 4696 ut
914 4636 1112 4697 nemini
1172 4640 1332 4694 liccat
1377 4639 1610 4693 infantes
1650 4638 1717 4692 de
1759 4653 1914 4693 sacro
1960 4636 2105 4692 fortle

520 4713 819 4783 suscipere,
860 4713 963 4767 nisi
1010 4712 1100 4781 (iui
1136 4729 1155 4760 ι
1185 4710 1499 4783 memoriter
1535 4708 1860 4783 Symbolum
1888 4716 1943 4763 et
1974 4723 2100 4761 ora-

523 4778 723 4837 tiouein
779 4778 1111 4838 Dominicam
1168 4781 1483 4836 tenuerint:
1524 4798 1542 4831 ι
1579 4778 1743 4846 Quod
1796 4778 1861 4832 ad
1914 4793 2100 4833 eorum

521 4852 934 4923 explicationem
960 4852 1194 4923 pertinet
1221 4850 1419 4921 populo
1459 4851 1794 4923 tradendam,
1816 4850 1931 4903 vult
1960 4849 2099 4923 idem

520 4919 842 5046 capitulare,
871 4943 890 4976 ι
934 4919 1004 4979 Ut
1033 4919 1310 5004 nulins'sit
1337 4922 1619 5004 presbyter
1642 4920 1746 4988 qui
1781 4920 1834 4975 in
1873 4919 2100 5002 ecclesia

520 5009 589 5046 nu
631 4992 733 5046 ltce
760 5009 864 5046 non
891 4995 1082 5046 doceat
1115 4993 1316 5046 lingua.
1350 5012 1370 5044 ι
1400 4991 1532 5046 Vide
1554 5000 1609 5045 et
1631 4989 1965 5046 Theodulolu
1991 4990 2100 5043 Au-

519 4989 733 5063 publice
760 5009 864 5049 non
891 4995 1082 5049 doceat
1115 4993 1316 5063 lingua.
1340 4989 1370 5044 ⁷»
1400 4989 1532 5046 Vide
1554 5000 1609 5045 et
1631 4989 1965 5063 Theodulphi
1991 4990 2101 5043 Au-

522 5061 847 5134 relianensis
876 5064 1160 5134 epistolam
1190 5061 1376 5118 eadem
1401 5063 1586 5134 omnia
1615 5061 1954 5134 suadentem.

593 5134 621 5173 ι)
662 5132 731 5188 Et
761 5128 999 5189 credo-in
1039 5134 1225 5199 Deum,
1268 5133 1407 5204 apud
1434 5148 1610 5187 omnes
1653 5130 1723 5184 ad
1749 5130 1962 5204 missam
1984 5128 2100 5204 de:

520 5213 782 5272 cantetur.
820 5206 916 5260 Est
955 5206 1097 5261 enim
1139 5199 1372 5272 aequum,
1401 5215 1460 5257 ut
1495 5204 1562 5257 ad
1609 5201 1923 5272 mysterium
1975 5199 2097 5254 fidei

522 5268 915 5331 coriﬁciendum
962 5285 1019 5331 et
1074 5268 1474 5345 percipiendum
1525 5268 1734 5341 publica
1800 5270 1922 5345 fidei
1957 5285 2102 5345 Apro-

523 5345 760 5400 fessione
819 5347 1027 5401 animos
1074 5340 1299 5399 'uostros
1356 5340 1753 5412 comparemus.
1810 5340 1884 5395 Ita
1947 5340 2102 5412 Chrij

522 5423 641 5469 stus
673 5417 929 5471 Dominus
961 5415 1279 5471 beneficium
1307 5410 1554 5468 sanitatis
1581 5420 1833 5481 rogantes
1859 5427 2001 5481 smpe
2032 5410 2100 5464 ad

526 5485 649 5541 fidei
670 5487 987 5541 exercitium
1014 5485 1343 5555 provocavit,
1367 5492 1425 5536 ut
1452 5483 1502 5537 in
1532 5483 1754 5555 muliere
1775 5482 2099 5555 Chananata,

524 5557 580 5609 in
607 5558 945 5619 centurione,
976 5553 1027 5608 iii
1066 5554 1254 5608 Lazari
1303 5555 1580 5608 sororibus
1608 5554 1791 5606 videre
1821 5562 1927 5615 est,
1956 5561 2006 5607 et
2049 5553 2100 5605 in

525 5637 679 5695 patre
724 5628 873 5694 pueri
925 5626 1178 5686 lnnatici,
1219 5625 1584 5688 exelamaute,
1628 5622 1816 5695 Credo,
1860 5623 2097 5695 Domine,

524 5693 1163 5766 utijuva’incredulitatem
1193 5710 1359 5747 meum
1388 5695 1579 5765 (Marc.
1613 5694 1709 5763 ιη).
1740 5693 2006 5747 (ὶίιιιετιιιη
2036 5694 2101 5745 de

2199 3091 2532 3165 Symbolum'
2558 3096 2623 3161 ad
2672 3091 2949 3165 publicam
2999 3094 3240 3165 ni_iss_am_
3273 3091 3685 3165 decantarclur.
3733 3091 3791 3145 ld

2196 3160 2398 3220 factum
2437 3173 2518 3220 est
2563 3160 2705 3219 anno
2751 3163 2953 3219 Christi
3000 3163 3161 3227 1014,
3200 3160 3432 3216 Henrico
3471 3178 3501 3214 a
3551 3177 3788 3216 corona—

2195 3236 2344 3301 tioue
2372 3251 2468 3289 sua
2498 3236 2670 3290 adhuc
2701 3232 2939 3288 reccnt’e.

2269 3306 2453 3374 Itaque
2492 3322 2613 3361 cum
2646 3321 2707 3359 es
2743 3305 2849 3358 iliis
2883 3304 3194 3358 auctoribus
3217 3302 3556 3374 exploratam
3581 3300 3790 3354 habea-

2197 3392 2318 3430 mus
2356 3369 2476 3441 ejus
2520 3376 2687 3430 moris
2712 3390 2956 3437 causam,
2983 3390 3089 3427 non
3132 3375 3248 3429 sine
3282 3369 3481 3440 ingenti
3520 3369 3790 3426 Romanae

2197 3447 2452 3501 Ecclesiae
2481 3445 2738 3516 principis
2768 3453 2823 3499 et
2857 3444 3129 3516 magistra:
3151 3441 3786 3516 ecclesiarumomnium

2197 3517 2387 3587 gloria,
2422 3512 2580 3585 quam
2622 3512 2717 3585 per
2759 3512 3031 3570 Liberium
3068 3512 3445 3587 e_t__Hou_orium
3481 3512 3788 3587 obscurare

2197 3582 2461 3641 conantur
2506 3582 2773 3649 lueretici,
2819 3595 3031 3653 tempus
3075 3582 3216 3637 illius
3262 3582 3790 3653 iustitutionis,_aut

2214 3658 2378 3713 )otius
2417 3656 2781 3712 celeberrima:
2812 3649 3262 3723 frequentationis
3290 3654 3342 3707 in
3376 3652 3617 3706 Ecclesia
3655 3649 3785 3705 Gal-

2214 3673 2378 3713 )ouus
2417 3673 2781 3712 celeberrima:
2812 3673 3262 3723 trequentauonts
3290 3673 3342 3707 In
3376 3673 3617 3706 nccresia
3655 3673 3785 3705 unt-

2195 3673 2371 3782 licana
2397 3727 2716 3781 sumendum
2747 3727 2958 3779 videtur
2979 3739 3045 3778 ex
3074 3740 3139 3778 eo
3161 3739 3450 3792 congressu
3480 3723 3787 3792 legatorum

2196 3813 2318 3853 cum
2342 3797 2521 3852 Leone
2538 3797 2599 3849 Ill
2620 3795 2892 3865 pontifice,
2911 3808 3045 3863 quos
3062 3794 3287 3865 Garolus
3309 3793 3532 3865 Magnus
3555 3792 3786 3865 Romani

2198 3868 2264 3921 ad
2305 3881 2428 3921 eum
2459 3861 2642 3932 misit,
2677 3861 3016 3933 referturque
3043 3881 3072 3918 a
3104 3864 3334 3917 Baronio
3357 3861 3447 3929 (ad
3475 3863 3617 3933 Ann.
3658 3861 3785 3924 8L9.

2198 3936 2452 4007 tomalX)
2481 3954 2494 3990 :
2525 3930 2678 4005 cujus
2705 3951 2912 3991 summa
2931 3930 3057 3990 hinc
3078 3946 3181 4007 est.
3210 3933 3489 4007 toleratam
3518 3930 3691 4007 [uisse
3719 3934 3788 4007 ab

2198 4006 2315 4076 ipso
2338 4000 2515 4062 Leone
2543 4000 2862 4076 potestatem
2883 4005 3109 4076 canendi
3127 4005 3271 4076 apud
3292 4001 3493 4059 Gallias
3515 4000 3785 4076 Symboli,

2199 4073 2256 4130 at
2285 4093 2391 4132 non
2419 4073 2676 4132 addenda:
2702 4077 2755 4130 in
2780 4091 2845 4130 eo
2870 4076 3018 4129 vocis
3046 4073 3309 4144 Filioque,
3335 4073 3790 4144 quae_contenti_r_i-

2198 4163 2322 4203 nem
2372 4155 2601 4203 crearet.
2635 4145 2996 4214 Quamobrem
3045 4140 3255 4199 dedisse
3302 4141 3611 4203 consilium,
3653 4160 3673 4193 ι
3718 4140 3789 4197 Ut

2198 4219 2454 4288 paulatim
2501 4219 2552 4270 in
2594 4217 2816 4286 palatio,
2865 4215 3058 4285 inquit,
3100 4216 3225 4288 quia
3270 4214 3321 4267 iu
3362 4222 3783 4288 nos_tra_san_cta

2200 4280 2427 4344 ecclesia
2461 4302 2566 4340 non
2588 4280 2861 4349 cantatur,
2898 4280 3148 4339 cantandi
3177 4284 3511 4338 consuetudo
3540 4280 3785 4348 ejusdem

2205 4358 2430 4430 symboli
2460 4358 2850 4411 intermittatur
2880 4373 2892 4409 :
2925 4357 3118 4430 sicque
3139 4357 3230 4409 fiat
3258 4364 3317 4408 ut
3349 4353 3490 4430 quod
3524 4352 3576 4405 id
3608 4352 3787 4430 ipsum

2210 4423 2267 4484 u't
2303 4435 2635 4492 cantaretur,
2673 4442 2777 4481 non
2813 4423 3064 4495 quislibet
3106 4423 3787 4495 imperantisauctoritas,

2208 4498 2300 4553 sed
2334 4499 2513 4567 potius
2545 4497 2794 4551 audiendi
2824 4493 2876 4549 id
2917 4495 3117 4567 fet-emt
3146 4493 3372 4567 novitas,
3395 4494 3450 4567 _si
3478 4493 3790 4567 dimittatur

2207 4585 2236 4622 a
2274 4560 2444 4631 vobis,
2475 4567 2779 4621 dimittetur
2820 4568 2888 4619 ab
2930 4566 3200 4619 omnibus.
3232 4584 3251 4616 ι
3293 4565 3509 4618 Addunt
3547 4560 3791 4616 Annales

2205 4656 2310 4694 uou
2357 4648 2563 4692 tantum
2609 4653 2729 4691 eam
2762 4636 2998 4706 Symboli
3050 4635 3418 4706 recitationem
3466 4647 3572 4706 non
3605 4631 3790 4706 fuisse

2207 4719 2336 4764 tunc
2360 4725 2388 4763 a
2419 4718 2553 4778 papa
2583 4701 2886 4778 probatam,
2914 4706 3016 4778 sed
3029 4706 3192 4778 etiam
3220 4705 3426 4775 publica
3451 4702 3572 4768 ejus
3596 4701 3790 4757 Grece

2203 4791 2257 4836 et
2277 4775 2468 4834 Latine
2490 4775 2549 4831 in
2582 4775 2657 4833 ais
2683 4777 2835 4832 incisi
2865 4775 3650 4833 testificationemonstratum,
3681 4787 3789 4827 non

2202 4853 2416 4921 placere
2455 4849 2826 4921 sibiquatuor
2853 4846 3193 4921 syllabarum
3223 4844 3576 4921 additionem,
3606 4852 3671 4921 ut
3702 4843 3787 4921 iri-

2206 4912 2509 4992 ielligamus
2560 4912 2672 4988 ja'm
2731 4926 2851 4992 _t_um_
2882 4912 3391 4992 'retinentissimam
3445 4912 3792 4992 antiquitatis

2203 4986 2370 5046 fuisse
2400 4986 2698 5044 Romanam
2730 4986 3049 5050 Ecclesium,
3081 4986 3353 5040 nationem
3384 4999 3513 5037 vero
3543 4990 3788 5036 nostram

2104 5108 2105 5111 η
2201 5062 2458 5115 novitatis
2486 5058 2936 5112 amantissimam.
2964 5057 3095 5110 Tum
3128 5072 3318 5125 parum
3344 5054 3487 5125 enim
3516 5052 3793 5125 persuasit

2202 5132 2403 5202 nostris
2441 5128 2748 5202 hominibus
2779 5126 2890 5202 Leo
2915 5128 3057 5202 quod
3094 5120 3532 5202 optabat,_omitti
3552 5120 3795 5202 §ymbo_-

2201 5201 2333 5260 lum,
2363 5211 2421 5253 ut
2463 5200 2642 5269 potius
2683 5192 2969 5269 clarissimi
3016 5192 3286 5249 antistites
3317 5193 3445 5269 illud
3470 5193 3688 5269 ubique
3721 5192 3796 5269 ab

2202 5263 2478 5325 omnibus
2501 5269 2707 5324 cantari
2746 5268 3009 5337 jusserint
3037 5285 3051 5320 :
3078 5274 3272 5320 eventu
3319 5263 3538 5332 quidem
3588 5263 3793 5337 felicis-

2203 5344 2342 5396 simo
2369 5351 2425 5395 et
2458 5333 2872 5411 gloriosissimo,
2903 5352 3035 5411 cum
3056 5345 3349 5411 uirumque
3378 5341 3562 5388 secuta
3592 5333 3795 5411 deinde

2203 5414 2275 5467 sit
2302 5422 2358 5467 et
2397 5401 2638 5465 Iidinana
2667 5419 2722 5463 et
2751 5407 3071 5463 universalis
3101 5401 3357 5463 Ecclesia,
3387 5412 3531 5473 utet
3565 5401 3794 5473 symbo-

2204 5484 2313 5536 lum
2342 5481 2662 5534 decantetur
2689 5480 3026 5540 admissam,
3055 5487 3109 5531 et
3135 5472 3675 5545 particulaf'ilioquc
3700 5472 3795 5524 ad-

2206 5555 2386 5613 datur,
2414 5553 2480 5605 de
2506 5566 2610 5618 qua
2642 5549 2692 5603 in
2724 5549 2955 5603 concilio
2985 5543 3295 5601 Florentino
3318 5544 3480 5597 multa
3509 5543 3793 5612 disputau-

2209 5634 2295 5677 tur
2320 5640 2332 5675 ε
2362 5623 2453 5675 sed
2483 5621 2756 5674 fatendqu
2793 5618 3274 5696 est'pcriculosatn
3303 5629 3518 5696 semper
3540 5628 3668 5693 esse
3692 5627 3793 5667 oo-

2209 5694 2447 5756 vilateut,
2475 5702 2523 5747 et
2557 5707 2669 5746 nm.-
2693 5705 2814 5745 t'aro
2842 5691 2892 5743 in
2914 5685 2980 5744 ea
3010 5685 3309 5742 inducenda
3340 5685 3577 5757 peccari.
