4070 6310
489 235 587 291 ’151

1479 246 1825 305 πΑιΤειιιι
1860 252 2414 312 AUREIJANENSIS
2447 256 2754 316 EPISCOPI

3670 266 3783 323 733

489 350 706 453 generis
739 365 995 453 :‘passus,
1032 356 1294 453 sepultus,
1345 370 1402 414 et
1429 362 1597 453 tertia,
1625 363 1713 419 die
1753 367 2069 429 resurrexit,
2104 373 2149 430 Α
2177 367 2304 423 CAP.
2351 368 2436 424 ΙΙΙ.
2462 400 2537 412 -
2560 371 2639 428 De
2682 375 2961 453 mulierum
3008 380 3403 453 epmerwtiom
3449 385 3781 453 presbyteris

485 444 544 492 et
579 440 825 494 ascendit
865 442 918 497 in
954 444 1122 501 cmlos
1151 465 1162 499 :
1188 456 1244 502 et
1269 450 1542 516 quomodo
1587 452 1782 507 iterum
1817 464 2082 513 venturus

490 528 565 582 sit
607 529 660 582 in
706 530 990 600 majestate
1024 538 1202 592 divina
1236 538 1484 608 judicare
1529 544 1681 600 vivos
1709 561 1774 602 ac
1810 558 2076 615 mortuos,

492 626 790 680 secundum
822 630 1015 685 merita
1046 634 1284 702 propria.
1311 634 1379 690 Et
1406 638 1531 706 quia
1561 655 1664 693 una
1697 641 1803 695 erit
1832 658 2076 699 resurre-

491 716 605 771 ctio
632 727 1002 788 mortuorum;
1034 733 1088 778 et
1116 726 1260 795 quod
1298 727 1446 799 impii
1488 740 1713 799 propter
1735 732 1939 789 scelera
1977 750 2070 789 sua

495 821 619 862 cum
647 809 860 864 diabolo
891 812 945 866 in
987 814 1164 884 ignem
1201 825 1463 873 aeternum
1510 822 1796 877 mittantur
1822 841 1835 877 :
1860 833 1911 878 et
1933 822 2069 891 justi

492 913 618 953 cum
653 897 868 956 Christo
903 911 956 957 et
1005 908 1211 963 sanctis
1246 910 1452 981 angelis
1490 912 1543 966 in
1584 914 1749 968 vitam
1787 923 2069 971 aeternam.

491 985 552 1040 in
577 987 819 1043 doctrina
850 1006 995 1055 vero,
1022 996 1257 1065 qualiter
1284 1013 1378 1053 eos
1403 1000 1492 1069 qui
1525 1002 1789 1059 tardiores
1832 1014 1977 1067 sunt,
2006 1004 2074 1060 de

493 1075 621 1143 ﬁde,
665 1094 778 1148 spe,
827 1083 1119 1150 charitate,
1160 1090 1479 1160 cacterisque
1504 1092 1793 1149 virtutibus
1821 1096 1988 1150 verbo
2020 1103 2078 1150 et

490 1175 758 1240 probabili
785 1178 1032 1248 exemplo
1053 1196 1148 1237 eos
1174 1184 1266 1252 qui
1290 1184 1552 1256 indigent,
1580 1188 1754 1258 possit
1782 1189 2077 1256 instruere,

491 1268 790 1322 secundum
817 1273 1184 1343 evangelicam
1214 1285 1270 1329 et
1302 1278 1677 1347 apostolicam,
1720 1288 1882 1351 atque
1911 1296 2074 1336 cano.

493 1356 670 1410 uicani
690 1358 1129 1429 instructionem,
1149 1366 1384 1435 qualiter
1398 1362 1849 1425 indeclinabiliter
1869 1371 2075 1435 vivant,

491 1455 549 1521 et
585 1465 615 1502 a
658 1451 855 1518 quibus
895 1454 1043 1510 vitiis
1089 1472 1184 1512 eos
1227 1468 1478 1529 oporteat
1510 1462 1804 1527 abstinuere,
1837 1478 1906 1517 ne
1955 1479 2077 1518 cum

494 1539 711 1597 diabolo
737 1542 790 1596 in
818 1554 1076 1601 aeternam
1102 1550 1505 1608 damnationem
1529 1553 1936 1626 demerguntur.

2865 447 3099 503 vitanda.

2255 548 2442 623 (Cone.
2494 553 2645 617 Nic..
2691 571 2816 611 can.
2873 554 2938 622 ὃς
2980 557 3261 614 Theodulli
3305 561 3461 631 epist.
3506 561 3581 615 ad
3624 563 3782 627 clem,

2180 660 2230 699 c.
2261 644 2373 716 η.)
2397 657 2423 685 αι
2454 645 2523 701 Ut
2540 646 2697 715 juxta
2734 659 3046 704 sanctorum
3081 651 3371 708 interdicta
3398 651 3626 707 Patrum
3652 651 3783 708 nul-

2180 734 2264 790 lus
2294 739 2638 793 sacerdotum
2672 741 2976 810 quamlibet
3010 757 3176 798 sexus
3209 744 3490 799 muliebris
3525 745 3583 799 in
3618 746 3785 800 domo

2175 844 2274 883 sua
2322 830 2637 887 cohabitare
2677 833 2999 903 permittat:
3026 849 3201 905 neque
3245 835 3364 891 sine
3404 837 3653 901 arbitris,
3694 838 3785 893 vel

2181 922 2411 976 testibus
2456 922 2665 978 idoneis
2690 939 2812 978 cum
2844 924 3023 994 aliqua
3069 925 3220 980 solus
3246 926 3393 996 loqui
3435 934 3780 997 prazsumat:

2190 1027 2260 1067 ne
2310 1010 2449 1067 forte
2503 1011 2628 1076 sibi,
2681 1022 2776 1067 aut
2823 1012 2985 1071 alicui
3035 1012 3360 1070 famulorum
3409 1015 3785 1085 derogationis

2180 1103 2415 1172 suspicio
2444 1104 2672 1159 oriatur.

2255 1217 2383 1273 CAP.
2432 1215 2520 1271 Ν.
2544 1247 2615 1258 —
2644 1216 2710 1271 Ut
2736 1218 3003 1289 presbyter
3030 1219 3207 1272 omnia
3241 1220 3441 1274 munda
3486 1218 3708 1273 habent.

2258 1325 2448 1396 (lbid.,
2484 1341 2603 1396 cap.
2631 1324 2711 1398 4.)
2746 1326 2817 1383 Ut
2861 1327 3233 1395 unusquisque
3279 1329 3615 1398 presbyter”
3639 1326 3787 1384 sicut

2184 1416 2505 1470 munditiam
2537 1416 2733 1471 animae
2759 1424 2814 1471 et
2850 1417 3095 1484 corporis
3136 1417 3338 1472 habere
3364 1416 3661 1472 salubriter
3685 1415 3785 1471 ad-

2184 1513 2455 1567 monetur,
2487 1506 2516 1546 ι’
2541 1506 2615 1559 ita
2655 1507 2852 1575 quibus
2899 1506 3013 1561 Deo
3044 1507 3467 1562 ministrandum
3498 1516 3588 1562 est
3626 1507 3786 1562 indu-

2187 1605 2401 1660 menta,
2453 1604 2507 1649 et
2555 1596 2743 1652 altaris
2786 1606 3127 1663 ornamenta,
3162 1609 3183 1637 ο
3216 1598 3573 1670 absidamque
3633 1598 3785 1655 circa

1657 1709 1984 1767 LUDOViCl
2021 1708 2340 1767 CELLOTll
2380 1706 2613 1764 NOTIE.

566 1825 595 1855 ι
625 1813 895 1894 _Ut__j_uxta
925 1829 1239 1894 _san_ctoru_r_n
1283 1820 1503 1894 Petrum
1537 1821 1832 1894 interdicta.
1871 1823 2080 1894 Pulidae
2113 1827 2157 1887 Β
2184 1822 2806 1894 canosinterrogatione
2836 1823 2969 1878 duos
2988 1837 3055 1894 ea
3090 1824 3157 1879 de
3191 1837 3251 1877 re
3274 1822 3471 1878 formet
3497 1821 3785 1881 articulos.

498 1883 664 1940 fuerit
701 1886 1307 1961 diligentizeinterdicta
1340 1891 1425 1945 illa
1456 1892 1795 1961 conquirere,
1826 1903 1879 1948 et
1916 1895 1968 1948 in
2000 1893 2081 1949 fa-

502 1970 653 2029 scem
693 1972 857 2029 unum
889 1957 1157 2029 colligere,
1186 1975 1306 2015 cum
1347 1957 1593 2017 numero'
1613 1964 1723 2016 sint
1764 1963 1994 2027 inﬁnita,
2026 1972 2081 2018 et

502 2027 558 2080 in
586 2026 987 2093 pervolutandis
1022 2026 1264 2083 conciliis
1300 2046 1621 2099 quocunque
1652 2040 1703 2085 te
1733 2034 1961 2089 verteris
1984 2026 2081 2089 occ

500 2104 730 2150 currant
785 2112 1020 2153 canones
1075 2098 1364 2154 indebitum
1426 2100 1745 2155 feminarum
1804 2119 2080 2158 accessum

499 2166 833 2247 presbyteris
887 2169 1256 2247 prohibentes.
1320 2171 1436 2247 Non
1500 2186 1695 2224 revoco
1733 2173 2082 2247 ηξπεξςξάκτοις

500 2234 627 2310 illas
657 2234 1145 2310 tanmpereprimis
1171 2241 1504 2310 temporibus
1535 2256 1563 2292 a
1591 2242 1821 2295 c0ncilio
1844 2242 2078 2306 Nicacuo,

498 2305 567 2378 ab
593 2303 916 2378 Augustino,
946 2303 1295 2377 Hieronymo,
1319 2309 1597 2378 Gregorio,
1630 2311 1930 2367 innumeris
1960 2303 2082 2366 aliis

502 2374 852 2453 improbatas.
880 2378 920 2429 Τ
919 2392 1056 2453 aceo
1085 2374 1389 2441 relictarum
1415 2374 1535 2453 post
1560 2390 1837 2453 susceptus
1865 2383 2083 2437 ordines

499 2448 787 2520 coniugum
818 2448 1174 2520 periculosam
1203 2452 1690 2520 conversationem,
1719 2448 1874 2520 cujus
1905 2467 2084 2506 exem-

497 2514 646 2583 plum
695 2514 900 2586 illustre
934 2517 1081 2572 dedit
1115 2519 1480 2574 Genehaudus'
1517 2514 1913 2586 Laudunensis,
1945 2539 1963 2571 ι
2000 2522 2084 2574 vir

500 2599 664 2658 carne
691 2585 910 2658 nobilis,
944 2595 1162 2658 tamque
1184 2592 1353 2644 sacris
1374 2605 1536 2657 quam
1564 2585 1914 2646 smcularibus
1943 2591 2084 2645 litte-

499 2654 576 2728 ris
607 2656 929 2728 e_r_'tttlilus,a
965 2654 1088 2726 qui,
1107 2668 1165 2711 ut
1212 2654 1472 2728 prreclare
1520 2671 1708 2714 narrat
1750 2661 2084 2715 Flodoardus

499 2722 1098 2812 (L‘I'ﬂist.,lc.l7);n-¢‘de
1125 2722 1371 2812 anteacta
1396 2731 1500 2784 vita
1528 2731 1751 2812 nimium
1778 2732 2083 2812 gradusque

498 2794 829 2848 sublimitate
855 2797 1150 2870 conlidens,
1175 2800 1242 2853 ab
1265 2814 1433 2853 uxore
1461 2815 1622 2869 quam
1656 2794 1969 2870 reliquerat,
1997 2794 2084 2854 in-

501 2873 683 2938 caute,
717 2865 875 2938 quasi
901 2880 997 2934 pro
1043 2868 1357 2938 instruenda
1390 2885 1452 2925 ea
1479 2865 1697 2923 'visitari
1727 2865 1788 2924 se
1811 2870 2078 2938 permisit.

486 2933 610 3007 '_S_ed
655 2933 937 3007 contigit“
967 2945 1027 2989 ut
1074 2937 1384 3007 frequentes
1445 2940 1684 2994 mulieris
1742 2933 2082 2995 visitationcs

503 3004 811 3078 blandaque
840 3004 1126 3078 colloquia,
1157 3004 1349 3061 durum
1380 3009 1722 3078 validumque
1752 3018 1938 3063 contra
1968 3009 2084 3063 libi-

501 3074 681 3149 dinem
715 3082 902 3149 pectus
926 3074 1231 3149 emollirent
1257 3079 1513 3149 episcopi,
1538 3088 1593 3149 et
1619 3074 1772 3148 quasi
1804 3094 1987 3148 rupem
2017 3080 2083 3134 de

500 3142 622 3196 loco
668 3142 970 3199 sanctitatis
1010 3147 1075 3199 ad
1114 3142 1329 3201 cornuin
1374 3142 1728 3203 trduSl‘errént
1764 3142 2012 3203 luxuriae.
2055 3167 2074 3201 ι

503 3211 710 3288 "(creo
736 3212 789 3266 in
832 3214 1051 3288 nostris.
1081 3216 1386 3288 Capitulare
1439 3217 1616 3275 Caroli
1664 3219 2077 3288 Magniqadmo—

500 3289 597 3358 net
643 3281 730 3348 (Ι.
757 3298 817 3358 -ι,
860 3299 934 3358 c._
960 3281 1449 3358 98),_i’_Statutum
1497 3304 1616 3343 esse
1667 3281 2077 3358 abfepiscopis,

505 3351 577 3432 de
630 3352 968 3432 presbyteris
1019 3351 1109 3423 Qui
1165 3355 1393 3432 feminas
1441 3373 1623 3432 secum
1668 3351 2082 3412 indiscrete'ha-

501 3419 682 3500 hilare
720 3419 1059 3500 permittunt,
1093 3434 1149 3480 ut
1199 3427 1243 3481 si
1294 3428 1550 3481 admoniti
1602 3442 1708 3481 non
1738 3441 1797 3481 se
1831 3441 2082 3482 correxe-

501 3491 635 3564 rint,
664 3491 806 3564 velut
847 3502 1246 3564 contemptores
1288 3512 1566 3552 sacrorum
1613 3511 1880 3550 canonum
1919 3512 2083 3551 cano-

503 3559 626 3634 nica
671 3560 973 3619 invectione
1016 3559 1298 3620 feriantur.
1328 3566 1403 3621 De
1434 3580 1655 3621 accessu
1690 3575 1747 3619 et
1773 3564 2083 3634 frequenta-

503 3630 670 3693 tione,
701 3646 765 3686 ac
788 3634 1185 3690 cohabitatione
1215 3636 1534 3691 clericorum
1557 3652 1680 3691 cum
1710 3630 1924 3690 feminis
1952 3655 1972 3688 ι
2008 3637 2085 3692 ait

501 3696 825 3775 llincmarus
869 3712 1053 3758 noster
1079 3704 1275 3775 (Capit.
1319 3723 1410 3759 an.
1448 3705 1575 3767 852,
1618 3721 1666 3771 c,
1698 3705 1822 3775 21);
1862 3724 1881 3756 ι
1932 3705 2084 3761 Unde

502 3772 797 3846 secundum
841 3787 1025 3846 sacros
1054 3772 1290 3846 canones
1318 3777 1370 3829 in
1410 3777 1664 3830 omnibus
1705 3772 1922 3846 synodis
1963 3790 2086 3846 speo

503 3839 715 3914 cialiter
743 3842 1138 3914 interdiximus.
1173 3844 1401 3900 ﬁrmiter
1425 3854 1481 3901 et
1508 3839 1761 3914 expresse
1789 3854 1951 3912 atque
1976 3839 2083 3899 sol-

506 3908 655 3983 licite
679 3925 709 3963 a
736 3911 892 3983 nobis
918 3921 1027 3983 ctua
1056 3914 1442 3970 comministris
1468 3908 1668 3969 nostris
1694 3924 1775 3969 est
1806 3908 2086 3983 inquiren—

506 3978 714 4071 dum}:
765 3979 935 4071 Quam
979 3982 1198 4071 in.relm
1222 4000 1350 4071 non
1390 4000 1559 4065 pauca
1592 3978 1896 4071 “subiungit
1937 3999 2085 4039 more

504 4062 625 4102 suo.
645 4048 718 4129 _Et
738 4049 844 4103 alio
867 4050 920 4104 in
949 4052 1235 4120 capitulari
1260 4048 1452 4124 (Capit.
1478 4072 1568 4107 an.
1590 4048 1726 4117 874;
1741 4070 1790 4108 c.
1812 4048 1875 4177 ‘53
1900 4066 2083 4124 postea

505 4125 752 4177 queritur
779 4134 839 4173 ea
870 4124 1068 4176 monita
1098 4123 1250 4177 nihili
1276 4141 1305 4177 a
1327 4125 1577 4177 narocbis
1600 4125 1713 4177 fieri
1749 4142 1762 4177 :
1795 4141 1813 4173 ι
1882 4140 1967 4177 am
1993 4139 2083 4177 vo-

505 4118 752 4192 queritur
779 4134 839 4192 ea
870 4118 1068 4176 monita
1098 4118 1305 4178 nihili'a
1327 4118 1577 4192 parocbis
1600 4125 1713 4179 fieri
1749 4142 1762 4178 :
1795 4141 1813 4173 ι
1850 4118 1967 4177 Jatn
1993 4139 2086 4178 vo-

505 4186 909 4269 hiscapitulum
949 4207 1013 4269 ex
1046 4195 1257 4269 sanctis
1295 4186 1590 4269 Scripturis
1618 4204 1673 4249 et
1696 4193 2083 4269 catholicorum

504 4255 667 4328 dictis
689 4255 915 4325 donavi,
941 4261 1007 4315 de
1045 4255 1439 4319 inconvenienti
1482 4279 1723 4328 accessu,
1753 4270 1807 4317 et
1848 4263 2084 4317 indebita

505 4325 877 4402 familiaritate
897 4331 961 4385 ad
992 4331 1237 4388 feminas.
1255 4334 1360 4388 Sed
1382 4332 1539 4387 video
1558 4325 1819 4402 quosdam
1845 4340 2082 4388 vestrum

504 4395 637 4451 illud
682 4400 830 4470 parvi
878 4402 1155 4470 pendere:
1195 4404 1337 4458 unde
1376 4395 1657 4458 iterum-in
1688 4412 1954 4457 conventu
1993 4417 2086 4456 ve-

507 4475 623 4542 s_tro
668 4468 808 4542 voloq
836 4468 1072 4542 recitari.
1111 4492 1129 4523 ι
1153 4472 1238 4542 _Et
1276 4489 1397 4542 qua:
1443 4485 1762 4542 sequuntur.
1811 4471 2085 4528 Herardus

507 4534 841 4618 Turonensis
860 4541 1086 4618 brevius
1117 4534 1335 4613 (Capiti,
1376 4558 1428 4597 c.
1461 4534 1551 4610 49')
1580 4560 1593 4597 :
1627 4563 1646 4594 ι
1684 4541 1754 4598 Ut
1794 4557 2086 4618 conversa-

506 4608 710 4681 tionem
748 4608 1089 4675 feminarum,
1120 4608 1414 4681 earumque
1443 4608 1721 4668 accessum
1760 4620 1818 4668 et
1854 4612 2084 4668 adminio

506 4679 823 4751 strationem
853 4692 1223 4736 exsecrentur.
1257 4679 1350 4737 Sin
1381 4681 1534 4737 alias.
1569 4682 1713 4736 velut
1738 4691 2081 4751 contempto-

509 4760 598 4821 res
622 4750 889 4804 canonum
930 4752 997 4804 ab
1028 4752 1217 4805 ordine
1265 4752 1618 4820 deponantur.
1647 4752 1713 4806 Et
1750 4753 1946 4821 quibus
1984 4752 2084 4806 mi-

506 4816 742 4890 nistrare
768 4822 1074 4890 necessaria
1103 4816 1423 4887 decernunt,
1448 4822 1603 4890 longe
1624 4823 1704 4877 eis
1730 4816 1916 4877 domos
1938 4836 2079 4890 prae-

508 4885 748 4962 videant,
774 4889 825 4943 in
874 4891 1071 4962 quibus
1120 4907 1226 4962 non
1272 4907 1368 4962 per
1412 4885 1490 4957 se,
1523 4885 1615 4947 scd
1664 4908 1760 4962 per
1808 4885 2085 4946 ministros

509 4955 749 5031 subsidia
774 4955 1103 5031 porrigant.
1132 4980 1150 5013 ι
1195 4955 1351 5017 Plura
1385 4955 1505 5017 vide
1539 4955 1681 5029 apud
1713 4961 2083 5017 collectionem

508 5024 726 5081 Antonii
758 5024 1038 5101 Augustini
1064 5029 1123 5101 (ι.
1156 5048 1233 5095 vr,
1262 5034 1341 5086 tit.
1372 5032 1441 5088 50
1474 5042 1521 5086 et
1560 5024 1714 5101 ἐξεφ),
1740 5043 1794 5087 et
1819 5032 1999 5086 omnia
2031 5032 2082 5085 in

509 5109 676 5173 opere
705 5101 959 5173 peculiari
989 5102 1269 5173 Theophili
1298 5102 1573 5173 Raynaudi
1600 5102 1698 5173 viri
1731 5103 2085 5173 undecunque

510 5167 830 5243 doctissimi,
872 5172 960 5239 qui
993 5172 1095 5226 hoc
1128 5167 1504 5243 argumentum
1549 5170 1812 5243 religiosis
1838 5167 2085 5243 reque—ac

511 5235 858 5293 saecularibus
890 5235 1228 5313 presbyteris
1270 5235 1676 5313 necessarium:
1716 5235 2085 5313 totum-peni-

509 5313 706 5381 tusque
721 5309 1169 5381 nuper‘exhausit
1193 5311 1250 5381 (Ι.
1269 5313 1331 5365 de
1350 5311 1524 5365 sobria
1557 5311 1896 5381 frequentat.,
1923 5309 2076 5373 etc.).

505 5371 826 5451 I‘nsc'ribitur
845 5382 1061 5451 quippe,
1084 5371 1392 5434 Dissertatio
1412 5382 1475 5451 de
1495 5371 1669 5435 sobrii:
1690 5371 1907 5434 alterius
1928 5371 2081 5434 sexus

507 5443 1057 5519 frequentatioiie,'per
1081 5467 1257 5503 sacros
1286 5460 1331 5503 et
1363 5450 1627 5518 religiosos
1655 5450 1905 5504 homines.

581 5516 611 5556 ιι
649 5517 735 5588 lto
771 5516 972 5588 quibus
1006 5519 1113 5574 Deo
1162 5516 1564 5575 ministrandum
1608 5530 1705 5584 est,
1759 5520 2083 5588 indumenta.

507 5581 625 5640 Hoc
653 5586 719 5641 ad
756 5581 1004 5644 decorem
1036 5590 1227 5643 domus
1267 5589 1362 5644 Dei
1412 5590 1543 5643 tanti
1590 5581 1719 5645 facit
1764 5587 2089 5644 Hincmarus

509 5650 709 5727 (Capit.
735 5659 929 5711 visitet.
958 5674 988 5712 a
1015 5659 1048 5712 ι
1078 5667 1132 5713 et
1159 5658 1213 5728 6)
1232 5699 1245 5725 ,
1278 5669 1337 5714 ut
1380 5658 1433 5714 in
1459 5660 1818 5730 parochorum
1854 5673 1953 5730 per
1996 5658 2089 5712 de.

2190 1913 2209 1945 ‹
2246 1892 2435 1960 Qualia
2465 1894 2574 1946 sint
2598 1892 2916 1948 indumenta
2950 1893 3138 1947 altaris
3162 1934 3175 1959 ,
3224 1902 3354 1962 quot
3381 1909 3542 1963 nova,
3570 1902 3630 1963 et
3654 1905 3789 1963 qnot

2181 1972 2420 2025 vetusta,
2470 1962 2701 2031 qualiter
2748 1964 2935 2017 nitida.
2993 1983 3012 2015 ι
3062 1964 3130 2017 Ει
3179 1961 3302 2017 mox
3338 1983 3350 2017 :
3386 1981 3405 2013 ε
3444 1961 3641 2029 Qualia
3673 1961 3787 2020 aut

2183 2042 2315 2102 quot
2359 2032 2714 2087 sacerdotalia
2779 2034 3103 2087 vestimenta
3160 2033 3391 2093 haheat.
3442 2043 3501 2088 et
3548 2033 3787 2102 qualiter

2182 2103 2290 2157 sint
2318 2102 2508 2164 nitida,
2555 2113 2646 2154 aut
2676 2103 2729 2156 in
2761 2103 2929 2155 nitido
2964 2102 3082 2157 loco
3110 2102 3466 2157 collocentur.
3504 2124 3522 2153 ο
3558 2102 3785 2170 Capitu-

2182 2172 2295 2227 lare
2325 2171 2503 2243 Caroli
2537 2171 2711 2243 Magni
2741 2174 2930 2243 eodem
2967 2173 3187 2226 honoris
3238 2173 3401 2243 divini
3458 2188 3654 2227 amore
3696 2173 3785 2243 ju-

2182 2243 2276 2296 bet
2320 2241 2386 2312 (Ιἶ
2410 2257 2426 2294 ι
2454 2259 2546 2312 ,γετ
2582 2242 2704 2305 15?.)
2762 2261 2776 2296 :
2828 2263 2845 2293 ι
2886 2241 2956 2296 Ut
3006 2242 3304 2312 presbyteri
3354 2258 3453 2310 per
3494 2241 3786 2311 parochias

2183 2309 2336 2364 suas
2363 2309 2581 2365 feminis
2632 2313 2929 2382 prmdiccut
2960 2352 2975 2378 ,
3007 2309 3093 2365 ἰιι
3145 2309 3459 2366 linteamina
3495 2309 3784 2370 altaribus

2182 2389 2506 2451 praeparent.
2542 2398 2560 2430 ι

2256 2461 2278 2488 α
2314 2450 2666 2521 Absidamque
2694 2450 2834 2504 circa
2890 2450 3075 2505 altare.
3133 2450 3392 2521 Apsidam
3443 2450 3645 2506 melius
3666 2452 3784 2508 sive

2183 2519 2411 2573 chorum
2464 2519 2727 2583 caeleste,
2777 2529 2837 2572 ut
2888 2522 3048 2575 modo
3105 2519 3400 2585 vocamus,
3449 2536 3558 2589 quo
3609 2521 3785 2577 altare

2183 2591 2495 2643 continetur
2523 2597 2576 2643 et
2622 2589 2911 2652 clauditur,
2960 2590 3075 2644 vult
3120 2606 3239 2645 esse
3277 2607 3437 2659 quam
3484 2592 3785 2646 mundissi-

2183 2675 2351 2720 mum,
2380 2668 2490 2713 tum
2521 2659 2644 2727 quia
2693 2659 2743 2711 in
2783 2675 2847 2713 eo
2879 2660 3113 2714 maxime
3158 2670 3495 2714 sacramenta
3535 2670 3784 2715 tractari-

2184 2740 2293 2802 tur,
2325 2738 2433 2783 tum
2476 2730 2601 2802 q_uia
2625 2732 2985 2802 sacramentis
3011 2738 3307 2799 prmsentes
3338 2731 3513 2802 angeli
3556 2745 3784 2802 semper

2184 2799 2460 2870 assistunt.
2490 2797 2729 2851 Tertiam
2776 2797 3038 2870 rationem
3078 2815 3368 2870 possumus
3395 2797 3622 2865 addere,
3650 2797 3781 2870 quia

2183 2883 2249 2922 eo
2298 2866 2416 2923 loco
2466 2877 2777 2938 sanctorum
2831 2866 3093 2938 reliquiie
3123 2869 3374 2923 collocari
3427 2869 3629 2924 solent.
3668 2866 3785 2924 'Sic

2183 2939 2326 3008 enim
2360 2938 2499 3008 apud
2550 2936 2867 3008 Gregorium
2918 2936 3285 2993 'l‘uronensem
3341 2938 3399 3005 (ι.
3452 2955 3524 3003 x,
3557 2955 3610 2993 c.
3663 2941 3783 3003 3i).

2184 3006 2429 3077 Tetricus
2472 3006 2828 3077 Liugmiensis
2875 3009 3160 3077 episcopus
3207 3010 3521 3077 Prtecessori
3560 3024 3666 3063 suo
3717 3008 3783 3064 S.

2183 3075 2445 3147 Gregorio
2491 3075 2775 3131 condendo
2822 3097 2841 3129 ι
2883 3075 3009 3132 ante
3062 3075 3232 3131 altare
3282 3078 3519 3132 basilica:
3574 3078 3782 3132 funda-

2107 3172 2153 3236 C
2184 3147 2944 3236 ee.'.'.l.=‘-ia.°it»essemus
2958 3147 3406 3236 ΕΡΞΨΨᾹῙἮῨἛ)
3431 3162 3603 3236 2????
3616 3226 3632 3236 .
3648 3164 3785 3236 999?

2185 3216 2347 3287 struit
2368 3215 2422 3271 et
2449 3217 2785 3271 transvolvit.
2816 3218 2889 3270 Ea
2914 3215 3043 3272 vero
3068 3215 3401 3287 transvoluta
3424 3215 3786 3287 disruptoquo

2181 3286 2389 3356 pariete
2415 3326 2431 3351 ,
2484 3302 2670 3340 arcum
2727 3287 2978 3341 aedificat.
3051 3286 3204 3354 Quod
3262 3301 3399 3356 opus
3455 3302 3580 3341 cum
3635 3286 3785 3343 esset

2186 3352 2486 3426 perfectum
2568 3366 2730 3426 atque
2798 3352 3094 3419 ornatum,
3145 3352 3431 3426 postquam
3491 3356 3545 3409 in
3597 3357 3783 3411 media

2186 3425 2373 3496 apside
2400 3425 2576 3481 locum
2602 3425 2737 3496 fodit
2759 3440 2866 3493 quo
2891 3442 3087 3496 corpus
3110 3425 3252 3480 licati
3272 3425 3454 3480 Patris
3476 3426 3783 3482 transferre

2185 3495 2421 3565 volebat,
2462 3516 2480 3547 ι
2516 3505 2622 3549 etc.
2667 3495 2825 3564 Apsis
2868 3495 3045 3549 autem
3093 3496 3207 3550 sive
3238 3496 3444 3565 apsida,
3493 3495 3700 3549 dicitur
3749 3511 3783 3551 a

2185 3563 2391 3619 fornice
2435 3575 2488 3619 et
2528 3580 2682 3627 arcu,
2735 3566 2848 3620 sive
2892 3566 3018 3633 quia
3060 3565 3113 3618 in
3168 3563 3386 3620 modum
3430 3580 3593 3621 arcus
3652 3580 3780 3620 ero-

2184 3634 2441 3687 tundatur
2487 3635 2638 3689 locus
2701 3634 2831 3698 ille,
2900 3636 3014 3689 sive
3077 3635 3202 3703 quia
3267 3634 3475 3689 fornice
3543 3635 3783 3703 desuper

2187 3703 2401 3773 contegi
2445 3712 2501 3758 et
2538 3705 2905 3758 concamerari
2948 3703 3099 3758 solet.
3142 3704 3326 3773 Neque
3368 3704 3531 3773 alium
3569 3703 3781 3758 credidi

2185 3771 2404 3842 semper
2429 3787 2549 3827 esse
2578 3773 2753 3829 locum
2794 3775 2884 3841 qui
2912 3771 3375 3841 Constantinopoli
3422 3771 3649 3827 Trullus
3692 3789 3783 3827 vo-

2185 3852 2339 3897 catus
2376 3853 2480 3904 est,
2512 3842 2602 3896 ubi
2653 3844 2936 3897 concilium
2989 3843 3119 3898 illud
3149 3842 3413 3897 famosum
3442 3842 3780 3909 celebratum

2185 3912 2239 3966 in
2282 3912 2485 3966 Trullu.
2540 3912 2655 3966 Non
2684 3921 2766 3966 est
2814 3913 3034 3967 dubium
3085 3914 3212 3981 quin
3265 3912 3431 3967 fuerit
3475 3921 3665 3967 erecta
3722 3914 3778 3966 in

2188 3982 2378 4052 apside
2405 3981 2558 4036 sedes
2587 3983 2846 4052 episcopi,
2887 3991 2950 4036 ut
2995 3982 3287 4037 etiamnum
3328 3983 3486 4037 hodie
3512 3982 3564 4035 in
3590 3981 3781 4038 cathe-

2151 4084 2159 4092 -
2187 4051 2425 4106 dralibus
2450 4052 2692 4106 ccclesiis
2720 4051 2959 4106 eminere
2988 4052 3123 4106 solet
3150 4067 3165 4106 :
3197 4067 3371 4121 neque
3400 4053 3587 4119 negari
3612 4052 3779 4108 debet

2186 4123 2252 4174 ad
2304 4136 2424 4175 eam
2473 4121 2711 4188 apsidem
2771 4122 3030 4190 gradibus
3081 4136 3437 4176 conscensum
3486 4121 3680 4186 fuisse,
3719 4128 3781 4175 ut

2186 4190 2385 4259 apsida:
2410 4190 2648 4260 gradatw
2676 4192 2816 4244 bene
2842 4193 3191 4246 noiuinenlur
3219 4193 3287 4245 ab
3308 4192 3610 4260 Augustino
3633 4208 3649 4258 ;
3683 4190 3779 4246 sed

2186 4261 2417 4330 probare
2464 4276 2572 4332 non
2627 4275 2864 4329 possum,
2915 4262 3059 4330 quod
3102 4277 3167 4332 eo
3207 4260 3660 4332 Augustiniloco
3699 4260 3780 4316 sic

2188 4329 2417 4400 utuntur
2444 4329 2708 4400 plerique,
2760 4340 2820 4384 ut
2865 4329 3093 4385 credant
3145 4329 3319 4400 ipsani
3365 4330 3780 4400 apsidem'esso

2187 4399 2499 4454 cathedram
2525 4440 2539 4459 ,
2594 4415 2717 4454 cum
2746 4399 3414 4470 iutrumque_nranifeste
3455 4399 3777 4470 distinguat,

2188 4470 2711 4540 scribens_episcopo
2745 4468 3036 4540 Donatistae
3064 4468 3356 4540 Maximino
3382 4470 3450 4523 ad
3478 4468 3780 4540 infringere

2111 4525 2163 4585 Ῑ)
2189 4539 2312 4593 dam
2342 4525 2672 4609 schisiuatic'i
2712 4539 3019 4609 superbiam
3051 4554 3118 4593 ex
3159 4539 3421 4609 dignitate
3444 4550 3498 4593 et
3527 4525 3779 4609 szecti'lari

2187 4623 2382 4691 νοτηηξι
2408 4607 2706 4691 Proteos?!"
2736 4606 2905 4691 (ariis
2921 4608 3057 4691 293)
3086 4626 3155 4691 1'.
3179 4606 3368 4691 Τῖθιιξὲ
3377 4617 3396 4662 ι
3417 4609 3598 4691 ,ιιςξηρτ
3618 4606 3780 4691 tri":

2188 4676 2423 4742 saeculi,'
2451 4679 2642 4732 transit
2688 4676 2930 4733 ambitio.
2973 4676 3047 4733 ln'
3084 4676 3263 4733 futuro
3302 4678 3502 4733 Christi
3547 4676 3778 4745 iudicio,

2188 4763 2291 4803 nec
2338 4746 2561 4818 absidaer
2599 4748 2875 4818 gradatae,
2927 4762 3028 4802 nec
3076 4747 3347 4802 cathedrae
3399 4748 3588 4802 velatae
3613 4788 3631 4810 ,
3671 4761 3780 4818 nec

2190 4817 2682 4872 sanctimonialium
2731 4818 3132 4871 occursantium
3194 4825 3357 4886 atque
3437 4817 3779 4872 cantantium

2188 4902 2379 4959 greges
2423 4887 2822 4959 adhibebuntur
2862 4888 2929 4941 ad
2966 4885 3354 4959 defensioneln,
3402 4888 3495 4941 ubi
3546 4886 3780 4959 (λαθραία

2190 4957 2447 5013 accusare
2491 4957 2860 5021 conscientia,
2933 4966 2989 5011 et
3050 4957 3506 5011 conscientiarum
3571 4957 3785 5013 arbiter

2181 5027 2495 5098 judicare.)
2532 5026 2598 5098 Et
2640 5026 2765 5098 alibi
2798 5027 2864 5079 ad
2889 5025 3137 5098 Albinam
3181 5026 3486 5098 religiosam
3516 5026 3775 5081 feminam

2187 5094 2263 5167 de
2297 5094 2526 5167 tumultu
2559 5097 2612 5150 in
2657 5096 2772 5167 ipsa
2821 5096 3047 5167 ecclesia
3096 5094 3355 5159 excitato,
3403 5115 3422 5147 ι
3468 5097 3550 5150 Ad
3588 5106 3778 5167 nostra

2187 5166 2439 5221 subsellia
2466 5205 2481 5226 ,
2522 5165 2712 5221 relicta
2761 5165 2916 5219 turba
2955 5166 3243 5220 redieram.
3281 5186 3301 5218 ι
3334 5167 3402 5220 Ει
3434 5181 3561 5220 mox
3580 5166 3774 5287 (ξενία.

2187 5235 2312 5287 2‘25)
2345 5253 2359 5287 :
2411 5255 2428 5286 ι
2458 5235 2714 5287 Dicebam
2746 5251 2847 5287 ego
2874 5236 3070 5287 quibus
3092 5244 3355 5287 poteram.
3400 5237 3492 5287 nui
3547 5251 3576 5287 a
3675 5250 3774 5287 nos

2185 5235 2312 5305 2‘25)
2345 5253 2359 5289 :
2411 5255 2428 5286 ι
2458 5235 2714 5291 Dicebam
2746 5251 2847 5303 ego
2874 5236 3070 5305 quibus
3092 5244 3355 5305 poteram,
3400 5237 3492 5305 qui
3517 5235 3616 5305 _ad
3675 5250 3775 5289 nos

2188 5306 2242 5360 in
2273 5303 2510 5375 apsidem
2541 5303 2911 5360 honoratiores
2940 5315 2995 5358 et
3021 5303 3297 5375 graviores
3337 5303 3716 5361 ascenderant.
3753 5323 3773 5355 ι

2190 5375 2352 5431 Certe
2398 5376 2453 5430 in
2481 5375 2792 5430 cathedram
2824 5374 3062 5445 episcopi
3098 5391 3203 5430 non
3249 5375 3652 5445 ascenderant,_
3681 5374 3777 5428 sed

2191 5445 2245 5500 in
2271 5445 2451 5500 locum
2498 5445 2589 5498 ubi
2632 5443 2923 5500 constituta
2975 5443 3113 5510 erat,
3161 5452 3222 5499 ut
3265 5445 3410 5513 apsis
3457 5443 3776 5499 cathedram

2193 5516 2484 5579 contineat;
2512 5529 2687 5583 neque
2712 5515 2815 5569 nisi
2847 5515 3071 5585 figurate
3100 5529 3198 5585 pro
3221 5513 3481 5585 cathedra
3504 5521 3777 5585 sumatur.

2196 5584 2306 5656 $39,
2327 5581 2677 5656 explicandus
2702 5599 2876 5640 canon
2889 5581 3028 5656 ’(52)
3074 5581 3284 5656 concilii
3309 5581 3785 5656 __Cartbaginepsis

2182 5641 2306 5698 ων
2333 5673 2357 5708 ’ς
2398 5641 2422 5707 'i
2461 5654 2841 5726 Cujuscunque
2866 5641 3178 5725 poenitentis
3199 5653 3473 5725 publicum
3497 5641 3570 5710 εἴ
3587 5653 3779 5726 νιιιμο
