4070 6310
294 341 399 397 733

1696 334 2057 392 CAPITULA.

3447 342 3556 399 751

290 454 481 516 altare,
511 452 603 510 vel
620 453 821 524 potius,
851 449 964 508 imo
992 457 1160 506 totam
1188 446 1359 506 aedem
1400 447 1493 505 ubi
1531 456 1866 506 sacramenta
1897 452 1943 512 Α
1972 464 2078 518 que
2119 450 2406 523 presbyter
2451 466 2607 508 suum
2655 451 2852 507 habeat
2879 450 3160 514 clericum,
3207 464 3371 519 quem
3426 450 3556 505 teli-

291 552 639 599 tractantur:
665 552 723 599 et
745 544 836 598 ubi
873 550 1185 600 sanctorum
1225 555 1439 612 semper
1466 551 1550 597 est
1582 541 1869 611 praesentia

286 634 631 706 angelorum,
686 633 1008 689 nitidissime
1060 640 1116 686 et
1160 640 1470 686 reverenter
1515 629 1870 686 custodienda

293 723 628 793 prtevideant
654 741 667 776 :
691 738 760 776 nc
782 720 923 776 forte
961 736 1085 776 cum
1119 720 1269 774 missi
1290 735 1321 774 e
1344 719 1511 774 latere
1550 726 1736 773 nostro
1765 731 1872 771 una

294 828 423 869 cum
453 812 837 877 archidiaconp
865 811 992 866 illuc
1011 810 1280 874 venerint,
1311 809 1512 879 aliquid
1537 806 1874 877 reprehensi-

293 904 405 959 bile
449 904 748 967 inveniant,
797 901 938 956 unde
976 901 1216 956 severius
1258 898 1655 954 fraternitatem
1698 894 1875 964 cujus-

295 993 442 1063 piam
472 991 797 1061 redarguere
820 990 1227 1061 compellamur.

367 1105 500 1161 CAP.
528 1104 596 1159 ν.
617 1120 689 1146 —-'-
710 1102 780 1159 Ut
814 1122 937 1159 vasa
960 1121 1115 1159 sacra
1157 1121 1259 1158 non
1297 1104 1488 1157 dentur
1513 1103 1566 1156 in
1592 1101 1801 1172 pignus.

369 1214 566 1287 (Capit.
604 1213 728 1269 Car.
771 1214 873 1279 M.,
899 1215 937 1269 l.
987 1230 1024 1280 ι,
1057 1230 1106 1269 c.
1153 1215 1252 1280 94;
1288 1214 1537 1278 Herard.,
1570 1215 1726 1284 capit.
1757 1212 1875 1285 20.)

300 1318 329 1348 ³
355 1304 423 1362 Ut
472 1306 652 1362 nullus
690 1321 907 1362 sacrum
933 1323 1049 1370 vas,
1079 1317 1173 1361 aut
1199 1306 1401 1376 aliquid
1441 1307 1550 1362 Deo
1600 1318 1876 1362 sacratum

297 1398 419 1453 loco
445 1397 685 1467 pignoris
712 1398 843 1452 dare
867 1405 1158 1468 pnesumat
1182 1415 1194 1450 :
1221 1398 1323 1452 nisi
1348 1413 1509 1452 causa
1539 1397 1878 1453 redimendo-

297 1503 420 1542 rum
454 1487 819 1558 captivorum,
854 1495 948 1541 aut
989 1489 1043 1541 in
1090 1488 1484 1543 rcstauratione
1514 1496 1659 1542 sarta
1708 1495 1879 1542 tecto-

299 1592 419 1631 rum
454 1577 717 1631 ecclesiae.
758 1577 825 1631 Et
851 1578 954 1632 hoc
993 1578 1168 1646 ipsum
1219 1594 1285 1632 ne
1330 1577 1423 1631 ﬁat
1452 1576 1552 1632 nisi
1586 1594 1685 1648 per
1712 1578 1880 1632 licen-

298 1667 431 1719 tiam
453 1666 709 1735 episcopi.
734 1666 802 1719 Et
825 1676 991 1720 utres
1015 1667 1260 1721 ecclesiae
1283 1683 1403 1736 quae
1429 1684 1459 1721 a
1483 1667 1729 1723 ﬁdelibus
1754 1674 1879 1723 sunt

298 1755 513 1820 oblatae,
543 1754 722 1810 nullus
748 1755 1048 1811 distrahere
1077 1763 1388 1825 praesumat.

370 1869 496 1924 (ΣΛΡ.
528 1867 616 1923 Ἦ.
640 1899 709 1910 —
732 1867 797 1922 Ut
827 1871 1178 1942 unusquisque
1199 1871 1462 1941 presbyter
1482 1870 1730 1927 clericum
1757 1881 1805 1928 et

843 1941 1074 1994 scholam
1104 1941 1310 1995 habent.

369 2026 632 2100 (lliucm.,
674 2028 849 2099 Capit.
890 2047 980 2084 an.
1015 2030 1140 2095 874,
1170 2045 1288 2101 cap.
1320 2030 1399 2102 5.)
1427 2043 1455 2071 ο
1514 2041 1563 2088 1t
1591 2033 1877 2102 unusquis-

1973 542 2124 612 giose
2173 542 2409 598 educare
2454 551 2729 613 procuret.
2760 542 2830 598 Et
2861 544 2908 597 si
2950 541 3282 613 possibilitas
3323 540 3405 596 illi
3445 551 3551 596 est.

1972 632 2212 687 scholam
2253 632 2306 686 iu
2354 632 2580 688 ecclesia
2625 647 2723 687 sua
2771 632 2973 687 habere
3008 646 3113 686 non
3158 629 3433 700 negligat:
3468 643 3558 684 so-

1972 720 2244 792 lerterque
2269 731 2483 789 caveat,
2529 732 2591 778 ut
2634 739 2772 794 quos
2811 724 2881 780 ad
2918 723 3272 780 erudiendum
3298 720 3557 792 suscipit,

1972 821 2122 870 caste
2144 814 2533 885 Sinceriterque
2556 815 2778 870 nutriat.

1972 948 2100 1005 CAP.
2134 948 2242 1005 Vll.
2277 979 2341 990 -
2370 949 2451 1005 De
2475 949 2622 1003 libris
2647 949 3029 1016 ecclesiasticis,
3061 957 3111 1005 et
3136 948 3202 1004 de
3228 946 3550 1004 eucharistia

2520 1036 2721 1089 semper
2739 1019 2997 1075 habenda.

2047 1125 2241 1200 (Capit.
2274 1126 2400 1182 Car.
2431 1127 2535 1192 31.,
2565 1127 2601 1181 l.
2637 1142 2714 1192 Vl,
2749 1142 2797 1183 c.
2817 1126 2956 1193 227;
2992 1127 3030 1182 l.
3064 1143 3107 1192 ιδ
3138 1142 3187 1183 c.
3218 1125 3368 1197 161.)
3396 1124 3470 1182 Ut
3493 1126 3556 1181 li-

1975 1218 2103 1273 bros
2133 1215 2551 1281 ecclesiasticos,
2578 1216 2846 1271 Missalem
2872 1217 3143 1282 videlicet,
3172 1215 3553 1287 Evangelium,

1976 1308 2402 1373 Lectionarium,
2436 1307 2783 1373 Psalterium,
2829 1306 3305 1377 Antiphonarium,
3351 1305 3556 1377 Marty-

1977 1401 2261 1471 rologium,
2297 1409 2353 1455 et
2396 1399 2804 1464 Homeliarinm,
2829 1415 2928 1470 per
2952 1415 3088 1470 quos
3113 1414 3175 1455 se
3217 1408 3273 1454 et
3300 1397 3436 1452 alios
3465 1396 3553 1452 in-

1978 1490 2214 1546 formare
2241 1492 2454 1555 debent,
2486 1490 2740 1545 habeant.
2770 1490 2836 1544 Et
2862 1505 2959 1561 per
2986 1489 3154 1545 libros
3184 1490 3325 1544 bene
3368 1501 3556 1543 corre-

1978 1592 2094 1638 ctos
2145 1583 2453 1647 emendent,
2501 1598 2571 1637 ne
2621 1597 2757 1651 opus
2805 1581 2902 1636 Dei
2957 1597 3081 1636 cum
3129 1579 3332 1636 desidia
3378 1578 3557 1634 facere

1977 1674 2284 1728 videantur.
2332 1671 2413 1727 Ur
2451 1654 2821 1743 unusiluisque
2865 1670 3106 1741 capitula
3148 1671 3214 1726 de
3256 1666 3557 1740 majoribus

1903 1799 1952 1860 Β
1979 1766 2063 1819 vel
2091 1765 2390 1820 minoribus
2414 1764 2583 1831 vitiis,
2623 1778 2721 1820 seu
2769 1764 2930 1819 etiam
2962 1762 3271 1821 virtutibus.
3307 1774 3405 1831 per
3429 1772 3553 1828 qua

1982 1870 2310 1926 cognoscere
2351 1856 2542 1926 possit,
2593 1855 2680 1910 vel
2728 1855 3025 1925 praedicare
3067 1853 3296 1908 subditis
3343 1851 3455 1907 suis
3496 1855 3560 1905 ut

1983 1954 2211 1999 caveant
2233 1947 2300 2000 ab
2322 1946 2535 2001 insidiis
2564 1944 2787 2000 diaboli.
2817 1957 2840 1984 ο
2874 1943 2942 1999 Ει
2965 1954 3025 1999 ιιι
3060 1958 3276 2011 semper
3302 1938 3559 1997 euchari-

1983 2039 2140 2091 stiam
2164 2038 2448 2108 presbyter
2474 2038 2672 2092 habeat
2693 2045 2957 2108 paratam,
2990 2044 3051 2091 ut
3078 2036 3296 2107 quando
3323 2033 3447 2104 quis
3471 2030 3560 2086 in-

1444 2142 1767 2200 LUDOV'lCl
1805 2144 2124 2201 CELLOTII
2160 2145 2394 2202 ΝΟΤιΕ.

295 2252 564 2307 tissimum
589 2252 794 2306 crimen
825 2261 908 2307 est
930 2254 1069 2322 quod
1096 2254 1343 2308 universa
1377 2254 1611 2309 Ecclesia
1647 2256 1875 2319 noverit,

300 2330 443 2394 ante,
484 2322 722 2375 absidem
770 2323 818 2376 ci
853 2339 1062 2394 manus
1106 2324 1430 2391 imponatur.
1486 2324 1615 2394 D_Ul
1656 2340 1877 2394 peccato

299 2391 514 2462 publice
568 2403 696 2446 nmo
742 2392 949 2461 publica
1004 2395 1326 2461 respondeat
1381 2391 1719 2460 satisfactio,
1770 2411 1874 2448 non

300 2462 593 2533 descendat.
623 2464 688 2514 ad
742 2464 1113 2529 pmnitentium
1157 2463 1329 2517 locum
1379 2464 1694 2533 episcopus,
1722 2466 1876 2532 quasi

298 2532 608 2603 \crectmde
635 2533 1093 2596 reconciliaturns,
1140 2534 1232 2587 sed
1286 2534 1352 2586 ad
1399 2535 1708 2603 episcopum
1755 2550 1877 2589 reus

300 2603 559 2655 ascendat
587 2601 649 2672 in
695 2603 929 2670 apsialem
980 2604 1329 2664 eminentem,
1377 2603 1556 2672 ibique
1585 2601 1876 2672 Spectanti-

300 2672 400 2724 bus
435 2670 684 2742 omnibus
716 2687 746 2724 e
789 2673 1045 2726 cathedra
1078 2688 1174 2727 sua
1222 2670 1511 2742 episcopus
1547 2670 1765 2726 manum
1794 2690 1878 2728 re-

300 2740 727 2810 conciliatoriam
760 2742 1018 2810 imponat.

376 2822 403 2851 α
443 2808 509 2862 Ut
561 2810 737 2863 nullus
771 2808 979 2865 sacrum
1009 2828 1118 2865 vas.
1167 2812 1257 2867 Sic
1301 2812 1574 2867 llerardus
1602 2811 1879 2867 Turonen-

301 2880 379 2933 sis
408 2880 476 2949 (ε.
504 2880 594 2948 20)
625 2894 639 2933 :
673 2902 690 2931 ι
737 2881 811 2934 De
840 2881 985 2935 vasis
1023 2892 1077 2935 et
1126 2884 1461 2936 vestimentis
1503 2883 1880 2937 ecclesiasticis

304 2965 405 3018 pro
432 2949 740 3020 pignoribus
777 2952 979 3020 absque
1010 2952 1223 3005 licentia
1255 2953 1486 3020 episcopi
1521 2970 1624 3006 non
1666 2953 1878 3015 dandis,

304 3028 361 3071 et
385 3020 524 3073 datis
553 3019 893 3088 recipiendis.
936 3039 954 3071 ›
990 3021 1131 3074 Idem
1165 3019 1307 3076 vetat
1347 3022 1467 3075 aliis
1500 3022 1682 3076 verbis
1720 3022 1882 3075 Hinc-

1989 2275 2008 2309 ι
2053 2258 2123 2313 Ut
2151 2258 2363 2314 scholas
2388 2258 2690 2330 presbyteri
2722 2274 2818 2330 pro
2839 2272 2999 2330 posse
3023 2257 3281 2330 habeant,
3309 2266 3364 2311 et
3391 2254 3562 2330 libros

1980 2330 2318 2383 emendatos.
2376 2324 2429 2399 »ί
2467 2324 2797 2384 Theodull'us
2841 2324 3033 2383 'autem
3106 2328 3376 2399 gratuitas
3445 2324 3562 2381 vult

1981 2413 2105 2467 esse
2137 2399 2349 2453 scholas
2386 2398 2681 2467 ejusmodi,
2730 2414 2937 2455 summa
2974 2397 3397 2452 cum‘charitate
3425 2411 3560 2451 con-

1973 2466 2191 2535 junctus
2240 2466 2425 2538 (epist.
2472 2469 2540 2521 ad
2589 2469 2737 2534 cler.,
2789 2485 2837 2522 ε.
2883 2467 2984 2537 20)
3022 2485 3034 2520 :
3072 2486 3090 2517 ι
3127 2467 3259 2521 Cum
3301 2481 3432 2534 ergo
3465 2479 3563 2538 eos

1980 2532 2190 2601 docent,
2210 2532 2340 2591 nihil
2371 2552 2468 2607 pro
2501 2539 2605 2595 hac
2623 2553 2684 2593 re
2703 2532 2770 2593 ab
2792 2538 2873 2592 eis
2902 2532 3055 2606 pretii
3085 2538 3320 2604 exigant,
3344 2532 3443 2588 n'cc
3462 2532 3559 2607 ali-

1978 2607 2103 2675 quid
2128 2609 2194 2661 ab
2223 2609 2302 2662 eis
2326 2604 2612 2676 accipiant,
2640 2616 2865 2677 excepto
2893 2604 3033 2675 (luod
3057 2607 3135 2677 eis
3159 2612 3410 2673 parentes
3434 2604 3561 2659 cha-

1981 2677 2158 2731 ritatis
2184 2678 2362 2730 studio
2388 2693 2484 2731 sua
2516 2679 2596 2732 eis
2624 2676 2898 2731 voluntate
2923 2676 3236 2729 obtulerint.
3276 2694 3295 2726 ι

2055 2756 2077 2784 ο
2118 2747 2183 2816 lt't
2208 2748 2859 2816 utsemperenchatistiam
2875 2745 3139 2816 presbyter
3162 2744 3365 2816 habent.
3381 2741 3563 2809 Quan-

1982 2824 2038 2869 to
2069 2815 2245 2869 studio
2277 2814 2526 2871 curatum
2578 2817 2650 2869 sit
2689 2826 2747 2869 ut
2790 2831 2950 2869 nemo
2991 2814 3364 2875 Christianus,
3392 2827 3563 2881 quan-

1985 2885 2228 2939 tumlibet
2276 2895 2433 2939 antea
2464 2885 2704 2955 legitime
2750 2886 3058 2947 abslcntus,
3111 2881 3562 2955 absquemviatico

1984 2965 2305 3013 moreretur,
2334 2964 2389 3008 et
2416 2951 2652 3011 canones
2681 2956 2945 3009 innumeri
2976 2955 3190 3018 docent,
3218 2951 3275 3006 et
3302 2951 3560 3005 Hincma-

1986 3040 2078 3079 rus
2108 3025 2159 3077 in
2187 3025 2416 3079 concilio
2444 3034 2626 3079 nostro
2651 3025 2962 3080 solemniter
2985 3029 3351 3093 repraesentat.
3376 3021 3564 3093 quue

304 3104 488 3164 martis
510 3086 700 3164 (Capit.
724 3106 812 3142 an.
835 3091 1025 3164 852,53.
1052 3093 1174 3164 ll):
1208 3111 1227 3142 ι
1261 3092 1340 3164 _l_)e
1363 3093 1533 3146 sacris
1562 3092 1877 3145 ministeriis
1907 3098 1952 3160 ο
1984 3096 2246 3164 processit
2270 3094 2643 3149 Africanorum
2674 3094 2907 3148 lidelium
2941 3086 3285 3164 simplicitas,
3306 3099 3371 3164 ut
3396 3086 3560 3164 etiam

303 3159 371 3211 ad
411 3158 643 3232 wadiunt
690 3174 793 3213 non
840 3161 1046 3232 dandis.
1090 3161 1159 3216 Ut
1186 3162 1362 3215 nullus
1409 3164 1693 3232 presbyter
1737 3177 1875 3232 pratj

302 3236 486 3300 sumat
521 3228 740 3283 calicem
766 3269 781 3291 ,
811 3230 894 3283 vel
921 3239 1190 3298 patenum,
1219 3241 1309 3284 attt
1337 3231 1531 3300 pallam
1563 3228 1770 3294 altaris,
1796 3229 1880 3285 vel

300 3298 681 3351 vestimentum
732 3300 1102 3364 sacerdotale,
1152 3309 1244 3354 aut
1294 3298 1489 3355 librum
1548 3301 1878 3364 tabernario,

302 3366 387 3420 vel
429 3367 791 3437 negotiatori,
825 3368 911 3422 vel
953 3370 1172 3424 cuilibet
1214 3370 1385 3435 laico,
1439 3370 1517 3423 vel
1564 3369 1777 3424 feminm
1825 3371 1879 3424 iu

302 3437 667 3509 vadimonium
694 3438 842 3492 dare.
885 3456 903 3488 ι
938 3439 1101 3507 quue
1129 3441 1319 3508 probat
1345 3456 1450 3494 non
1493 3442 1652 3494 licere
1680 3456 1710 3493 a
1740 3441 1877 3509 pari.

304 3506 571 3579 Sacerdos
615 3522 738 3560 cum
784 3510 953 3562 sacris
999 3506 1236 3564 vestibus
1273 3510 1339 3563 ad
1369 3510 1650 3579 profanum
1701 3506 1883 3579 populi

303 3575 629 3650 colloquium
681 3579 927 3650 progredi
954 3588 1184 3650 rvetatur
1216 3597 1229 3632 ε
1263 3575 1385 3650 ,ηοιί
1439 3589 1617 3650 potest
1655 3575 1881 3650 per—ca-

301 3660 475 3718 nones
503 3645 753 3718 tabernas
782 3645 984 3718 ingredi
1033 3650 1097 3702 ad
1139 3645 1473 3702 bibendum}
1510 3665 1636 3702 vasa
1656 3645 1882 3703 'sancli-

301 3716 458 3768 licata
486 3717 799 3788 prohibetur
842 3716 970 3788 dare
999 3718 1289 3783 immundis
1318 3720 1383 3771 ad
1421 3719 1837 3788 contingendum
1864 3733 1879 3770 :

302 3793 508 3854 quanto
554 3785 730 3839 minus
762 3787 813 3840 in
860 3787 1260 3842 vadimonium?
1318 3788 1383 3842 Et
1431 3790 1543 3843 hmo
1578 3785 1759 3841 omnia
1813 3802 1879 3840 ex

300 3854 584 3927 capitulari
616 3854 793 3910 Caroli
824 3856 995 3926 Magni
1023 3858 1081 3927 (Ι.
1127 3874 1166 3921 t,
1213 3874 1260 3912 ε.
1287 3858 1378 3921 94,
1414 3868 1462 3911 et
1497 3859 1533 3911 ι.
1565 3873 1618 3922 v,
1669 3874 1717 3911 c.
1756 3856 1881 3927 172)

304 3925 466 3978 ducta
519 3925 1241 3997 pravamconsuetudinem
1291 3928 1618 3997 corrigente.
1676 3945 1693 3977 ι
1752 3925 1882 3993 Quae

300 3996 663 4065 transgressio
710 4014 729 4046 ι
762 3994 937 4064 inquit
973 3997 1276 4051 Ludovicus
1308 3994 1464 4059 Pius:
1494 4016 1511 4048 ι
1555 4007 1609 4051 et
1638 4006 1882 4065 tempore

302 4064 563 4132 genitoris
586 4067 775 4136 nostri.
813 4080 863 4120 et
900 4078 1104 4129 nostro,
1146 4068 1199 4120 in
1224 4066 1577 4123 conventibus
1604 4064 1885 4136 episcopo-

302 4148 449 4205 rum,
480 4134 773 4205 secundum
803 4139 1177 4192 auctoritatem
1218 4139 1558 4195 canonicam.
1591 4134 1881 4205 prohibita,

302 4203 403 4275 sed
430 4203 664 4275 necdum
698 4206 764 4258 ad
803 4208 1192 4262 correctionem
1222 4207 1377 4275 plene
1419 4216 1501 4260 est
1545 4203 1820 4275 perducta.
1858 4226 1879 4260 ι

302 4271 579 4346 ρυὶιΙ-θξι
627 4275 789 4343 igitur
831 4277 970 4346 quod
1018 4271 1256 4331 nonnulli
1298 4271 1821 4331 historiei'scribunt
1850 4292 1882 4331 a

300 4342 867 4416 sanctissimoregum
912 4356 1219 4401 nostrorum
1250 4362 1280 4399 e
1312 4346 1467 4416 Syria
1510 4346 1563 4399 in
1595 4346 1882 4401 Franciam

300 4413 584 4476 redeunte,
616 4413 855 4468 relictam
888 4416 1181 4471 Saracenis
1204 4413 1448 4472 hostibus
1479 4425 1879 4471 sacrosanctam

300 4480 536 4554 hostiam
582 4483 634 4536 in
682 4485 908 4554 pignus?
954 4486 1079 4539 Scio
1124 4487 1176 4539 id
1222 4502 1250 4541 a
1296 4486 1596 4542 Joinvillteo
1643 4486 1875 4546 reticeri,

299 4551 489 4625 negari
535 4551 762 4625 praecise
803 4555 881 4625 ab,
923 4556 1060 4610 aliis.
1121 4556 1239 4611 Non
1293 4558 1489 4611 desunt
1556 4566 1734 4609 tamen
1785 4555 1882 4625 qui

300 4622 571 4695 aﬂirntent
616 4623 673 4676 in
717 4623 832 4695 ejus
863 4624 986 4695 [acti
1017 4626 1329 4681 memoriam
1371 4625 1528 4695 vulgo
1555 4626 1606 4679 in
1641 4622 1880 4680 tabernis

300 4690 598 4764 meritoriis
648 4690 754 4764 per
794 4693 1131 4748 Palaestinam
1178 4698 1373 4764 pictam
1420 4690 1589 4750 videri
1633 4695 1883 4749 euchari-

301 4760 565 4834 stia_m,.et
612 4762 728 4832 ejus
772 4760 1244 4834 liguraegrationem
1271 4767 1652 4834 quaerentibus,
1684 4764 1882 4820 Franci

388 4831 446 4910 {is
487 4828 687 4911 factum
739 4828 982 4888 enarrari
1035 4836 1105 4911 ab
1155 4828 1365 4891 incolis.
1421 4833 1574 4900 Quod
1611 4828 1666 4889 in
1705 4835 1887 4889 medio

299 4908 681 4955 relinuttimus.
1094 4908 1105 4915 ’

375 4914 895 5043 ῗηῦἒηιπζῗέᾳιήεᾳιιε
920 4971 1187 5043 presbyter
1213 4986 1366 5027 suum
1393 4972 1581 5028 habeat
1613 4972 1880 5028 clericum.

302 5036 441 5093 Vita:
471 5036 714 5107 socium,
750 5036 1035 5113 sacrorum
1073 5036 1419 5107 'ministrum,
1469 5043 1665 5098 scholae
1709 5045 1884 5113 magi-

302 5119 515 5183 atrum,
564 5107 931 5183 succes§orem
956 5114 1233 5183 afuturum.
1264 5112 1352 5183 iEt
1386 5115 1489 5183 hoc
1521 5107 1830 5183 quatriqu
1853 5127 1884 5166 a

302 5180 545 5254 parocho
571 5180 890 5254 Hincmarus
918 5181 1113 5253 (Capit.
1152 5183 1231 5254 ad,
1252 5182 1476 5254 Decan.)
1506 5180 1585 5254 τι
1610 5181 1666 5236 Si
1690 5182 1887 5254 habeat

302 5248 587 5322 clericum,
618 5252 709 5322 qui
741 5248 1130 5321 possit'teuere
1160 5253 1426 5318 scholam,
1454 5248 1548 5307 aut
1577 5253 1753 5322 legere
1775 5252 1887 5322 epi-

303 5318 533 5393 stolam,
577 5318 672 5375 aut
699 5318 899 5393 canere
925 5323 1134 5393 valeat,
1187 5331 1348 5393 prout
1379 5318 1749 5378 necessarium
1779 5318 1884 5393 sibi

302 5388 598 5459 videbitur.
634 5411 651 5442 ι
682 5391 956 5459 Ejusmodi
985 5388 1235 5457 clericos,
1280 5393 1511 5449 nutritus
1555 5401 1718 5448 vocat
1760 5391 1889 5446 alibi

305 5454 503 5531 (Capit.
532 5476 624 5515 an.
655 5454 809 5531 871):
846 5480 864 5512 ι
897 5461 954 5517 Si
984 5477 1078 5516 vos
1102 5454 1241 5517 bene
1266 5464 1522 5519 viveretis
1541 5503 1556 5527 ,
1602 5472 1659 5517 et
1679 5470 1889 5516 vestros

300 5530 540 5584 nutritus
567 5531 621 5583 in
652 5530 788 5586 bona
817 5533 925 5586 vita
956 5541 1013 5586 et
1040 5534 1095 5586 in
1121 5534 1259 5586 bona
1293 5535 1627 5589 conscientia
1653 5531 1891 5587 nutrire-

303 5598 396 5673 tis,
429 5614 536 5673 non
567 5603 719 5657 vobis
737 5611 880 5657 esset
907 5617 1128 5657 necesse
1154 5611 1209 5656 et
1233 5612 1410 5673 vestra
1437 5605 1768 5673 perderetet
1791 5616 1888 5656 vos

304 5668 456 5736 ipsos
493 5670 544 5723 in
581 5672 982 5727 damnationem
1014 5674 1246 5727 mittere.
1288 5693 1306 5724 ι
1344 5668 1453 5729 Nec
1490 5674 1667 5729 minus
1698 5671 1890 5726 llerar-

306 5737 407 5792 dus
436 5741 647 5795 scholas
694 5741 802 5796 vult
846 5758 874 5795 a
921 5743 1249 5812 presbyteris
1286 5744 1492 5798 institui
1540 5741 1735 5813 (Cavit.
1785 5742 1887 5802 l7l

1908 4448 1959 4508 D

1985 3159 2225 3218 mortuos
2272 3165 2599 3219 eucharistia
2643 3165 2924 3219 donarent.
2978 3159 3131 3230 Quod
3163 3160 3394 3216 concilio
3422 3159 3558 3214 Car-

1982 3234 2281 3306 thaginiensi
2312 3242 2522 3306 velatur
2571 3234 2862 3306 (οειιιηὸ)ἴ
2893 3233 3069 3306 sltem
3106 3232 3306 3306 placuit
3334 3240 3407 3306 u_t_
3434 3243 3562 3284 cor-

1981 3299 2204 3372 poribus
2243 3299 2617 3358 defunctorum
2647 3299 2975 3359 eucharistia
3006 3299 3123 3357 non'
3143 3303 3318 3372 detur.
3349 3299 3563 3372 Dictum

1983 3368 2066 3428 est
2118 3374 2260 3427 enim
2311 3388 2342 3428 a
2394 3376 2621 3428 Domino
2683 3391 2697 3429 :
2758 3374 3000 3442 Accipite
3049 3380 3104 3428 et
3153 3371 3357 3442 edite._
3392 3368 3565 3423 Cada-

1981 3458 2110 3514 vera
2157 3452 2336 3514 autem
2398 3458 2498 3514 nec
2544 3444 2791 3514 accipere
2843 3439 3103 3514 possunt,
3150 3455 3252 3514 nec
3282 3439 3480 3514 edere.
3520 3453 3559 3514 _s

1984 3512 2052 3566 Et
2078 3513 2331 3578 quoniam
2363 3514 2417 3567 in
2444 3512 2632 3568 Graeca
2656 3507 2772 3583 ejus
2802 3507 3023 3568 canonis
3049 3507 3567 3583 translatione_di_ci-

1987 3591 2071 3636 tur
2096 3585 2179 3637 ἵνα
2219 3592 2327 3642 τοῖς
2361 3586 2567 3657 adipatum
2595 3577 2941 3657 τιλξυςιξῲντων
2971 3583 3281 3657 saxumqtie:
3303 3582 3373 3649 μή
3407 3577 3561 3657 δόρῇ,

1983 3668 2105 3722 quae
2156 3667 2261 3705 vox
2289 3646 2567 3723 morientes
2611 3653 2908 3723 signiﬁcat,
2959 3646 3563 3723 mohétBalsamo_('it_t

1982 3717 2120 3798 lium:
2145 3737 2264 3774 can.
2294 3737 2346 3798 v.
2366 3722 2405 3790 ),
2452 3721 2541 3798 illa
2570 3717 2818 3798 tabi-fida
2841 3722 3245 3798 τελευτήσειγτας
3265 3757 3280 3780 ,
3322 3717 3452 3787 οὐχι
3478 3717 3562 3798 ,τὰ

1983 3790 2193 3862 ἔσχατα
2219 3788 2745 3862 πνέονι-αςριιιβιιὶείι
2774 3799 3046 3862 oportere.
3079 3788 3161 3862 Ob
3188 3802 3306 3862 eam
3338 3800 3451 3839 rem
3473 3788 3562 3855 ju-

1982 3857 2419 3931 be't'llincmarus
2436 3859 2629 3931 (Capit.
2655 3857 2744 3913 ᾱη.
2764 3857 2912 3929 852.)
2936 3860 3230 3928 parochum
3258 3857 3560 3931 interroga:

1982 3930 2053 3995 ri,
2090 3950 2109 3981 ‹
2155 3930 2198 3984 si
2235 3923 2698 4000 babeat‘piitidem
2729 3931 2817 3983 ubi
2863 3923 3100 4000 congrue
3126 3927 3318 4000 possit.
3339 3923 3562 4000 recondi

1984 3993 2140 4055 sacra
2167 3999 2367 4054 oblatio
2394 3993 2716 4054 reservanda
2744 4000 2811 4053 ad
2835 3993 3091 4053 viaticum
3123 3993 3370 4051 inﬁrmis.
3408 4012 3429 4047 ι
3456 3993 3565 4049 Ad-

1983 4071 2062 4125 dit
2090 4082 2303 4139 quoque
2328 4069 2445 4124 loco
2465 4069 2678 4131 eodem,
2708 4069 2851 4138 quod
2877 4068 3173 4122 notandum
3200 4074 3306 4130 est,
3338 4072 3398 4119 ut
3428 4083 3447 4116 ι
3486 4064 3562 4134 ip-

1983 4154 2042 4196 se
2066 4140 2347 4210 presbyter
2376 4139 2618 4193 inﬁrmos
2641 4139 3001 4210 communicet
3022 4153 3122 4210 per
3149 4151 3231 4203 se,
3256 4142 3311 4191 et
3337 4148 3443 4210 non
3466 4147 3573 4205 per

1983 4206 2312 4279 quemlibet;
2374 4223 2483 4279 nec
2532 4209 2734 4279 (tradat
2800 4206 3237 4264 communionem
3308 4206 3563 4279 cuiquam

1984 4273 2125 4333 laico
2139 4279 2268 4342 pad
2292 4273 2639 4333 deferendum
2670 4279 2724 4332 in
2760 4278 2976 4334 domum
3006 4292 3159 4334 suam
3189 4290 3352 4331 causa
3378 4273 3564 4342 cujus-

1985 4348 2117 4419 libet
2153 4348 2375 4403 intirmi.
2410 4367 2428 4400 ι
2462 4348 2578 4414 Qua
2610 4348 2888 4419 lege_0pus
2917 4364 3024 4403 non
3062 4355 3239 4419 esset,
3293 4346 3338 4399 si
3367 4351 3562 4400 contra

1986 4418 2142 4494 vulgo
2172 4433 2277 4494 non
2326 4417 2683 4494 peccareturi
2716 4417 2869 4485 Quod
2916 4426 3097 4494 tamen
3132 4418 3199 4494 in
3240 4422 3425 4494 vetere
3462 4425 3569 4494 usu

1982 4485 2234 4559 Ecclesiae
2257 4485 2750 4559 usurparisemper
2773 4505 2877 4559 non
2909 4489 3102 4559 potuit.
3130 4485 3391 4559 Serapion
3417 4485 3570 4559 enim

1981 4558 2069 4613 ille
2097 4574 2256 4632 senex
2288 4547 2683 4632 Aleiandrinus
2711 4558 2853 4629 apud
2904 4547 3193 4632 Eusebium
3229 4547 3394 4632 (ῌξει.
3432 4547 3570 4632 ειεξιτ

1984 4643 2070 4693 vt,
2117 4626 2248 4699 56),
2300 4628 2614 4701 imminente
2650 4620 2825 4701 morte
2868 4627 3159 4701 postulavit
3198 4620 3435 4701 quidem
3460 4620 3571 4701 sibi

1983 4689 2606 4753 sacram'eucharistiam
2633 4699 2700 4752 ab
2721 4689 2903 4767 aliquo
2926 4712 2958 4751 e
2981 4689 3314 4767 presbytéris
3342 4689 3568 4755 deferri,

1985 4768 2079 4823 sed
2110 4767 2343 4822 oblatam
2374 4769 2583 4836 accepit
2605 4785 2633 4821 a
2665 4782 2853 4836 puero.

2055 4838 2208 4905 Quod
2233 4847 2412 4891 autem
2444 4832 2549 4890 non
2580 4832 2789 4891 tan-tum
2820 4834 3081 4897 inﬁrmis,
3107 4833 3201 4889 sed
3232 4832 3395 4905 etiam
3432 4843 3568 4905 par:

1984 4897 2126 4961 vulis
2181 4907 2571 4977 aegrotantibus
2618 4905 2981 4977 vultgporrigi
3028 4897 3451 4977 eucharistiam,
3494 4897 3570 4955 ad

1985 4969 2293 5045 opinionem
2325 4976 2382 5031 S.
2411 4976 2693 5046 Augustini
2715 4969 3222 5046 videtur'accedere
3241 4972 3325 5043 (de
3349 4969 3569 5046 Peccat.

1986 5039 2156 5101 ruerit.
2185 5055 2232 5098 et
2265 5047 2466 5099 remiss.
2498 5039 2547 5099 ὃ.
2575 5044 2700 5116 2t),
2749 5059 2856 5099 non
2898 5044 3160 5116 minorem
3289 5039 3569 5116 euchari—

1986 5118 2113 5180 stia,
2140 5130 2299 5184 quam
2328 5116 2381 5168 in
2412 5112 2734 5184 baptismate
2764 5114 3144 5184 necessitatem
3183 5112 3429 5184 ﬁdelibus
3449 5125 3569 5164 om-

1987 5183 2250 5240 nibus’ad
2278 5183 2506 5239 salutem
2542 5184 2976 5253 consequendam
3007 5183 3320 5238 collocantis
3344 5198 3360 5247 ;
3384 5191 3572 5253 (quam

1987 5256 2267 5325 existimat
2312 5270 2541 5325 magnus
2587 5250 2776 5325 doctor
2821 5268 2888 5308 ex
2936 5252 3226 5325 apostolica
3278 5250 3575 5325 traditione

1987 5325 2231 5379 ecclesiis
2257 5321 2471 5378 insitam
2495 5338 2636 5378 esse.
2665 5324 2777 5378 lmo
2800 5321 3161 5379 communiter
3191 5322 3244 5377 in
3272 5321 3459 5376 Galliis
3480 5332 3571 5373 re-
3623 5360 3631 5369 .

1990 5404 2209 5463 ceptam
2234 5394 2401 5463 luisse
2438 5403 2561 5463 tum,
2581 5395 2839 5463 temporis
2871 5394 3030 5447 docet
3067 5392 3362 5463 capitulare
3385 5386 3571 5463 Caroli

1990 5458 2168 5534 Magni
2192 5462 2335 5535 (1.1,
2361 5481 2409 5517 c.
2438 5462 2605 5535 161),
2656 5458 2797 5519 uitde
2840 5464 3068 5530 sumpsit
3118 5458 3440 5535 Walterius,
3461 5458 3570 5535 ju—

1989 5530 2172 5619 ben's;
2196 5530 2236 5619 ξι
2274 5532 2341 5619 Ut
2386 5530 2675 5619 presbyter
2696 5548 2931 5619 semper
2959 5534 3157 5619 habeat
3179 5530 3571 5619 eucharistiam

1989 5611 2253 5680 paratam,
2287 5611 2347 5680 ut
2372 5597 2590 5680 q'uandb
2618 5604 2740 5680 quis
2769 5597 3279 5680 inﬁrmaverittaut
3309 5597 3575 5680 parvulus

1992 5672 2261 5750 inﬁrmns_
2286 5672 2479 5739 fuerit,
2535 5672 2719 5750 statim
2748 5690 2870 5750 eu_m
2913 5672 3577 5750 communicet,_rte‘siuo

1992 5745 2369 5800 communione
2414 5745 2697 5802 moriatur.
2739 5766 2757 5797 ι
2789 5744 2941 5806 Quod
2969 5743 3289 5799 universalis
3322 5738 3577 5796 Eccluin
