4070 6310
530 277 633 333 755

1526 289 1871 345 WAIJ‘ERII
1906 290 2459 349 AURELIANENSIS
2498 294 2803 353 EPISCOPI

3685 300 3803 367 τεο

535 399 784 455 ﬁrmatus
826 400 1013 468 fuerit,
1055 410 1147 456 aut
1197 402 1456 472 parvulus
1506 406 1871 473 :egrotaverit,
1919 405 2103 459 statim
2134 405 2178 463 A
2209 407 2499 473 requiritur
2520 425 2679 479 quam
2713 411 2889 464 datur.
2924 408 3085 463 Verbi
3120 409 3318 479 gratia,
3361 409 3407 463 si
3451 409 3672 491 dederis
3699 414 3796 467 de»

532 504 656 543 cum
687 492 1067 557 communicet,
1110 508 1177 547 ne
1204 493 1323 547 sine
1351 494 1549 549 viatico
1585 496 1849 549 moriatur

706 603 835 659 Car.
873 605 1001 660 VIII.
1030 636 1100 646 —
1127 605 1205 660 De
1244 606 1595 675 hospitalitate
1623 610 1928 663 exercenda.

600 693 789 764 (lbid.,
847 696 882 750 l.
926 713 993 759 ν,
1046 712 1093 751 c.
1149 697 1291 761 22h
1340 696 1578 762 Theod.,'
1624 701 1771 769 epist.
1819 701 1889 754 ad
1946 700 2105 762 cler..

532 799 581 836 r.
613 785 729 855 25.)
776 786 842 842 Ut
887 788 1327 857 hospitalitatem
1359 790 1410 843 in
1444 791 1695 856 invicem,
1736 801 1790 847 et
1826 793 1878 846 in
1919 808 2109 848 omnes

536 876 787 933 alacriter
806 892 1137 935 exerceant:
1163 883 1290 950 quia
1317 885 1432 953 ipse
1455 884 1715 941 Dominus
1743 889 1986 943 dicturus
2004 889 2105 957 erit

535 966 590 1019 in
626 971 1058 1025 remuneratione
1091 973 1269 1042 magni
1299 974 1428 1038 diei,
1461 975 1663 1045 Hospes
1690 995 1857 1039 erant,
1881 989 1927 1031 et
1954 979 2110 1033 colle-

529 1056 677 1124 gistis
716 1073 795 1110 me
824 1058 1041 1128 (Matth.
1075 1062 1226 1133 xxv).
1254 1063 1546 1132 Apostolus
1578 1067 1753 1137 inquit
1778 1069 2109 1137 hospitalita-

529 1156 638 1199 tem
679 1146 925 1215 laudans,
966 1149 1072 1205 Per
1099 1154 1234 1207 hanc
1267 1156 1481 1226 quidam
1515 1156 1822 1227 placuerunt
1851 1160 1983 1226 Deo,
2012 1178 2115 1215 an-

530 1233 656 1302 gelis
702 1235 926 1306 hospitio
965 1244 1215 1311 susceptis
1262 1243 1449 1305 (Hebr.
1502 1247 1644 1313 xm).
1693 1248 1845 1315 Quod
1893 1250 1935 1303 si
1987 1251 2110 1319 quis

529 1322 813 1393 presbyter
857 1341 953 1394 pro
983 1339 1302 1399 paupertate
1346 1334 1767 1403 hospitalitatem
1798 1338 1929 1392 dicit
1958 1339 2112 1393 vian-

528 1411 677 1465 tilms
703 1414 963 1471 exhibere
993 1433 1097 1472 non
1139 1436 1315 1488 posse,
1349 1421 1537 1477 saltem
1582 1422 1636 1478 in
1667 1425 1827 1481 domo
1856 1440 1951 1481 sua
1978 1440 2103 1481 eum

526 1499 762 1557 libenter
816 1506 1072 1575 recipiat,
1121 1511 1552 1579 salvamentmn,
1612 1514 1823 1580 locum,
1879 1533 2108 1588 aquam,

528 1602 767 1649 stramen
794 1598 861 1650 ad
884 1598 1078 1654 lectum
1110 1603 1158 1655 ei
1189 1613 1432 1672 praestet,
1473 1615 1529 1660 et
1577 1608 1643 1661 ad
1672 1610 1959 1664 emendum
1990 1626 2111 1679 qua:

529 1687 580 1741 ei
623 1691 926 1745 necessaria
969 1702 1119 1760 sunt,
1169 1695 1219 1749 ei
1252 1712 1495 1765 qumrere
1539 1698 1777 1768 adjuvet.
1807 1699 1941 1756 Nam
1991 1703 2107 1771 ipsa

2210 510 2326 549 cem
2359 497 2577 563 solidos,
2609 511 2658 554 et
2688 501 2919 569 amplius
2958 499 3274 568 requisieris
3305 514 3319 552 :
3350 500 3434 552 vel
3485 501 3530 555 si
3579 502 3802 558 dederis

2210 587 2448 642 modium
2478 590 2609 647 vini.
2639 590 2917 655 frumenti,
2953 599 3009 645 et
3049 591 3249 644 iterum
3278 606 3442 661 super
3467 592 3637 646 alium
3668 607 3803 652 exo-

2207 678 2370 746 geris.

2230 794 2235 797 ’
2456 810 2586 866 Car.
2618 811 2709 867 XI.
2740 843 2811 853 -—-
2835 812 2914 867 De
2925 813 3245 883 juramentis
3271 816 3525 870 vetandis.

2281 934 2307 961 ι
2340 922 2408 977 Ut
2446 924 2689 991 plebibus
2734 924 2847 978 suis
2892 925 3210 980 denuntient
3246 940 3313 980 ne
3334 924 3666 994 juramentis
3705 942 3800 983 as—

2207 1025 2485 1068 81188οἑ1111..

2312 1143 2442 1200 (λιι.
2485 1144 2596 1200 XII.
2626 1176 2697 1186 —
2726 1144 2802 1199 De
2827 1146 3069 1284 {vitandis
3099 1146 3591 1228 .excommunicatis
3642 1155 3695 1200 et

2852 1232 3154 1270 nemorosis.

2852 1232 3154 1270 αιίιιονοδιε.

2284 1324 2473 1395 (Ibid.,
2498 1324 2534 1378 l.
2565 1341 2650 1389 Ill,
2681 1340 2730 1379 c.
2761 1325 2852 1389 25,
2885 1325 2979 1389 62,
3015 1334 3156 1389 etc.;
3189 1324 3384 1388 Isaac.,
3422 1325 3505 1378 tit.
3536 1324 3608 1388 9;
3646 1340 3798 1378 conc.

2211 1414 2361 1479 Nic.,
2414 1432 2535 1469 can.
2582 1415 2660 1481 5.)
2714 1415 2783 1471 Ut
2835 1430 2993 1470 neruo
3042 1430 3163 1470 cum
3211 1415 3708 1470 excommunicatis
3746 1426 3803 1468 et

2208 1508 2557 1578 prtedonibus
2587 1507 2911 1568 manifestis,
2940 1506 3053 1560 sive
3088 1506 3396 1577 raptoribus
3435 1520 3534 1559 seu
3565 1496 3803 1559 bofnici-

2208 1599 2293 1654 dis
2332 1607 2387 1653 ct
2415 1598 2694 1666 sacrilegis
2740 1597 3126 1661 communicet,
3180 1611 3281 1651 nec
3323 1597 3542 1649 missam
3590 1602 3803 1657 cantet,

2213 1706 2313 1746 nec
2335 1690 2447 1745 Ave
2477 1691 2531 1744 in
2568 1690 2654 1744 via
2680 1690 2760 1744 eis
2784 1690 2929 1744 dicat
2961 1706 2973 1741 :
3002 1687 3335 1759 sepulturam
3382 1702 3488 1743 non
3531 1685 3802 1755 praebeat,

531 1779 744 1835 Veritas
782 1797 879 1851 per
906 1798 964 1839 se
992 1753 1239 1856 loquens,
1270 1753 1346 1843 Ξιιι
1372 1808 1385 1843 ε
1413 1789 1474 1845 δε
1513 1753 1631 1862 φιᾶ
1659 1793 1859 1847 dederit
1893 1753 2107 1848 cant-rem
2137 1753 2184 1812 Β
2213 1795 2313 1835 nec
2336 1780 2446 1836 ullo
2474 1780 2653 1842 modo.
2684 1779 2791 1834 nisi
2814 1778 3121 1848 corrigendi
3151 1792 3314 1832 causa
3352 1791 3474 1831 cum
3497 1777 3583 1831 eis
3611 1775 3807 1843 ιοιιιιει·

531 1886 682 1941 αιιιιιε
716 1872 926 1942 frigidae
954 1886 1156 1931 tantum
1189 1879 1245 1931 in
1271 1880 1481 1934 nomine
1501 1881 1772 1949 discipuli,
1814 1900 1965 1939 amen
1991 1885 2108 1938 dico

529 1961 696 2025 vobis,
729 1980 829 2016 non
855 1966 1030 2033 perdet
1056 1968 1341 2022 mercedem
1373 1987 1525 2023 suam
1549 1971 1762 2042 (Matth.
1796 1974 1875 2043 ἂι).

704 2075 832 2131 CAP.
861 2076 953 2132 IX.
983 2109 1054 2119 —-
1083 2077 1148 2133 Ut
1175 2082 1459 2151 presbyteri
1495 2084 1665 2138 dotem
1691 2086 1933 2141 habeant.

542 2234 545 2237 .
608 2181 681 2239 Ut
716 2186 1015 2256 presbyteri
1047 2188 1138 2255 qui
1189 2191 1418 2243 necdum
1462 2192 1661 2249 dotem.
1685 2191 1837 2258 juxta
1880 2196 2020 2264 quod
2051 2196 2107 2251 in

531 2273 923 2343 capitularibus
953 2277 1153 2332 domini
1182 2294 1245 2332 ae
1279 2281 1512 2335 senioris
1537 2285 1729 2345 nostri,
1759 2285 1938 2339 Caroli
1961 2287 2112 2341 vide-

531 2362 660 2417 licet
690 2363 1063 2432 gloriosissimi
1113 2370 1276 2439 regis,
1324 2385 1426 2425 nec
1468 2387 1572 2425 non
1615 2382 1670 2427 et
1708 2374 1817 2437 avi,
1859 2383 1915 2428 et
1938 2377 2108 2443 patris

533 2451 678 2507 illius
704 2455 942 2524 capitulo
965 2459 1294 2526 octogesimo
1316 2461 1505 2529 quinto
1534 2464 1861 2526 continetur,
1889 2464 1954 2517 ad
1980 2481 2108 2521 snas

528 2541 786 2597 ecclesias
815 2548 1088 2601 consecuti
1119 2557 1264 2612 sunt,
1293 2550 1359 2603 ad
1394 2565 1494 2605 nos
1522 2550 1792 2615 referant;
1828 2561 1885 2606 et
1908 2551 2093 2607 divino

535 2630 804 2698 adjutorio
829 2635 1120 2703 nostroque
1148 2639 1376 2716 consilio
1400 2655 1430 2693 a
1467 2641 1773 2697 senioribus
1794 2643 1907 2697 suis
1934 2644 2106 2713 impe-

533 2728 678 2775 trent
711 2741 725 2775 :
758 2732 815 2777 et
866 2725 911 2779 si
968 2725 1172 2794 aliquid
1219 2728 1452 2797 amplius
1498 2728 1807 2795 habuerint,
1867 2730 2106 2786 debitum

534 2810 817 2866 servitium
842 2814 955 2870 suis
983 2816 1289 2871 senioribus
1326 2817 1653 2886 impendant.

537 2921 667 2977 CAP.
701 2922 768 2977 Χ.
788 2955 860 2963 -
886 2924 965 2979 De
1003 2927 1142 2980 curis
1172 2926 1512 2981 swcularibus
1539 2928 1786 2992 vitandis,
1825 2937 1873 2981 et
1917 2944 2103 2982 usura.

605 3018 798 3090 (Capit.
828 3019 953 3075 Car.
986 3021 1089 3087 DL,
1125 3022 1162 3075 l.
1219 3040 1281 3087 tt,
1325 3038 1375 3077 c.
1416 3022 1514 3088 57;
1554 3023 1591 3077 1.
1624 3040 1675 3088 v,
1722 3040 1770 3079 c.
1814 3024 1934 3088 107,
1968 3024 2102 3089 “2;

537 3108 577 3163 ι.
609 3125 649 3174 ι,
680 3126 730 3165 c.
757 3110 861 3166 125
885 3121 939 3166 et
968 3110 1116 3180 150.)
1149 3112 1217 3167 Ut
1257 3112 1559 3184 presbyteri
1600 3115 1714 3169 sive
1758 3115 1967 3169 diaconi
1999 3114 2106 3169 ﬁde
2134 3096 2181 3160 (ἶ

535 3196 901 3267 fossionibus,
952 3211 1008 3257 et
1055 3203 1431 3257 venationibus
1475 3219 1579 3258 non
1625 3205 1969 3269 deserviant,
2015 3221 2109 3259 ne-

541 3306 648 3359 que
690 3292 1046 3349 conductores
1097 3294 1351 3359 existant,
1400 3310 1501 3350 nec
1554 3311 1748 3351 usuras
1796 3305 2108 3362 exerceant,

538 3390 634 3436 aut
678 3382 794 3437 ﬁeri
835 3383 1171 3453 permittant.
1204 3383 1379 3439 Usura
1407 3385 1607 3441 etenim
1635 3394 1717 3440 est
1750 3386 1839 3440 ubi
1880 3385 2110 3454 amplius

2213 1878 2319 1923 tur.
2353 1869 2417 1923 Et
2435 1868 2687 1925 omnibus
2713 1869 2766 1923 in
2792 1867 2914 1945 suis
2933 1866 3207 1937 parocbiis
3234 1865 3578 1921 morantibus
3610 1864 3809 1918 diebus

2212 1966 2508 2021 Dominicis
2556 1964 2621 2018 ad
2675 1964 2892 2018 missam
2934 1947 3315 2031 pronuntient,
3362 1974 3431 2014 ne
3475 1946 3687 2013 talibus
3706 1973 3796 2012 ’δα
3824 1946 3843 1963 ³

2212 2055 2558 2124 conjungaut.
2599 2053 2656 2107 Si
2680 2054 2802 2122 quis
2845 2052 3001 2107 aliter
3034 2050 3245 2114 fecerit,
3275 2049 3413 2103 sciat
3456 2064 3517 2104 se
3557 2048 3797 2103 damna-

2213 2151 2349 2205 tmn,
2406 2143 2509 2196 nisi
2564 2141 2878 2211 pcenitentia
2938 2139 3367 2202 interveniente,
3422 2138 3492 2192 ab
3544 2138 3806 2192 omnibus

2212 2231 2456 2287 conciliis
2487 2232 2745 2286 canonice
2783 2231 3043 2285 institutis
3071 2248 3085 2284 :
3114 2245 3214 2284 nec
3241 2245 3345 2283 non
3382 2238 3439 2282 et
3464 2245 3494 2282 a
3535 2229 3811 2283 trecentis

2212 2323 2394 2377 decem
2443 2332 2497 2377 et
2535 2333 2656 2377 octo
2682 2322 3027 2391 pontiﬁcibus
3069 2323 3121 2376 in
3154 2321 3369 2377 Niczena
3415 2321 3629 2391 synodo
3677 2321 3802 2390 Spi-

2211 2413 2319 2465 ritu
2350 2396 2537 2467 sancto
2557 2413 2951 2482 prmordinante
2974 2413 3332 2483 congregatis.
3360 2410 3496 2465 Nam
3524 2420 3582 2465 et
3611 2412 3685 2465 de
3711 2411 3800 2465 bis

2168 2523 2173 2528 ’
2209 2502 2425 2567 Paulus,
2455 2518 2549 2558 vas
2585 2503 2885 2568 electionis,
2918 2511 3236 2572 protestatut
3269 2503 3495 2558 dicens:
3529 2500 3680 2567 Quia
3712 2517 3801 2554 ra-

2209 2610 2360 2663 paces
2402 2610 2617 2664 regnum
2644 2594 2742 2648 Dei
2764 2610 2867 2647 non
2892 2593 3226 2663 possidebunt
3263 2591 3316 2662 (I
3336 2590 3460 2646 Cor.
3483 2590 3589 2659 vt).
3628 2589 3797 2645 Joan—

2210 2700 2309 2739 nes
2332 2700 2544 2753 quoque
2574 2684 2845 2754 apostolus
2870 2685 2936 2739 de
2959 2686 3062 2739 hoc
3086 2684 3201 2753 ipso
3226 2683 3497 2751 loquitur:
3533 2679 3686 2746 Quia
3711 2682 3805 2751 qui

2209 2774 2400 2828 dixerit
2449 2775 2497 2828 ei
2546 2775 2671 2837 Ave,
2719 2774 3066 2828 communicat
3108 2772 3346 2842 operibus
3384 2770 3499 2835 eius
3539 2770 3799 2840 malignis

2211 2864 2394 2934 (Joan.
2441 2865 2545 2937 ιιι).
2598 2866 2811 2920 Scimus
2848 2865 2992 2919 enim
3038 2865 3167 2933 quia
3214 2863 3360 2917 nulla
3403 2878 3533 2933 pars
3573 2861 3806 2917 Christo

2211 2969 2333 3009 cum
2367 2954 2533 3009 Belial
2559 2973 2572 3008 :
2600 2956 2725 3025 quia
2756 2955 3124 3025 unusquisque
3144 2950 3497 3025 cujus‘opera
3519 2953 3659 3024 agit,
3688 2953 3810 3024 ejus

2210 3043 2356 3100 ﬁlius
2382 3046 2700 3115 appellatur.

2377 3189 2505 3246 Car.
2529 3190 2664 3246 XIII.
2691 3221 2765 3232 -—
2786 3189 2860 3245 De
2887 3191 3239 3244 ocservatione
3259 3187 3626 3257 jejuniorum.

2284 3299 2477 3371 (Capit.
2528 3298 2653 3355 Car.
2698 3300 2800 3368 DL,
2843 3300 2878 3354 l.
2909 3316 3004 3365 vn,
3049 3315 3102 3355 e.
3131 3299 3221 3365 98,
3279 3307 3335 3353 et
3354 3297 3392 3355 l.
3444 3313 3524 3361 vr,
3579 3313 3639 3351 c.
3672 3297 3804 3360 183.

2213 3388 2363 3460 184.)
2399 3389 2428 3429 ι’
2454 3387 2525 3445 Ut
2554 3388 2758 3459 jejuuia
2806 3404 2838 3443 a
2880 3388 3189 3459 pastoribus
3232 3386 3471 3456 injuncta
3504 3385 3804 3458 diligenter

1704 3493 2029 3551 LUDOVICI
2068 3493 2378 3554 CELLOTII
2416 3498 2648 3554 ΝΟΤᾸΞ.

531 3597 802 3667 nunquam
831 3594 1055 3667 recepit,
1082 3593 1207 3641 ncet
1233 3584 1491 3667 infantem
1510 3584 1753 3667 puellam
1782 3585 2108 3667 Carthagine

533 3650 731 3725 Chris_li
768 3650 977 3725 corpori
1002 3665 1057 3725 et
1095 3657 1338 3724 sanguini
1382 3650 1737 3723 partilipasse
1765 3663 1947 3709 narret
1975 3650 2104 3709 s'an-

530 3732 654 3779 etns
674 3721 973 3846 Cyprianus
998 3724 1141 3779 libro
1166 3721 1232 3806 de
1259 3721 1469 3806 [.apsis,
1519 3721 1829 3794 releratquc
1850 3725 2105 3797 Augusti-

533 3807 655 3846 nus.
684 3808 712 3844 a
738 3810 886 3846 lsuue
921 3804 1045 3846 nota
1080 3805 1334 3846 novrtaus
1364 3796 1533 3846 (epist.
1560 3796 1676 3846 25).

533 3807 655 3853 nus,
676 3795 886 3864 absque
921 3804 1045 3847 nota
1080 3795 1334 3849 novitatis
1364 3795 1533 3864 (epist.
1560 3796 1676 3856 25).

609 3810 655 3853 s,
684 3810 780 3847 aus
820 3810 886 3850 tte
921 3810 1045 3847 nota
1080 3810 1334 3849 novrtatts
1364 3810 1533 3864 (epist.
1560 3810 1676 3856 τοι.

609 3872 635 3901 ι
672 3810 992 3935 Utp‘lebibus
1026 3869 1137 3919 suis
1162 3864 1487 3935 denuntient.
1534 3864 1676 3935 Idem
1707 3864 2003 3935 praecipere,
2028 3865 2107 3935 vi-

531 3930 691 4006 detur
720 3930 867 4006 quod
900 3932 1170 4006 Herardus
1195 3933 1525 4006 Turonensis
1556 3930 1749 4004 (Capil.
1788 3930 1917 4006 22:)
1960 3930 1999 3988 τ’
2036 3933 2105 3989 Ut

534 3998 820 4074 Christiani
845 4003 1052 4074 acerbo
1076 4005 1263 4066 otioso,
1288 4014 1336 4057 et
1370 4022 1401 4056 α
1428 3998 1747 4074 juramentis
1786 4022 1840 4059 se
1869 3998 2101 4060 caveant.

534 4068 613 4124 Ne
641 4080 843 4143 temere
868 4072 1089 4143 ‘jurent,
1124 4089 1190 4127 ne
1232 4089 1353 4128 cum
1380 4068 1637 4143 pérjurio.
1669 4074 1819 4140 Quod
1854 4084 1965 4129 tam
1992 4074 2104 4129 fre-

534 4138 1023 4214 quenterinculcat
1058 4138 1487 4214 Cbrysostomus'
1513 4138 1747 4209 homiliis
1775 4145 1887 4214 suis
1914 4145 1982 4214 ad
2011 4160 2105 4214 po-

538 4210 722 4287 pulum
748 4208 1188 4287 Antiochemtm,’
1221 4208 1576 4287 nequeAtacet
1604 4208 2108 4287 capitulareﬁaroli

534 4278 712 4348 Magni
750 4278 819 4354 (ι.
845 4296 935 4354 vt,
956 4297 1007 4335 c.
1029 4280 1096 4345 2;
1124 4281 1161 4337 Ι.
1193 4298 1285 4348 ιιι,
1307 4278 1368 4337 ⁷ο.
1397 4282 1451 4346 8,
1485 4282 1605 4354 10)⁹
1635 4278 1759 4354 cum
1789 4278 2110 4354 auctbritate

534 4364 705 4402 sacrae
746 4351 1040 4421 scripturae
1071 4360 1214 4407 vetat
1257 4355 1454 4409 assumi
1481 4351 1662 4407 nomen
1688 4353 1898 4407 Domini
1921 4352 2017 4407 Dei
2050 4355 2106 4407 in

532 4435 723 4493 uanum
773 4420 911 4493 Sunt
960 4430 1017 4493 et
1053 4422 1106 4475 in
1140 4423 1328 4493 eodem
1362 4423 1647 4493 capitulari
1675 4423 1777 4476 alia
1802 4424 2107 4493 iuramenta

532 4489 696 4544 vetita
715 4529 730 4552 ,
775 4490 1095 4563 hominibus
1121 4492 1401 4557 videlicet,
1429 4489 1819 4562 praeterquam
1840 4494 1980 4563 regi.
2013 4503 2067 4548 et
2087 4535 2104 4557 ,

533 4567 596 4612 ut
622 4568 847 4632 vocant,
881 4561 1201 4617 senioribus.
1238 4581 1256 4613 ι
1301 4563 1373 4616 De
1396 4561 1732 4632 ju’ramento,
1784 4572 1844 4617 ut
1872 4561 1998 4617 nitlli
2028 4564 2105 4616 al-

532 4628 635 4701 teri
662 4644 759 4699 per
784 4640 1180 4685 sacramentum
1211 4628 1441 4687 ﬁdelitas
1466 4633 1829 4701 promittatur,
1852 4630 1976 4688 'nisi
2008 4648 2105 4689 no-

531 4695 638 4762 bis,
666 4695 728 4755 et
759 4701 1048 4771 unicuique
1074 4702 1294 4770 proprio
1320 4695 1518 4756 seniori
1542 4701 1606 4754 ad
1633 4695 1872 4756 nostram
1906 4702 2105 4757 utilita-

533 4775 668 4842 tem,
693 4778 749 4824 et
776 4771 856 4825 sui
883 4772 1115 4842 senioris
1145 4790 1158 4825 :
1192 4773 1433 4841 exceptis
1465 4771 1549 4827 bis
1578 4773 1955 4842 sacramentis,
1982 4789 2102 4842 qua:

528 4835 681 4911 j‘uste
704 4841 996 4911 sectmdum
1045 4840 1213 4911 legem
1242 4835 1396 4897 alteri
1443 4842 1511 4896 ab
1551 4841 1723 4896 altero
1757 4835 2036 4898 debentur.
2076 4840 2117 4897 ι’

535 4904 902 4983 _Subjiciunlur
929 4904 1238 4983 paulo'post
1265 4911 1366 4983 alia
1389 4911 1716 4983 juramenta,
1745 4929 1864 4983 quae
1890 4930 1919 4967 a
1950 4913 2101 4968 testi-

530 4976 634 5052 bus
660 4977 793 5032 ﬁunt
835 4981 886 5052 in
925 4976 1162 5048 judicio,
1224 4982 1365 5052 quod
1390 4976 1697 5052 'capitulum
1749 4976 1914 5037 refert
1952 4983 2102 5039 Isaac

531 5043 889 5117 Lingonensis
918 5043 1031 5124 tit.
1063 5043 1219 5124 δίε.
1244 5043 1316 5124 ἰ)
1337 5093 1352 5115 ,
1403 5052 1456 5124 in
1477 5043 1601 5124 fquo
1642 5062 1853 5106 velatur
1881 5056 2101 5124 omnino

532 5131 856 5192 quemquam
915 5121 1015 5176 nisi
1052 5121 1305 5191 jejunum
1348 5123 1417 5192 ad
1460 5122 1850 5192 juramentum,
1899 5122 1974 5177 vel
2028 5124 2098 5178 ad

530 5187 879 5264 testimonium
921 5187 1150 5264 admitti.
1188 5192 1352 5264 (Idem
1393 5187 1546 5261 jubet
1596 5192 1869 5264 Herardus
1902 5191 2097 5264 (Capit.

530 5256 675 5323 i2):
713 5254 779 5310 Ut
829 5269 979 5333 testes
1025 5261 1197 5333 jejuni
1219 5254 1431 5333 jurent',
1486 5280 1550 5315 ac
1572 5263 1728 5333 prius
1756 5263 1821 5333 de
1864 5254 2101 5333 perjurio

530 5280 632 5323 Il)
660 5280 675 5308 Σ
713 5280 778 5310 υι
829 5280 979 5314 testes
1025 5280 1431 5385 jejum‘jjurem,
1486 5280 1550 5315 ac
1585 5280 1728 5331 prtus
1758 5280 1821 5316 ae
1864 5280 2092 5333 perjurta

529 5338 856 5404 moneantur.
891 5329 1000 5404 lmo
1036 5342 1090 5404 et
1134 5330 1193 5397 ju
1235 5333 1348 5388 ices
1389 5333 1533 5404 ipsos
1570 5332 1657 5387 lex
1691 5331 2092 5404 jubetesseje—

522 5396 728 5472 inpos:
768 5396 876 5472 Nec
927 5396 1178 5472 placitum
1229 5396 1662 5472 comes-habeat,
1692 5396 1892 5471 'inquit
1942 5396 2095 5472 capi-

526 5464 700 5522 tulare
736 5468 805 5539 (Ι.
836 5464 998 5541 infe.
1027 5470 1142 5541 38),
1175 5472 1278 5525 nisi
1311 5470 1548 5540 jejunus.
1588 5464 1915 5527 Theodtilfus
1940 5464 2091 5541 post-

523 5550 684 5605 quam
735 5540 958 5610 perjurii
1006 5540 1181 5595 scelus
1233 5542 1466 5610 graviter
1511 5543 1857 5613 ampliﬁcavit
1900 5545 1917 5607 (
1934 5540 2085 5613 epist.

521 5606 608 5683 ad_
642 5606 805 5683 clem,
865 5625 915 5663 c.
970 5609 1073 5683 26,
1127 5611 1196 5683 27
1231 5612 1284 5681 ),
1349 5613 1691 5682 reprehensis
1758 5614 2085 5683 presbyteris

518 5675 610 5743 qui
640 5675 768 5733 illud
823 5697 840 5730 ‹
871 5675 1343 5749 parvipenderent,
1384 5675 1438 5739 et
1475 5684 1646 5740 levem
1688 5675 2081 5746 quodaminodo

2214 3587 2444 3657 perjuris
2471 3587 2804 3659 paenitentia:
2838 3586 3056 3659 modum
3099 3586 3480 3659 imponerent-:
3506 3586 3541 3639 ⁷»
3596 3588 3800 3659 admo-

2212 3669 2308 3713 net
2358 3668 2414 3712 et
2462 3657 2493 3713 ti
2545 3658 2681 3713 falso
2734 3657 3041 3711 testimonio
3089 3657 3483 3719 abstinendum,
3539 3673 3558 3705 ι
3609 3658 3795 3711 εείθιιο

2215 3735 2298 3810 tes
2325 3737 2379 3783 et
2403 3728 2517 3810 boc_
2537 3727 2909 3810 gravissimum
2937 3725 3112 3807 scelus
3153 3740 3307 3810 esse,
3335 3726 3458 3795 quia
3480 3741 3706 3810 summa
3731 3742 3801 3782 ne

2213 3798 2387 3875 dicam
2415 3795 2675 3875 stultitia,
2706 3798 2798 3852 sed
2826 3797 3068 3875 nequitia.
3091 3805 3202 3859 est,
3243 3811 3345 3875 pro
3371 3795 3677 3875 cupiditate
3704 3812 3797 3875 ar-

2214 3869 2359 3936 genti
2388 3877 2443 3923 et
2464 3868 2601 3930 auri,
2636 3875 2728 3920 aut
2753 3865 3195 3936 vestimentorum
3216 3865 3353 3936 {aut
3374 3865 3667 3929 cujuslibet
3694 3866 3795 3929 rei,

2214 3935 2319 3999 aut,
2334 3939 2473 4006 quod
2495 3936 2848 3993 celeberrime
2872 3935 3185 4006 contingere
3206 3935 3362 4000 solet,
3380 3945 3604 4004 propter
3622 3936 3798 3990 ebrie-

2212 4014 2399 4066 tatem.
2433 4007 2488 4061 in
2514 4016 2623 4061 tam
2659 4020 2822 4076 grave
2853 4005 3037 4076 scelus
3054 4020 3339 4076 corruere,
3376 4015 3433 4076 ut
3459 4013 3557 4058 aut
3578 4014 3795 4076 septem

2210 4077 2366 4132 annis
2387 4077 2439 4130 in
2461 4085 2607 4131 arcta
2629 4074 2868 4129 aerumna
2889 4075 2986 4137 sit,
3012 4084 3103 4129 aut
3123 4079 3191 4127 ab
3220 4074 3446 4130 ecclesia
3469 4074 3744 4143 repulsus.
3768 4094 3789 4127 ι

2282 4146 2312 4187 ι)
2340 4144 2409 4199 Ut
2431 4146 2640 4216 jejunio
2666 4162 2699 4198 a
2720 4144 3296 4216 pastoribusinjuncta.
3347 4144 3475 4216 ρυω
3523 4145 3637 4216 sint
3665 4144 3752 4197 illa
3776 4184 3793 4210 ,

2211 4214 2368 4285 docet
2393 4213 2689 4285 capitulare
2710 4213 2770 4284 (ι.
2801 4230 2877 4280 v1,
2906 4230 2952 4268 ε.
2984 4213 3260 4285 183,185),
3284 4214 3518 4283 primum
3554 4214 3791 4285 minora,

2210 4281 2476 4354 videlicet
2492 4304 2511 4336 ι
2543 4281 2788 4354 Quatuor
2812 4292 3113 4354 temporum
3133 4324 3146 4344 .
3190 4281 3298 4354 hoc
3318 4292 3402 4338 est
3425 4298 3616 4354 mense
3652 4281 3795 4337 hlar-

2216 4353 2312 4423 tio,
2339 4351 2994 4423 Junio.,Septembrio,'et
3022 4353 3352 4423 Decembrio.
3393 4372 3413 4406 ι
3442 4351 3650 4408 Deinde
3677 4369 3795 4406 ma-

2132 4416 2362 4516 Djora,
2397 4444 2414 4477 ι
2448 4416 2787 4516 utlegitimal.
2806 4424 2905 4478 tria
2938 4421 3405 4516 jejunis-imarum
3431 4431 3694 4516 agantur,
3738 4423 3793 4516 id

2211 4504 2295 4548 est
2338 4491 2692 4564 quadraginta
2727 4491 3028 4564 diesante
3056 4493 3402 4564 nativitatem
3431 4491 3691 4564 Domini,
3737 4502 3794 4546 et

2206 4560 2706 4634 quadraginta'ante
2726 4562 2961 4626 Pascha,
2979 4562 3071 4617 ubi
3096 4562 3334 4634 decimas
3356 4560 3791 4634 anni_solvimus.

2206 4642 2263 4687 et
2307 4631 2437 4703 post
2475 4634 2831 4689 Pentecosten
2875 4633 3230 4703 quadraginta
3278 4632 3417 4685 dies.
3462 4631 3790 4703 Quanquam

2204 4701 2349 4759 enim
2373 4702 2628 4758 nonnulla
2649 4719 2713 4758 ex
2742 4703 2824 4757 bis
2853 4702 3109 4757 canonica
3133 4702 3411 4770 priventur
3437 4701 3790 4770 auctoritate,

2205 4774 2364 4828 nobis
2396 4782 2573 4829 tatuen
2612 4773 2862 4828 omnibus
2892 4771 3050 4825 simul
3092 4769 3310 4841 propter
3336 4769 3787 4841 consuetudinem

2207 4842 2400 4913 plebis,
2430 4852 2486 4898 et
2508 4852 2793 4913 parentum
2822 4840 3150 4913 nostrorum,
3188 4840 3392 4896 morem
3424 4840 3569 4894 hunc
3594 4840 3790 4913 obser-

2205 4910 2367 4983 vare,
2414 4922 2474 4968 ut
2510 4910 2765 4983 superius
2806 4911 3259 4983 comprehensum
3277 4920 3396 4983 est,
3443 4910 3722 4983 convenjt.
3761 4927 3783 4960 ι

2201 4981 2467 5038 Praeterea
2497 4976 2633 5037 staia
2665 4997 2762 5052 per
2805 4976 3194 5035 hebdomadam
3223 4980 3494 5052 adduntur
3523 4996 3538 5032 :
3586 4996 3607 5029 ι
3641 4976 3789 5052 Pref

2205 5061 2286 5107 ter
2325 5053 2439 5108 hare
2484 5049 2928 5121 autem'legitlma
2957 5057 3199 5121 tempora
3221 5049 3585 5121 jejtmiorum,
3635 5049 3787 5121 omni

2201 5131 2355 5177 sexta
2382 5107 2515 5177 fcria
2546 5107 2775 5192 prome;
2792 5107 3095 5192 passionem
3121 5107 3330 5173 Βοιῖιίῖιί
3351 5107 3787 5192 jejuneturLSed

2201 5138 2355 5177 seua
2382 5138 2515 5177 lena
2567 5138 2767 5204 .ropter
2792 5138 3095 5202 passwnem
3123 5138 3330 5173 UOIIIIIII
3351 5138 3405 5185 μ’
3431 5138 3648 5199 1111611113
3677 5138 3786 5197 δερ

2200 5201 2255 5272 et
2284 5192 2503 5272 sabbati
2527 5138 2644 5272 (ﬁes
2669 5207 2700 5244 a
2726 5190 3019 5272 lucrisque,
3039 5198 3260 5269 propter
3277 5138 3423 5272 quod
3452 5203 3507 5272 ιιι
3536 5203 3601 5272 ερ
3628 5186 3786 5272 Chri-

2202 5271 2319 5316 stus
2334 5260 2506 5329 jacuit
2531 5263 2584 5315 in
2613 5258 2880 5330 sepulcro,
2896 5258 3100 5330 jejunio
3120 5258 3473 5330 consecratus
3495 5258 3780 5330 habetur.)

2204 5276 2319 5316 stus
2334 5276 2506 5329 jacutt
2531 5278 2584 5315 In
2613 5276 2880 5330 sepulcro,
2923 5276 3100 5327 ejumo
3120 5276 3473 5313 consecratus
3495 5276 3780 5311 naneutrJ

2204 5332 2282 5386 Ex
2315 5334 2400 5388 his
2444 5330 2698 5387 omnibus
2724 5330 2853 5399 quid
2896 5276 3135 5384 {Ecclesia
3171 5328 3226 5399 in
3251 5344 3351 5383 usu
3376 5342 3475 5399 suo
3504 5325 3788 5381 retinuerit

2202 5402 2532 5470 superﬂuum
2562 5407 2650 5455 est
2682 5397 2864 5455 dicere
2892 5417 2906 5453 :
2940 5400 3034 5470 sed
3065 5397 3286 5453 omnino
3315 5398 3639 5470 probrosum
3666 5403 3723 5449 et
3750 5408 3786 5448 ι

2201 5466 2467 5545 majorum
2519 5479 2831 5526 nostrorum
2899 5469 3158 5538 religione
3202 5466 3782 5545 perquamnalienuuq.

2196 5534 2366 5610 pauca
2395 5540 2481 5596 illa
2529 5556 2650 5610 quae
2695 5534 3364 5610 superSttnt',__tantopere
3393 5553 3424 5590 a
3462 5534 3795 5610 Cbristianis

2198 5605 2504 5735 Itﬁgllgi,.e:
2532 5605 2844 5692 videntibus
2868 5608 3097 5665 scientib
3110 5605 3282 5678 usque
3314 5605 3629 5678 pastoribus
3660 5618 3787 5674 pro-

2198 5698 2224 5735 υ
2280 5697 2364 5735 am
2395 5696 2481 5735 vro
2504 5696 2602 5735 an.

2188 5696 2364 5737 natam
2395 5696 2532 5736 VlOla
2540 5697 2602 5735 I'I.
