4070 6310
310 358 407 409 Ἱη

1753 346 2117 403 ελιηιυω.
2175 300 2184 307 .

3473 345 3569 403 N3

304 468 454 539 jore;
480 478 509 508 ι
536 465 784 522 ascensio
810 465 1040 531 Domini,
1084 465 1114 507 δ
1146 465 1518 529 Pentecosten,
1573 461 1631 519 3.
1668 462 1889 518 Joannis
1917 472 1963 531 Α
1993 464 2244 529 transitu,
2289 464 2349 519 Β.
2401 465 2596 520 Aniani
2645 466 2711 521 de
2759 466 3007 530 transitu,
3053 464 3455 529 B.'Benedicti,
3501 465 3567 521 Β.

311 559 591 630 Baptistae,
618 557 677 613 S.
702 558 868 623 Petri,
900 558 959 613 S.
984 558 1157 621 Pauli,
1187 557 1246 613 S.
1269 557 1507 623 Martini,
1541 555 1599 611 S.
1638 556 1885 610 Andreae.

313 651 680 706 °Nostrorum
722 660 985 720 praeterea
1033 659 1272 720 patrum,
1323 664 1553 719 quorum
1600 648 1705 717 piis
1750 648 1890 716 apud

312 741 599 797 Dominum
628 739 941 811 patrociniis
966 738 1161 795 vicinis
1182 736 1458 807 juvamur,
1488 737 1551 791 Β.
1583 737 1793 791 Evurtii
1825 736 1891 791 de

1997 553 2292 618 Maximini,
2329 555 2388 607 R.
2435 555 2638 610 Lifardi
2668 554 2921 609 similiter
2962 555 3029 608 de
3070 555 3330 618 transitu;
3378 554 3443 607 de
3471 552 3562 607 lu-

1991 645 2245 699 ventione
2287 644 2575 702 salutifera:
2598 646 2800 711 crucis,
2841 645 2907 701 de
2943 645 3287 701 Exaltatione
3322 644 3567 715 ejusdem

1991 732 2218 790 vivilicae
2243 734 2439 790 crucis.

1471 887 1794 945 LUDOVICI
1836 886 2152 944 CELLOTII
2189 888 2419 945 ΝΟΤᾸΞ.

313 996 392 1053 Ita
417 1012 516 1068 pro
539 1003 859 1069 temporum,
883 995 1201 1069 pietatisque
1225 996 1457 1060 ratione,
1476 1005 1717 1069 _veteres
1746 994 1890 1069 leges

322 1065 811 1137 aut'antiquantur,
855 1065 943 1120 aut
982 1065 1448 1137 constringuntur.
1476 1066 1549 1119 Ea
1580 1076 1757 1137 tamen
1784 1065 1894 1137 ais-

388 1138 564 1190 nsatio
591 1136 756 1190 semel
792 1137 989 1205 ubique
1035 1135 1267 1205 recepta:
1304 1152 1407 1189 non
1450 1145 1555 1201 est,
1582 1135 1797 1205 quando
1836 1135 1888 1188 in

388 1152 564 1190 nsauo
591 1152 756 1190 semet
792 1152 989 1205 umque
1035 1152 1247 1204 recepta
1304 1152 1407 1189 non
1450 1152 1555 1201 ρει,
1582 1152 1797 1204 quanuo
1836 1152 1888 1188 tn

315 1152 559 1286 ﬁgat-mdo
600 1206 898 1286 Turonensi
944 1206 1170 1286 legimus
1210 1204 1401 1286 (Capit.
1430 1206 1541 1286 97),
1582 1222 1617 1286 ξ
1647 1204 1714 1258 de
1738 1214 1890 1285 .octo

316 1277 505 1331 diebus
529 1276 739 1345 pascha:
758 1272 1026 1344 quomodo
1050 1272 1229 1330 t'eriari
1254 1272 1510 1329 debeant.
1532 1294 1550 1325 ι
1577 1276 1692 1341 Qua
1736 1272 1788 1327 in
1832 1289 1891 1329 re

314 1360 440 1400 cum
472 1345 847 1400 Aurelianeusi
880 1354 1069 1399 nostro
1108 1345 1209 1399 rite
1228 1345 1495 1399 convenit.

319 1477 492 1534 nostri
524 1477 897 1545 signiﬁcarim,
918 1476 1457 1545 docctMoguntinum
1486 1478 1768 1533 consilium
1792 1476 1892 1533 sub

316 1547 512 1604 Carolo
559 1547 748 1617 Magno
804 1550 873 1618 (c.
913 1547 1048 1617 '52):
1087 1567 1105 1599 t
1159 1547 1384 1602 Litania:
1426 1547 1616 1603 Graeco
1671 1548 1889 1603 nomine

300 1618 679 1691 gappellantur,
706 1633 826 1687 qua:
852 1618 1045 1672 Latine
1078 1618 1700 1691 dicuntur_rogationes.
1742 1618 1889 1691 Inter

315 1687 537 1742 litanias
562 1696 742 1742 autem
789 1695 845 1741 et
894 1687 1296 1757 exomologeses
1346 1687 1448 1743 hoc
1493 1688 1690 1751 dill‘ert,
1744 1688 1887 1757 quod

318 1757 721 1827 exomologeses
747 1772 843 1826 pro
869 1757 980 1811 sola
997 1767 1342 1825 peccatorum
1371 1757 1705 1813 confessione
1729 1774 1892 1827 agun—

317 1836 406 1881 tur
426 1845 441 1880 :
467 1825 669 1882 litanias
681 1825 808 1880 vero
830 1827 1134 1882 indicantur
1147 1836 1363 1896 prepter
1382 1828 1674 1896 rogandum
1699 1825 1887 1889 Deum,

313 1906 371 1952 et
390 1896 728 1964 impetrando
755 1896 808 1950 in
835 1897 1012 1963 aliquo
1027 1895 1448 1951 miséricbrdiam
1462 1895 1597 1962 ejus.
1622 1896 1727 1949 Sed
1747 1912 1892 1951 nunc

294 1964 423 2033 jam
446 1974 733 2034 utrumque
771 1966 1088 2020 vocabulum
1118 1967 1216 2020 sub
1238 1982 1340 2019 una
1378 1966 1749 2035 designatione
1794 1968 1889 2020 ha-

313 2035 496 2106 betur,
533 2055 551 2087 ι
599 2050 720 2106 cum
762 2044 818 2091 et
861 2036 1166 2106 litaniaad
1206 2036 1580 2103 pcenitentiam
1630 2036 1888 2106 agendam

312 2105 387 2160 sit
430 2105 752 2175 composita,
804 2113 862 2159 ut
919 2122 1042 2159 mox
1082 2105 1402 2160 videbimus.

384 2193 443 2248 In
472 2194 823 2263 appellatione
852 2194 1073 2263 majoris
1098 2192 1400 2263 plusculum
1425 2192 1771 2263 Adillicultatis
1798 2209 1889 2248 oc-

313 2261 667 2318 curritiNam
696 2261 945 2317 litaniam
960 2264 1216 2334 majorem
1238 2262 1388 2334 Ordo
1422 2261 1699 2317 Romanus
1752 2263 1819 2334 (Ι.
1845 2262 1886 2334 ι)

313 2342 587 2403 nuncupat
610 2348 869 2403 eamqum
907 2342 1128 2388 auctore
1164 2332 1430 2403 Gregorio
1459 2333 1649 2403 magno
1670 2349 1743 2387 vtt
1764 2332 1917 2387 Ra;-

300 2402 489 2457 rlendis
512 2402 635 2455 Maii
668 2402 970 2456 celebratur
996 2404 1060 2455 ad
1086 2402 1474 2456 festum’sancti
1500 2402 1689 2457 Marci.
1718 2403 1889 2457 Mino-

315 2487 432 2527 rem
454 2486 584 2541 vero
612 2473 757 2525 illam
802 2487 922 2541 qua:
953 2487 1048 2540 per
1089 2473 1322 2525 tridntnn
1355 2473 1695 2541 rogationum
1726 2488 1757 2526 a
1786 2473 1891 2527 Ma-

316 2550 493 2596 merto
507 2540 796 2595 Viennensi
821 2540 1073 2610 episcopo
1096 2542 1361 2603 instituta,
1386 2560 1402 2591 ι
1432 2540 1573 2608 apud
1599 2556 1699 2595 nos
1720 2557 1890 2609 usque

315 2611 478 2666 hodie
502 2627 601 2680 pro
630 2613 860 2665 diversis
887 2611 1285 2665 calamitatibus
1313 2612 1661 2665 devotissitne
1692 2614 1887 2666 recoli~

313 2691 425 2744 tur,
464 2700 482 2732 ι
521 2690 578 2734 ιιι
613 2682 691 2734 ait
719 2681 860 2735 idem
882 2682 1034 2734 ordo.
1073 2680 1188 2734 Non
1240 2681 1662 2735 assentientibus
1684 2684 1889 2737 nostris

311 2750 694 2819 scriptoribus,
721 2751 810 2819 qui
855 2750 1093 2818 priorem
1123 2748 1439 2818 simpliciter
1469 2749 1765 2804 Romanam
1793 2767 1890 2805 no-

316 2819 549 2882 minant,
582 2828 636 2874 et
691 2821 744 2873 in
781 2819 966 2875 Galliae
994 2835 1090 2873 usu
1146 2834 1288 2888 aegre
1316 2828 1594 2888 retentam
1643 2821 1886 2875 subindi-

316 2898 485 2958 cant:
519 2897 577 2941 ut
611 2889 664 2943 in
695 2888 947 2958 Herardo
967 2889 1148 2958 videre
1167 2886 1249 2942 eSt
1275 2886 1472 2958 (Capit.
1509 2904 1559 2943 c.
1588 2889 1676 2957 94)
1706 2906 1720 2942 :
1758 2909 1776 2942 ι
1815 2891 1888 2944 De

315 2956 509 3012 litania
544 2958 785 3013 Romana
816 2975 890 3013 vtt
923 2957 1034 3013 Cal.
1069 2957 1212 3022 Maii,
1240 2967 1298 3012 ιιι
1320 2956 1724 3013 ι’θίιιειιιονθιιιιν.
1755 2979 1782 3026 ,ι
1822 2961 1889 3015 Ut

313 3026 564 3081 videlicet
589 3026 704 3094 ejus
732 3029 1171 3082 commemoratio
1212 3028 1324 3091 ﬁat,
1351 3044 1471 3097 quae
1503 3029 1607 3082 nisi
1653 3029 1890 3084 studiose

311 3097 708 3167 commendata,
742 3098 1087 3152 dilaberetur.
1125 3097 1380 3167 Majorem
1428 3107 1607 3152 autem
1647 3097 1886 3153 litaniam

315 3180 423 3220 non
450 3165 643 3238 aliam?
683 3169 904 3231 habent,
943 3182 1103 3235 quam
1158 3165 1393 3238 triduum
1427 3168 1765 3238 rogationum
1797 3188 1809 3223 :
1837 3178 1894 3224 et

317 3236 772 3309 manifestehanc
803 3236 1390 3309 nominatgcapitulare
1416 3236 1596 3309 Caroli
1620 3238 1796 3309 Magni
1823 3256 1891 3294 ex

320 3305 550 3377 concilio
587 3305 896 3377 Moguntino
928 3308 993 3376 (c.
1025 3307 1114 3377 35)
1147 3305 1207 3359 ξι
1247 3305 1457 3360 Placuit
1480 3307 1652 3371 nobis,
1682 3305 1740 3361 ut
1766 3308 1893 3362 lita-

316 3375 410 3428 nia
444 3374 619 3442 major
646 3374 981 3430 observanda
1010 3376 1080 3430 sit
1108 3391 1137 3429 a
1164 3377 1374 3430 cunctis
1403 3377 1745 3441 Christianis,
1775 3379 1892 3433 die-

314 3443 420 3498 bus
445 3445 613 3515 tribus
641 3443 834 3514 (Capit.
860 3444 983 3499 Car.
1014 3444 1115 3507 Μ..
1146 3445 1183 3498 l.
1209 3462 1264 3511 v,
1290 3461 1339 3501 c.
1371 3446 1481 3515 85).
1512 3466 1531 3499 ι
1566 3446 1894 3502 Walafridus

316 3522 496 3567 autem
522 3512 989 3584 Strabo,utrique,
1009 3528 1119 3568 tum
1139 3515 1409 3578 Romame,
1429 3512 1538 3570 tum
1560 3516 1648 3570 isti
1668 3517 1897 3571 Gallica-

314 3597 401 3637 na:
427 3583 644 3653 majoris
664 3599 858 3639 nomen
882 3583 1127 3645 attribuit
1149 3584 1208 3653 (ι.
1234 3584 1452 3641 de'Reb.
1473 3585 1679 3650 eccles.,
1700 3602 1749 3641 c.
1776 3587 1888 3657 ‘28).

390 3667 497 3725 Sed
534 3670 648 3744 hoe
664 3670 789 3744 leve
802 3682 858 3744 et
880 3672 1209 3744 indill’erens,
1236 3672 1394 3727 modo
1422 3674 1600 3729 debita
1638 3673 1895 3744 religione

316 3747 585 3795 servetur.
611 3740 908 3795 Concilium
937 3741 1304 3809 Moguntinum
1352 3744 1577 3797 citatum
1624 3740 1807 3797 tnon'et
1835 3753 1894 3797 ut

316 3823 439 3882 eam
490 3809 868 3882 celebremus:
920 3828 938 3861 ι
985 3813 1141 3865 Sicut
1199 3812 1423 3881 legendo
1476 3814 1791 3882 reperimus,
1839 3824 1896 3868 et

316 3879 460 3951 sicut
485 3881 658 3932 sancti
694 3880 884 3936 Patres
915 3882 1084 3935 uestri
1113 3879 1480 3944 instituerunt,
1506 3879 1613 3936 non
1647 3885 1893 3951 equitan-

317 3946 409 4011 do,
443 3962 545 4001 nec
588 3951 840 4017 pretiosis
885 3951 1125 4004 vestibus
1176 3951 1369 4013 induti,
1418 3952 1512 4005 sed
1559 3946 1889 4016 disca'lceati,

317 4020 505 4090 cinere
531 4027 588 4072 et
611 4020 780 4074 cilitio
822 4020 1015 4083 induti,
1048 4020 1149 4073 nisi
1196 4020 1477 4090 infirmitas
1507 4022 1827 4090 impedierit.
1864 4042 1883 4075 ι

319 4083 546 4160 Yidetur
570 4090 855 4160 concilium
887 4091 954 4142 ad
982 4090 1233 4160 ordinem
1258 4087 1557 4144 Romanum
1582 4083 1893 4160 respectare

345 4154 383 4208 ι.
410 4155 543 4228 _t),_a
570 4172 678 4228 quo
701 4172 798 4228 per
826 4159 879 4212 id
901 4159 1233 4226 poenitentia:
1259 4167 1470 4228 tempus
1510 4154 1692 4213 omnia
1723 4176 1891 4215 saecu-

341 4224 455 4297 _a_ri_s
488 4224 686 4279 latitia:
702 4224 862 4296 signa
889 4224 1258 4297 prohibentur.
1311 4246 1330 4279 ι
1369 4224 1565 4283 Nullus
1599 4239 1776 4284 autem
1808 4231 1892 4286 his

322 4292 515 4367 diebus
541 4292 859 4367 vestimenta
889 4292 1126 4367 pretiosa
1158 4296 1410 4352 induatur
1436 4312 1451 4352 :
1481 4300 1607 4367 quia
1653 4300 1706 4353 in
1732 4315 1891 4355 sacco

318 4371 378 4417 et
394 4363 580 4418 cinere
601 4366 784 4435 lugere
802 4363 1079 4421 debemus.
1118 4363 1515 4422 Prohibeantur
1526 4369 1816 4424 ebrietates
1834 4380 1889 4424 et

319 4436 742 4518 comessationes
773 4451 894 4518 qua:
917 4437 1053 4518 ﬁunt
1078 4436 1769 4518 in_vul_garigplebe_.nNemo
1816 4440 1889 4495 ibi

322 4505 569 4577 equitare
595 4516 907 4577 praesumat,
958 4505 1051 4561 sed
1095 4505 1433 4577 discalceatis
1458 4507 1681 4577 pedibus
1703 4524 1894 4565 omnes

321 4571 612 4650 incedant;
651 4572 999 4650 Nequaquam
1042 4576 1391 4650 mulierculae_
1418 4571 1617 4650 ducant
1651 4578 1845 4650 choros
1876 4597 1890 4634 :

321 4640 440 4694 dies
490 4643 634 4697 enim
673 4640 1016 4698 abétinéntiae
1050 4654 1196 4707 sunt,
1238 4660 1346 4699 non
1375 4644 1593 4701 lmtitiaa.
1626 4666 1646 4700 ι
1682 4647 1893 4704 Similia

319 4710 567 4780 praecipit
591 4722 649 4767 et
672 4714 946 4768 Herardus
968 4712 1161 4784 (Capit.
1192 4714 1305 4785 95).

394 4809 422 4838 ι
451 4797 699 4878 Aseensio
727 4802 1045 4878 Dominiuln
1072 4801 1352 4878 capitulari
1381 4804 1639 4878 scribitur
1686 4805 1892 4878 (Capit.

328 4863 458 4936 Car.
507 4868 585 4923 Μ.
635 4871 671 4924 l.
716 4887 777 4936 ιι,
823 4888 873 4927 c.
918 4872 1009 4936 '55)
1039 4888 1052 4924 :
1086 4891 1104 4924 ι
1140 4863 1293 4926 Diem
1323 4875 1652 4929 ascensionis
1684 4863 1896 4932 Domini

324 4935 553 5013 pleniter
586 4935 883 5013 celebrare.
923 4960 942 4993 ι
970 4935 1210 4995 Fuerunt
1237 4941 1364 5013 olim
1396 4942 1518 5013 festi
1563 4945 1678 4999 dies
1716 4949 1894 5002 media

323 5009 534 5079 tantum
548 5019 710 5079 parte
739 5010 890 5076 culti,
923 5025 989 5063 ac
1008 5019 1130 5079 post
1154 5008 1433 5065 meridiem
1483 5011 1755 5068 laboribus
1795 5030 1895 5068 ex-

323 5077 499 5149 ternis
527 5077 792 5147 profanati
821 5098 835 5134 :
867 5084 934 5134 de
957 5077 1186 5149 quorum
1231 5094 1454 5135 numero
1484 5082 1700 5136 videtur
1729 5083 1897 5141 fuisse

321 5145 440 5226 dies
460 5145 793 5226 ascensionis
817 5168 848 5226 ἐ
866 5145 1027 5226 quain
1062 5163 1280 5226 pravam
1326 5153 1765 5206 consuetudinem
1796 5169 1895 5208 an-

328 5218 544 5293 tiquare
581 5218 1034 5293 satagit_Carolu_s
1064 5218 1392 5293 imperator,
1419 5229 1476 5275 et
1512 5229 1704 5287 totum,
1736 5232 1897 5293 atque

320 5282 594 5355 integrum
619 5282 735 5341 vult
760 5289 863 5343 rite
882 5282 1167 5343 celebrari.

392 5376 424 5418 1³
463 5375 821 5433 Pentecosten.
853 5379 1008 5434 Nulla
1036 5379 1140 5434 alia
1174 5380 1429 5448 peculiari
1459 5384 1668 5437 ratione
1705 5382 1898 5439 Pente-

321 5455 502 5520 costes
531 5450 916 5520 _celebritatem
964 5460 1125 5520 anget
1152 5450 1472 5516 Walterius,
1509 5468 1670 5520 quam
1716 5463 1895 5507 tamen

320 5517 565 5590 paschali
599 5521 914 5590 aequandam
950 5517 1285 5590 constituunt
1312 5520 1432 5583 alii,
1471 5517 1691 5590 jubente
1718 5524 1894 5577 Caroli

324 5587 563 5662 capitulo
591 5586 783 5662 (Capit.
811 5587 934 5662 Car.
964 5588 1041 5641 Μ.
1074 5589 1105 5643 Ι.
1143 5605 1217 5662 γι,
1245 5604 1293 5643 c.
1319 5590 1441 5662 187)
1471 5586 1488 5646 Ξ
1520 5609 1538 5641 ι
1576 5591 1645 5646 Ut
1688 5609 1897 5646 annun-

324 5656 462 5729 tient
488 5656 785 5729 presbyteri
820 5659 1015 5729 eodem
1067 5660 1243 5723 modo,
1295 5656 1434 5713 sicut
1485 5672 1894 5729 vesperascente

324 5727 551 5781 sabbato
575 5727 819 5782 sanctum
855 5728 1059 5783 Pascha
1099 5729 1427 5795 celebratur,
1459 5740 1515 5785 et
1549 5727 1721 5800 ipsum
1749 5732 1893 5787 diem

1992 997 2339 1068 Pentecostes
2363 997 2612 1055 similiter
2637 1000 3044 1057 celeberrimum
3073 1003 3327 1068 habeant,
3354 1012 3412 1059 ut
3439 1020 3565 1061 san-

1992 1077 2139 1143 ctum
2154 1067 2400 1143 Pascha),
2411 1070 2823 1143 etjejuniutn,et
2840 1074 3079 1137 missam,
3094 1082 3147 1127 et
3162 1067 3511 1143 baptiSmum.
3537 1096 3557 1128 ι

1995 1136 2357 1212 Uttdejcjttnii
2384 1136 2539 1212 illius
2560 1141 2853 1210 antiquitas
2888 1136 3146 1211 apparet,
3192 1136 3336 1212 quod
3381 1145 3566 1200 adole-

1993 1209 2269 1265 scentibus
2312 1210 2465 1264 nobis
2494 1212 2631 1279 apud
2656 1209 3281 1277 saeculares-exoletum,
3313 1225 3566 1270 revocata

2003 1279 2225 1346 pietate,
2260 1279 2630 1349 religiosorum
2658 1281 2890 1334 maxime
2912 1281 3157 1350 exemplo
3207 1283 3567 1345 instauratum

2001 1357 2187 1423 est,_et
2223 1350 2748 1423 nunccommuniter
2792 1351 2934 1420 viget
2978 1351 3030 1404 in
3081 1351 3341 1406 Ecclesia.
3378 1353 3569 1423 Repu-

2000 1418 2197 1490 gnabat
2234 1418 2600 1490 nihilominus
2646 1434 2743 1489 per
2783 1418 3132 1490 ea'gtempora
3191 1418 3566 1476 nonnullorum

1997 1488 2284 1561 explicatio
2311 1490 2439 1561 dicti
2489 1488 2783 1561 evangelici
2812 1508 2825 1542 :
2862 1488 2982 1542 Non
3002 1488 3216 1557 possunt
3250 1491 3423 1561 lugere
3466 1491 3568 1560 ﬁlii

1996 1558 2172 1630 sponsi
2220 1560 2453 1628 quandiu
2484 1576 2626 1630 reum
2659 1560 2775 1630 illis
2823 1576 3042 1628 sponsus
3094 1569 3167 1630 est
3205 1558 3562 1630 (Mdu/uti):

1995 1628 2061 1681 ad
2102 1643 2262 1701 quam
2287 1629 2585 1701 respexisse
2602 1629 2725 1682 mihi
2747 1630 2954 1701 videtur
2969 1630 3101 1682 ordo
3124 1628 3396 1684 Romanus
3419 1630 3476 1699 (ι.
3504 1628 3567 1701 ι),

1920 1715 1966 1774 Β
1995 1713 2113 1752 cum
2131 1699 2663 1774 incommendatione
2676 1700 3028 1774 rogationum,
3055 1701 3259 1753 notavit
3287 1699 3565 1774 expresse,

1993 1768 2199 1850 servari
2247 1769 2628 1824 abstinentiam
2666 1783 2697 1821 a
2733 1768 3009 1834 earnibus,
3055 1784 3161 1823 non
3207 1768 3385 1825 autem
3428 1770 3568 1842 jeju-

1991 1852 2159 1892 mum.

2060 1927 2205 1982 Inter
2244 1928 2539 1996 singularia
2588 1937 2767 1982 autent
2823 1936 3134 1983 sanctorum
3170 1929 3327 1991 festa,
3379 1931 3559 1985 omitit

1989 2007 2178 2053 noster
2226 1999 2614 2054 dedicationem
2659 2000 2831 2053 sancti
2880 1998 3175 2061 Michaelis,
3219 2013 3272 2053 et
3322 2000 3565 2055 natalem

1990 2068 2164 2121 sancti
2223 2068 2472 2138 Remigii,
2526 2084 2644 2139 qua:
2688 2068 2903 2139 quidem
2956 2068 3007 2121 in
3037 2068 3160 2121 aliis
3196 2069 3567 2139 nominantur,

1988 2153 2298 2207 quanquam
2322 2137 2433 2199 neu
2473 2137 2803 2193 constanter.
2865 2137 2942 2191 Ex
2994 2142 3218 2191 adverso
3268 2137 3564 2203 llerardus,

1989 2216 2043 2260 et
2081 2206 2295 2275 quidem
2321 2209 2559 2262 omnitnn
2576 2208 2742 2270 solus,
2773 2206 2966 2261 festum
2995 2216 3305 2261 sanctorum
3322 2208 3563 2261 omnium

1989 2275 2197 2343 adjicit,
2244 2278 2384 2346 quod
2416 2277 2670 2332 Ludovici
2721 2278 2798 2331 Pii
2852 2287 3091 2346 tempore
3131 2293 3159 2330 a
3191 2276 3563 2346 Gregorioer

1988 2347 2240 2415 pontiﬁce
2266 2345 2526 2402 ’maximo
2558 2349 2607 2401 in
2638 2348 2837 2403 Gallias
2867 2345 3068 2415 illatum
3112 2356 3215 2415 est.
3273 2356 3331 2401 nt
3399 2345 3567 2401 refert

1988 2413 2104 2469 Ade
2150 2416 2465 2471 Viennensis
2512 2418 2587 2487 (in
2628 2416 2967 2487 Martyrolog.
3005 2413 3126 2468 Kal.
3166 2414 3360 2485 Non):
3395 2435 3414 2466 ι
3451 2415 3565 2469 Μο-

1989 2496 2149 2540 nente
2188 2498 2387 2541 Stlllt'lte
2423 2486 2806 2541 recerdationis
2834 2486 3095 2555 Gregorio
3130 2488 3397 2554 pontiﬁce,
3440 2487 3564 2554 piis-

1989 2556 2177 2626 simus'
2206 2556 2505 2610 Ludovicus
2559 2560 2848 2626 imperator
2871 2556 3120 2626 omnibus
3161 2555 3306 2624 regni
3355 2566 3409 2609 et
3436 2557 3562 2626 Vim-

1988 2625 2122 2694 perii
2158 2628 2236 2679 sui
2268 2627 2532 2695 episcopis
2555 2625 3028 2684 consentientibus.
3064 2627 3249 2677 statuit
3291 2625 3562 2677 utsolem-

1989 2696 2131 2749 niter
2156 2696 2418 2749 festivitas
2460 2698 2697 2749 omnium
2748 2706 3055 2749 sanctorum
3098 2697 3149 2747 in
3195 2695 3446 2764 przedicta
3475 2696 3563 2749 die

1989 2767 2263 2818 annuatim
2288 2775 2550 2835 perpetuo
2585 2776 2853 2836 ageretur.
2890 2783 2911 2815 ι

2062 2872 2086 2901 ο
2132 2861 2445 2916 Nostrorum
2491 2875 2735 2933 pra’terea
2780 2873 3005 2932 patrum.
3063 2862 3374 2932 Sequuntur
3402 2878 3563 2931 pecn-

1989 2931 2151 2986 liares
2201 2931 2498 2987 diaeeeseos
2534 2934 2933 2987 Aurelianensis
2987 2931 3324 2995 festivitates,
3356 2934 3564 3000 episco-

1992 3017 2182 3072 porum
2223 3004 2311 3071 qui
2348 3004 2612 3071 praecipua
2642 3004 2948 3065 sanctitate,
2979 3012 3033 3057 et
3072 3004 3327 3071 pastorali
3357 3002 3561 3056 sollici-

1917 3066 1961 3129 C
1996 3066 2179 3126 tudine
2221 3066 2362 3125 illuni
2409 3066 2688 3127 ecclesiam
2722 3066 3093 3126 illustrarunt}
3122 3074 3338 3140 vultque
3366 3072 3483 3125 illas
3513 3072 3567 3125 in

1996 3143 2240 3205 transitu,
2267 3144 2382 3196 sive
2421 3144 2472 3195 in
2515 3143 2661 3197 obitu
2696 3142 2904 3196 illorqu
2932 3143 3204 3202 constitui,
3254 3157 3360 3197 non
3388 3150 3566 3196 autem

1997 3213 2049 3265 in
2086 3213 2434 3266 translatione
2465 3230 2478 3266 :
2503 3213 2748 3280 cujusrei
2778 3228 2969 3267 causas
2989 3214 3293 3282 expendere
3321 3227 3568 3266 necessa-

1997 3282 2135 3336 rium
2171 3298 2275 3336 non
2304 3283 2528 3335 videtur.
2581 3282 2678 3336 llic
2722 3292 2899 3336 autem
2933 3283 3126 3339 mirum
3177 3282 3306 3337 mihi
3347 3282 3568 3343 accidit,

1994 3352 2139 3407 inter
2172 3351 2399 3406 exnuios
2428 3353 2545 3406 illos
2574 3354 2859 3413 antistites,
2890 3352 3062 3405 omitti
3094 3351 3564 3406 Aurelianensium

1995 3421 2331 3491 apostolum;
2363 3430 2416 3475 et
2449 3422 2642 3475 nobilis
2671 3423 2909 3476 ecclesia:
2936 3422 3271 3475 ltnnlatorem
3301 3421 3565 3485 Altinum,

1994 3490 2064 3545 ne
2085 3506 2178 3544 sua
2206 3490 2418 3561 quidem
2448 3494 2499 3545 in
2529 3492 2777 3555 ecclesia,
2804 3500 3099 3561 martyrem
3128 3492 3331 3545 scilicet
3358 3501 3408 3545 et
3440 3505 3570 3561 apo-

1996 3559 2308 3615 stolicoriun
2376 3563 2613 3615 virorum
2675 3559 2991 3628 discipulum
3042 3561 3340 3623 nominari,
3394 3568 3449 3613 et
3498 3559 3567 3628 ab

1995 3630 2216 3691 Evurtio
2242 3632 2357 3684 sive
2383 3631 2600 3685 Evortio
2621 3627 3417 3693 commemorationisejusmodi
3443 3627 3567 3681 duci

1995 3701 2307 3755 exordium:
2333 3701 2488 3765 longe
2511 3710 2690 3753 autem
2719 3700 2897 3753 Altino
2920 3697 3139 3752 inferior
3167 3698 3263 3751 fuit
3292 3697 3561 3759 Evortins,

1995 3778 2050 3824 et
2077 3770 2281 3822 medios
2306 3769 2493 3823 habuit
2514 3784 2867 3837 prmcessores
2913 3784 3017 3821 non
3044 3767 3445 3821 celeberrimos.
3476 3765 3567 3819 [sti

1995 3839 2154 3892 debet
2183 3839 2310 3892 urbs
2343 3837 2639 3892 clarissima
2674 3838 2849 3907 templi
2891 3847 3089 3893 sancta:
3122 3837 3298 3890 crucis
3333 3844 3570 3889 structu-

1994 3923 2134 3969 ram,
2159 3922 2331 3977 coque
2380 3908 2686 3962 celebrante
2727 3908 3138 3969 dedicationem,
3170 3909 3364 3959 emissa
3401 3921 3431 3977 e
3471 3921 3569 3957 nn-

1942 3996 1955 4008 '
1994 3978 2153 4033 bibus
2201 3975 2399 4032 Christi
2445 3978 2653 4031 Domini
2695 3993 2878 4039 manu,
2914 3986 2967 4030 ct
3007 3979 3231 4045 ligurum
3280 3975 3457 4028 crucis
3486 3984 3568 4027 ter

1994 4046 2349 4112 deformante,
2370 4055 2427 4101 ut
2442 4046 2681 4101 referunt
2704 4047 2942 4101 historici
2960 4045 3377 4115 Aurelianenses
3395 4046 3564 4115 (card.

1995 4115 2425 4187 Srauss.,WAnmzl.
2456 4117 2582 4170 εδει.
2627 4115 2805 4170 Aurel.
2844 4117 2881 4171 l.
2912 4133 2988 4182 tt;
3017 4114 3243 4181 llerard,
3267 4116 3426 4187 capit.
3459 4114 3519 4170 6l
3548 4132 3565 4180 ;

1994 4186 2165 4256 Capit.
2192 4186 2316 4240 Car.
2342 4186 2417 4240 M.
2447 4187 2484 4239 l.
2514 4202 2575 4251 ιι,
2603 4203 2651 4242 c.
2683 4187 2794 4257 59).

2065 4275 2376 4346 Respondet
2400 4285 2579 4331 autem
2606 4278 2721 4331 bzec
2750 4275 2973 4340 additio,
3000 4275 3072 4330 illi
3095 4275 3426 4330 conclusioni
3457 4273 3566 4328 Τιι-

1996 4348 2241 4402 ronensis
2286 4346 2508 4401 llerardi
2543 4364 2557 4400 :
2599 4365 2617 4398 ι
2661 4347 2725 4401 Ει
2771 4362 2958 4401 eorum
2999 4361 3223 4415 quorum
3254 4360 3477 4413 corpora
3508 4351 3565 4400 et

1918 4426 1971 4488 ι)
1995 4418 2190 4473 debita:
2230 4416 2605 4488 venerationes
2649 4416 3133 4488 inilocissingulis
3180 4427 3564 4488 peraguntur.)

1994 4487 2125 4554 Qua:
2155 4487 2468 4557 expressior
2489 4495 2573 4557 est
2602 4488 2653 4540 in
2702 4483 3021 4557 Capitulari;
3048 4505 3068 4557 ι
3101 4496 3157 4540 et
3182 4483 3331 4538 ’illas’
3346 4483 3568 4557 festivi;-

1996 4553 2135 4612 tates
2164 4553 2459 4628 martyrum
2490 4556 2570 4611 vel
2596 4553 2983 4620 confessornm,
3009 4556 3298 4628 observare
3329 4553 3569 4608 decrevi-

1995 4642 2135 4688 mus,
2152 4624 2380 4695 quorum
2410 4627 2813 4696 ingnnaquaque
2842 4624 3096 4695 parocbia
3132 4632 3317 4678 sancta
3340 4637 3567 4696 corpora

1996 4693 2359 4764 requiescunt.
2397 4714 2415 4747 ι
2464 4695 2599 4749 Nam
2620 4693 2749 4750 cum
2806 4693 2991 4764 regum
3029 4701 3345 4764 nostrorum
3389 4693 3563 4760 pietas

1997 4761 2179 4841 multis
2229 4774 2539 4841 sanctorum
2592 4761 2903 4837 pignoribus
2957 4761 3186 4818 Galliam
3260 4762 3564 4841 universam

1996 4836 2420 4904 locupletaverit,
2454 4831 2671 4904 aequum
2690 4848 2810 4889 esse
2830 4841 3178 4904 censuerunt,
3207 4846 3300 4885 eos
3323 4831 3432 4904 illic
3468 4846 3558 4904 ve:

1997 4900 2201 4969 nerari,
2244 4920 2351 4973 quo
2383 4900 2610 4958 transire
2659 4905 2860 4973 dignati
2907 4911 3050 4973 sunt.
3080 4900 3260 4969 Neque
3308 4900 3467 4955 aliam
3499 4903 3570 4973 ob

1998 4990 2213 5030 causam
2238 4971 2406 5028 sancti
2435 4973 2709 5028 Benedicti
2722 4971 2928 5027 'festutu
2964 4971 3055 5026 hic
3081 4981 3427 5033 memoratur,
3460 4972 3563 5025 nisi

1997 5046 2122 5114 quia
2147 5045 2632 5114 ejuscorpusﬂpcr
2683 5041 3188 5114 translationemin
3234 5039 3567 5114 Floriacensi

1997 5111 2325 5169 monasterio
2374 5111 2427 5165 in
2482 5111 2702 5167 ditecesi
2743 5111 3112 5165 Aurelianensi
3140 5111 3413 5166 conditum
3460 5121 3571 5175 est,

1997 5193 2058 5238 ut
2078 5190 2266 5236 narrat
2290 5190 2345 5234 et
2370 5182 2562 5250 probat
2612 5181 2836 5235 Carolus
2866 5180 3151 5235 Sausseius
3173 5181 3226 5234 in
3264 5181 3567 5236 Annalibus

1996 5249 2383 5308 ecclesiasticis
2434 5251 2910 5320 Aurelianensibus
2963 5249 3075 5320 (lib.
3127 5265 3213 5314 tv,
3266 5250 3564 5320 Marcnlph.

1997 5321 2157 5375 form.
2182 5322 2415 5390 solemn.
2431 5319 2544 5387 3'5).
2575 5320 2711 5374 llinc
2738 5330 2821 5374 est
2848 5319 2989 5390 quod
3022 5322 3159 5390 apud
3197 5319 3565 5390 Marculphnm

1997 5391 2053 5445 in
2082 5390 2345 5451 formulis,
2377 5389 2655 5444 Tractoria
2677 5391 2957 5446 monachis
2977 5389 3070 5443 aut
3096 5390 3306 5445 clericis
3328 5390 3565 5459 peregri-

1997 5460 2251 5514 nantibus
2279 5474 2557 5524 concessa,
2602 5461 2683 5530 sic
2723 5461 2937 5530 prtefert
2972 5478 2984 5513 :
3022 5478 3041 5510 ι
3072 5460 3184 5529 Ego
3228 5460 3280 5530 in
3329 5460 3423 5514 Dei
3454 5475 3566 5530 Ano-

1997 5531 2163 5593 mine,
2212 5530 2513 5598 episcopus,
2565 5529 2649 5583 vel
2701 5528 2835 5583 abba
2875 5531 2940 5585 de
2968 5528 3186 5584 civitate
3232 5528 3339 5589 illa,
3384 5528 3466 5583 vel
3497 5529 3565 5584 de

1998 5600 2327 5671 monasterio
2348 5599 2457 5671 illo,
2487 5599 2573 5652 ubi
2598 5600 2863 5668 pretiosus
2895 5610 3120 5671 martyr,
3150 5600 3263 5655 sive
3287 5598 3567 5656 confessor

1998 5668 2200 5725 Christi
2229 5669 2540 5726 humanitus
2562 5684 2789 5739 corpore
2810 5668 3116 5740 requiescit.
3154 5689 3175 5722 ι
