4070 6310
566 390 671 447 ’ῖΠ

1557 388 1861 446 HOTIIADI
1897 354 1949 446 η’
1976 387 2514 446 susssronsnsrs
2548 382 2857 446 EPISCOPI

3745 392 3855 449 738

572 509 748 578 ipsum
786 504 1247 578 archiepiscopum
1293 504 1553 578 scripsit,
1581 519 1808 578 monens
1860 502 2053 578 litteris
2100 511 2156 559 et
2183 512 2229 570 Α
2259 502 2359 578 fuit
2388 503 2648 578 adversus
2690 502 3039 578 Roth_adum,_
3050 500 3166 569 jam
3199 501 3510 578 restitutum
3531 502 3855 578 episcopum

571 574 895 646 praecipiens
922 574 985 631 ut
1010 574 1306 647 depositum
1345 574 1651 647 Rothadum
1683 576 1915 647 Romam;
1951 574 2152 646 dirige-

577 656 677 712 ret,
726 663 849 702 cum
897 648 1010 702 suis
1058 645 1236 701 missis
1266 646 1748 700 audiendumzsed
1799 645 2047 700 veniente
2086 660 2151 700 eo

571 718 713 773 hanc
766 717 1062 772 Romanam
1118 717 1411 772 secundum
1463 717 1777 771 mandatum
1812 716 1872 769 Β.
1901 730 2052 785 papw
2081 714 2151 769 ad

571 789 795 853 urbem,
836 797 889 842 et
923 803 1021 858 per
1048 802 1239 841 novem
1280 787 1496 841 circiter
1542 800 1754 840 menses
1798 786 1869 841 ibi
1914 800 2152 858 commo-

571 867 747 923 rante,
790 856 1062 939 nupquam
1086 858 1301 939 penitus
1324 873 1389 911 ex
1414 858 1784 939 accusantium
1817 865 1970 939 parte
2005 856 2151 924 quis-

572 943 733 997 quam
783 926 973 991 adfuit,
1018 926 1109 997 qui
1156 944 1338 982 coram
1378 928 1723 982 sanctissimo
1764 926 1993 995 przesule
2024 941 2149 980 cum

573 996 758 1053 eodem
804 996 1054 1053 Rothado
1092 999 1492 1052 contenderent.
1540 998 1690 1051 Tunc
1723 998 1776 1051 in
1824 998 1909 1050 die
1940 996 2150 1065 vigilia-

570 1084 686 1123 rum
741 1067 1046 1122 Nativitatis
1080 1069 1291 1123 Domini
1326 1070 1493 1123 nostri
1535 1068 1661 1123 Jesn
1707 1067 1928 1130 Christi,
1957 1067 2047 1136 qui
2072 1083 2151 1121 se-

565 1139 800 1192 cundum
841 1140 1097 1193 olitanam
1149 1139 1590 1193 consuetudinem
1633 1139 1791 1207 hujus
1836 1137 2147 1207 apostolicae

564 1209 707 1263 sedis
737 1210 1092 1279 praesul,eum
1122 1210 1266 1264 clero
1291 1219 1347 1263 et
1366 1209 1561 1278 populo
1587 1210 1639 1262 in
1670 1208 1888 1262 basilica
1920 1208 2010 1261 Dei
2052 1224 2148 1277 ge-

563 1279 772 1334 nitricis
802 1281 866 1334 ad
896 1279 1144 1348 Praesepe
1173 1280 1458 1333 missarum
1503 1280 1675 1334 olIicia
1704 1280 1979 1334 celebrare
2015 1294 2147 1332 con-

563 1358 845 1414 sueverat,
901 1352 1230 1405 conveniens
1274 1366 1395 1405 cnm
1426 1351 1675 1403 omnibus
1720 1365 1853 1419 papa
1882 1349 2145 1418 benignus

562 1419 691 1490 fecit
718 1421 770 1473 in
801 1420 1031 1475 amboue
1059 1421 1270 1489 publice
1298 1422 1364 1474 de
1393 1421 1508 1490 ipso
1556 1419 1806 1474 liothado
1836 1434 2141 1490 sermonem

560 1489 872 1560 significans
896 1490 1127 1559 qualiter
1156 1492 1338 1545 sedem
1372 1489 1724 1560 apostolicam
1750 1489 2026 1558 appellans
2054 1490 2148 1543 de—

558 1560 766 1628 positus
811 1561 994 1626 fuerit,
1043 1570 1097 1614 et
1127 1561 1177 1614 in
1230 1570 1520 1631 conspectu
1575 1576 1673 1617 suo
1728 1561 1903 1614 nullus
1946 1574 2041 1629 per
2069 1567 2147 1613 tot

564 1644 776 1684 menses
814 1640 1185 1685 accusatorum
1233 1641 1563 1686 occurreret.
1638 1631 1878 1700 Denique
1922 1644 2147 1684 consen-

562 1700 731 1755 tiente
756 1701 855 1755 sibi
888 1702 1291 1772 episcoporum,
1325 1703 1758 1772 presbyterorum
1807 1711 1860 1755 et
1891 1701 2148 1772 diacono-

561 1785 701 1840 rum,
719 1770 958 1827 omnium
978 1781 1265 1838 conventu,
1281 1770 1517 1826 decrevit
1544 1780 1599 1825 ut
1621 1773 1812 1840 dignus
1834 1780 1977 1826 esset
2004 1770 2142 1824 idem

555 1839 835 1896 Rothadus
860 1841 1005 1897 indui
1032 1842 1454 1897 sacerdotalibus
1482 1839 1829 1904 indumentis,
1859 1842 1950 1911 qui
1978 1856 2006 1893 a
2047 1855 2141 1895 ne-

552 1912 698 1981 mine
735 1928 832 1981 per
857 1921 934 1965 tot
970 1927 1182 1966 menses
1224 1913 1598 1976 accusabatur,
1633 1922 1687 1967 et
1716 1912 1781 1966 ad
1824 1913 1967 1967 sedis
2010 1926 2140 1980 apo-

555 1980 758 2053 stolica}
778 1982 1039 2053 judicium
1068 1982 1457 2053 proclamabat,
1489 1997 1556 2037 ne
1585 1984 1787 2037 honore
1812 1984 2133 2053 privaretur.

554 2049 654 2104 Ubi
682 2049 908 2107 vestitus
927 2049 1214 2123 episcopali
1272 2052 1551 2107 Rothadus
1600 2049 1934 2117 indumento,
1987 2052 2137 2106 omni

552 2130 793 2191 tempore
822 2138 879 2176 se
903 2123 1171 2192 pollicitus
1194 2130 1278 2178 est
1324 2123 1438 2177 suis
1484 2123 1890 2178 iufestatoribus
1918 2137 2140 2191 respon-

551 2206 759 2247 surum.
802 2192 1008 2263 Rursus
1022 2193 1345 2263 exspectatis
1375 2193 1663 2263 aliquantis
1690 2194 1901 2258 diebus,
1929 2193 2137 2249 scilicet

549 2276 717 2332 usque
746 2263 800 2334 in
830 2262 969 2334 diem
998 2262 1258 2321 natalium
1303 2262 1475 2319 sacrm
1505 2264 1728 2334 virginis
1775 2264 2018 2334 Agnetis,
2043 2263 2137 2332 qui

549 2340 635 2386 est
660 2347 733 2386 xu
763 2332 878 2388 Kal.
909 2333 1258 2401 Februarias,
1303 2336 1398 2390 sed
1431 2348 1534 2390 nec
1581 2332 1684 2390 sibi
1725 2332 2010 2405 quisquam
2040 2336 2135 2389 ad-

552 2494 1324 2524 ——_—_‘

1319 2494 3009 2519 Μ

2255 575 2456 643 aliquid
2485 573 2773 628 alter-cans.
2805 574 3171 628 Conveniente
3210 587 3339 643 ergo
3371 574 3687 628 beatissimo
3721 591 3858 643 pra:-

2255 642 2371 699 sule
2402 661 2523 697 cum
2545 643 2796 698 omnibus
2824 644 2875 697 in
2894 643 3114 697 basilica
3136 643 3303 711 ipsius
3329 643 3554 712 virginis
3580 642 3856 699 foris’mu-

2256 732 2344 769 ros
2372 715 2552 779 Urbis,
2584 714 2666 766 via
2694 713 3051 778 Numentana,
3083 715 3223 768 idem
3255 713 3535 768 Rothadus
3559 715 3854 784 episcopus

2254 785 2623 840 excusationis
2652 795 2709 839 et
2736 785 3111 853 promissionis
3140 800 3251 839 suae
3274 800 3378 852 qua
3430 785 3705 854 pollicitus
3749 786 3855 840 fuit

2256 873 2313 911 se
2343 857 2490 909 omni
2518 865 2757 924 tempore
2785 857 3191 909 accusatoribus
3217 856 3329 909 suis
3346 870 3759 924 responsurum,
3794 858 3855 910 li-

2253 927 2696 990 bellumsunnno
2721 926 2962 994 pontifici
3004 926 3247 980 tradidit.
3285 926 3387 991 Qui
3429 942 3616 979 coram
3660 927 3856 981 multis

2253 996 2594 1051 audientibus
2624 994 2778 1062 jussu
2806 996 3049 1066 prazsulis
3106 996 3290 1050 eximii
3338 1005 3421 1050 est
3444 997 3732 1060 recitatus,
3758 999 3855 1052 ubi

2253 1068 2417 1122 etiam
2468 1067 2824 1122 restitutionis
2858 1066 2974 1133 ejus
3019 1066 3191 1120 forma
3239 1066 3438 1122 relecta
3470 1077 3573 1122 est.
3613 1066 3681 1121 Et
3728 1078 3853 1134 post

2249 1138 2489 1191 omnium
2523 1152 2846 1192 consensum
2884 1138 2937 1193 in
2965 1137 3192 1192 ecclesia
3223 1136 3281 1191 Β.
3310 1138 3665 1200 Constantize,
3685 1136 3851 1205 juxta

2250 1208 2497 1263 eamdem
2561 1206 2617 1261 S.
2669 1207 2895 1278 virginis
2945 1208 3241 1268 basilicam,
3286 1208 3505 1278 decreto
3538 1207 3850 1262 beatissimi

2252 1279 2410 1342 hujus
2437 1277 2679 1348 pra‘sulis
2719 1277 3015 1347 snpradicti
3062 1278 3360 1343 Rothadus,
3416 1277 3529 1347 jam
3554 1279 3853 1333 restitutus

2253 1350 2536 1417 episcopus
2554 1349 2839 1402 missarum
2864 1349 3126 1404 solemnia
3153 1348 3467 1403 solemniter
3481 1348 3808 1403 celebravit.
3823 1368 3844 1401 ι

2299 1421 2442 1473 otius
2468 1434 2629 1490 porro
2643 1420 3023 1490 controversae
3050 1434 3161 1473 suae
3180 1435 3305 1490 cum
3337 1418 3633 1490 Hiucmaro
3663 1420 3850 1474 series

2249 1488 2490 1545 disertim
2542 1491 2809 1558 expressit
2854 1488 3133 1543 Rothadus
3176 1489 3357 1544 libello
3396 1489 3851 1559 proclamationis

2247 1569 2583 1625 contentam,
2611 1574 2773 1631 quam
2800 1559 2983 1631 Romae
3009 1560 3208 1631 degens
3239 1560 3433 1614 obtuli:
3460 1575 3678 1631 summo
3710 1575 3845 1627 pon-

2250 1630 2402 1712 tifici,
2421 1631 2473 1684 in
2498 1646 2604 1712 quo
2625 1629 2935 1712 vitmipsitts
2952 1639 3068 1699 acta
3085 1629 3429 1712 continentur
3450 1640 3599 1711 temo
3619 1630 3686 1684 lll
3705 1632 3850 1712 gon.

2248 1702 2494 1755 ciliorum
2517 1699 2812 1756 Sirtnondi.
2842 1699 2975 1755 Dein
2998 1701 3309 1771 apostolicis
3337 1702 3532 1771 litteris
3567 1701 3843 1771 munitus,

2249 1774 2315 1825 ad
2340 1788 2491 1826 suam
2507 1772 2687 1842 sedem
2705 1786 2981 1841 regressus
3003 1766 3086 1826 est
3110 1789 3124 1826 :
3151 1787 3249 1842 pro
3273 1773 3462 1827 eodem
3486 1766 3750 1826 Nicolans
3777 1772 3846 1825 ad

2249 1842 2502 1913 Carolum
2562 1840 2805 1913 Calvum,
2853 1842 3088 1913 scripsit,
3142 1840 3218 1913 int
3286 1842 3526 1913 legitime
3579 1843 3846 1913 restituto

2245 1911 2486 1977 faveret,
2552 1926 2745 1980 resque
2796 1911 2972 1982 ipsius
3036 1912 3287 1967 Ecclesia:
3339 1911 3491 1968 reddi
3546 1911 3846 1966 mandaret

2242 1997 2347 2052 qua
2377 1983 2660 2053 episcopus
2694 2000 2713 2032 ι
2741 1983 3072 2037 conscientia
3097 1998 3283 2052 purus,
3313 1984 3733 2038 coaversatione
3757 1982 3843 2033 in-

2241 2067 2441 2107 nocens
2481 2053 2851 2108 columbarum
2902 2052 3267 2123 simplicitate,
3317 2068 3383 2108 ac
3407 2053 3699 2123 prudentia
3728 2068 3841 2105 ser-

2239 2124 2414 2194 pentis
2437 2143 2454 2176 ι
2476 2123 2717 2194 insignis
2730 2123 3071 2194 praedicatur.
3104 2122 3230 2177 Post
3275 2122 3677 2194 restitutionem
3708 2139 3839 2194 v_ero

2241 2192 2411 2247 adfuit
2438 2194 2666 2249 concilio
2697 2192 3073 2249 Suessioueusi
3098 2210 3157 2248 Ill
3183 2210 3325 2248 anno
3352 2194 3495 2258 866;
3546 2193 3681 2247 item
3716 2192 3839 2245 Tri-

2239 2265 2475 2336 cassino,
2500 2264 2625 2320 867.
2655 2262 2799 2336 Obiit
2826 2265 2987 2320 rebus
3012 2264 3187 2336 gestis
3215 2266 3267 2319 in
3294 2265 3619 2336 episcopatu
3647 2264 3834 2318 clarus

2194 2408 2207 2417 _
2239 2334 2457 2389 circiter
2485 2350 2628 2390 anno
2653 2333 2779 2390 868.

3012 2500 3831 2528 ——————-——————‘

1291 2647 2148 2773 30TH”!
2229 2649 3055 2792 EPISCOPI

1068 2884 1839 3017 LIBELLUS
1935 2882 3322 3019 PBOCLAMATIONIS

2076 3138 2256 3193 QUEM

953 3276 1216 3341 Nicolao
1247 3295 1425 3359 papae
1461 3280 1697 3344 obtulit
1732 3299 1877 3345 cum
1913 3282 2130 3345 Romae
2168 3291 2422 3348 sextum
2442 3285 2578 3365 jam
2615 3301 2905 3349 mensem
2938 3290 3390 3368 exspectasset.

1731 3418 1898 3481 (Cone.
1922 3418 2075 3484 Gem,
2093 3426 2210 3472 tom.
2229 3421 2365 3484 Vill,
2388 3421 2480 3475 col.
2504 3423 2638 3487 785.)

608 3636 721 3708 Ego
748 3633 1028 3689 Rothadus
1060 3643 1336 3704 peccator,
1382 3632 1794 3691 Suessionensis
1841 3637 2122 3708 Ecclesiae,
2150 3649 2196 3711 ο
2230 3643 2352 3698 iter.
2382 3643 2510 3700 Inde
2532 3660 2634 3716 ego
2660 3643 2912 3700 festinato
2940 3661 3102 3701 cursu
3148 3646 3214 3701 ad
3247 3655 3489 3704 nostram
3538 3653 3818 3712 civitatem

540 3729 721 3784 sedem
757 3724 1033 3797 appellans
1070 3726 1418 3796 apostolicam
1442 3767 1457 3793 ,
1488 3727 1863 3798 irregulariter
1908 3732 2121 3801 episco-

543 3827 669 3889 patu
699 3817 967 3887 privatus,
1017 3816 1388 3871 calamitatum
1431 3833 1675 3873 mearum
1714 3835 1943 3891 suggero
1973 3821 2125 3891 lugu-

535 3909 688 3964 brem
718 3907 1020 3972 historiam,
1069 3921 1175 3961 non
1216 3908 1399 3962 omnia
1427 3923 1548 3980 quae
1577 3925 1770 3981 passus
1807 3927 1926 3966 sum
1975 3921 2119 3968 rete-

536 4016 692 4066 xcns,
734 4000 877 4069 quod
930 3998 1260 4069 impossibile
1309 3998 1537 4054 forsitan
1574 4009 1711 4068 erat,
1755 4014 1809 4057 et
1848 4018 1915 4057 ne
1960 4003 2121 4058 nimis

538 4090 815 4146 fastidiosa
872 4091 1112 4145 narratio
1167 4091 1296 4157 tuis,
1354 4092 1591 4161 piissime
1638 4095 1854 4165 praesul,
1898 4095 2120 4153 auribus

540 4181 850 4251 importuna
876 4180 1171 4236 videretur.
1221 4182 1558 4239 Venerabilis
1601 4184 1764 4255 igitur
1808 4186 2120 4256 metropoli-

532 4281 693 4325 tanus
726 4270 1067 4337 Hincmarns,
1117 4279 1318 4327 sancta:
1359 4272 1682 4330 Rhemensis
1722 4275 1976 4331 Ecclesiae
2019 4293 2117 4331 an-

531 4362 705 4427 tistes,
745 4363 1068 4433 quibusdam
1116 4365 1493 4421 occasionibus
1539 4367 1772 4433 exortis,
1820 4369 1931 4421 acri
1970 4369 2115 4423 circa

530 4468 616 4507 me
652 4450 1057 4509 infestinatione
1102 4463 1342 4523 certans,
1397 4458 1487 4512 diu
1522 4458 1706 4514 multis
1735 4475 1799 4514 ac
1833 4460 2001 4516 variis
2039 4460 2115 4514 la-

525 4545 750 4600 boribus
806 4560 983 4601 meam
1046 4548 1274 4604 vexabat
1321 4549 1692 4622 exiguitatem.
1744 4552 1855 4624 Ego
1911 4561 2110 4620 autem,

525 4646 786 4706 quantum
816 4646 1078 4707 poteram,
1110 4638 1259 4694 illum
1308 4641 1571 4708 tolerans,
1616 4643 1669 4697 in
1708 4644 1795 4699 his
1817 4644 1865 4699 ei
1908 4660 2112 4715 nequa-

525 4744 688 4799 quam
733 4744 834 4801 pro
865 4746 963 4785 suo
1003 4731 1156 4785 libitu
1200 4732 1545 4801 acquiescere
1587 4734 1731 4789 volui
1781 4751 1901 4804 qute
1942 4737 2113 4793 sacris

525 4810 925 4891 perpendebam
956 4821 1269 4877 auctoribus
1292 4838 1412 4878 esse
1441 4824 1737 4878 contraria.
1770 4824 2015 4895 Dumque
2042 4827 2108 4880 ad

524 4913 811 4981 synodum,
856 4912 1011 4981 jussu
1054 4913 1275 4983 gloriosi
1311 4916 1452 4986 regis
1495 4915 1697 4981 Caroli,
1728 4933 1829 4987 pro
1876 4918 2109 4974 utilitate

2230 3751 2502 3802 reversus,
2535 3737 2602 3791 de
2645 3735 2868 3791 instanti
2918 3736 3109 3792 itinere
3150 3752 3332 3793 moras
3386 3755 3492 3795 non
3544 3745 3815 3813 patiebar,

2224 3842 2387 3897 quam
2435 3827 2611 3893 luatus,
2642 3828 2687 3883 si
2724 3828 2789 3882 ad
2838 3828 3203 3898 apostolorum
3250 3829 3436 3885 limina
3484 3836 3817 3892 contendere

2226 3918 2565 3984 meruissem,
2596 3926 2657 3973 ut
2685 3918 2750 3972 ad
2778 3918 2979 3973 domini
3009 3920 3117 3974 mei
3142 3921 3274 3975 tanti
3306 3923 3585 3992 pontificis
3611 3936 3666 3980 et
3692 3928 3817 3995 piis-

2223 4011 2344 4067 simi
2373 4013 2561 4083 patris,
2590 4012 2830 4067 omnium
2865 4012 2933 4066 ad
2982 4026 3039 4067 se
3084 4013 3510 4085 confugientium
3559 4019 3815 4074 tutissimi

2221 4102 2521 4158 defensoris
2549 4119 2612 4157 ac
2647 4105 2993 4173 preteetoris,
3033 4120 3245 4159 sacram
3294 4108 3638 4176 pervenirem
3680 4126 3816 4179 pm

2221 4196 2469 4250 sentiam.
2501 4194 2872 4265 Cumquejam
2896 4211 2927 4250 e
2951 4196 3130 4251 vicino
3170 4199 3345 4267 parati
3379 4199 3599 4257 itineris
3628 4203 3814 4258 immio

2221 4293 2376 4339 neret
2408 4300 2679 4357 egressus,
2728 4285 2937 4341 litteras
2968 4287 3189 4343 domino
3238 4303 3361 4343 meo
3412 4289 3554 4361 regi,
3584 4301 3639 4345 et
3695 4309 3815 4348 meo

2220 4376 2624 4447 archiepiscopo
2669 4376 2903 4446 dirigere
2941 4379 3147 4443 curavi,
3179 4387 3422 4433 nostram
3478 4379 3588 4437 illis
3618 4382 3812 4439 Eccle-

2217 4466 2352 4519 siam
2396 4467 2764 4530 contmittens,
2820 4466 3156 4537 multumque
3206 4469 3485 4537 postulans
3550 4480 3614 4525 ut
3654 4470 3813 4540 juxta

2217 4571 2373 4610 suum
2418 4565 2646 4625 uterque
2690 4554 2923 4610 ofﬁcium
2972 4572 3092 4610 eam
3144 4557 3379 4629 dirigere
3424 4573 3810 4629 procurarent,

2215 4646 2388 4701 donec
2413 4646 2479 4701 de
2507 4662 2595 4701 me
2636 4646 3124 4703 excellentissimus
3149 4645 3406 4702 Romanre
3429 4648 3584 4704 urbis
3612 4650 3812 4721 praesul

2217 4735 2378 4790 finem
2429 4735 2816 4791 determinaret
2861 4736 3186 4806 legitimum.
3231 4736 3349 4792 Misi
3395 4746 3451 4791 et
3488 4738 3711 4795 litteras
3748 4740 3813 4796 ad

2214 4827 2364 4881 illum
2392 4827 2519 4881 olim
2562 4825 2963 4897 presbyterum,
3001 4841 3102 4897 pro
3127 4827 3284 4897 cujus
3312 4842 3410 4898 ego
3440 4829 3685 4898 regulari
3717 4831 3811 4886 de~

2215 4918 2505 4988 positione,
2562 4918 2686 4988 quia
2748 4918 2802 4971 in
2857 4927 3046 4989 stupro
3097 4917 3276 4973 fuerat
3320 4919 3725 4989 deprehensus,
3759 4928 3812 4977 et

524 5011 727 5057 sancta:
757 5003 851 5060 Dei
906 5005 1161 5061 Earlesiae
1214 5020 1560 5064 convocatam
1581 5052 1596 5075 ,
1626 5011 1865 5081 episcopi
1914 5028 2113 5068 conve-
2140 5004 2190 5063 D
2216 5007 2490 5062 abscissus
2521 5022 2552 5060 a
2577 5021 2698 5062 meo
2719 5006 3009 5076 judicabar
3048 5006 3489 5077 metropolitano,
3522 5018 3586 5062 ut
3614 5018 3672 5063 et
3696 5010 3810 5079 ipse

524 5094 819 5161 nissemus,
848 5105 904 5150 et
928 5098 1041 5167 ipse
1065 5101 1222 5169 quasi
1255 5102 1495 5156 omnium
1528 5103 1777 5158 dominus
1812 5105 2108 5174 przesidens

520 5200 584 5239 ac
620 5186 939 5255 praevalens,
995 5193 1319 5247 sententiam
1356 5194 1409 5247 in
1456 5209 1542 5249 me
1588 5194 1949 5249 damnationis
1994 5197 2108 5252 vio-

520 5276 697 5331 lenter
739 5293 803 5334 ac
844 5281 1247 5351 praecipitanter
1287 5283 1516 5353 jaculari
1561 5285 1915 5350 acceleraret,
1966 5286 2106 5342 hanc

520 5384 620 5439 ego
657 5372 1009 5440 apostolicam
1062 5376 1265 5442 sedem,
1296 5389 1459 5447 atque
1506 5377 1860 5447 apostolicum
1902 5395 2106 5448 praesu-

521 5462 629 5516 lem
662 5503 675 5526 ,
740 5465 1066 5520 universalis
1115 5467 1364 5522 Ecclesia:
1420 5486 1691 5524 summum
1750 5471 2103 5539 provisorem,

520 5552 790 5624 appellare
825 5557 1112 5611 maturavi.
1144 5558 1383 5628 Cumque
1408 5561 1538 5615 mihi
1573 5562 1675 5616 hoc
1704 5560 1974 5629 denegare
1997 5578 2103 5617 non

521 5655 910 5712 praesumeret,
945 5656 1134 5703 sancta
1185 5649 1389 5719 synodo
1438 5649 1797 5713 decernente,
1840 5666 1984 5720 aegre
2024 5660 2106 5706 ta-

522 5751 645 5790 men
694 5738 855 5792 eundi
907 5740 1181 5810 praebebat
1217 5757 1520 5809 assensum,
1561 5744 1899 5800 constituens
1948 5746 2105 5802 dinu-

520 5836 757 5884 meratos
790 5830 912 5887 dies
966 5831 1106 5886 ultra
1155 5848 1291 5903 quos
1346 5832 1567 5887 omnino
1611 5848 1716 5887 non
1746 5835 2101 5905 _retardarem

2214 5112 2424 5152 mecum
2466 5098 2572 5151 huc
2615 5107 2741 5151 ante
2793 5107 2970 5163 tuam,
3004 5097 3221 5152 domine
3268 5111 3429 5166 papa,
3468 5096 3809 5153 audientiam

2210 5188 2602 5243 examinandus
2654 5188 2956 5243 adveniret.
3006 5186 3246 5254 Quarum
3297 5186 3637 5256 exemplaria
3698 5202 3807 5257 pra:

2209 5283 2461 5337 manibus
2486 5282 2682 5348 habeo,
2710 5291 2766 5335 et
2796 5280 2840 5336 si
2866 5281 3017 5335 vobis
3043 5280 3239 5351 placet,
3267 5278 3597 5350 apostolatui
3622 5290 3808 5336 vestro

2212 5372 2456 5427 offeram.
2485 5372 2679 5442 Aliqua
2711 5387 2926 5442 quoque
2965 5371 3203 5441 capitula
3245 5370 3558 5440 conscripta
3590 5370 3804 5425 cuidam

2212 5474 2399 5521 nostro
2420 5463 2680 5520 confratri
2715 5475 2769 5520 et
2802 5464 3122 5534 coepiscopo
3147 5462 3446 5526 transmisi,
3478 5462 3583 5517 sub
3611 5462 3802 5517 eodem

2213 5559 2470 5628 temporis
2509 5557 2739 5614 articulo
2782 5573 2879 5629 per
2904 5559 3117 5613 easdem
3145 5570 3340 5611 manus
3378 5554 3657 5621 deferens,
3688 5566 3801 5624 qu:

2212 5658 2270 5704 ut
2294 5649 2631 5720 premissum
2675 5657 2761 5704 est
2799 5658 3100 5704 memorato
3127 5647 3244 5719 regi
3275 5656 3330 5703 et
3360 5645 3597 5702 antistiti
3632 5644 3797 5700 destio

2211 5757 2489 5797 naveram.
2520 5742 2578 5797 lu
2605 5742 2803 5813 quibus
2855 5755 2987 5797 sane
3017 5742 3270 5812 capitulis
3297 5756 3417 5797 mea
3463 5738 3590 5795 talis
3612 5747 3798 5810 postu-

2209 5833 2339 5890 latio
2368 5834 2770 5894 continebatur.
2797 5833 2916 5892 aliis
2939 5835 3206 5907 episcopis
3226 5833 3318 5906 qui
3349 5833 3404 5888 in
3433 5845 3615 5888 meam
3639 5829 3790 5886 dam-
