4070 6310
240 400 343 458 749

1370 394 1703 450 LIBELLUS
1740 393 2361 465 PROCLAMATIONlS.

3392 364 3494 443 ⁵1δό

238 514 514 573 nationem
555 511 886 582 participare
929 505 1183 566 nolebant
1237 509 1579 575 insinuanda,
1612 517 1671 563 ut
1712 510 1813 580 ipsi
1841 514 1893 572 Α
1919 524 2093 578 neque
2124 523 2224 579 ego
2262 508 2366 561 hoc
2400 505 2670 560 ullatenus
2708 503 2983 568 auderem,
3022 510 3079 556 ut
3106 502 3159 557 in
3186 500 3497 571 praejudicio
3550 492 3556 498 ’

239 607 415 680 parati
444 613 649 671 essent,
677 604 818 660 sicut
863 601 1219 658 fraternitatis
1245 610 1515 657 amatores
1555 610 1611 656 et
1635 611 1816 658 secta-

244 712 392 757 tores
431 696 733 761 charitatis,
776 688 932 764 juxta
975 694 1274 749 beatissimi
1320 694 1546 771 apostoli
1578 694 1817 749 sanctio-

243 807 367 846 nem
397 788 449 860 (I
483 787 619 842 Tim.
646 786 743 857 vi),
776 802 952 842 meam
990 785 1279 841 defendere
1302 800 1365 840 ac
1405 785 1540 840 tueri
1566 784 1815 840 salutem.

244 883 351 939 Sed
379 881 469 936 ille
502 895 655 934 meus
682 879 955 933 unanimis
980 876 1167 942 frater,
1206 877 1293 932 cui
1323 876 1463 931 hanc
1497 875 1603 931 mei
1632 890 1818 930 curam

242 970 666 1034 committebam,
711 977 838 1022 tunc
862 966 1054 1022 defuit.
1083 966 1406 1021 Hincmarus
1430 975 1608 1020 tamen
1648 963 1822 1020 conti-
1863 1027 1874 1034 _

238 1078 359 1124 nuo,
377 1075 595 1116 causam
623 1057 908 1129 persensit.
932 1057 1121 1113 Adhuc
1150 1056 1399 1111 dominus
1428 1071 1538 1120 rex,
1573 1063 1628 1110 et
1650 1055 1820 1110 isdem

241 1168 397 1209 meus
423 1150 697 1222 praelatus,
730 1148 784 1202 in
832 1148 1022 1203 eodem
1062 1146 1182 1202 loco
1234 1146 1544 1212 manebant,
1580 1145 1671 1200 ubi
1720 1145 1821 1199 sub

239 1257 349 1297 una
401 1241 696 1310 eademque
740 1254 890 1295 mora
934 1254 1069 1293 meae
1120 1237 1404 1307 parvitatis
1445 1235 1708 1306 epistolae,
1765 1242 1821 1292 et

240 1333 334 1389 illa
398 1331 659 1403 capitula,
723 1330 804 1385 uti
865 1329 1096 1385 relatum
1158 1336 1274 1393 est,
1330 1326 1820 1398 praescntabantur.

240 1426 476 1496 Moxque
506 1423 830 1479 Hiucmarus
856 1422 970 1493 ipse
1014 1420 1452 1490 archiepiscopus
1493 1418 1819 1489 scriptorum

242 1515 565 1586 portitorem
615 1513 903 1583 diligenter
933 1510 1095 1581 jussit
1146 1510 1363 1580 inquiri,
1414 1525 1512 1564 cur
1556 1509 1662 1564 illis
1712 1523 1820 1564 non

240 1603 555 1659 ostenderet
582 1602 763 1672 apices
792 1616 929 1672 quos
951 1599 1225 1671 sigillatim
1246 1599 1534 1655 detulerat.
1560 1598 1664 1665 Qui
1693 1611 1823 1654 cou-

242 1694 387 1750 ﬂteri
417 1692 726 1764 compulsus
772 1691 1147 1762 respondendo
1194 1689 1502 1759 subjunxit:
1537 1688 1672 1756 Quia
1710 1686 1819 1755 ille,

243 1785 516 1854 inquiens,
546 1782 615 1837 ad
640 1797 802 1852 quem
830 1781 958 1836 mihi
999 1779 1188 1835 crediti
1215 1786 1341 1833 sunt
1363 1776 1689 1848 perferendi,
1712 1791 1820 1830 non

1920 606 2123 654 sancta:
2170 598 2429 652 Romana:
2490 594 2784 659 Ecclesiae,
2839 592 3079 649 omnium
3135 592 3496 648 Ecclesiarnm

1921 689 2126 751 matris,
2163 686 2384 757 ejusque
2436 686 2876 742 excellentissimi
2929 683 3174 744 rectoris.
3208 682 3352 738 circa
3404 697 3501 753 po;

1920 780 2024 835 sito
2052 778 2354 848 cuicunque
2391 777 2661 848 prmbeam
2689 775 2869 846 aliquo
2897 775 3055 830 modo
3081 789 3381 829 assensum.
3414 772 3498 831 Ad

1920 871 2065 926 illam
2096 884 2364 926 summam
2405 870 2782 924 auctoritatem
2821 869 2938 923 sine
2966 866 3365 921 intermissione
3401 874 3500 936 ap-

1920 963 2079 1034 pello,
2112 962 2197 1018 cui
2229 962 2409 1017 nullus
2436 970 2614 1033 potest
2644 962 3034 1024 contradicere,
3070 975 3191 1030 qua:
3219 975 3247 1013 a
3274 959 3501 1014 Domino

1919 1050 2045 1107 Jesu
2074 1050 2292 1107 Christo
2315 1067 2414 1123 per
2446 1053 2662 1106 beatum
2689 1049 2909 1106 Petrum
2944 1050 3247 1120 apostolum
3294 1057 3500 1103 tantum

1922 1142 2120 1197 meruit
2160 1141 2851 1213 principatumxludicium
2882 1158 3011 1214 ergo
3038 1142 3180 1198 illius
3224 1143 3291 1197 ad
3334 1158 3498 1213 quam

1921 1231 2254 1302 proclamavi
2294 1240 2509 1303 expeto,
2548 1245 2649 1288 nec
2695 1233 2824 1289 alibi
2877 1234 2982 1289 nisi
3038 1233 3221 1319 [ἴρηκα
3265 1232 3498 1302 judicari

1920 1325 2224 1389 consentio,
2254 1325 2380 1395 quia
2411 1332 2775 1396 praeposterus
2794 1325 2928 1380 ordo
2954 1326 3038 1380 est
3063 1324 3377 1380 inferiorem
3409 1338 3503 1379 su-

1921 1417 2121 1486 periori
2170 1416 2450 1473 anteferri.
2479 1416 2576 1473 His
2603 1418 2821 1484 auditis,
2844 1417 2937 1488 qui
2972 1418 3125 1473 miSsi
3173 1415 3387 1472 fuerant
3413 1421 3505 1491 syL

1922 1510 2063 1565 nodo
2090 1509 2553 1564 renuntiaverunt.
2584 1493 2786 1564 lterum
2831 1509 3068 1565 secundo
3113 1517 3168 1564 et
3218 1509 3377 1563 tertio
3416 1511 3504 1564 me

1880 1634 1896 1654 .
1923 1600 2280 1655 eontiuuatim
2311 1600 2623 1667 invitantes,
2649 1601 2704 1655 in
2726 1600 2915 1657 eadem
2945 1594 3267 1657 invenerunt
3296 1604 3506 1660 ratione

1922 1694 2233 1764 persistere.
2283 1691 2589 1749 Novissime
2639 1707 2771 1749 vero
2832 1693 3162 1749 industriose
3213 1695 3507 1766 persuade;

1923 1785 2072 1851 bant,
2101 1799 2255 1840 suam
2278 1782 2565 1840 offerentes
2604 1784 2785 1850 fidem,
2840 1785 2975 1840 nihil
3022 1785 3346 1842 incommodi
3383 1796 3507 1858 peri

243 1872 336 1927 hic
366 1871 529 1926 modo
556 1878 803 1941 apparet.
833 1868 944 1924 Nec
968 1866 1203 1924 cessavit
1229 1867 1337 1933 ille,
1363 1865 1535 1921 donec
1560 1879 1819 1937 persuaso
1845 1865 1895 1925 Β
1922 1890 2225 1948 pessurum,
2258 1885 2352 1931 aut
2378 1876 2572 1932 saltem
2615 1875 2837 1933 domino
2864 1877 2975 1947 regi
3025 1878 3080 1932 in
3110 1879 3359 1949 proximo
3384 1878 3505 1935 locd

240 1978 373 2035 rege
402 1964 582 2019 subito
608 1963 765 2033 quasi
790 1962 1012 2017 collecta
1036 1960 1239 2032 synodo
1260 1975 1325 2016 ex
1355 1959 1487 2030 ipsis
1515 1959 1607 2029 qui
1635 1974 1821 2030 super-

242 2064 406 2113 erant
444 2055 714 2127 episcopis
735 2056 1110 2127 presbyterum
1136 2054 1403 2108 introduci
1423 2051 1551 2109 fecit
1570 2055 1818 2120 invitum,

246 2150 421 2221 ipsum
469 2147 717 2204 videlicet
752 2148 1055 2203 litterarum
1095 2147 1341 2203 latorem.
1376 2146 1670 2221 Cmperunt
1696 2148 1824 2204 hinc

247 2252 305 2299 et
330 2242 455 2297 inde
502 2241 556 2296 in
602 2240 781 2296 medio
813 2240 1046 2311 positum
1077 2254 1314 2303 movere,
1341 2239 1579 2309 pulsare,
1606 2248 1661 2294 et
1700 2254 1824 2310 per-

242 2347 461 2401 urgere,
517 2331 675 2387 sicuti
723 2332 827 2387 hoc
869 2330 1059 2386 callide
1084 2346 1182 2401 per
1208 2331 1432 2387 insidias
1472 2340 1822 2403 argumenta-

245 2432 362 2479 tum
393 2430 531 2487 erat,
578 2432 637 2477 ut
663 2422 889 2486 litteras,
923 2437 1058 2492 quas
1107 2422 1381 2478 Rothadus
1411 2439 1508 2494 per
1553 2438 1675 2479 eum
1725 2442 1825 2484 suo

244 2515 317 2571 ad
355 2513 618 2587 synodum
674 2513 1094 2595 metropolitano
1145 2513 1438 2581 direxerat,
1485 2516 1647 2572 citius
1690 2534 1825 2588 pra:-

244 2614 508 2663 sentaret.
537 2605 723 2674 Neque
751 2605 818 2661 ad
842 2606 1105 2677 synodum
1131 2605 1327 2662 missus
1348 2620 1490 2672 sum,
1521 2608 1617 2673 ait,
1649 2623 1823 2679 neque

244 2712 276 2752 a
311 2695 557 2752 Rothado
610 2697 884 2768 episcopo,
918 2694 1072 2765 cujus
1104 2711 1203 2752 nec
1255 2710 1356 2768 ego
1402 2711 1521 2752 sum
1572 2697 1823 2766 clericus,

242 2785 457 2841 litteras
500 2786 685 2856 accepi
730 2785 1023 2841 Hincmaro
1055 2786 1377 2842 reddendas.
1422 2786 1666 2858 Cumque
1707 2789 1828 2844 nul-

245 2876 464 2932 lomodo
507 2880 791 2950 presbyter
822 2878 935 2947 ipsa
980 2877 1142 2933 vellet
1182 2877 1414 2949 capitula
1444 2880 1704 2950 prodere,
1739 2880 1829 2951 ju-

246 2968 413 3023 beute
439 2977 619 3023 tamen
656 2984 804 3038 rege,
835 2977 1056 3024 coactus
1081 2967 1351 3024 reddidit:
1393 2984 1625 3040 moxque
1667 2971 1829 3028 Hinc-

244 3072 434 3115 marus
461 3073 645 3131 regem
680 3059 972 3130 postulavit
1007 3068 1067 3113 ut
1110 3058 1452 3116 Transulfum
1479 3062 1727 3118 abbatem
1759 3062 1828 3118 ad

243 3166 336 3206 me
366 3151 621 3222 dirigeret
651 3166 665 3205 :
695 3152 787 3221 qui
839 3151 907 3205 ad
953 3160 1192 3207 nostram
1218 3153 1496 3209 civitatem
1546 3155 1828 3212 celerrime

1923 1964 2112 2039 synodi
2170 1965 2451 2020 locuturus
2507 1979 2877 2020 occurrerem.
2942 1964 3097 2032 Quod
3151 1966 3313 2021 etiam
3371 1963 3507 2022 mihi

1923 2055 2093 2111 nostri
2134 2057 2331 2111 fratres
2357 2054 2611 2112 Ecclesia:
2638 2063 2837 2113 nostrae
2869 2056 2963 2111 filii
2980 2056 3094 2126 jam
3129 2058 3359 2117 suadere
3385 2070 3503 2116 cmé

1922 2154 2139 2213 perunt,
2178 2154 2238 2199 ut
2284 2145 2374 2215 pio
2397 2145 2630 2216 principi
2683 2160 2818 2201 mea:
2856 2147 3138 2216 parvitatis
3189 2150 3503 2205 exhiberem

1922 2233 2284 2302 prarsentiam.
2316 2234 2494 2289 Annui
2521 2248 2641 2305 ego,
2668 2229 2751 2289 ‘et
2782 2234 2851 2290 ad
2901 2234 3078 2291 locum
3130 2253 3239 2307 quo
3272 2254 3357 2294 me
3403 2239 3505 2295 du—

1925 2325 2125 2382 cebant
2155 2325 2402 2391 transivi,
2431 2324 2859 2382 sacerdotalibus
2884 2327 3116 2384 vestitus
3150 2329 3504 2397 indumentis;

1925 2424 2169 2472 sanctum
2192 2415 2541 2486 Evangelium
2580 2422 2635 2469 et
2673 2415 2876 2486 lignum
2908 2424 3109 2472 sanctae
3135 2417 3315 2475 crucis
3358 2420 3506 2475 circa

1926 2522 2046 2563 mea
2076 2518 2297 2577 pectora
2343 2522 2553 2578 gerens.
2588 2506 2832 2576 Cumque
2877 2524 2964 2565 me
3002 2508 3058 2563 in
3106 2512 3375 2580 quoddam
3420 2513 3507 2567 di-

1927 2599 2228 2653 versorium
2252 2612 2350 2668 pro
2389 2597 2598 2653 foribus
2644 2599 2833 2670 synodi
2861 2615 2892 2654 a
2921 2601 3124 2657 nostris
3149 2604 3398 2659 omnibus
3423 2611 3511 2661 se4

1926 2695 2177 2758 paratum
2217 2686 2665 2754 introduxissent,
2707 2689 2922 2745 obnixis
2958 2691 3209 2760 precibus
3239 2695 3510 2764 postulavi

1928 2794 2025 2848 per
2066 2780 2376 2836 Leudonem
2420 2780 2725 2848 diaconum,
2774 2790 2833 2836 ut
2887 2783 3137 2840 dominus
3194 2802 3288 2841 rex
3328 2787 3508 2845 locum

1929 2872 2061 2927 mihi
2110 2871 2408 2941 indulgeret
2453 2885 2634 2927 secum
2687 2871 2959 2941 loquendi.
2989 2873 3091 2941 Qui
3124 2890 3245 2931 mox
3288 2893 3388 2947 pro
3412 2892 3511 2934 sua

1928 2964 2127 3034 pietate
2150 2965 2218 3019 ad
2248 2980 2334 3020 me
2374 2965 2651 3035 indignum
2682 2965 2867 3021 venire
2890 2966 3142 3038 dignatus
3166 2977 3272 3037 est,
3314 2985 3512 3042 meque

1929 3055 2159 3124 benigne
2199 3054 2424 3122 audivit,
2470 3055 2566 3110 sed
2616 3056 2875 3112 exaudire
2924 3073 3030 3114 non
3078 3068 3161 3114 est
3186 3061 3509 3131 permissus.

1930 3142 2064 3198 Nam
2101 3159 2222 3199 cum
2275 3144 2426 3198 illum
2469 3144 2624 3200 valde
2673 3146 2991 3217 suppliciter
3038 3150 3309 3221 anxieque
3353 3161 3513 3225 rogaé

245 3242 590 3315 perveniens,
617 3257 704 3298 me
737 3242 851 3312 jam
894 3251 1142 3313 paratum
1166 3251 1226 3297 ut
1269 3255 1513 3299 nostrum
1560 3247 1664 3301 iter
1691 3248 1828 3304 arri-

1936 3251 2072 3302 rem,
2102 3244 2162 3290 ut
2204 3236 2338 3291 mihi
2377 3235 2605 3291 Romam
2656 3238 2819 3293 eundi
2866 3238 3196 3309 libertatem,
3224 3219 3368 3299 sicut
3399 3219 3515 3316 ipse

244 3348 433 3406 perem
473 3333 699 3389 invenit.
745 3334 900 3389 Tunc
928 3335 1043 3405 ipse
1090 3334 1258 3390 abbas
1300 3336 1354 3390 in
1402 3336 1544 3393 atrio
1586 3339 1855 3397 ecclesiae.

246 3423 527 3488 assistens,
559 3423 773 3493 publica
805 3439 937 3480 voce
963 3441 1028 3480 ex
1070 3426 1235 3481 verbo
1262 3427 1423 3497 regis,
1469 3438 1523 3483 et
1549 3428 1829 3487 Hincmari

246 3516 641 3587 archiepiscopi
692 3519 1017 3574 auctoritate
1048 3559 1064 3584 ,
1117 3520 1405 3591 prohibere
1457 3525 1710 3591 curavit,
1767 3530 1829 3581 ut

246 3605 431 3661 nullus
456 3606 677 3663 omnino
707 3607 776 3661 ab
802 3608 917 3677 ipsa
957 3609 1178 3664 civitate
1221 3625 1430 3666 mecum
1458 3615 1825 3684 egrederetur,

249 3710 317 3751 ac
344 3697 426 3752 ire
452 3696 725 3753 volentem
767 3698 995 3754 Romam
1034 3715 1121 3755 me
1150 3712 1586 3771 prosequeretur.
1617 3704 1829 3777 Nequa-

247 3802 412 3856 quam
453 3789 527 3844 ita
554 3788 771 3854 faciam,
818 3806 918 3862 ego
943 3792 1201 3846 subintuli
1229 3809 1243 3847 :
1272 3794 1367 3849 sed
1416 3794 1556 3850 sicut
1594 3797 1829 3866 primum

248 3874 556 3933 Romanum
607 3879 868 3950 appellavi
918 3879 1261 3950 pontificem,
1322 3882 1428 3938 iter
1478 3884 1827 3954 dispositum,

208 4029 221 4036 θ
249 3968 366 4023 Deo
396 3969 712 4038 auxiliante,
738 3972 960 4027 minime
987 3970 1249 4028 differam.
1274 3973 1414 4031 Hinc
1440 3991 1539 4047 ego
1568 3978 1828 4047 mirabar,

247 4069 306 4117 'et
346 4063 651 4133 stupebam,
694 4064 823 4134 quid
851 4064 954 4119 sibi
992 4064 1154 4120 vellet
1206 4067 1327 4122 talis
1364 4068 1689 4135 immutatio,
1740 4081 1833 4127 aut

249 4168 350 4209 cur
380 4167 469 4209 me
494 4169 523 4208 a
550 4169 672 4208 meo
697 4155 889 4210 itinere
926 4156 1281 4213 retardarent.
1319 4158 1425 4214 Sed
1449 4161 1599 4229 prius
1627 4163 1834 4233 aliquot

248 4244 369 4299 dies
395 4243 539 4299 fama
572 4244 824 4316 vulgabat
848 4247 993 4316 quod
1041 4246 1365 4306 Hincmarus
1393 4232 1831 4325 archiepiscopus

249 4335 436 4390 dicere
460 4333 697 4401 volebat,
744 4337 900 4405 quasi
941 4352 1041 4409 ego
1068 4353 1164 4408 per
1201 4339 1381 4411 aliqua
1420 4343 1654 4412 capitula
1691 4346 1831 4400 scri-

247 4425 388 4481 bens
415 4427 661 4481 renovari
698 4425 832 4480 mihi
857 4425 1120 4496 judicium
1157 4431 1475 4499 petiveram.
1509 4434 1662 4499 Quod
1684 4444 1833 4490 certe

247 4515 598 4572 falsissimum
625 4527 731 4583 est,
772 4532 894 4573 cum
928 4536 1029 4575 nec
1068 4520 1157 4576 illa
1205 4522 1438 4592 capitula
1485 4526 1553 4580 ad
1579 4540 1703 4580 eum
1749 4526 1832 4583 di-

249 4607 392 4674 rexi,
432 4623 608 4678 neque
658 4610 725 4664 de
773 4609 952 4681 aliquo
1002 4612 1093 4667 tali
1137 4612 1343 4682 judicio
1386 4615 1457 4671 ibi
1503 4619 1831 4675 mentionem

247 4701 361 4771 egi,
403 4716 504 4757 nec
534 4701 827 4758 electorum
851 4703 1113 4772 judieum,
1147 4707 1441 4762 secundum
1472 4724 1655 4766 sacros
1674 4726 1834 4766 cano-

248 4805 375 4857 nes,
401 4800 495 4845 aut
516 4792 757 4858 noruiua,
786 4802 880 4848 aut
924 4799 1073 4850 certe
1114 4811 1398 4852 numerum
1429 4802 1694 4869 expressi.
1725 4800 1831 4857 Te-

248 4890 371 4937 stor
396 4881 567 4937 Deum
599 4892 902 4938 creatorem
931 4885 1197 4951 omnium,
1227 4886 1353 4956 quia
1398 4903 1498 4943 nec
1526 4889 1578 4942 in
1621 4889 1830 4959 cogita-

250 4976 405 5031 tione
431 4976 562 5031 mihi
602 4978 890 5047 subripuit,
938 4982 998 5033 ut
1039 4979 1449 5050 appellationem
1495 4981 1653 5052 hujus
1694 4982 1829 5037 emi-

253 5066 592 5122 nentissimze
629 5068 774 5123 sedis
819 5070 888 5124 ad
932 5070 1094 5125 aliam
1140 5071 1321 5140 aliquo
1369 5073 1529 5127 modo
1573 5075 1835 5129 rationem

252 5150 603 5214 diverterem.
642 5158 786 5215 Proh
827 5161 1023 5217 dolor!
1058 5163 1239 5216 ablata
1287 5172 1371 5218 est
1434 5164 1699 5235 migrandi
1758 5166 1837 5220 fa-

252 5246 452 5313 cultas,
484 5257 541 5303 et
566 5248 959 5320 circumseptus
1000 5250 1248 5306 custodia
1280 5252 1334 5307 in
1371 5253 1558 5308 eadem
1587 5269 1704 5309 sum
1760 5256 1837 5311 ci-

252 5340 425 5396 vitate
470 5350 735 5398 retentus.
775 5343 1123 5399 Acceleratur
1171 5344 1459 5418 itaquedc
1492 5348 1835 5404 convocanda

255 5432 466 5505 synodo
491 5453 504 5489 :
536 5450 644 5505 qua
675 5436 731 5490 in
762 5435 1024 5492 suburbio
1053 5444 1247 5491 nostra:
1278 5436 1514 5492 civitatis
1542 5453 1836 5509 congrega-

257 5533 339 5589 ta,
366 5543 463 5582 rex
498 5526 730 5598 inclytus
752 5542 783 5581 a
816 5526 1044 5582 concilio
1093 5536 1176 5582 est
1221 5527 1499 5583 invitatus.
1534 5527 1683 5584 Tunc
1724 5538 1836 5584 tres

260 5616 587 5676 Hincmarus
614 5617 1051 5689 archiepiscopus
1094 5618 1377 5690 episcopos
1424 5619 1491 5674 ad
1534 5635 1620 5676 me
1667 5620 1834 5687 misit,

260 5707 526 5764 mandans
552 5708 621 5764 ad
648 5710 910 5780 synodum
950 5710 1120 5779 ipsam
1147 5720 1203 5766 ut
1235 5712 1352 5766 sine
1391 5726 1541 5767 mora
1572 5713 1833 5768 venirem.

262 5797 467 5866 Quibus
529 5814 630 5872 ego
674 5801 925 5872 respondi
972 5801 1113 5872 quod
1168 5818 1272 5858 non
1331 5803 1461 5858 mibi
1502 5805 1575 5859 ita
1626 5803 1833 5871 liceret,

1931 3336 2293 3390 concesserat,
2350 3342 2455 3382 non
2484 3326 2715 3393 tolleret,
2765 3337 3116 3401 sanctamque
3166 3335 3513 3404 apostolicam

1929 3417 2111 3473 sedem
2148 3416 2202 3470 in
2250 3417 2363 3472 suis
2407 3417 2704 3487 privilegiis
2735 3418 3049 3485 honoraret,
3094 3423 3374 3492 respondit
3402 3426 3513 3481 hoc

1930 3508 1997 3562 ad
2042 3522 2218 3561 meum
2260 3507 2565 3577 specialiter
2599 3507 3104 3577 metrOpolitanum,
3145 3516 3508 3585 sanctumque

1928 3596 2202 3667 pertinere
2227 3604 2555 3651 conventum
2578 3612 2593 3662 ;
2616 3613 2675 3651 se
2702 3605 2911 3651 tantum
2938 3599 3109 3653 sacris
3133 3601 3511 3671 episcoporum

1932 3688 2152 3747 monitis
2210 3703 2275 3744 ac
2324 3688 2771 3758 dispositionibus
2834 3690 3110 3746 humiliter
3170 3693 3511 3750 obediturum

1932 3785 2321 3856 profitebatur:
2355 3794 2412 3840 et
2452 3785 2596 3841 illico
2637 3787 2897 3842 recedens
2940 3788 2996 3841 in
3047 3788 3311 3858 synodum
3355 3788 3511 3855 abiit,

1933 3875 2113 3944 ibique
2140 3874 2361 3928 resedit.
2393 3873 2600 3931 Rursus
2639 3884 2752 3931 tres
2794 3885 3190 3946 consequenter
3231 3879 3513 3949 episcopos

1933 3966 2000 4022 ad
2028 3982 2114 4021 me
2146 3965 2436 4032 miserunt,
2479 3969 2569 4036 qui
2602 3966 2831 4022 multum
2870 3966 3086 4025 fortiter
3127 3970 3196 4025 ad
3242 3972 3510 4043 synodum

1933 4070 1991 4117 ut
2025 4061 2307 4117 introirem
2336 4061 2724 4127 hortabantur,
2755 4076 2945 4131 meque
2976 4062 3341 4134 impellebant,
3367 4081 3514 4122 nunc

1934 4150 2276 4214 blandiendo,
2304 4167 2449 4207 nunc
2478 4152 2757 4216 minando,
2791 4167 2879 4207 me
2908 4153 3225 4210 subvertere
3249 4155 3512 4211 volentes.

1936 4244 2042 4300 Sed
2063 4260 2164 4315 ego
2187 4252 2301 4299 toto
2333 4246 2529 4301 annisu
2553 4245 2710 4315 juxta
2741 4254 2989 4301 votorum
3013 4262 3256 4303 meorum
3280 4250 3513 4318 primam

1935 4337 2290 4392 intentionem
2340 4352 2693 4409 perseverare
2741 4339 3014 4395 contendi.
3056 4339 3228 4396 Porro
3257 4356 3379 4396 eum
3427 4342 3515 4397 me

1935 4430 2309 4501 perspicerent
2328 4431 2441 4485 suis
2470 4429 2612 4485 nolle
2640 4431 2835 4487 studiis
2860 4433 3224 4503 acquiescere,
3248 4432 3516 4489 obseratis

1934 4522 2089 4576 ostiis
2109 4521 2163 4575 in
2204 4521 2392 4577 eadem
2447 4537 2566 4576 sum
2597 4522 2732 4578 cella
2781 4523 3063 4591 inclusus;
3101 4540 3277 4595 neque
3329 4524 3515 4594 egredi

1938 4613 2159 4670 omnino
2219 4622 2504 4683 poteram,
2545 4616 2719 4671 donec
2757 4616 2825 4671 de
2876 4631 2964 4671 me
3015 4629 3321 4685 peccatore.
3375 4618 3517 4673 sicut

1940 4704 2262 4775 quibusdam
2318 4713 2448 4760 tunc
2494 4706 2724 4775 placuit,
2766 4704 3076 4761 dilliuirent.
3122 4707 3273 4763 Meus
3317 4708 3515 4763 etenim

1940 4796 2382 4866 archiepiscopus
2410 4797 2700 4852 voluntatis
2730 4812 2841 4853 sua:
2865 4798 3222 4867 propositum,
3252 4806 3513 4867 quantum

1938 4897 2172 4960 poterat,
2201 4888 2424 4958 implere
2453 4890 2663 4943 curavit
2688 4905 2702 4942 :
2740 4888 3025 4958 factusque
3050 4898 3134 4943 est
3164 4888 3333 4960 gratis
3365 4898 3520 4945 meus

1939 4980 2054 5050 ipse
2084 4989 2385 5045 accusator,
2414 4979 2526 5050 ipse
2557 4979 2728 5042 testis,
2778 4980 3000 5049 ipseque
3020 4978 3183 5048 judex
3217 4999 3230 5034 :
3275 4990 3332 5036 et
3378 4981 3520 5037 sicut

1939 5087 2027 5127 me
2072 5072 2351 5127 absentem
2389 5080 2552 5142 prout
2596 5070 2767 5126 voluit
2807 5070 3077 5141 culpabat,
3119 5073 3199 5127 sic
3235 5080 3290 5127 et
3315 5083 3520 5130 temere

1930 5160 2173 5231 judicare
2224 5178 2321 5216 nec
2376 5161 2586 5225 timuit,
2651 5177 2752 5216 nec
2819 5162 3154 5216 retractavit.
3204 5161 3313 5218 Sed
3374 5164 3537 5223 inter.

1938 5252 2042 5307 alia
2090 5268 2210 5322 qua:
2264 5253 2395 5308 mihi
2452 5253 2785 5308 mendaciter
2840 5252 3154 5323 objiciebat,
3203 5256 3305 5313 hoc
3351 5274 3518 5333 unum

1939 5343 2245 5414 specialiter
2286 5342 2535 5414 ingessit,
2573 5344 2718 5413 quod
2748 5344 3147 5413 presbyterum,
3176 5346 3329 5418 cujus
3354 5362 3519 5418 supra

1937 5434 2043 5490 feci
2082 5436 2434 5500 mentionem,
2474 5435 2674 5503 injuste
2717 5435 3109 5506 dcposuissem.
3150 5438 3304 5507 Quod
3330 5442 3521 5512 procul

1938 5528 2100 5583 dubio
2134 5528 2327 5583 falsum
2367 5537 2468 5593 est,
2511 5537 2569 5583 ut
2613 5527 2767 5582 multi
2812 5528 2992 5584 idonei
3034 5538 3198 5587 testes
3228 5541 3283 5588 et
3305 5534 3515 5603 episco¥

1938 5638 2150 5692 porum,
2179 5633 2236 5678 et
2269 5631 2588 5678 cancrorum
2621 5622 2966 5690 clericorum,
2995 5624 3107 5694 sive
3150 5624 3433 5688 laicorum,
3456 5633 3512 5679 et

1940 5724 2205 5771 noverunt
2242 5725 2298 5771 et
2343 5726 2588 5771 noscunt.
2629 5717 2799 5784 Quem
2839 5725 3017 5771 tamen
3043 5716 3157 5787 ipse
3197 5716 3311 5786 jam
3337 5715 3512 5769 tribus

1940 5808 2098 5865 annis
2127 5809 2434 5876 transactis,
2454 5810 2654 5879 absque
2676 5822 2795 5864 meo
2814 5821 3101 5874 consensu,
3129 5820 3222 5862 seu
3241 5804 3509 5866 consultu.
3526 5813 3540 5827 '
