4070 6310
577 361 679 418 751

1226 361 1526 419 ROTHADI
1565 362 1608 417 ll
1657 360 1894 417 SUESS.
1938 359 2150 418 EPISC.
2180 354 2522 451 σιιθειιυδ
2553 356 3178 451 PROCLAMATIONIS.

3734 361 3841 421 753

566 474 633 529 ‘in
659 488 812 529 suam
842 481 1120 545 receperat
1147 476 1597 541 communionem,
1626 476 1782 544 eique
1828 474 2151 529 sacerdotali
2182 478 2227 537 Α
2257 489 2357 543 ego
2423 475 2475 529 in
2508 483 2649 529 terra
2685 475 3007 547 provolutus
3032 477 3292 543 orabam,
3312 485 3368 533 et
3395 475 3716 547 adjurabam
3744 496 3839 552 per

576 564 770 629 oilicio,
803 580 912 636 quo
942 581 1063 619 cum
1110 566 1327 636 triginta
1364 567 1526 620 trium
1557 566 1930 636 episcopormn
1952 566 2157 636 judicio

578 657 826 729 legaliter
872 657 1123 727 privatus
1176 667 1330 724 erat,
1385 669 1575 714 contra
1630 674 1896 714 canonum
1952 667 2154 714 statuta

579 746 724 817 fungi
752 748 1041 817 praecepit:
1085 748 1233 803 illum
1271 764 1402 804 vero
1446 751 1847 821 presbyterum,
1889 765 2051 820 quem
2098 750 2155 805 in

578 837 754 893 locum
799 839 1038 894 damnati
1088 855 1185 909 per
1224 851 1333 896 tres
1377 842 1541 896 etiam
1571 842 1789 897 circiter
1816 858 1988 898 annos
2028 843 2156 898 sub-

578 930 823 984 stitutum
866 929 1153 994 habebam,
1208 946 1305 1002 per
1359 933 1691 997 violentiam,
1734 950 1821 989 me
1852 935 2152 1005 ignorante,

580 1020 681 1075 sibi
713 1019 842 1075 fecit
869 1021 1083 1077 adduci.
1110 1021 1249 1077 Nam
1278 1039 1402 1078 cum
1430 1024 1481 1079 in
1511 1026 1905 1081 dominicorum
1929 1027 2015 1083 die
2042 1029 2156 1098 ipse

577 1113 858 1184 presbyter
889 1123 1108 1185 paratus
1129 1124 1275 1171 esset
1302 1116 1356 1172 in
1388 1118 1614 1174 ecclesia
1644 1120 1933 1175 missarum
1961 1121 2157 1175 solem-

579 1207 663 1259 nia
693 1207 891 1277 populo
915 1207 1212 1283 (glebrare,
1228 1210 1386 1280 jussu
1413 1212 1804 1283 archiepiscopi
1829 1221 2052 1282 repente
2079 1214 2151 1270 ibi

579 1271 825 1351 homines
853 1271 1159 1364 adhﬁnunt,
1192 1271 1281 1370 qui
1302 1271 1676 1371 presbyterum
1701 1271 1854 1357 extra
1880 1271 2157 1359 basilicam

576 1389 698 1443 dolo
747 1388 1037 1445 educentes
1098 1392 1277 1447 subito
1331 1402 1666 1464 rapuerunt,
1725 1403 1782 1449 et
1834 1396 2156 1469 infatigabili

576 1496 736 1536 cursu
766 1482 926 1537 citius
954 1482 1022 1538 ad
1044 1483 1161 1553 ejus
1183 1487 1527 1554 praesentiam
1552 1495 1953 1557 pertraxerunt.
1985 1488 2156 1555 Quem

574 1573 690 1643 ipse
738 1588 863 1629 mox
925 1577 1451 1632 excommunicatum
1512 1579 1567 1633 in
1622 1594 1896 1635 carcerem
1950 1582 2158 1637 retrudi

568 1662 751 1732 jussit,
808 1663 1065 1734 illumque
1117 1665 1421 1735 depositum
1472 1668 1798 1739 genitalibus
1846 1678 2156 1725 truncatum

575 1754 628 1809 in
654 1770 786 1809 mere
814 1756 1064 1826 paroeciae
1087 1757 1316 1814 ecclesia
1348 1760 1601 1814 restituit.
1634 1759 1773 1814 llinc
1797 1776 2009 1831 quoque
2051 1762 2156 1817 mi-

2256 580 2451 620 nomen
2480 567 2668 621 aeterni
2699 567 2812 631 Dei,
2841 576 2899 621 ut
2926 568 2996 622 ah
3039 569 3142 624 isto
3162 567 3369 637 judicio
3407 582 3712 639 cessarent,
3744 575 3838 629 mi-

2254 656 2441 726 hique,
2491 667 2550 712 ut
2605 660 2820 715 assidue
2866 661 3137 729 petebam,
3184 661 3413 719 Romam
3458 666 3838 735 proﬁciscendi

2255 746 2527 802 licentiam
2559 763 2665 802 non
2697 748 3019 805 adimerent.
3055 751 3208 807 Tunc
3236 768 3267 808 e
3298 755 3549 826 vestigio,
3581 764 3839 826 tanquam

2256 838 2309 892 in
2338 839 2626 905 latronem,
2652 855 2803 895 more
2840 842 3133 897 satellitum
3178 844 3427 901 homines
3453 847 3507 902 in
3536 862 3624 901 me
3649 863 3838 902 manus

2257 930 2577 1002 injecerunt,
2612 937 3125 1017 meque.rapaciter
3158 938 3227 994 ad
3258 941 3594 997 carceralem
3634 945 3839 1000 duxere

2255 1025 2577 1079 custodiam.
2614 1023 2840 1095 Quantis
2868 1035 3058 1096 postea
3105 1029 3207 1084 sim
3250 1029 3475 1086 aﬂectus
3500 1031 3743 1102 injuriis,
3778 1050 3838 1090 ac

2255 1130 2353 1186 per
2382 1116 2593 1171 diversa
2637 1116 2757 1170 loca
2806 1117 3121 1185 distractus,
3163 1129 3369 1189 quanto
3406 1119 3604 1176 fuerim
3656 1122 3840 1178 labore

2256 1206 2547 1276 fatigatus,
2607 1208 2768 1263 tzedet
2820 1224 2938 1273 me,
2994 1211 3264 1281 pudetque
3323 1212 3549 1267 referre.
3606 1214 3693 1268 Ad
3743 1214 3841 1270 hoc

2256 1314 2492 1368 namque
2547 1310 2829 1355 coarctare
2879 1303 3228 1371 satagebant,
3289 1302 3562 1359 interdum
3632 1304 3841 1375 aliquos

2258 1389 2532 1457 honores,
2584 1390 2638 1444 id
2695 1399 2800 1457 est,
2863 1408 3025 1447 unam
3072 1393 3348 1449 abbatiam
3396 1397 3841 1465 repromittentes

2259 1489 2419 1549 atque
2441 1480 2787 1549 spondentes,
2821 1488 3031 1535 tantum
3062 1492 3120 1536 ut
3147 1483 3200 1537 in
3226 1499 3401 1539 meam
3434 1486 3839 1541 damnationem

2257 1585 2358 1640 ego
2404 1570 2822 1625 subscriberem.
2877 1571 3086 1627 Interea
3130 1574 3415 1628 ordinatur
3461 1576 3753 1646 episcopus
3787 1577 3838 1631 in

2259 1661 2514 1716 cathedra
2542 1662 2793 1729 viventis,
2822 1664 3073 1733 quamvis
3100 1680 3168 1720 ne
3211 1681 3449 1735 unquam
3495 1675 3621 1736 post
3656 1669 3840 1738 appel-

2260 1749 2515 1805 lationem
2554 1750 2782 1806 Romani
2825 1753 3099 1822 pontificis
3141 1754 3246 1810 hoc
3272 1756 3383 1819 fiat,
3418 1758 3559 1812 sacri
3602 1774 3843 1815 canones

582 1848 1017 1905 hicontumacia:
1049 1858 1102 1905 et
1144 1852 1525 1908 obstinationis
1572 1854 1873 1924 imputabat
1921 1865 2152 1925 reatum,

2260 1843 2542 1899 evidenter
2592 1853 2779 1899 vetare
2824 1834 3135 1900 noscantur.
3195 1846 3381 1917 Neque
3432 1850 3601 1913 enim,
3654 1859 3842 1905 sancte

574 1939 829 2008 quoniam
874 1940 976 1995 sibi
1004 1941 1057 1995 in
1105 1941 1302 1998 talibus
1345 1943 1659 1999 inobediens
1684 1946 2014 2002 existerem:
2054 1949 2157 2004 hoc

562 2048 608 2086 ra
640 2047 725 2086 me
753 2033 967 2102 exigere
991 2033 1198 2098 volens,
1249 2045 1309 2088 ut
1331 2051 1437 2089 non
1464 2037 1619 2106 quasi
1665 2036 1938 2092 confrater
1958 2048 2009 2094 et
2033 2053 2157 2095 coe-

556 2123 852 2193 .pisdopits,
879 2126 972 2181 sed
1012 2134 1073 2179 ut
1114 2127 1365 2195 proprius
1407 2128 1659 2194 clericus,
1689 2129 1758 2183 ad
1789 2144 1884 2184 sua
1920 2139 2042 2184 vota
2072 2132 2156 2184 fa-

575 2213 833 2269 mularer.
874 2213 1139 2270 Similiter
1177 2216 1320 2284 quod
1368 2225 1590 2287 propter
1636 2217 1930 2273 indebitam
1972 2221 2154 2289 appel-

574 2303 831 2359 lationem
876 2305 943 2359 ad
984 2306 1333 2376 apostolicam
1386 2308 1567 2363 sedem
1623 2308 1735 2363 suis
1783 2308 2159 2380 obtemperare

572 2396 825 2464 precibus
875 2406 1321 2464 contemnerem;
1370 2398 1500 2464 imo,
1541 2400 1685 2469 quod
1731 2416 1834 2471 ego
1882 2417 1990 2457 non
2035 2404 2155 2473 Opi-

574 2489 765 2553 nabar,
798 2489 1073 2544 canonicis
1134 2489 1563 2546 institutionibus
1620 2493 1971 2547 contrairem.
2031 2491 2159 2548 Haec

573 2591 754 2635 autem
810 2590 867 2635 et
921 2581 1028 2635 alia
1087 2581 1221 2636 mihi
1273 2582 1389 2653 pari
1428 2584 1590 2638 modo
1640 2582 1771 2638 falsa
1831 2584 2152 2649 ascribebat,

572 2670 1163 2742 qute,divina.favente
1210 2676 1406 2745 gratia,
1455 2684 1509 2730 et
1556 2677 1926 2733 misericordia
1977 2680 2156 2749 opitu-

572 2761 740 2828 lante,
779 2763 933 2832 quasi
958 2762 1143 2819 favilla
1168 2765 1236 2819 ad
1270 2751 1511 2820 'nibilum
1556 2767 1888 2838 redigentur,
1917 2778 1972 2824 et
1999 2770 2157 2839 quasi

575 2857 758 2913 fumus
786 2867 1128 2920 evanescent,
1154 2867 1207 2915 te
1226 2859 1463 2936 quidem,
1497 2860 1713 2915 domine
1740 2861 2159 2917 clementissime

572 2957 629 3002 et
666 2948 974 3020 coangelice
1019 2963 1180 3020 papa,
1221 2964 1343 3006 cum
1378 2950 1747 3020 apostolorum
1792 2953 2001 3008 meritis
2032 2968 2158 3009 coo—

572 3047 797 3111 perante
838 3053 903 3093 ac
925 3037 1277 3111 suﬂ‘ragante.
1319 3038 1435 3095 Non
1463 3041 1608 3095 enim
1647 3040 1913 3111 meipsum
1955 3057 1987 3097 a
2019 3043 2157 3097 mul-

575 3131 646 3186 tis
682 3131 819 3186 meis
845 3146 1042 3187 excuso
1080 3132 1337 3202 peccatis,
1362 3142 1455 3187 aut
1478 3132 1545 3188 de
1588 3124 1745 3189 bonis
1769 3131 2009 3201 justiﬁco
2032 3148 2157 3189 cum

2259 1944 2430 2004 pater,
2464 1945 2554 1990 tua
2584 1938 2837 1992 mandata
2864 1953 2962 2008 per
3001 1939 3327 2009 apostolicas
3372 1942 3633 2012 epistolas
3658 1942 3843 1999 debita

2259 2027 2583 2090 reverentia,
2613 2043 2871 2098 moreque
2911 2029 3161 2096 solemni,
3192 2031 3306 2085 sive
3345 2032 3533 2086 auditu
3568 2049 3834 2105 congruo,

2258 2114 2479 2172 fuerunt
2516 2118 2821 2172 observata.
2860 2118 3101 2190 Denique
3140 2123 3417 2189 requirere
3468 2124 3733 2194 dignetur
3759 2142 3840 2180 ve-

2259 2218 2373 2264 stra
2410 2218 2598 2265 sancta
2643 2207 2932 2280 pastoralis
2986 2211 3292 2267 sollicitudo
3333 2223 3497 2282 atque
3536 2215 3840 2284 diligentia,

2259 2299 2417 2368 quale
2444 2300 2576 2353 mihi
2622 2299 2894 2354 immerito
2938 2301 3304 2356 testimonium
3332 2313 3518 2358 nostra
3566 2307 3845 2374 perhibuit

2258 2389 2517 2454 Ecclesia,
2547 2390 2762 2458 quando
2804 2391 3000 2446 vestris
3043 2392 3442 2448 venerabilibus
3473 2395 3698 2465 legatis,
3739 2397 3846 2451 Ra-

2258 2484 2450 2542 doaldo
2468 2492 2629 2554 atque
2642 2480 2860 2549 Joanni,
2878 2484 3035 2539 obvia
3061 2483 3161 2539 fuit
3183 2486 3340 2539 turba
3362 2486 3599 2541 civitatis
3613 2498 3844 2552 nostrae.

2258 2593 2322 2633 ac
2348 2575 2777 2646 circumjaeentis
2809 2576 3071 2646 regionis;
3109 2584 3164 2630 et
3202 2577 3331 2647 quid
3359 2578 3427 2632 ab
3455 2578 3536 2632 eis
3584 2591 3846 2649 expetere

2259 2668 2468 2737 magnis
2496 2666 2842 2731 clamoribus,
2882 2666 3169 2737 multisque
3193 2667 3446 2738 precibus
3487 2669 3636 2724 circa
3686 2686 3847 2726 suum

2256 2767 2530 2829 pastorem
2558 2758 2874 2825 satagebant
2904 2774 2918 2824 ;
2962 2757 3090 2813 licet
3119 2760 3188 2814 ab
3219 2759 3536 2815 Ercbanrao
3561 2762 3842 2832 episcopo,

2258 2863 2380 2903 meo
2419 2847 2860 2914 conditecesano,
2888 2849 3097 2918 magnis
3141 2850 3300 2904 minis
3335 2859 3498 2919 atque
3530 2854 3849 2920 percussio.

2259 2941 2418 2996 nibus
2443 2941 2732 2997 admodum
2777 2942 3216 3012 prohiberentur,
3257 2943 3401 3013 regis
3437 2954 3604 3014 atque
3630 2946 3847 3000 archie-

2260 3031 2466 3102 piscopi
2518 3034 2625 3088 mei
2680 3033 3065 3088 interdictione
3114 3033 3453 3099 denuntiata,
3505 3050 3577 3089 ne
3620 3036 3846 3090 omnino

2261 3119 2465 3193 aliquid
2505 3121 2825 3193 hujusmodi,
2857 3121 3094 3177 clamare
3134 3133 3543 3192 pmsumerent.
3582 3124 3651 3177 Et
3706 3140 3847 3181 nunc

578 3223 747 3276 sciam
767 3222 1236 3291 quodjnnumera
1264 3223 1330 3277 de
1358 3237 1444 3277 me
1474 3223 1575 3279 dici
1607 3225 1817 3295 possint
1856 3238 1961 3279 non
1992 3223 2153 3279 bona.

2264 3229 2364 3286 ego
2389 3214 2628 3270 omnium
2654 3214 3033 3284 episcoporum
3065 3216 3342 3281 minimus,
3369 3216 3461 3285 qui
3493 3224 3677 3270 tamen
3708 3217 3848 3286 apud

574 3314 955 3370 Serumtamen
998 3314 1118 3381 illa,
1166 3330 1287 3385 qua:
1334 3316 1601 3372 malitiose
1648 3317 1715 3373 ad
1761 3332 1937 3373 meam
1984 3317 2141 3374 video

574 3406 974 3460 damnationem
1005 3421 1125 3461 esse
1156 3415 1389 3476 reperta,
1427 3407 1539 3463 Deo
1564 3415 1700 3464 teste
1744 3417 1793 3464 et
1822 3406 2029 3477 judice,
2065 3409 2159 3480 qui

567 3496 905 3566 iudicaturus
957 3506 1042 3555 est
1071 3498 1224 3554 vivos
1274 3507 1331 3555 et
1377 3507 1651 3565 mortuos,
1691 3515 1800 3555 non
1858 3484 1987 3556 vera
2039 3515 2161 3558 esse

572 3590 884 3659 pronuntio.
915 3590 1158 3673 Denique
1206 3588 1493 3661 saepefatus
1526 3591 1959 3663 archiepiscopus
2005 3607 2159 3648 meus

574 3683 629 3737 in
658 3682 846 3738 eodem
898 3683 1127 3740 concilio
1164 3692 1420 3755 tanquam
1470 3686 1765 3758 imperator
1794 3687 2155 3758 triumphans,

573 3783 629 3830 et
679 3783 932 3845 tanquam
971 3791 1215 3832 summus
1258 3776 1501 3833 ecclesia:
1544 3777 1785 3849 pontifex
1833 3778 2155 3847 decernens,

575 3863 856 3936 subjugata
877 3880 976 3921 suo
997 3866 1320 3936 potentatui,
1353 3876 1408 3922 et
1432 3882 1689 3939 oppressa
1716 3867 1948 3923 fratrum
1978 3870 2156 3925 humi-

573 3956 724 4009 litate
743 3956 852 4025 jam
884 3957 1014 4011 mihi
1042 3957 1327 4027 intrepide,
1352 3966 1426 4025 et,
1456 3967 1516 4014 ut
1543 3975 1667 4015 reor
1691 3961 1868 4031 impie,
1891 3961 2153 4032 judicium

574 4046 922 4115 depositionis
952 4048 1131 4104 emisit
1158 4063 1174 4103 :
1203 4050 1598 4121 parvipendens
1629 4053 1773 4122 quod
1800 4052 1895 4108 ulli
1922 4053 2152 4109 ulterius

576 4137 705 4193 inde
735 4147 880 4193 esset
928 4139 1192 4195 rationem
1223 4142 1555 4206 redditurus,
1600 4150 1656 4196 et
1702 4143 1857 4214 quasi
1887 4145 1989 4199 hoc
2023 4145 2154 4201 nulli

574 4228 817 4293 deberet,
851 4227 904 4282 in
931 4229 1109 4299 seipse
1146 4229 1458 4287 conﬁdens:
1490 4242 1544 4287 et
1569 4232 1698 4287 illud
1740 4234 1872 4288 satis
1896 4234 2149 4298 innotuit,

573 4318 791 4389 quando
819 4332 924 4383 me,
968 4319 1097 4388 quia
1145 4321 1322 4390 ipsum
1351 4321 1521 4377 solum
1550 4322 1904 4390 offenderam,
1955 4325 2153 4381 nullius

571 4426 732 4483 posse
759 4410 981 4466 alterius
1018 4412 1285 4468 sublevari
1324 4415 1526 4470 auxilio
1570 4416 1945 4472 demonstrare
1982 4433 2152 4473 cona-

573 4506 753 4570 batur,
784 4511 1066 4573 totumque
1097 4503 1228 4558 mihi
1252 4514 1492 4569 noceret,
1526 4507 1667 4575 quod
1697 4507 1840 4562 aliud
1870 4507 2152 4576 sperabam

568 4601 824 4672 petebam
877 4600 1207 4670 praesidium.
1256 4600 1325 4655 Et
1368 4616 1495 4656 ecce
1544 4611 1655 4658 tres
1705 4601 1963 4674 episcopi,
2017 4618 2154 4672 quos

568 4692 895 4747 Hincmarus
952 4690 1257 4760 huiusmodi
1304 4692 1668 4761 simplicitatis
1719 4708 1843 4748 esse
1904 4701 2150 4758 noverat,

565 4782 843 4837 sententia
895 4781 1514 4848 exeommunicationis,
1560 4782 1670 4838 imo
1714 4783 2148 4853 conspirationis,

566 4872 635 4926 ab
666 4874 783 4942 ipso
830 4889 953 4929 meo
999 4873 1315 4930 damnatore
1359 4884 1598 4945 accepta,
1647 4875 1715 4930 ad
1757 4889 1849 4929 me
1892 4874 2152 4929 violenter

571 4964 839 5020 inclusum
879 4967 1262 5038 properabant,
1293 4976 1349 5023 et
1376 4967 1518 5023 sicut
1554 4966 1658 5023 illis
1702 4966 2002 5036 injunctum
2032 4966 2148 5022 fue-

575 5062 679 5126 rat,
736 5056 1050 5128 laerymosis
1103 5058 1352 5129 suspiriis
1406 5058 1538 5114 mihi
1589 5056 1968 5128 propinabant.
2029 5057 2150 5113 Mox

2182 4545 2232 4605 D

2263 3307 2532 3377 quosdam
2565 3321 2671 3361 non
2711 3306 3016 3377 episcopus,
3049 3307 3143 3362 sed
3176 3304 3333 3374 juxta
3376 3307 3728 3377 paternitatis
3759 3323 3848 3362 ve-

2263 3408 2393 3455 stra:
2410 3399 2800 3456 beatitudinem
2826 3400 3111 3470 episcopus
3135 3416 3321 3466 vocor,
3356 3400 3409 3455 in
3434 3400 3671 3457 Domino
3691 3402 3846 3457 valde

2261 3490 2561 3557 confidens,
2586 3490 2655 3544 ad
2685 3491 3103 3561 praecellentiam
3132 3491 3301 3547 vestri
3336 3489 3687 3560 praesulatus,
3716 3491 3846 3560 piis-

2262 3585 2400 3639 sime
2423 3582 2660 3648 domine,
2689 3584 2980 3656 confugere
3025 3584 3186 3657 elegi,
3226 3592 3283 3641 et
3324 3583 3393 3640 de
3416 3585 3843 3656 magnificentis-

2261 3676 2399 3732 sima
2428 3676 2671 3731 bonitate
2720 3685 2899 3731 vestra
2946 3675 3205 3731 auxilium
3233 3690 3476 3746 sperans,
3525 3677 3597 3730 ad
3624 3687 3843 3731 sancto-

2260 3782 2382 3823 rum
2407 3766 2771 3838 apostolorum
2822 3767 3190 3823 sacratissima
3226 3766 3433 3834 limina,
3460 3782 3621 3839 opem
3644 3768 3845 3823 suifra-

2258 3859 2492 3931 gaminis
2541 3859 2947 3930 impetraturos,
2981 3860 3238 3915 decenter
3283 3860 3510 3915 accessi.
3550 3858 3701 3914 Ecce
3732 3859 3844 3927 jam

2259 3965 2356 4021 per
2380 3950 2662 4006 dimidium
2710 3964 2916 4005 annum
2957 3959 3084 4005 ante
3117 3950 3341 4021 januam
3387 3949 3709 4020 apostolica
3732 3950 3848 4021 pie—

2258 4045 2386 4100 tatis
2434 4042 2653 4114 pulsans
2701 4043 2918 4109 assiste,
2974 4043 3243 4098 rationem
3281 4045 3347 4099 de
3394 4043 3673 4104 omnibus,
3724 4058 3847 4113 quae

2258 4138 2391 4193 mihi
2424 4136 2560 4192 falso
2590 4144 2644 4191 et
2666 4134 2864 4204 injuste
2894 4144 3021 4192 sunt
3045 4133 3279 4204 objecta,
3325 4134 3554 4189 reddere
3579 4145 3845 4204 paratus:

2258 4223 2541 4303 nulltﬁque
2569 4240 2655 4286 est
2682 4231 2777 4300 qui
2819 4231 2875 4284 in
2899 4230 3156 4301 praesenti
3185 4228 3424 4299 aliquam
3464 4227 3737 4283 adversus
3761 4241 3848 4281 me

2256 4339 2443 4381 vocent
2486 4322 2728 4394 proferat
2754 4321 3135 4377 accusationis.
3178 4319 3246 4374 Et
3283 4318 3544 4389 quoniam
3581 4326 3717 4371 ante
3752 4331 3846 4370 ve-

2258 4425 2425 4471 stram
2472 4413 2876 4484 dignationem,
2943 4424 3117 4479 neque
3167 4423 3254 4463 me
3306 4406 3499 4462 falsum
3552 4406 3842 4467 exhibere.

2259 4521 2434 4577 neque
2489 4502 2687 4575 negotii
2736 4500 2842 4557 mei
2893 4515 3088 4555 causas
3146 4512 3458 4569 exponere,
3508 4495 3596 4550 vel
3650 4509 3845 4567 preces

2260 4613 2429 4664 meas,
2456 4605 2516 4650 ut
2544 4595 2819 4658 decuerat,
2861 4592 2977 4647 scio
3004 4605 3263 4662 perorare
3287 4610 3301 4644 ;
3341 4595 3511 4644 restat
3540 4595 3603 4641 ut
3643 4587 3746 4658 ipsi
3772 4586 3842 4641 de

2260 4705 2367 4754 me,
2396 4686 2692 4744 secundum
2726 4682 3046 4755 sapientiam
3089 4681 3303 4737 ctelitus
3353 4679 3508 4734 vobis
3558 4679 3841 4739 donatam,

2261 4778 2687 4836 misericorditer
2713 4776 2859 4847 quod
2918 4774 3160 4846 coepistis
3208 4770 3528 4845 perﬁciatis,
3576 4784 3647 4825 ne
3690 4767 3841 4835 seja-

2258 4871 2449 4926 ctitent
2475 4876 2850 4934 temeratores,
2891 4874 3116 4936 propter
3151 4878 3329 4919 meam
3365 4861 3637 4916 vilitatem
3671 4868 3726 4914 et
3761 4858 3840 4911 in-

2259 4960 2599 5032 dignitatem,
2641 4956 2940 5029 apostolica
2962 4955 3088 5026 jura
3115 4957 3171 5011 et
3196 4951 3461 5009 canonica
3489 4948 3865 5021 praevaluisse.

2261 5052 2537 5108 infirmare
2565 5058 2787 5106 statuta.
