4070 6310
247 360 3515 413 W

1348 539 1517 583 ANNO
1557 533 1790 582 DOMINI
1834 533 2111 582 DCCCLXV
2123 534 2188 576 ll.

940 756 2497 990 NICOLAUS
2707 769 2822 983 Ι

1434 1110 1848 1173 PONTIFEX
1889 1108 2295 1173 ROMANUS.

1038 1414 1614 1533 NICOLAI
1697 1411 2235 1561 PAPZEI
2317 1410 2713 1531 VITA.

1326 1636 1488 1700 (Apud
1516 1635 1688 1695 Uansl,
1711 1635 1876 1698 Conc.,
1901 1643 2017 1686 tom.
2043 1632 2152 1699 XV,
2175 1647 2288 1700 pag.
2309 1634 2444 1696 ιιι.)

315 1904 571 1976 Nicotaus
600 1900 919 1976 (a)_natione
942 1899 1240 1965 Romanus,
1270 1912 1336 1953 ex
1362 1904 1517 1969 patre
1530 1897 1829 1976 .Theodoro
1855 1894 1905 1957 Α
1933 1895 2194 1976 Romanis
2224 1896 2481 1976 Ecclesiae
2502 1895 2619 1976 .Leo
2640 1896 3001 1976 gubernacula
3032 1897 3230 1976 praesul
3251 1898 3517 1976 suscepit.

243 1968 751 2049 regionario,_sedit
789 1987 956 2049 annos
989 1985 1208 2049 novem,
1255 1968 1470 2049 menses
1515 1968 1683 2049 duos,
1714 1969 1829 2023 dies

246 2039 674 2119 vigintiailujus
710 2042 949 2119 insignes
989 2039 1488 2119 beatissimiactus
1518 2039 1827 2119 omnibusa

290 2110 547 2174 rimordio
573 2110 966 2186 pueritye'sua:
995 2112 1281 2186 fulserunt,
1304 2110 1629 2181 intactisque
1659 2110 1827 2164 mori—

290 2134 547 2174 nmoroto
573 2134 819 2186 puerum:
854 2134 966 2168 suae
995 2134 1281 2174 ttttset'ttm,
1306 2134 1629 2181 Intuensque
1659 2134 1827 2164 murt-

243 2134 349 2246 Bus
377 2188 705 2242 claruerunt.
744 2182 915 2238 Tanta
944 2181 1087 2237 enim
1127 2195 1407 2235 sacrorum
1436 2188 1683 2250 comptus
1711 2188 1829 2235 erat

242 2258 669 2331 pulchritudine
695 2270 941 2331 operum,
976 2261 1049 2331 _ut.
1102 2252 1235 2307 nihil
1271 2251 1401 2331 indi,
1459 2251 1720 2331 nihilque,
1773 2260 1833 2306 ut

242 2320 401 2401 pueri
428 2327 624 2401 solent,
655 2320 926 2401 inhonesti
959 2323 1253 2401 deieciaret
1274 2322 1446 2401 illum.
1475 2320 1711 2401 vacabat
1736 2337 1831 2375 att-

248 2392 355 2455 iem
387 2398 660 2469 patientia:
688 2405 740 2469 et
771 2395 1071 2469 sobrietati,
1102 2393 1336 2469 flagrans
1372 2392 1705 2469 humilitate,
1732 2409 1830 2462 pu-

245 2463 516 2539 ritateque
552 2467 843 2539 praecipua.
889 2464 1051 2519 Pater
1072 2480 1200 2539 vero
1225 2463 1341 2539 ejus
1372 2463 1675 2539 liberalium
1706 2479 1829 2519 cum

246 2534 444 2596 fuisset
470 2534 681 2592 amator
704 2534 923 2601 artium,
957 2544 1011 2588 et
1042 2535 1378 2590 nobilissimo
1405 2534 1631 2604 polleret
1667 2543 1829 2588 stem-

243 2610 605 2675 mate,’castis
630 2606 787 2678 [forte
808 2604 1042 2664 cunctis]
1066 2620 1189 2660 eum
1217 2605 1520 2678 elementis,
1553 2604 1830 2678 almiiicis-

190 2744 195 2747 _
245 2697 354 2751 que
383 2674 575 2735 ritibus
615 2674 1235 2751 imbuens,litterarum
1274 2675 1486 2740 studiis,
1511 2683 1567 2729 et
1606 2674 1827 2751 Optimis

244 2744 455 2807 artibus
498 2749 847 2820 peroruabat,
900 2749 974 2802 ita
1025 2756 1085 2801 ut
1129 2746 1270 2820 nulla
1303 2761 1577 2820 sacrarum
1621 2744 1829 2814 species

244 2817 550 2876 remaneret
581 2817 1009 2890 disciplinarum,
1047 2832 1207 2890 quam
1229 2817 1477 2890 _interuis
1510 2823 1826 2890 conceptam

239 2892 570 2955 visceribus,
585 2886 802 2958 suaeque
816 2886 1107 2959 cognitioni
1127 2888 1439 2959 traductam
1452 2903 1558 2941 non
1582 2886 1824 2959 haberet.

243 2962 455 3019 Crescit
485 2972 665 3016 autem
690 2956 963 3018 membris.
994 2959 1193 3013 crescit
1232 2969 1288 3012 et
1328 2957 1614 3026 sapientia,
1653 2956 1829 3012 clarus

244 3034 536 3097 modestia,
564 3031 756 3101 spiritu
780 3039 835 3084 et
863 3030 1089 3085 scientia
1113 3030 1396 3101 decoratus
1426 3046 1439 3081 :
1469 3026 1825 3101 probabilium

238 3119 442 3173 nempe
465 3098 675 3156 morum
704 3101 754 3173 si
780 3114 1160 3173 quoscunque
1185 3099 1738 3173 viros__conspiceret,
1764 3098 1829 3151 il-

240 3174 350 3230 lico
377 3168 637 3227 concitus
672 3172 952 3226 adhaerere
990 3168 1259 3236 studebat,
1293 3168 1504 3240 illisque
1544 3177 1832 3239 congratu-

240 3244 461 3299 labatur
482 3244 706 3313 optime.

317 3310 560 3383 Cumque
592 3328 713 3368 cum
762 3310 1182 3380 prudentissimo
1227 3319 1383 3383 patre
1429 3311 1496 3366 ad
1536 3312 1821 3383 quemdam

241 3382 615 3441 beatissimum
644 3384 835 3440 crebro
871 3383 1048 3436 virum
1078 3382 1380 3453 accederet,
1414 3383 1505 3451 qui
1537 3382 1705 3439 sancti
1728 3398 1825 3453 per

244 3456 665 3511 ittustrationem
710 3453 946 3522 Spiritus
985 3453 1137 3522 plura
1185 3452 1431 3508 fidelibus
1472 3452 1822 3522 praedicabat,

244 3526 427 3593 amplo
457 3541 579 3579 eum
606 3523 884 3579 asserebat
907 3523 959 3577 in
993 3524 1225 3578 culmine
1253 3539 1623 3579 ascensurum.
1656 3523 1827 3579 Deco-

242 3597 325 3651 ris
364 3595 509 3651 enim
551 3596 726 3650 intimi
768 3594 1194 3663 magnitudinem
1240 3595 1474 3658 intuens,
1521 3595 1827 3663 mentisque

245 3667 585 3722 dulcedinem
617 3680 928 3727 coruscare,
954 3664 1113 3730 hujus
1140 3665 1481 3719 ordinatione
1506 3664 1573 3719 ad
1601 3665 1827 3719 clerica-

246 3745 337 3792 tus
367 3736 657 3806 prrductus
689 3746 771 3791 est
799 3735 1068 3799 ordinem,
1099 3744 1156 3788 ut
1185 3736 1327 3805 quod
1371 3736 1554 3806 divino
1583 3744 1829 3791 senserat

244 3804 406 3870 nutu,
437 3806 632 3861 futuris
660 3806 992 3876 temporibus
1034 3804 1367 3875 impleretur.
1413 3804 1635 3877 Sergius
1662 3821 1826 3874 porro

242 3877 441 3950 prmsul
469 3878 521 3950 in
547 3893 769 3932 summae
794 3877 1028 3950 actionis
1047 3877 1414 3950 cumfastigia
1444 3877 1826 3950 conscendisse

248 3946 372 4003 eum
402 3947 631 4009 audiret,
660 3959 942 4018 parentum
976 3946 1429 4018 illumdeducens
1454 3948 1520 4001 ab
1545 3947 1749 4001 {edibus
1772 3948 1823 4002 in

243 4018 580 4091 patriarchio
600 4016 824 4091 locavit,
853 4028 907 4091 et
936 4020 986 4091 in
1021 4016 1440 4091 subdiaconaius
1480 4033 1574 4086 per
1606 4018 1827 4091 benedi-

245 4088 443 4143 ctionis
475 4089 702 4158 gratiam
734 4088 1014 4143 constituit
1058 4089 1309 4158 gradum.
1342 4088 1397 4141 ltt
1441 4104 1547 4157 quo
1581 4089 1826 4145 mirificis

245 4159 722 4215 observationibus
767 4161 987 4227 degens,
1039 4158 1242 4213 C(elesti
1290 4157 1568 4213 fruebatur
1608 4161 1821 4215 ardore.

244 4231 441 4302 Sergio
470 4245 598 4284 vero
623 4244 761 4299 papa
790 4230 857 4284 ab
882 4230 984 4284 hac
1014 4229 1353 4299 corruptibili
1381 4230 1489 4284 vita
1521 4230 1819 4298 subtracto,

315 4388 392 4511 (τι)
412 4371 693 4444 ’Νἱεοιαιιι
721 4388 878 4443 Anno
917 4387 1293 4459 Redemptoris
1324 4363 1489 4446 nostri
1531 4390 1655 4456 858,
1688 4399 1825 4446 tem—

319 4460 361 4511 ri
386 4474 467 4511 ms
495 4458 749 4511 Ludovici
794 4459 1035 4511 secundi.
1064 4471 1117 4511 et
1141 4460 1415 4511 Michaelis
1457 4461 1819 4511 imperatoris-

240 4458 467 4531 poribus
495 4458 1035 4531 Ludovicisecundi,
1064 4458 1415 4516 ct'Michaelis
1456 4461 1820 4531 imperatoris,

240 4528 465 4602 evectus
492 4536 591 4602 est
622 4531 673 4584 in
721 4528 900 4584 sedem
947 4530 1293 4602 apostulicam
1343 4528 1611 4598 Nicolaus,
1660 4549 1819 4602 quem

2002 1966 2102 2035 Qui
2126 1968 2282 2039 ineo
2310 1968 2607 2038 saepissime
2628 1966 2817 2023 videns
2843 1966 3260 2039 perseverantiae
3284 1966 3513 2037 fructus,

1933 2038 2136 2106 ingenti
2170 2038 2317 2092 illum
2360 2040 2646 2093 diaconum
2676 2038 3016 2094 consecravit
3046 2039 3351 2096 dilectione.
3400 2040 3516 2097 Hoc

1906 2109 2131 2179 quippe
2164 2109 2311 2182 eo_in
2343 2109 2555 2182 ordine;
2586 2108 2948 2172 ministrante,
2986 2117 3132 2165 tanta
3163 2111 3242 2182 illi
3285 2112 3517 2182 desuper

1929 2194 2187 2236 concessa
2217 2179 2394 2234 fuerat
2419 2180 2617 2248 gratia,
2645 2188 2705 2233 ut
2726 2195 2949 2235 summa:
2975 2179 3206 2237 actionis
3229 2197 3258 2235 a
3301 2179 3513 2239 cunctis

1930 2259 2250 2321 cerneretur
2268 2249 2692 2321 perfectionibus
2721 2251 2968 2307 rutilare.
3005 2251 3308 2307 Amabatur
3333 2263 3512 2308 autem

1929 2335 1961 2375 a
1991 2320 2216 2395 clerota
2249 2320 2519 2376 nobilibus
2546 2320 2889 2390 laudabatur,
2917 2330 2970 2377 et
2991 2336 3020 2377 a
3064 2322 3221 2393 plebe
3261 2325 3511 2395 magnifi-

1929 2407 2026 2447 cus
2051 2390 2355 2446 amabatur.

1999 2461 2180 2516 Leone
2231 2463 2440 2518 scilicet
2486 2476 2620 2532 papa
2667 2462 2921 2519 defuncto
2977 2462 3300 2522 Benedictus
3357 2465 3515 2521 mirze

1928 2532 2280 2588 beatitudinis
2307 2534 2410 2607 vir,
2438 2542 2494 2607 e_t
2525 2534 2926 2588 sacratissimus
2968 2534 3230 2607 pontifex,
3274 2552 3512 2607 superno

1930 2612 2207 2678 protectus
2227 2604 2427 2678 auxilio
2446 2603 2715 2678 Alloiuanze
2755 2606 3087 2678 praeponitur
3115 2608 3254 2671 sedi,
3286 2603 3507 2678 sumque

1930 2674 2079 2728 illum
2101 2673 2550 2728 administrationi
2574 2673 2957 2746 conjunxit,eo
2978 2677 3119 2745 quod
3142 2678 3313 2746 magis
3336 2673 3508 2745 illum,

1929 2759 2090 2814 quam
2141 2759 2249 2816 suae
2295 2744 2783 2813 consanguinitatis
2816 2744 3148 2816 propinquos
3182 2744 3390 2813 dilexit,
3436 2744 3510 2804 ita

1930 2823 1991 2869 ut
2019 2830 2115 2884 per
2130 2814 2326 2884 nullius
2344 2816 2489 2869 horae
2521 2814 2852 2870 momentum
2881 2814 2996 2871 sine
3021 2814 3111 2872 illo
3132 2834 3251 2874 esse
3271 2820 3508 2875 delecta-

1931 2883 2101 2940 retur.
2156 2883 2424 2955 Quidquid
2454 2885 2942 2941 ecclesiasticarum
2978 2903 3159 2942 rerum
3185 2890 3512 2945 utilitatibus

1930 2954 2240 3029 intuebatur
2253 2954 2576 3029 congruere,
2597 2972 2719 3009 cum
2742 2973 2806 3011 co
2827 2958 3173 3029 promulgans
3195 2959 3513 3016 diffinition't

1932 3027 2202 3089 tradebat,
2252 3026 2701 3100 pmdentissimas
2748 3026 2839 3082 sui
2874 3026 3246 3100 contemplans
3299 3031 3520 3088 arbitrii

1930 3112 2078 3167 opes,
2113 3112 2412 3167 sensusque
2438 3097 2738 3170 clarescere
2758 3100 3040 3156 virtutem:
3059 3097 3340 3170 utriusque
3362 3103 3529 3159 eniutx.

1932 3182 2143 3236 semper
2171 3169 2512 3223 observantia
2541 3167 2754 3223 utiliora
2796 3185 2894 3225 suo
2931 3172 3213 3227 conamine
3251 3167 3506 3227 faciebat.

1855 3244 1904 3305 B
2036 3248 2279 3322 extrema
2306 3240 2519 3326 tan‘dem
2547 3241 2669 3294 vitae
2700 3239 3023 3324 Bene.liotus
3050 3245 3364 3326 perduotus,
3388 3260 3509 3326 pre-

1935 3308 2083 3365 tiosaa
2109 3312 2300 3364 mortis
2326 3308 2548 3364 calicem
2578 3312 2824 3380 sumpsit,
2848 3308 3066 3382 suisque
3094 3328 3216 3368 eum
3242 3308 3508 3382 humeris,

1925 3396 2048 3455 cum
2078 3382 2253 3455 adhuc
2280 3381 2539 3455 diaconus
2565 3390 2730 3446 esset,
2758 3399 2926 3455 usque
2948 3381 3018 3455 ad
3053 3385 3279 3455 apostoli
3310 3381 3503 3443 beatisé

1927 3451 2050 3505 simi
2086 3451 2231 3526 l_’_etri
2280 3452 2555 3526 basilicam
2585 3467 2707 3526 cum
2742 3451 2860 3526 aliis
2907 3451 3224 3526 diaconibus
3263 3466 3508 3526 gestans,

1926 3522 2160 3597 propriis
2190 3523 2436 3597 manibus
2466 3524 2673 3597 tumulo
2701 3523 3005 3597 collecavit,
3037 3522 3341 3597 dilectionis
3368 3522 3503 3597 prae;

1926 3593 2362 3673 iniumpandens
2413 3593 2554 3663 quod
2600 3594 2743 3649 circa
2770 3610 2892 3649 eum
2925 3595 3179 3663 habebat,
3207 3607 3261 3653 et
3305 3593 3509 3654 amoris

1926 3664 2312 3733 integritatem.

1998 3733 2077 3787 Eo
2105 3744 2284 3789 autem
2318 3744 2556 3804 tempore
2586 3736 2969 3792 invictissimus
2993 3736 3163 3792 Roma
3198 3738 3509 3794 Ludovicus

1927 3802 2108 3879 Caesar
2146 3802 2488 3879 discesserat.
2518 3806 2616 3879 Qui
2661 3807 2923 3879 cjuscum
2967 3809 3257 3862 transitum
3303 3825 3506 3879 c0gno-

1926 3874 2095 3930 visset
2119 3876 2432 3940 condolens,
2461 3874 2706 3931 concitus
2731 3877 2797 3931 ad
2826 3892 2945 3930 eam
2976 3893 3225 3932 reversus
3250 3888 3353 3934 est.
3375 3874 3508 3933 "Ro-

1928 3947 2070 4021 inani
2096 3947 2301 4021 quipr
2314 3956 2462 4021 tanto
2485 3957 2698 4015 pastore
2721 3948 2918 4003 amisso
2941 3949 3287 4005 tumstissimo
3303 3950 3507 4021 gemitu

1927 4014 2196 4087 laci‘ymas
2226 4014 2588 4072 effundebant.

1998 4086 2239 4155 Ciumque
2283 4088 2493 4160 clerus,
2538 4104 2793 4159 proceres
2848 4101 2903 4145 et
2956 4092 3275 4160 optimatum
3331 4107 3500 4160 genus

1927 4167 2405 4231 congregarentur,
2426 4158 2642 4227 jejuniis
2666 4169 2721 4215 et
2740 4158 3095 4227 orationibus,
3125 4172 3288 4231 atque
3308 4158 3506 4231 vigiliis

1926 4228 2284 4295 insistebant,
2337 4229 2639 4286 incessabili
2686 4232 2971 4288 Dominum
3017 4228 3299 4289 conamine
3342 4228 3502 4289 obsc-

1925 4385 2179 4460 schisma,
2211 4385 2330 4460 aliis
2379 4385 2593 4456 quidem
2649 4388 2823 4443 Photii
2869 4391 3264 4460 promotionem
3307 4389 3492 4444 defen-

1926 4456 2192 4531 dentibus,
2221 4457 2547 4531 aliisautem
2583 4474 2703 4513 eam
2743 4456 3200 4531 itnpugnantibus.
3240 4460 3521 4527 Quocirca

1926 4526 2221 4602 imperator
2244 4528 2407 4602 dedit
2428 4544 2669 4598 operam,
2696 4539 2756 4583 ut
2795 4526 2916 4600 ipse
2935 4531 3183 4602 pontifex
3206 4526 3407 4601 legatos
3436 4533 3519 4585 ad

240 4599 549 4674 Ludovicus
582 4601 899 4674 imperator,
928 4611 1209 4674 postquam
1241 4601 1586 4659 Benedictum
1627 4599 1820 4674 papam
1848 4611 1892 4672 (ζ
1924 4601 2159 4674 schisma
2209 4600 2505 4674 sedandum
2531 4609 2599 4674 _et
2642 4601 2840 4674 lgualii
2879 4599 3277 4672 depositioneut—
3307 4602 3505 4657 confir-

240 4669 426 4743 ejusve
451 4672 634 4743 sedem
660 4669 759 4740 per
788 4671 1205 4726 schismaticum.
1232 4673 1537 4743 antipapam
1584 4669 1817 4730 Anasta-

242 4741 384 4795 sium
414 4741 702 4812 plurimum
743 4743 1093 4811 exagitaSset,
1123 4758 1313 4812 magna
1350 4741 1594 4799 omnium
1640 4746 1814 4799 admi-

242 4812 474 4873 ratione,
498 4811 985 4885 Deiqu_e_singulari
1019 4811 1351 4885 providentia
1380 4829 1720 4885 summopere
1736 4824 1820 4872 est

240 4891 554 4953 veneratus.
594 4882 675 4936 Ad
700 4882 966 4953 Bulgaros.
984 4882 1156 4952 nuper
1181 4884 1247 4937 ad
1271 4884 1474 4939 Christi
1504 4882 1660 4941 fidem
1690 4901 1818 4940 con-

238 4967 441 5025 versos
462 4951 862 5025 legatosmisit,
892 4954 983 5022 qui
1015 4951 1072 5007 ut
1095 4969 1280 5025 eorum
1318 4970 1410 5008 rex
1444 4957 1693 5025 petierat,
1722 4972 1816 5013 eos

240 5023 529 5094 catholicis
551 5023 1159 5094 erudirentpraeceptis.
1206 5024 1339 5079 Cum
1366 5023 1547 5079 autem
1580 5027 1817 5094 lgnatius

239 5092 872 5164 Constantinopolitanus
905 5095 1211 5163 patriarcha
1257 5095 1444 5149 Bardae
1484 5092 1683 5151 Caesari
1725 5097 1822 5152 Mi-

239 5164 446 5218 chaelis
472 5163 816 5232 imperatoris
842 5164 1107 5219 avunculo
1131 5165 1200 5219 ob
1227 5165 1490 5220 incestum
1526 5183 1647 5222 cum
1680 5182 1818 5224 nuru

239 5235 594 5293 commissum
638 5234 1250 5291 excommunicationem
1280 5245 1426 5292 esset
1454 5239 1715 5304 minatus,
1749 5239 1818 5294 ob

239 5305 293 5360 id
325 5304 516 5376 Bardai
548 5312 736 5376 opera,
768 5304 1046 5376 Michaelis
1082 5307 1425 5376 imperatoris
1469 5309 1814 5372 auctoritate,

238 5377 377 5449 sedeo
418 5373 816 5449 dejectus_fuit,
852 5376 908 5430 in
943 5373 1171 5449 ejusque
1213 5377 1390 5449 locum
1428 5378 1693 5445 Photius,
1722 5383 1813 5449 qui

236 5446 643 5520 patriarchatus
670 5446 928 5520 honorem
951 5446 1069 5520 jam
1080 5446 1207 5502 ante
1226 5448 1591 5515 aﬂ'ectaverat,
1616 5458 1677 5509 et,
1697 5446 1815 5520 epi-

236 5516 421 5590 scopis
448 5517 810 5590 schisinaticis
839 5527 1028 5590 contra
1056 5517 1316 5590 lgnatium
1352 5536 1409 5574 se
1436 5516 1814 5590 conjunxerat,

234 5584 468 5663 giu'ctus
489 5602 569 5663 ex“
585 5584 706 5642 foro
731 5597 786 5643 et
811 5588 1055 5663 szeculari
1080 5584 1295 5663 militia,
1326 5584 1665 5663 subrogatus,
1705 5602 1758 5646 et
1785 5584 1815 5646 a

234 5656 503 5734 Gregorio
536 5655 880 5734 §yracusauo
908 5661 1182 5731 episcopo,
1210 5662 1299 5734 qui
1328 5662 1477 5734 prius
1493 5655 1581 5717 "ab
1612 5664 1816 5734 lgnatio

232 5729 515 5796 depasitus
539 5728 734 5795 fuerat,
758 5728 1106 5786 consecratus
1128 5728 1241 5786 est.
1259 5728 1372 5799 Qua
1395 5733 1460 5789 de
1481 5728 1811 5790 causa'Con-

236 5799 591 5869 stantinopoli
655 5809 709 5856 ct
756 5800 1000 5856 ﬁnitimis
1044 5802 1097 5856 in
1149 5803 1458 5860 civitatibus
1506 5813 1684 5860 ortum
1733 5815 1816 5861 est

1924 4672 2177 4743 mundam
2227 4671 2482 4743 mitteret.
2531 4671 2777 4726 Pontifex
2829 4672 3033 4743 legatos
3077 4675 3288 4743 quidem
3328 4674 3498 4735 misit,

1923 4750 2033 4796 tum
2052 4751 2109 4795 ιιι
2131 4740 2317 4812 [gnatii
2334 4758 2549 4798 causam
2576 4740 2959 4813 investigarent
2975 4753 3027 4797 et
3044 4740 3110 4797 ad
3132 4760 3190 4798 se
3212 4743 3502 4806 referrent,

1924 4823 2036 4868 tum
2065 4815 2226 4868 etiam
2258 4814 2742 4879 utlconomachos,
2772 4817 2862 4883 qui
2889 4823 3016 4870 tunc
3042 4814 3503 4882 Constantinopoli

1920 4885 2173 4956 vigebatit
2202 4884 2598 4956 itnpuguareut.
2627 4885 2823 4956 Legati
2841 4894 3027 4940 contra
3058 4886 3329 4956 pontificis
3352 4900 3504 4937 utan—

1921 4954 2102 5010 datum
2116 4954 2292 5009 Photii
2314 4954 2561 5011 electioui
2578 4954 2784 5011 assensi
2806 4955 3041 5021 fuerunt,
3057 4954 3247 5012 etcum
3264 4954 3494 5008 Romam

1922 5028 2124 5081 reversi
2171 5038 2375 5099 essent,
2419 5026 2689 5099 pontifex,
2724 5028 2934 5099 cognita
2978 5043 3139 5082 causa
3189 5026 3503 5099 synodoque

1924 5106 2134 5169 coacta,
2157 5112 2259 5169 eos
2279 5097 2565 5169 deposuit;
2590 5095 2844 5165 injustam
2870 5098 3060 5169 lguatii
3087 5095 3501 5169 depositiouem,

1919 5175 1976 5221 et
2003 5168 2201 5221 nullam
2230 5167 2409 5223 Photii
2453 5168 2851 5223 ordinationem
2879 5167 2997 5225 esse
3022 5167 3281 5227 decrevit.
3327 5170 3501 5236 Impe-

1922 5239 2331 5313 ratorisautem
2362 5239 2619 5313 repressit
2659 5240 2959 5313 audaoiam,
3011 5243 3102 5312 qui
3144 5257 3288 5313 mgre
3321 5240 3502 5313 ferens

1919 5308 2062 5378 quod
2089 5308 2337 5382 P_hotium
2367 5308 2697 5382 damnasset,
2730 5320 2785 5365 et
2807 5308 3163 5382 Bulgarorum
3196 5308 3292 5368 rex
3322 5326 3354 5366 a
3392 5311 3503 5365 tto-

1921 5394 2078 5451 mana
2111 5378 2350 5451 Ecclesia
2392 5380 2600 5451 legatos
2639 5382 2729 5451 qui
2782 5398 2841 5438 se
2891 5378 2946 5437 in
2992 5383 3098 5441 fide
3150 5385 3502 5446 instruerent,

1920 5450 2061 5504 mitti
2098 5450 2361 5523 petiisset,
2390 5450 2600 5523 litteras
2629 5450 2694 5523 ad
2724 5467 2850 5508 eum
2884 5455 3302 5511 contumeliosus
3329 5454 3504 5523 scrip-

1921 5529 2100 5596 serat,
2115 5529 2169 5574 et
2194 5520 2829 5596 conciliabulutn__Photio
2863 5536 3083 5581 auctore
3109 5538 3298 5582 contra
3325 5520 3500 5596 ipsum

1956 5592 2228 5645 ontiticem
2272 5601 2537 5659 coegerat.
2601 5593 2676 5649 De
2725 5594 2919 5651 Photio
2959 5598 3147 5653 aliisve
3198 5592 3358 5652 rebus
3400 5595 3499 5650 sub

1970 5662 2140 5716 icolao
2168 5662 2425 5738 pragclare
2446 5664 2631 5738 gestis,
2648 5680 2884 5738 agemus
2907 5668 3046 5723 infra
3072 5670 3123 5723 in
3156 5668 3299 5723 notis
3325 5663 3500 5738 conci-

1917 5733 2110 5789 liorum
2136 5733 2236 5788 sub
2259 5733 2475 5789 Nicolao
2501 5743 2555 5789 et
2580 5733 2816 5792 Adriano
2840 5739 3170 5805 habitorum,
3202 5752 3268 5791 ne
3296 5736 3511 5791 scilicet:

1918 5820 2039 5860 cum
2074 5820 2272 5859 nausea
2299 5805 2515 5865 lectmis
2541 5806 2623 5861 bis
2650 5809 2838 5865 eadem
2868 5811 3133 5865 dicamus.
3180 5809 3304 5863 δεῖν.
3339 5805 3483 5863 ΒΜ..
