4070 6310
540 341 645 413 εδδ

1881 333 2152 392 NlCOLAl
2191 332 2391 389 ΡΛΡΑΞ
2426 332 2446 388 l

3702 343 3815 399 75G

542 456 784 523 evantes,
813 460 873 506 ut
898 451 1110 521 qualem
1141 451 1433 507 amiserant
1472 452 1632 506 talem
1666 450 1772 505 illis
1808 451 2121 523 dignaretur
2152 451 2196 511 Α
2226 450 2389 523 libras
2431 450 2566 523 duas
2590 459 2644 506 et
2672 452 2859 508 uncias
2876 461 3136 523 quatuor.
3167 452 3322 509 Fecit
3361 463 3542 510 autem
3578 454 3634 510 in
3668 421 3821 512 basi-

541 522 1044 594 ostendereyirum,
1078 537 1236 594 quem
1274 522 1621 593 pontificatus
1661 523 1896 594 culmine
1938 522 2115 594 suble-

544 590 777 663 varenta
808 590 949 663 Haec
988 590 1117 663 vero
1166 590 1292 663 dum
1344 600 1682 663 gererentur,
1730 593 1784 647 in
1838 592 2115 647 basilicam

544 662 685 721 beati
720 661 956 734 Dionysii
989 662 1316 717 confessoris
1341 661 1501 733 atque
1531 663 1800 734 pontificis
1827 678 1950 718 cum
1993 662 2117 717 uni-

543 734 703 789 verso
732 733 928 802 pepqu
955 743 1342 800 convenerunt.

618 802 675 857 ln
715 788 819 874 qua
856 817 949 871 per
990 803 1211 874 aliquod
1251 788 1485 874 spalium
1518 803 1925 859 confabulantes
1954 805 2118 859 hora-

546 888 688 945 rum,
720 873 929 945 sidereo
950 874 1165 945 accensi
1188 872 1394 945 fulgore
1420 876 1703 930 unanimes
1731 876 1878 929 illum
1907 884 2122 945 aposto-

551 944 668 1000 lica!
697 941 1151 1013 sedisprzesulem
1182 941 1301 999 esse
1331 953 1648 1007 sanxerunt,
1676 955 1728 999 et
1754 946 1915 1000 celeri
1936 941 2121 1013 gressu

550 1014 616 1077 ad
643 1012 897 1082 principis
923 1014 1289 1083 apostolorum
1317 1016 1461 1069 Petri
1500 1017 1755 1069 continuo
1790 1012 1967 1070 aulam
1993 1030 2122 1084 pro-

596 1092 891 1156 :raverunt,
927 1084 978 1156 iu
1012 1099 1117 1153 qua
1151 1085 1265 1154 ipse
1299 1085 1631 1156 confugiens,
1669 1085 1935 1140 latitabat.
1970 1086 2126 1156 Dice-

546 1098 891 1208 ﬁeraverunt,
927 1101 978 1137 ιιι
1012 1099 1117 1153 qua
1151 1100 1265 1154 ipse
1299 1098 1631 1156 coniugiens,
1669 1098 1935 1140 latitabat.
1972 1098 2125 1143 Dice-

586 1164 639 1207 at
668 1152 810 1206 enim
859 1153 1135 1223 indignum
1163 1170 1244 1226 ‘se
1287 1157 1423 1210 tanti
1457 1157 1731 1226 regiminis
1758 1155 2125 1226 gubernacula

547 1238 669 1281 esse
711 1232 1108 1294 suscepturum.
1161 1224 1423 1294 Impetum
1463 1224 1593 1281 vero
1639 1228 1730 1294 qui
1764 1224 1998 1281 aderant
2047 1225 2128 1280 fa-

554 1295 784 1358 cientes,
814 1294 1018 1349 viribus
1046 1295 1194 1349 illum
1224 1294 1291 1351 de
1319 1296 1507 1351 eadem
1545 1294 1767 1351 basilica
1810 1297 2126 1352 abstrahen-

549 1360 655 1428 t‘es,
691 1363 861 1436 sacris
902 1363 1382 1436 acclamationibus
1426 1367 1477 1420 in
1534 1367 1924 1436 patriarchium
1969 1366 2128 1422 Late-

552 1447 787 1507 ranens_e
808 1435 1244 1497 introduxerunt,
1271 1435 1672 1507 apostolicoque
1695 1438 1828 1494 solio
1851 1436 2126 1506 imposue-

554 1514 699 1565 runt.
746 1501 1090 1560 Postmodum
1121 1522 1249 1561 vero
1298 1501 1328 1561 ὁ
1370 1501 1836 1563 nobilissimorum
1878 1501 2125 1568 coetibus,

554 1581 857 1647 cunctoque
896 1577 1071 1647 etiam
1110 1577 1308 1647 populo
1358 1577 1410 1631 in
1468 1578 1747 1633 basilicam
1790 1578 1929 1633 beati
1984 1579 2127 1632 Petri

564 1643 789 1717 apostoli
808 1645 1090 1717 deductus.
1110 1643 1386 1717 ’prinsente
1413 1647 1627 1704 Cresare
1653 1660 1999 1704 consecratus
2024 1658 2128 1713 est,

556 1713 956 1789 apostolieaque
981 1713 1302 1789 sublimatus
1330 1719 1382 1772 in
1407 1720 1532 1773 sede
1564 1718 1738 1774 factus
1760 1728 1842 1774 est
1863 1718 2128 1789 pontifex,

2224 521 2326 575 lica
2355 522 2677 595 salvatoris,
2710 539 2831 595 quae
2856 521 3320 595 Constantiniana:
3345 540 3543 579 nomen
3577 528 3817 595 sumpsit

2224 608 2253 647 a
2283 593 2890 665 nomineConstantini,
2922 610 3116 649 cruces
3141 594 3209 649 de
3232 605 3461 664 argento
3492 593 3815 665 purissimo.

2262 678 2342 716 ua:
2377 664 2620 736 pendent
2668 672 2803 736 ante,
2841 664 3069 736 figuram
3101 666 3416 736 substantia:
3464 668 3651 720 carnis
3678 668 3822 736 ejus-

2262 678 2342 716 uaz
2387 678 2620 730 penucnt
2668 678 2795 717 ante
2841 678 3069 729 tiguram
3101 678 3416 720 substantia:
3464 681 3651 720 carnis
3678 684 3820 736 ejus-

2223 678 2346 788 iiem
2376 734 2585 805 Domini
2637 734 2805 805 nostri
2852 733 2979 805 Jcsu
3008 734 3230 789 Christi.
3264 735 3319 789 In
3358 736 3558 805 quibus
3584 738 3654 789 ad
3705 738 3820 789 lau-

2225 804 2367 878 de_t_n_
2400 803 2569 873 ipsius
2624 802 2925 878 ecclesiam
2963 804 3114 859 festis
3170 802 3568 861 (liebus'cerca
3646 807 3817 878 figura

2225 872 2568 955 solitis,quae
2611 884 2842 948 pensant
2872 875 3040 930 libras
3080 881 3309 930 humero
3352 886 3589 946 quatuor
3627 872 3711 931 et'
3732 894 3822 932 se-

2224 958 2346 998 IIIIS.

2296 1013 2427 1088 ltem
2472 1014 2524 1068 in
2578 1014 2799 1070 basilica
2850 1031 3063 1085 quoque
3105 1030 3319 1088 semper
3356 1016 3583 1088 virginis
3633 1018 3819 1074 Maria:

2227 1084 2457 1138 domina:
2483 1096 2702 1156 nostrae,
2731 1102 2851 1156 qua:
2874 1084 3103 1141 vocatur
3131 1087 3197 1139 ad
3226 1084 3492 1156 Prmsepe,
3532 1087 3663 1143 fecit
3688 1105 3823 1143 can-

2231 1156 2443 1229 tharum
2483 1154 2549 1209 de
2591 1154 2814 1229 argento
2842 1157 3083 1211 sessilem
3110 1156 3320 1227 parium
3353 1154 3540 1221 unum,
3575 1173 3818 1229 pensans

2229 1224 2398 1297 libras
2419 1234 2541 1280 octo
2560 1236 2625 1297 et
2651 1224 2843 1282 uncias
2878 1224 3130 1297 quatuor:

2299 1295 2415 1365 Ipse
2444 1296 2659 1370 quidem
2693 1313 2722 1351 a
2752 1298 2861 1352 Deo
2881 1295 3155 1370 protectus
3194 1308 3249 1370 et
3276 1296 3624 1370 beatissimus
3643 1302 3821 1370 ponti-

2232 1364 2581 1438 fex’superno
2603 1366 2799 1438 favore
2845 1364 3035 1438 plenus
3078 1367 3272 1421 obtulit
3312 1368 3365 1422 in
3407 1364 3817 1425 basiliea'heati

2232 1436 2376 1508 Petri
2408 1437 2635 1505 apostoli
2669 1436 2950 1493 nutritoris
2972 1439 3052 1492 sui
3078 1438 3365 1508 gabatham
3390 1440 3457 1493 de
3485 1456 3623 1493 auro
3650 1443 3824 1507 puris-

2233 1507 2370 1562 simo
2397 1522 2555 1560 unam
2596 1508 3003 1577 pretiosissimis
3029 1507 3257 1580 gemmis
3281 1518 3599 1578 pensantem
3652 1510 3824 1566 libras

2234 1593 2457 1631 numero
2483 1586 2611 1642 tres,
2637 1580 2823 1633 uncias
2849 1593 2992 1633 oeto.

2306 1648 2455 1702 Fecit
2500 1648 2699 1702 ctenim
2734 1649 2785 1703 in
2832 1650 3170 1704 confessione
3208 1649 3377 1718 ipsius
3428 1654 3825 1710 sacratissima:

2234 1718 2469 1793 basilica:
2510 1718 2755 1789 jugulum
2799 1720 2866 1793 de
2898 1720 3417 1793 auro__mundissimo
3460 1738 3656 1793 unum,
3691 1740 3826 1793 pen-

557 1784 615 1841 et
654 1784 1245 1871 niis'sariimmsolemnia
1301 1803 1461 1871 supra
1477 1784 1887 1871 Abeaiissimun'i
1911 1784 2131 1871 .eorpus
2166 1811 2212 1869 Β
2239 1803 2366 1871 satis
2394 1784 2559 1871 libras
2576 1784 2808 1870 numero
2837 1791 2988 1871 duas.
3015 1790 3277 1844 Similiter
3304 1806 3433 1846 vero
3534 1784 3653 1871 jam
3677 1784 3824 1849 dicta

558 1855 783 1928 apostoli
821 1856 1086 1928 beatifiee
1110 1855 1425 1914 celebravit.
1473 1858 1574 1925 Qui
1605 1859 1787 1914 densis
1814 1855 2133 1928 optimatum

555 1924 846 2046 pepulique
875 1927 1178 1995 agminibus
1203 1945 1323 1984 cum
1349 1924 1561 2000 hymnis
1588 1940 1643 1985 et
1670 1924 1895 1985 canticis
1917 1930 2135 1998 spirita-

586 1994 702 2046 ibus
735 1995 785 2046 in
818 1997 1201 2046 Datriarcltinm
1235 1999 1426 2046 iterum
1459 1999 1825 2046 Lateranonse
1848 2001 2135 2046 nominatus

586 1994 702 2047 ibus
710 1995 785 2070 _iu
818 1994 1201 2070 patriarcbinm
1235 1994 1426 2070 iterum
1457 1999 1825 2056 Laterancnse
1848 1994 2138 2070 perductus

560 2071 664 2132 est.
703 2063 1008 2122 CorOnatur
1046 2068 1295 2132 denique,
1328 2068 1467 2124 Urbs
1505 2070 1755 2131 exsultat,
1785 2063 1962 2125 ctérus
1990 2070 2139 2123 lima-

564 2145 669 2199 tur,
702 2144 921 2212 senatus
963 2139 1232 2212 et_pop-uli
1269 2139 1543 2209 plenitudo
1585 2140 1871 2210 magnifiCe
1897 2140 2130 2212 gratula-

571 2213 678 2281 tur,
705 2221 800 2281 \‘lil
824 2205 1090 2281 Kalendas
1112 2205 1256 2263 Maii.

634 2274 819 2344 Tertio
846 2277 1007 2352 igitur
1033 2280 1600 2352 consecrationiscjus
1643 2281 1727 2337 die
1752 2298 1874 2337 cum
1899 2281 2139 2352 Augusto

565 2359 897 2424 convcscens
919 2349 1186 2424 ophistico
1212 2350 1299 2424 [1},
1329 2349 1641 2424 sophistico]
1676 2352 1873 2406 famine
1903 2349 2138 2424 resplen-

566 2416 751 2492 debat,
800 2416 1173 2492 charitateque
1212 2416 1406 2492 plenus
1435 2416 1753 2492 epulabatur
1799 2423 1852 2477 in
1900 2416 2134 2477 (lbi-isto.

566 2482 855 2564 Finitoque
876 2482 1107 2564 convivii
1133 2482 1391 2564 apparatu
1422 2482 1720 2563 consurgit,
1758 2493 2139 2564 Cmsaremque

562 2556 875 2631 specialem,
897 2566 959 2631 et
984 2556 1557 2631 velutir'c'harissimum
1586 2556 1907 2619 déoSculans
1944 2556 2134 2631 filiuin,

562 2627 829 2691 immenso
859 2627 1213 2686 circumdedit
1233 2647 1436 2689 amore.

577 2700 581 2705 ’
634 2696 731 2775 llis
756 2700 937 2775 itaque
964 2702 1137 2775 gestis
1151 2704 1528 2775 serenissimus
1557 2703 1853 2775 imperator
1880 2704 2003 2761 inde
2029 2706 2139 2761 dis-

565 2770 1083 2844 cessit,‘sedemque
1123 2772 1176 2827 in
1207 2774 1327 2830 loco
1357 2775 1448 2844 qui
1481 2770 1713 2841 Quintus
1753 2776 1949 2832 dicitur
1972 2777 2139 2832 collo-

564 2839 1102 2920 cavit._Beatissimu_s
1120 2846 1297 2920 autem
1321 2839 1522 2920 praesul—
1536 2846 1640 2901 hoc
1660 2846 1886 2902 audiens
1904 2848 2141 2903 dilectio-

564 2915 651 2967 nis
698 2915 813 2987 ejus
860 2915 1179 2983 compulsus
1221 2916 1553 2985 plenitudine
1599 2925 1758 2987 atque
1805 2920 2027 2981 amoris,
2072 2920 2138 2974 ad

565 2980 815 3054 eumdem
844 2998 965 3041 cum
997 2980 1307 3054 proceribus
1337 2995 1390 3041 et
1422 2980 1769 3054 optimatibus
1791 2980 2023 3043 Romani
2045 3004 2140 3043 no-

566 3049 730 3129 minis
750 3050 923 3129 locum
950 3049 1278 3129 properavit.
1313 3049 1807 3129 hxcellentissimu‘s
1833 3075 1992 3128 quem
2015 3074 2135 3113 cum

565 3118 792 3197 vidisset
810 3118 1107 3197 Augustus,
1131 3125 1322 3181 obvius
1349 3127 1401 3181 in
1424 3127 1711 3197 adventum
1736 3118 1865 3197 ejus.
1877 3129 2132 3193 occurrit,

569 3188 1101 3266 frenumque'Cazsar
1138 3197 1276 3265 :equi
1303 3196 1570 3266 pontificis
1605 3198 1717 3252 suis
1764 3188 2009 3253 inanibus
2044 3188 2136 3266 ap;

565 3261 931 3382 prehendens,
958 3261 1403 3334 pedestri-more,
1446 3277 1706 3336 quantum
1744 3270 1950 3339 sagittm
1982 3261 2136 3325 actus

599 3332 874 3382 xteuditur
899 3337 1083 3382 traxit-

599 3332 874 3387 xteuditur
899 3332 1083 3390 traxit.

638 3399 927 3483 imperiale
947 3421 1068 3483 cum
1091 3423 1198 3477 quo
1220 3407 1807 3483 ingressustentorium
1831 3409 2137 3483 salubribus

570 3470 874 3529 adinvicem
902 3470 1218 3551 fruebantur
1262 3470 1565 3551 cfolloquiis,
1613 3481 1918 3551 mensisque
1966 3482 2137 3550 epulis

568 3553 873 3631 pet-orpatis
899 3548 1101 3631 pariter
1119 3549 1299 3604 cibum
1331 3548 1549 3631 speciali
1578 3548 1922 3631 sumpserunt
1945 3548 2137 3608 alacri-

568 3614 701 3692 ta_te._
729 3614 921 3692 Satiat’i
951 3618 1156 3692 scilicet
1190 3614 1496 3692 mensisque
1522 3614 1766 3692 remotis,
1806 3622 1957 3692 plura
1991 3637 2138 3678 sere-

570 3684 826 3761 nissimus
855 3688 1037 3745 Cmsar
1060 3689 1217 3745 beato
1245 3684 1460 3760 praesuli
1500 3691 1727 3746 contulit
1746 3684 1905 3746 do'na.
1933 3694 2138 3761 Quibus

569 3759 856 3829 susceptis,
886 3775 1083 3829 equum
1113 3759 1506 3828 conscendens,
1536 3761 1675 3817 unde
1704 3759 2024 3820 discesserat
2045 3779 2138 3819 co—

568 3825 803 3897 nabat'ur
826 3825 1048 3886 reverti.

640 3898 913 3974 Augustus
939 3902 1056 3972 ejus
1079 3917 1270 3974 amore
1296 3901 1465 3958 fretus
1491 3902 1784 3973 imperialis
1804 3903 1926 3974 equi
1947 3918 2136 3974 super-

566 3971 834 4039 scandens
898 3971 1252 4039 cathedram,
1306 3975 1488 4028 ovanti
1545 3971 1666 4028 eum
1734 3990 1800 4030 eo
1855 3971 2141 4030 incedebat

574 4037 740 4116 animi
774 4039 1065 4116 voluptate.
1100 4044 1181 4116 Ad
1224 4037 1510 4116 quemdam
1544 4044 1758 4116 quidem
1788 4060 1911 4100 cum
1946 4061 2137 4116 perve-

570 4108 785 4186 nissent_
825 4108 1275 4186 spatiosissimum
1326 4114 1533 4168 itineris
1562 4108 1749 4186 locum
1777 4155 1792 4180 ,
1844 4108 2140 4186 imp-crater

568 4179 1027 4260 equod-escendit
1056 4224 1071 4247 ,
1120 4198 1426 4252 equumque
1469 4185 1745 4307 (pontificis
1780 4179 2032 4251 iteru'm,
2081 4196 2142 4243 ut

568 4260 913 4305 meminimus
960 4267 1121 4307 sunra
1151 4294 1165 4307 .
1216 4254 1419 4307 traxit.
1508 4254 1901 4307 ulcissimisuue
1938 4256 2139 4307 osculis

568 4249 913 4323 meminimus
960 4267 1121 4323 supra
1151 4249 1187 4319 ,’
1216 4249 1419 4318 traxit,
1469 4249 1901 4323 dulcissimisque
1938 4249 2139 4311 osculis

566 4317 659 4441 parii
685 4318 914 4441 ist'ilvifem
946 4317 1366 4392 propinquantes
1401 4317 1602 4379 latiflue
1650 4317 1907 4401 [luciflue]
1955 4336 2139 4399 gratu-

776 4408 787 4441 I
819 4430 834 4441 .

646 4405 659 4441 Ι
690 4399 834 4445 ευιιι.

639 4460 821 4538 _C:e_sar
847 4476 973 4538 ve_ro
1012 4462 1399 4538 ad_tentorium
1434 4481 1679 4522 remeans
1714 4475 1947 4538 emptum
1998 4468 2136 4522 arri-

2238 1858 2464 1913 ecclcsia
2512 1858 2642 1913 fecit
2692 1875 2881 1915 cruces
2928 1862 2993 1914 de
3040 1869 3264 1929 argento
3306 1858 3671 1919 mundissimo
3723 1882 3818 1919 nu-

2238 1944 2389 1983 mero
2422 1944 2536 1991 sex,
2562 1939 2849 1991 pensantes
2871 1930 3026 1985 simul
3057 1930 3220 1986 libras
3261 1930 3516 1985 tredecim
3547 1943 3601 1988 et
3632 1937 3824 1990 uncias

2236 2000 2495 2074 quinque.
2539 2000 2639 2074 Eo
2662 2009 2849 2074 autem
2880 2000 3039 2056 modo
3076 2001 3126 2054 in
3159 2002 3379 2056 basilica
3408 2003 3648 2059 doctoris
3690 2021 3822 2074 gen-

2239 2071 2371 2143 tium
2429 2070 2568 2124 beati
2614 2069 2853 2143 Apostoli
2888 2086 3086 2143 cruces
3128 2086 3193 2125 ex
3241 2082 3465 2143 argento
3523 2069 3823 2143 purissimo

2236 2141 2391 2213 duas,
2426 2149 2715 2213 pensantes
2747 2142 2903 2213 simul
2930 2141 3095 2213 libras
3124 2141 3347 2197 numero
3363 2141 3591 2213 quarto;
3614 2162 3743 2199 nam
3769 2156 3824 2201 et

2239 2212 2292 2283 in
2330 2210 2559 2283 basilica
2591 2211 2762 2283 sancti
2795 2211 3067 2283 Laurentii
3117 2210 3393 2283 martyris,
3422 2229 3544 2283 quae
3592 2217 3703 2270 sita
3732 2225 3819 2271 est

2238 2281 2372 2335 feris
2400 2296 2603 2355 muros,
2631 2280 2973 2355 feciticruces
2995 2282 3127 2337 duas
3155 2282 3221 2337 de
3248 2280 3475 2354 argento
3496 2286 3818 2355 purissimo,

2236 2361 2525 2423 pensantes
2553 2352 2710 2406 simul
2742 2352 2905 2408 libras
2936 2362 3157 2423 numero
3182 2352 3432 2421 quatuor.

2308 2420 2490 2496 Primo
2534 2423 2751 2496 quidem
2798 2422 3139 2496 pontificatus
3164 2420 3252 2496 sui
3297 2440 3439 2496 anno
3469 2440 3633 2480 aurea
3671 2443 3825 2496 qua:-

2239 2492 2359 2569 da_m
2394 2492 2567 2563 ipsius
2595 2492 2914 2569 beatitudini
2958 2494 3361 2569 pretiosissimis
3407 2506 3620 2569 compta
3674 2492 3829 2569 gem-

2241 2565 2343 2618 mis
2391 2580 2588 2618 corona
2618 2567 2871 2635 perducta
2912 2575 2993 2621 est
3033 2564 3290 2619 librarum
3339 2564 3549 2637 habens
3578 2564 3827 2637 pon'dera

2238 2650 2462 2690 numero
2482 2648 2606 2690 octo
2632 2645 2685 2706 et
2706 2637 2985 2691 unciarum
3009 2644 3260 2705 quatuor,
3292 2636 3359 2689 ad
3386 2636 3616 2705 gloriam
3645 2654 3819 2706 supra

2241 2706 2621 2785 sacratissima:
2643 2705 2760 2774 ejus
2789 2705 3210 2788 aitare‘basilicaa
3237 2706 3655 2788 aureisingenti
3680 2705 3831 2788 φίλι-

2241 2776 2374 2830 tavit
2402 2792 2585 2831 amore
2629 2773 2912 2831 eatcnzilis.
2960 2773 3155 2830 Verum
3205 2777 3370 2829 etiam
3424 2777 3476 2831 in
3512 2773 3631 2845 jam
3680 2781 3828 2834 dicta

2238 2845 2463 2900 ecclesia
2510 2848 2653 2901 beati
2702 2847 2846 2921 Petri
2879 2847 3101 2916 apostoli
3134 2847 3385 2901 nutritori
3416 2863 3510 2902 suo
3559 2850 3835 2921 gabatbas

2239 2932 2303 2989 ex
2346 2925 2568 2989 argento
2613 2918 2903 2989 purissimo
2935 2932 3159 2989 numero
3202 2932 3393 2972 novem
3441 2918 3832 2989 qum'pensant

2240 2986 2397 3040 simul
2424 2986 2591 3041 libras
2616 2986 2846 3044 numero
2876 2987 3176 3051 duodecim,
3204 2999 3261 3043 et
3285 2986 3468 3044 semis.

2312 3056 2428 3129 Ipse
2452 3073 2579 3129 vero
2601 3072 2629 3129 a
2659 3056 2767 3129 D‘eo
2789 3067 3063 3128 protectus
3087 3059 3413 3114 venerabilis
3444 3068 3500 3113 et
3522 3060 3826 3129 prmclarus

2239 3126 2476 3198 pontifex
2530 3126 2655 3182 fecit
2702 3128 2754 3183 in
2790 3126 3145 3184 ‘monasterio
3210 3130 3380 3184 sancti
3450 3126 3716 3198 Stephani
3776 3140 3828 3184 et

2242 3197 2503 3255 Silvestri,
2545 3214 2705 3269 quam
2738 3200 2945 3269 naviter
2972 3199 3214 3255 fundavit
3253 3211 3455 3255 sancta:
3489 3197 3826 3256 recordatio-

2242 3270 2325 3340 nis
2364 3268 2613 3323 dominus
2641 3268 2839 3325 Paulus
2867 3271 3134 3340 quondam
3166 3285 3323 3339 papa,
3364 3271 3415 3340 in
3447 3271 3683 3325 ecclesia
3711 3289 3826 3325 ma-

2232 3337 2373 3411 jore,
2404 3355 2526 3408 qua:
2572 3351 2794 3411 vocatur
2841 3337 3013 3396 sancti
3065 3337 3303 3411 Dionysii
3352 3338 3420 3395 ad
3474 3341 3739 3396 honorem
3773 3350 3826 3397 et

2239 3410 2462 3492 gloriam
2496 3410 2633 3492 sacri
2664 3410 2894 3492 altaris,
2914 3410 3293 3492 veda‘quatuor
3320 3411 3386 3466 de
3415 3414 3685 3492 stauraci:
3715 3414 3827 3492 llu-

2232 3480 2323 3550 jus
2366 3480 2608 3549 praeclari
2654 3482 2926 3551 pontificis
2949 3523 2963 3546 ,
2997 3481 3048 3537 id
3080 3480 3180 3536 'est
3223 3496 3410 3536 mense
3460 3482 3709 3543 Octobri,
3741 3485 3828 3536 die

2242 3551 2537 3622 trigesima,
2576 3550 2869 3607 indictione
2909 3561 3123 3617 octava,
3151 3551 3344 3606 fluvius
3391 3553 3483 3621 qui
3523 3554 3824 3622 appellatur

2240 3621 2470 3684 Tiberis,
2502 3622 2713 3676 alveum
2745 3638 2923 3693 suum,
2945 3637 3195 3693 egressus
3243 3631 3345 3683 est,
3377 3633 3430 3676 et
3485 3637 3585 3692 per
3601 3621 3826 3693 campe-

2239 3693 2370 3747 stria
2404 3707 2463 3747 se
2491 3693 2670 3758 dedit;
2697 3692 2953 3747 lntttmuit
2978 3692 3142 3747 etiam
3174 3692 3522 3747 inundatione
3556 3692 3823 3763 aquarum

2241 3763 2552 3834 multarum,
2591 3774 2647 3819 et
2687 3763 2962 3834 ingressus
3006 3772 3088 3816 est
3133 3779 3230 3833 per
3294 3763 3658 3834 posterulam,
3705 3779 3825 3832 qua:

2240 3832 2539 3905 appellatur
2566 3832 2769 3889 sanctae
2788 3834 3106 3905 Agathzejn
3133 3832 3470 3905 ’urbe_Roma
3498 3849 3660 3905 quam
3690 3834 3825 3887 hora

2241 3904 2343 3957 diei
2377 3905 2729 3970 transcendit,
2761 3903 2967 3959 interea
2999 3904 3267 3973 aliquibus
3285 3903 3436 3967 locis,
3461 3914 3514 3957 et
3540 3904 3825 3973 ingressus

2241 3983 2325 4055 est
2351 3975 2401 4029 in
2427 3975 2710 4055 ecclesiam
2742 3975 2882 4055 beati
2911 3972 3210 4055 Laurentii,
3236 3989 3357 4044 quin
3384 3972 3688 4055 appellatur
3726 3972 3823 4028 Lu-

2241 4044 2392 4116 cinte.
2427 4043 2553 4100 Inde
2579 4060 2644 4116 se
2666 4046 2924 4109 extendit,
2958 4054 3013 4100 et
3038 4043 3311 4116 ingressus
3339 4054 3421 4098 est
3451 4043 3503 4097 iu
3545 4055 3823 4099 monaste-

2241 4114 2379 4169 rium
2410 4117 2579 4171 sancti
2628 4114 2891 4180 Silvestri,
2923 4117 2995 4170 ita
3028 4125 3083 4169 ut
3105 4114 3174 4170 ex
3214 4116 3470 4183 gradibus
3496 4116 3587 4184 qui
3629 4130 3824 4171 ascen—

2241 4184 2375 4240 dtmt
2426 4188 2477 4241 in
2517 4185 2787 4241 basilicam
2819 4186 2961 4240 beati
3019 4186 3259 4256 Dionysii
3309 4201 3419 4255 pra:
3474 4186 3823 4241 multitudine

2218 4270 2500 4323 aquarum
2532 4272 2598 4309 ne
2626 4272 2763 4311 unus
2789 4257 3079 4318 videretur,
3113 4265 3339 4325 excepto
3383 4270 3490 4326 uno
3517 4257 3610 4325 qui
3660 4272 3825 4326 sape-

2241 4326 2353 4379 rius
2382 4326 2861 4397 erat.l'1ticxiude
2907 4327 3162 4397 expandit
3196 4341 3359 4397 super
3408 4325 3667 4397 plateam,
3701 4325 3823 4395 qua:

2244 4406 2465 4449 vocatur
2496 4396 2588 4449 Via
2626 4396 2778 4461 Lata,
2802 4405 2858 4451 et
2881 4396 3153 4466 ingressus
3187 4396 3275 4450 est
3301 4397 3350 4449 in
3385 4396 3666 4450 basilicam
3698 4413 3822 4450 san-

2240 4474 2340 4519 cta:
2367 4467 2458 4521 Dei
2492 4468 2767 4537 genitricis
2800 4466 2999 4530 Marim,
3031 4483 3149 4536 qiue
3191 4467 3385 4521 ibidem
3416 4476 3499 4521 est
3528 4484 3540 4520 :
3572 4476 3815 4520 tantum-

565 4528 683 4608 puit
732 4531 853 4586 iter.
896 4532 1102 4608 Przesul
1147 4546 1324 4608 autem
1374 4528 1829 4594 nobilissimorum
1879 4539 2133 4605 coetibus,
2164 4530 2212 4589 D
2238 4550 2342 4605 que
2368 4528 2620 4608 intumuit
2667 4553 2826 4608 aqua,
2853 4545 2915 4592 ut
2946 4528 3109 4591 etiam
3140 4548 3308 4608 portae
3356 4538 3526 4607 ipsius
3573 4540 3819 4608 ecclesia:

565 4600 762 4669 quibus
792 4600 1129 4679 prosecutus
1176 4606 1377 4671 fuerat,
1424 4617 1609 4678 sepius
1656 4609 1880 4663 Romam
1926 4600 2134 4679 ingres;

566 4687 699 4750 sus,
756 4672 1099 4750 aiinificaque
1164 4688 1248 4750 est
1328 4672 1677 4750 couiit'atione
1735 4672 2131 4750 magnificatus.

566 4741 696 4819 Erat
721 4744 863 4819 enim
910 4741 1126 4819 aspectu
1168 4749 1414 4819 pulcher,
1452 4749 1622 4804 forma
1653 4741 1900 4814 decuriis,
1944 4749 2135 4805 doetus

564 4812 618 4866 in
646 4812 1054 4890 verbmloqucla
1079 4812 1316 4885 humilis,
1335 4829 1456 4873 actu
1484 4819 1793 4890 praeclarus,
1810 4812 2137 4890 jejuniisque

567 4893 625 4936 et
652 4884 834 4941 divino
861 4884 1027 4943 cultui
1064 4884 1318 4955 intentus,
1354 4884 1679 4961 pauperibus
1707 4884 1907 4961 largus,
1938 4884 2135 4961 orpha-

569 4968 760 5030 norum
787 4968 1077 5030 protector,
1110 4971 1163 5015 ct
1188 4962 1365 5017 viduis
1397 4961 1595 5025 fautor,
1623 4961 1907 5030 populique
1954 4962 2133 5016 cuncti

569 5021 855 5103 ilefensoig
871 5028 977 5085 Sed
1025 5032 1148 5103 quia
1178 5040 1370 5087 cuncta
1402 5047 1521 5100 qua:
1565 5021 1705 5086 sacri
1735 5021 1915 5103 operis
1945 5032 2133 5101 gessit,

568 5093 954 5175 huicJtradere
985 5093 1273 5175 scripturae
1317 5093 1435 5156 non'
1472 5093 1787 5171 possumus,
1813 5101 1881 5154 ad
1926 5093 1989 5155 ea
2019 5093 2138 5171 quae

565 5167 765 5244 sanctis
784 5167 922 5244 locis
948 5167 1141 5244 obtulit
1168 5173 1473 5244 redeamus.

640 5233 739 5313 Hic
783 5237 1127 5313 beatissimus
1170 5242 1364 5313 praisul
1416 5243 1595 5296 divina
1650 5242 2001 5313 inspiratione
2057 5257 2140 5296 re-

568 5301 763 5427 gietus,
794 5310 846 5362 in
872 5311 1118 5367 diaconia
1149 5301 1347 5367 sancta:
1376 5314 1468 5366 Dei
1504 5301 1782 5383 genitricis
1815 5312 1997 5366 Maria:
2038 5314 2136 5365 do-

571 5390 586 5426 1
633 5391 732 5427 Illa!
759 5390 956 5427 nostrm
982 5397 1100 5427 num
1126 5393 1347 5427 vocatur
1376 5384 1681 5427 (insnwdiiL
1720 5383 1843 5427 fecit
1881 5383 2136 5427 hnlnsnri-

571 5383 732 5429 mina:
759 5390 956 5435 nostra:
982 5397 1101 5451 qua:
1126 5393 1347 5437 vocatur
1376 5384 1683 5442 Cosmediu,
1720 5383 1847 5437 fecit
1881 5383 2140 5436 holoseri-

568 5460 688 5526 eam
720 5464 880 5526 unam
911 5453 978 5506 de
1008 5456 1260 5510 stauraci.
1296 5453 1580 5507 habentem
1624 5454 1930 5518 historiam,
1961 5453 2143 5508 leones

563 5522 795 5596 majores
820 5522 975 5596 duos.

636 5590 709 5645 lbi
752 5592 865 5661 ipse
908 5594 1034 5650 fecit
1064 5595 1237 5649 velum
1280 5597 1458 5649 album
1492 5603 1729 5650 rosatum
1761 5609 1946 5659 unum,
1975 5607 2139 5647 orna-

567 5666 677 5740 1διιιι
728 5663 779 5716 in
811 5667 1039 5740 circuitu
1072 5669 1138 5740 de
1164 5665 1332 5740 Tyrio
1363 5666 1515 5740 mine
1542 5666 1943 5740 magnitudinis.
1972 5664 2141 5740 _0btu-

566 5730 625 5805 lit
653 5749 782 5788 vero
826 5736 877 5788 in
921 5736 1033 5805 jam
1074 5730 1489 5789 dicta'diaconia
1538 5730 1824 5803 gahatham
1869 5736 2136 5787 saxiscam

566 5798 628 5879 gl}:
668 5815 891 5882 argento
921 5798 1211 5875 purissimo
1240 5820 1402 5857 unam
1431 5798 1767 5867 deauratam,
1797 5819 1916 5872 qute
1948 5815 2137 5873 pensat

2236 4622 2343 4661 non
2393 4606 2857 4679 viderentur'prze
2909 4606 3188 4662 altitudine
3234 4606 3517 4679 aquarum.
3570 4607 3637 4679 Et
3692 4608 3817 4661 inde

2237 4678 2477 4749 ascentﬁt
2502 4693 2600 4749 per
2621 4677 2823 4748 plateas
2847 4687 2901 4733 et
2926 4679 3072 4732 vicos
3093 4694 3258 4749 usque
3285 4678 3350 4731 ad
3379 4677 3577 4731 clivum
3604 4678 3815 4747 Argeo.

2239 4748 2379 4801 tarii.
2414 4747 2632 4803 Exinde,
2648 4749 2953 4804 redundans
2981 4747 3252 4817 ingressus
3290 4756 3372 4800 est
3398 4762 3496 4816 per
3523 4750 3808 4816 porticum,

2236 4832 2356 4885 quae
2388 4827 2469 4871 est
2496 4821 2665 4888 posita
2694 4828 2815 4874 ante
2838 4818 3120 4873 ecclesiam
3154 4819 3321 4873 sancti
3352 4818 3536 4871 Marci.
3563 4817 3694 4871 lude
3719 4820 3816 4871 im-

2238 4896 2417 4957 petum
2449 4889 2654 4943 faciens
2686 4890 2847 4959 ccepit
2875 4890 3163 4959 decurrere
3206 4889 3255 4942 in
3287 4888 3550 4949 cloacam,
3581 4904 3705 4959 qua:
3733 4897 3814 4959 est

2230 4962 2384 5027 juxta
2418 4957 2806 5029 monasterium
2842 4959 3012 5013 sancti
3042 4957 3318 5013 Laurentii
3367 4957 3644 5029 martyris,
3670 4958 3813 5029 quod

2244 5038 2468 5083 vocatur
2504 5028 2780 5083 Pallacini.
2832 5030 2914 5082 Ab
2963 5030 3079 5099 ipso
3118 5029 3204 5083 die
3251 5029 3417 5099 ctepit
3468 5036 3525 5081 et
3566 5028 3815 5098 deinceps

2243 5100 2499 5169 paulatim
2532 5116 2669 5169 aqua
2721 5114 2779 5154 se
2824 5098 3106 5163 minuere,
3146 5108 3201 5153 ct
3246 5098 3438 5152 fluvius
3473 5106 3597 5166 post
3650 5100 3815 5154 multo

2246 5171 2440 5224 damno
2466 5168 2609 5224 facto
2638 5171 2690 5223 in
2715 5185 2869 5223 suum
2900 5169 3107 5225 alveum
3139 5184 3386 5224 reversus
3413 5177 3520 5222 cst.

2315 5238 2448 5293 Nam
2490 5242 2679 5295 domos
2713 5248 2767 5294 et
2816 5254 2999 5293 muros
3040 5240 3275 5305 evertit,
3302 5253 3460 5309 agros
3501 5239 3813 5301 desertavit,

2243 5309 2479 5364 evellens
2506 5321 2715 5380 segetes
2741 5318 2794 5363 et
2839 5310 3118 5364 eradicans
3153 5307 3394 5364 arbusta.
3435 5307 3611 5380 Simili
3662 5315 3816 5363 modo

2247 5380 2300 5433 in
2333 5395 2519 5435 mense
2562 5379 2896 5441 Decembrio,
2938 5380 3025 5435 die
3052 5380 3307 5447 vigesima
3350 5379 3577 5450 septima
3606 5392 3629 5443 ,‘
3656 5380 3813 5432 natali

2249 5451 2422 5505 sancti
2464 5451 2687 5506 Joannis
2706 5449 3065 5518 evangelistte,
3091 5450 3381 5504 indictione
3411 5465 3570 5518 supra
3596 5450 3814 5517 scripta,

2252 5520 2526 5590 ingressus
2554 5531 2637 5576 est
2682 5522 2784 5577 alia
2831 5524 2948 5574 vice
2995 5520 3187 5574 ﬂuvius
3226 5521 3339 5590 ipse
3389 5521 3479 5589 qui
3517 5520 3816 5590 appellatur

2249 5589 2479 5659 Tiberis,
2502 5593 2709 5647 alveum
2738 5608 2892 5645 suum
2916 5605 3164 5659 egressus
3199 5589 3282 5644 est
3304 5600 3362 5643 ut
3388 5606 3549 5660 supra
3593 5591 3647 5643 in
3691 5589 3814 5644 civi-

2251 5669 2358 5715 tate
2382 5663 2653 5729 llomana;
2686 5664 2865 5718 omnia
2893 5671 2953 5733 ut
2974 5677 3154 5733 supra.

2319 5733 2489 5787 Simili
2546 5735 2702 5787 modo
2751 5730 3056 5802 praeclarus
3085 5743 3138 5786 et
3180 5730 3526 5785 beatissimus
3582 5731 3808 5801 pontifex

2246 5805 2375 5860 fecit
2402 5805 2453 5858 in
2498 5805 2822 5860 monasterio
2850 5803 3024 5857 sancti
3063 5802 3345 5863 Valentini,
3380 5803 3522 5875 quod
3555 5814 3632 5857 est
3682 5804 3809 5875 posi-
