4070 6310
349 241 452 300 757

1900 239 2078 294 VITA.

3505 249 3622 306 758‘

345 369 460 418 tum
490 359 546 432 in
583 354 861 432 territorio
885 353 1196 432 Narniensi,
1218 355 1376 432 juxta
1399 355 1781 432 interamnem,
1823 371 1917 412 ve-
1949 361 1996 418 Α
2025 358 2196 427 ipsum
2229 359 2558 432 legatissuis
2586 357 2859 432 etlitteris
2885 359 3082 432 saepius
3110 359 3606 432 archiepiscopum,

347 439 486 488 stem
510 431 576 483 de
603 427 828 482 fundato
855 442 1016 481 unam
1051 427 1333 482 habentem
1363 427 1642 482 historiam
1683 427 1916 492 leonum,

346 501 480 558 etin
510 498 739 555 circuitu
770 496 1062 569 niyzinnm.
1097 496 1228 552 ltem
1255 497 1578 553 venerabilis
1605 507 1678 569 et_
1701 498 1922 569 pracla-

347 588 442 627 rus
477 569 715 642 pontifex
759 567 992 642 fortnam
1037 583 1210 636 aqua,
1235 584 1354 637 quae
1383 577 1607 642 vocatur
1633 567 1838 642 ξΓοείτι,⁸
1868 577 1922 622 at

347 630 622 712 vero'jam
645 653 740 708 per
765 637 976 692 evoluta
1022 630 1288 693 annorum
1306 639 1494 712 spatia
1516 630 1684 712 Animis
1706 637 1923 693 confra-

346 709 860 768 ctamVexistentem
885 749 901 774 ,
943 723 1238 780 pariquam
1289 709 1607 780 decurrebat
1639 725 1776 778 aqua
1827 724 1924 780 per

349 780 722 836 centenarium
743 781 798 834 in
829 780 1018 834 urbem
1047 778 1368 843 Romanam,
1396 795 1424 832 a
1459 778 1920 834 fundamentisad

347 851 722 908 fabricandum
777 860 940 920 atque
1002 850 1451 920 restaurandnm,
1504 848 1920 920 eademgforma

385 917 948 995 rzepara‘vithernui
997 921 1159 995 etiam
1211 927 1267 973 et
1306 919 1358 995 in
1391 919 1632 995 ecclesia
1659 917 1920 995 ejusdem

385 936 692 993 raeparavit.
749 936 942 978 verum
997 936 1159 974 etiam
1211 936 1267 973 et
1306 936 1358 974 in
1403 936 1632 975 ecetesra
1680 936 1920 995 ejusuem

345 936 447 1048 ἴ)ρί
481 989 762 1063 genitricis
785 1001 888 1063 ,_et
920 991 1132 1063 Domini
1182 989 1350 1063 nostri
1385 989 1510 1063 Iesu
1547 989 1770 1055 Christi,
1801 1006 1922 1060 quae

347 1060 574 1118 vocatur
600 1061 910 1127 Cosmedin,
955 1060 1085 1116 fecit
1121 1061 1408 1129 hospitium
1435 1061 1642 1132 largum
1691 1075 1754 1132 ac
1799 1075 1922 1129 spa-

347 1133 547 1188 tiosum
571 1132 810 1202 satisque
831 1132 1159 1201 praecipuum
1181 1132 1248 1184 ad
1271 1147 1428 1200 opem
1451 1139 1612 1202 atque
1634 1131 1918 1202 utilitatem

346 1203 661 1274 pontificum
687 1199 1127 1274 ,jnlii'obediciis
1173 1199 1537 1274 opportunum
1583 1199 1744 1274 fuerit
1796 1217 1918 1274 eum

333 1271 596 1340 bmnibus
643 1272 737 1342 qui
775 1272 858 1327 eis
911 1271 1242 1328 famulantur
1291 1271 1620 1342 amplissime
1676 1272 1916 1342 hospite-

346 1351 454 1398 tur.

417 1411 593 1469 Simili
636 1413 794 1484 modo
821 1421 879 1468 et
918 1411 970 1467 in
1004 1412 1236 1484 ecclesia
1278 1412 1437 1484 beati
1467 1411 1614 1467 Petri
1661 1413 1920 1484 principis

345 1484 571 1556 apostoli
600 1483 850 1556 nutritori
888 1499 992 1556 suo
1025 1483 1221 1556 obtulit
1262 1483 1382 1556 vela
1408 1483 1483 1556 _in
1510 1483 1673 1556 arcus
1698 1485 1920 1556 presby-

345 1553 468 1624 terii
499 1569 622 1608 cum
659 1553 1026 1624 cbrysoclavo,
1050 1553 1336 1624 habentem
1370 1553 1673 1616 historiam,
1705 1553 1916 1610 leonum

346 1623 546 1696 figuras
575 1623 800 1679 numero
822 1623 1290 1696 quadraginta._ln
1319 1625 1506 1678 eadem
1535 1640 1662 1680 vero
1693 1636 1916 1680 strenuo

2024 442 2288 498 quatenus
2325 431 2522 486 talibus
2567 430 2787 487 cederet
2829 431 3056 496 actibus,
3087 430 3462 487 commonuit.‘
3498 431 3606 490 Sed

2023 499 2112 572 ille
2167 510 2346 557 mente
2401 499 2628 572 confusa
2685 501 2887 572 monita
2937 501 3011 572 pii
3046 501 3248 572 Patris
3305 503 3607 560 obtendens

2025 569 2446 642 [contemnens],
2477 571 2658 640 pejora
2686 569 2960 642 prioribus
2992 571 3190 626 addere
3241 573 3462 628 minime
3488 589 3600 630 me-

2025 641 2470 714 tuebaturQnan’to
2492 652 2672 714 autem
2705 641 2931 714 benigna
2960 642 3222 714 inSpectio
3245 644 3442 698 summi
3473 659 3607 712 prie-

2023 711 2155 767 sulis
2201 713 2373 776 illum,
2401 722 2461 765 ut
2494 711 3212 781 resipisceret’admonebat,
3241 722 3395 769 tanto
3427 711 3600 782 magis

2023 782 2088 854 ad
2116 782 2610 854 detct‘ioraiszecnli
2651 783 2916 838 vertebat.
2959 783 3026 838 Et
3055 799 3218 854 super
3259 784 3599 854 iniquitatem

2023 851 2220 907 addere
2250 869 2354 907 non
2379 852 2677 907 desinebat.

2092 921 2226 976 Nam
2255 922 2515 995 quosdam
2547 932 2757 995 temere
2778 923 3304 995 excommunicabat,
3333 923 3598 995 quosdam

2025 1001 2203 1048 autem
2235 1007 2284 1072 a_
2315 992 2620 1072 visitatione
2647 993 3139 1072 sedisnapostoiicae
3184 992 3509 1072 avertebat;
3535 995 3602 1050 Et

2023 1063 2377 1130 quorumdam
2419 1078 2506 1117 res
2530 1063 2646 1134 sine
2676 1062 3071 1134 legali_jndicio
3099 1066 3421 1134 occupabat.
3439 1100 3445 1104 -
3464 1064 3604 1121 Nec-

2023 1147 2129 1205 non
2183 1141 2237 1205 et
2282 1141 2484 1205 satione
2539 1131 2794 1205 Romaniae
2834 1132 3087 1205 Ecclesize
3113 1131 3344 1205 plurima
3397 1136 3598 1205 praedia

2022 1202 2320 1275 auferebat.
2362 1203 2555 1258 Missos
2581 1203 2722 1258 illius
2747 1204 3059 1275 spernebat,
3089 1202 3144 1259 et
3189 1202 3416 1275 gloriam
3447 1206 3594 1260 beati

2022 1271 2168 1327 Petri
2193 1275 2441 1342 apostoli,
2471 1281 2728 1341 quantum
2764 1271 2814 1326 in
2842 1288 2900 1328 se
2930 1284 3068 1338 erat,
3103 1271 3422 1330 eva'cuabat.
3453 1275 3604 1330 Prat-

2023 1352 2198 1417 _cepta_
2219 1345 2405 1417 etiam
2423 1343 2758 1417 jnris_sancti
2786 1343 2951 1417 Petri,
2983 1345 3027 1398 si
3061 1345 3226 1417 apud
3251 1361 3602 1417 quoscunque

2024 1412 2350 1486 inveniebat,
2385 1415 2686 1486 frangebat,
2732 1422 2790 1486 _et
2833 1415 2900 1468 ad
2935 1414 3019 1482 ius
3059 1412 3229 1470 sancti
3267 1412 3606 1486 'Apollina'ris

2025 1481 2402 1554 transferebat.
2439 1481 2572 1538 Nam
2605 1481 2952 1554 presbyteros
2987 1493 3042 1540 et
3072 1481 3340 1542 diaconos
3374 1501 3482 1541 non
3513 1500 3605 1539 so-

2024 1553 2132 1607 lmn
2161 1553 2262 1609 sibi
2297 1554 2585 1623 subjectos,
2608 1553 2712 1609 sed
2754 1553 2918 1610 etiam
2949 1569 3046 1624 per
3088 1554 3362 1610 [Emiliam
3395 1555 3601 1612 consti-

2026 1631 2168 1696 tutos
2189 1625 2262 1696 ad
2297 1625 2644 1696 apostolicam
2675 1625 2871 1696 sedem
2901 1625 3252 1695 pertinentes,
3287 1626 3402 1682 sine
3429 1642 3598 1682 cano-

343 1694 595 1768 catenam
621 1708 782 1764 opere
814 1694 1011 1768 factam
1041 1694 1269 1749 contulit
1316 1709 1383 1749 ex
1409 1703 1639 1768 argento
1650 1696 1916 1768 _mundis-
1947 1708 1994 1768 Β
2024 1694 2144 1768 nico
2163 1694 2383 1768 judicio
2409 1696 2807 1768 deponebattet
2821 1694 2964 1768 alios
3001 1697 3230 1762 carceri,
3254 1696 3388 1753 alios
3415 1707 3600 1752 autem

343 1765 502 1830 simo,
525 1763 872 1834 quaz’pensat
895 1765 1058 1819 libras
1091 1780 1316 1821 numero
1343 1774 1594 1832 quatuor.
1619 1763 1752 1819 Nam
1784 1775 1838 1821 et
1861 1767 1914 1820 in

343 1836 582 1904 oratorio
631 1843 832 1891 sanctae
860 1835 1058 1899 crucis,
1089 1837 1232 1904 quod
1281 1834 1422 1890 infra
1453 1835 1730 1892 basilicam
1771 1837 1913 1890 beati

342 1903 490 1960 Petri
535 1906 759 1976 apostoli
789 1903 1293 1976 constitutumest,
1344 1905 1472 1959 fecit
1513 1907 1802 1975 gabatham
1849 1909 1915 1962 de

343 1975 758 2038 argento'nnam
805 1985 1120 2046 pensantem
1150 1975 1314 2031 libras
1361 1977 1512 2046 duas.
1545 1976 1660 2046 Ipse
1699 1975 1913 2044 quidem

343 2047 741 2102 sacratissimus
793 2043 1035 2117 pontifex
1097 2043 1224 2117 fecit
1275 2047 1330 2101 in
1395 2043 1617 2117 basilica
1679 2043 1915 2100 doctoris

342 2117 582 2184 gentium
624 2118 765 2172 beati
796 2115 966 2170 ’Panli
1013 2116 1238 2185 apostoli
1287 2115 1668 2170 candelabrum
1718 2132 1912 2186 argen~

344 2195 720 2258 teum__nnum,
744 2203 979 2258 pensans
1000 2187 1166 2258 libras
1207 2202 1431 2258 numero
1463 2187 1614 2250 duas,
1645 2199 1700 2242 et
1728 2188 1914 2258 inicias

342 2271 459 2310 sex.
495 2255 689 2311 Verum
721 2255 886 2312 etiam
916 2258 972 2312 in
1006 2257 1160 2312 titulo
1185 2257 1326 2312 beati
1371 2257 1588 2311 Eusebii
1639 2255 1914 2312 confesso-

343 2326 420 2398 ris
461 2325 663 2382 Christi
709 2327 838 2384 fecit
865 2343 1026 2398 super
1061 2328 1325 2383 ciborium
1367 2343 1583 2381 crucem
1619 2343 1744 2382 eum
1796 2329 1914 2384 velo

341 2397 660 2469 de-argento
685 2397 976 2469 purissimo
1002 2407 1318 2469 pensantem
1349 2398 1516 2469 libras
1541 2407 1794 2469 quatuor.

417 2465 586 2538 Hujus
623 2465 953 2538 temporibus
997 2467 1222 2524 Michael
1248 2468 1389 2524 filius
1427 2465 1706 2538 Theophili
1748 2469 1914 2538 impeo

339 2537 540 2592 ratoris
559 2537 1164 2622 Constantinopolitanae
1185 2539 1334 2593 urbis
1361 2537 1654 2622 imperator
1673 2540 1742 2593 ob
1769 2537 1915 2622 auio-

341 2621 455 2678 rcm
480 2609 844 2678 apostolorum
869 2608 1013 2672 misit
1035 2610 1102 2664 ad
1120 2612 1334 2664 beatum
1359 2608 1580 2662 Petrum
1605 2609 1908 2678 apostolum

347 2677 490 2751 dona
517 2695 614 2748 per
640 2680 940 2750 episcopos,
967 2695 1194 2751 quorum
1233 2681 1348 2734 haec
1373 2687 1508 2751 sunt
1543 2677 1780 2751 nomina,
1811 2679 1915 2733 Me-

341 2747 562 2822 thodius
591 2747 1058 2822 metropolitauus,
1085 2759 1141 2805 et
1169 2749 1386 2805 Samuel
1427 2749 1684 2818 episcopi,
1721 2759 1774 2803 et
1821 2751 1910 2803 alii

343 2817 450 2890 duo
496 2819 722 2890 depositi
765 2817 838 2876 ab
880 2825 1084 2876 honore
1139 2817 1758 2890 episcopatus,quorum
1811 2836 1910 2874 no-

339 2887 488 2960 mina
517 2887 632 2945 hinc
673 2900 797 2946 sunt
823 2932 837 2957 ,
873 2887 1187 2948 Zacharias
1217 2901 1272 2946 et
1300 2887 1438 2944 alius
1483 2887 1828 2960 Theophilus,
1859 2899 1912 2945 et

339 2957 480 3041 alius
509 2962 988 3041 iniperialislaicus
1011 2964 1228 3017 nomine
1248 2961 1470 3016 Arsavir
1498 2957 1765 3041 [Lusii-vir]
1797 2977 1912 3031 pro.

2024 1763 2227 1820 fetialis
2257 1767 2544 1834 ergastulis
2577 1765 2780 1822 retrudi
2811 1765 3061 1822 faciebat.

2088 1835 2238 1892 Alios
2280 1839 2506 1907 crimen,
2540 1837 2682 1906 quod
2717 1852 2822 1892 non
2875 1836 3136 1902 fecerant,
3157 1837 3385 1907 scriptis
3428 1837 3600 1892 confi-

2021 1907 2120 1960 teri
2150 1906 2396 1978 cogebat.
2445 1907 2749 1962 Conslituta
2768 1917 3031 1978 praeterea
3059 1906 3434 1978 ecclesiastica,
3467 1909 3598 1962 abs-

2016 1991 2122 2045 que
2159 1976 2302 2032 sedis
2347 1977 2656 2046 apostolica:
2691 1991 2955 2031 consensu
2986 1976 3342 2046 deprimebat.
3397 1977 3466 2032 Et
3503 1993 3598 2036 vu-

2019 2055 2181 2118 catus
2217 2063 2246 2101 a
2295 2063 2507 2103 summo
2551 2046 3091 2118 pontiiiceliomam,
3122 2061 3180 2102 se
3212 2048 3279 2104 ad
3329 2046 3597 2118 synodum

2019 2132 2125 2171 non
2157 2117 2355 2173 debere
2383 2115 2674 2174 occurrere
2699 2115 3010 2184 iactitabat.

2088 2187 2199 2258 Nec
2226 2189 2419 2242 mirum
2446 2204 2543 2244 cur
2570 2197 2755 2258 postea
2781 2187 2882 2242 ista
2911 2184 3123 2252 fecerit,
3158 2186 3252 2258 qui
3280 2186 3590 2251 cautiones,

2017 2267 2073 2313 et
2102 2257 2366 2314 indiculos
2389 2259 2480 2329 qni
2511 2257 2651 2313 soliti
2679 2265 2807 2329 sunt
2834 2257 3354 2329 abarchiepiscopis
3387 2258 3594 2314 Raven-

2016 2329 2233 2384 natibus
2278 2329 2329 2382 in
2357 2327 2558 2384 scrinio
2587 2329 2726 2392 fieri,
2760 2327 2813 2381 in
2849 2327 3003 2383 initio
3029 2327 3456 2384 consecrationis
3483 2345 3600 2384 suae

2017 2414 2166 2453 more
2191 2397 2384 2455 Felicis
2413 2400 2715 2456 decessoris
2744 2397 2824 2454 sui
2854 2397 3088 2464 falsavit,
3127 2407 3183 2453 et
3205 2399 3446 2466 quaedam
3471 2399 3596 2454 ιω-

2017 2470 2146 2540 hara
2175 2471 2396 2540 scripta,
2434 2471 2679 2539 quaedam
2703 2484 2832 2524 vero
2865 2467 2996 2540 falsa
3029 2469 3354 2540 composuit.

2087 2538 2302 2610 Eodem
2319 2538 2559 2610 tempore
2582 2555 2717 2610 papa
2761 2539 3054 2610 praedictus
3101 2545 3184 2610 ter
3233 2538 3300 2592 ad
3331 2538 3606 2609 synodum:

2017 2610 2130 2663 suis
2171 2609 2365 2664 litteris
2389 2609 2512 2664 eum
2549 2609 2780 2672 vocavit,
2809 2617 2864 2664 et
2887 2609 2976 2664 ille
3014 2609 3202 2663 venire
3237 2618 3604 2664 contemnens

2016 2694 2045 2750 ξι
2075 2689 2261 2734 sancta
2304 2681 2509 2750 synodo
2547 2679 2926 2734 communione
2970 2679 3214 2750 privatus
3238 2686 3341 2750 est.
3384 2679 3604 2750 Deinde-

2014 2749 2236 2821 Papiam
2281 2748 2528 2821 pergens,
2563 2748 3153 2821 imperatorisanribns
3189 2748 3447 2804 Ludovici
3479 2748 3593 2803 Cm-

2014 2820 2154 2873 saris
2212 2818 2510 2875 melesiiam
2575 2818 2797 2884 intulit,
2850 2818 3197 2889 solamenque
3257 2821 3587 2875 muudanu'n

2015 2891 2279 2959 quaesivit.
2323 2891 2474 2946 Tunc
2515 2890 2775 2960 largiente
2799 2890 2848 2945 ei
2893 2889 3133 2960 Augusto
3160 2889 3383 2960 legatos
3404 2889 3593 2958 praeci-

2015 2961 2170 3029 pnes,
2198 2977 2321 3015 cum
2370 2962 2476 3016 illis
2501 2959 2769 3032 superbia:
2818 2959 3052 3030 repletus
3101 2967 3312 3016 tumore
3356 2959 3586 3014 Romam

339 3031 810 3120 tJospathariusLid
831 3043 914 3089 est
940 3043 1450 3120 patenameicanro
1471 3031 1759 3112 purissimo
1777 3048 1907 3120 lcum
1937 3059 1980 3120 ρ
2013 3032 2279 3120 pervenit.

339 3099 570 3174 diversis
597 3103 859 3174 lapidibus
910 3099 1164 3174 pretiosis
1205 3103 1362 3174 albis,
1391 3099 1652 3174 prasini's,
1678 3111 1741 3174 et
1777 3102 1906 3174 hya-

337 3169 615 3241 cinthinis.
650 3169 938 3230 'Similite'r
977 3175 1201 3230 calicem
1246 3173 1312 3227 de
1359 3169 1493 3226 auro
1535 3187 1599 3225 ex
1641 3171 1743 3241 lapi
1769 3169 1906 3228 libus

337 3239 754 3315 circumdatum,
787 3254 844 3300 et
888 3247 941 3300 in
983 3245 1210 3299 circuitu
1259 3244 1555 3315 pendentes
1591 3239 1908 3312 hyacinthos

338 3309 394 3362 in
438 3311 527 3366 filo
551 3309 753 3379 aureo,
797 3325 854 3372 et
903 3316 1102 3386 repidis
1133 3309 1340 3386 duobus
1379 3314 1456 3386 iu_
1480 3321 1612 3386 typo
1628 3309 1904 3386 pavonum

337 3395 461 3455 cum
491 3386 661 3440 scutis
689 3394 744 3440 et
771 3383 997 3442 diversis
1024 3385 1288 3455 lapidibus
1322 3383 1575 3455 pretiosis
1603 3384 1907 3454 hyacinthis

337 3448 495 3526 albis,
524 3470 644 3526 qtae
668 3467 896 3526 pensant
918 3448 1088 3512 simul
1113 3456 1274 3510 libras
1299 3448 1638 3526 numero"...

365 3520 684 3582 -Similiter'
715 3541 846 3582 vero
883 3537 940 3583 et
991 3537 1192 3582 vestem
1241 3527 1308 3580 de
1373 3525 1721 3594 clnysoclavo
1780 3539 1902 3578 cum

373 3596 567 3647 emmis
622 3597 759 3651 albis
808 3599 1093 3653 habentem
1143 3597 1418 3651 historiam
1479 3595 1796 3658 Salvatoris,
1849 3605 1904 3648 et

405 3670 552 3736 atnm
575 3667 875 3736 apostolum
906 3669 1124 3724 Petrum
1169 3676 1224 3720 et
1263 3667 1504 3728 Paulum,
1534 3676 1588 3720 et
1613 3665 1748 3736 alios
1777 3679 1902 3736 apo-

336 3732 526 3798 stolos,
557 3732 777 3793 arbusta
819 3750 874 3793 et
915 3756 1098 3800 rosas,
1139 3749 1366 3805 utraque
1402 3745 1556 3804 parte
1611 3734 1798 3788 altaris
1828 3735 1902 3789 le-

335 3814 524 3880 gentes
545 3807 609 3860 de
633 3810 848 3864 nomine
879 3810 1048 3880 ipsius
1084 3808 1428 3880 imperatoris
1459 3807 1606 3880 nunc
1637 3807 1902 3880 ninguitu-

335 3874 498 3938 dinis,
545 3887 599 3930 et
627 3874 1043 3948 pulchritudinis
1069 3874 1282 3947 decore.
1333 3876 1528 3948 Etialia
1558 3874 1746 3948 multa
1761 3875 1899 3929 dona

332 3945 672 4019 porrigentes
715 3951 978 4018 pontifici,
1011 3945 1292 4019 legationis
1319 3947 1480 4001 verba
1525 3946 1625 4000 sibi
1662 3945 1898 4019 injuncta

332 4015 581 4084 protinus
617 4015 918 4075 ediderunt.
951 4015 1118 4076 Porro
1157 4019 1301 4074 fatus
1349 4020 1638 4088 imperator
1681 4017 1898 4072 Graeco-

335 4099 474 4147 rum,
505 4088 845 4162 inventapro
875 4093 1164 4162 imaginum
1193 4089 1586 4162 depositoribus
1614 4089 1900 4162 occasione

333 4169 636 4232 sacrarum,
667 4158 858 4216 missos
884 4158 1200 4232 apostolica:
1228 4161 1390 4232 sedis,
1417 4174 1514 4232 per
1564 4173 1739 4232 supra
1760 4158 1900 4232 fatos

333 4239 462 4311 suos
493 4227 697 4311 legatos
743 4227 1262 4311 Constantinopolim
1294 4227 1449 4311 dirigi
1481 4229 1899 4311 postulantiu-

333 4303 550 4376 tentans
575 4301 782 4376 scilicet
829 4319 1048 4376 causam
1075 4299 1261 4376 lgnatii
1281 4299 1730 4376 _patriarc|r.e,_et
1757 4299 1899 4354 Pho—

333 4366 394 4448 tii
447 4367 1051 4448 Constantinopolitanze
1088 4366 1342 4448 Ecclesia:
1389 4369 1712 4448 perva_soris_
1745 4385 1898 4448 :__cu-

329 4439 486 4512 piens
515 4439 601 4495 hic
625 4439 870 4500 einmlem
913 4453 1159 4500 sanctum
1191 4444 1364 4498 virum
1392 4439 1654 4512 lgnatium
1693 4440 1899 4512 judicio

331 4509 478 4584 sedis
499 4514 806 4579 apostolica:
829 4515 1021 4569 callide
1048 4515 1144 4584 per
1171 4509 1448 4576 invidiam;
1470 4520 1528 4564 ιιι
1555 4511 1896 4584 Ροδῑηιοάυηι

370 4579 544 4654 aluit,
574 4585 968 4652 condemnare,
1010 4579 1366 4654 Photinmque
1415 4579 1742 4654 neophytum
1798 4583 1898 4653 ipsi

377 4648 585 4726 colesiaz
613 4655 924 4726 subrogare.

362 4787 374 4800 .
403 4719 449 4795 '1:
451 4736 555 4776 unc
594 4719 833 4800 pontifeix
879 4741 1131 4800 summus
1158 4723 1510 4800 imperatoris
1555 4723 1732 4800 adhuc
1777 4739 1901 4800 p_es-

330 4793 488 4866 simLfe
510 4795 848 4864 cogitationis
878 4797 1116 4866 ignarus,
1140 4794 1274 4848 duos
1306 4795 1587 4866 episcopos
1615 4793 1762 4858 illnc,
1792 4795 1899 4851 Ra-

331 4859 816 4921 doaldum'scilicet
850 4859 1273 4926 et'Zacbariam,
1310 4859 1548 4918 direxit:
1583 4866 1898 4934 praecipiens

333 4939 395 4983 ut
435 4934 692 5005 quidquid
729 4939 794 4992 de
839 4938 1010 4993 sacris
1039 4936 1361 5005 imaginibus
1404 4937 1633 5004 qtuestio
1658 4934 1894 5004 afferret,

334 5004 590 5078 synodice
637 5005 949 5073 dillinirent,
999 5016 1054 5062 et
1109 5004 1285 5078 ipsius
1325 5005 1514 5078 lgnatii
1554 5005 1896 5078 patriarchae,

335 5071 621 5151 l'hotiiqne
663 5079 917 5151 neophyti
938 5071 943 5073 ’
963 5071 1182 5151 causam
1210 5071 1524 5132 solemniter
1557 5071 1902 5147 inquirerent

328 5150 560 5211 tantum,
589 5155 644 5202 et
667 5149 767 5204 sibi
796 5149 1181 5204 renuntiarent.

400 5215 502 5303 Qui
535 5221 706 5303 sancti
733 5219 1004 5290 pontificis
1029 5218 1478 5303 parvipendentes
1503 5223 1900 5303 ‘statntaj‘qna:

327 5283 414 5362 vel
443 5298 649 5362 quanta
667 5283 886 5362 insana
903 5283 1138 5362 pecunia
1165 5283 1272 5344 illic
1299 5287 1538 5362 corrupti
1567 5283 1739 5362 more'
1753 5283 1903 5344 Vita»

327 5355 416 5434 lis,
444 5355 605 5428 atque
634 5360 823 5416 Mesini
848 5355 1107 5434 {Miseni}
1149 5355 1479 5434 peregerint,
1503 5359 1730 5414 inferius
1777 5375 1902 5434 suc-_

329 5427 932 5502 cincte’transcurraiii.
965 5427 1174 5486 Interea
1203 5427 1354 5485 multi
1383 5430 1778 5502 Ravennatum,
1809 5431 1902 5502 qni

329 5511 358 5572 ξι
389 5495 598 5572 Joanne
627 5502 866 5572 ejusdem
898 5503 1047 5558 urbis
1096 5502 1504 5570 archiepiscopo
1534 5501 1587 5555 in
1636 5495 1904 5567 rebusfet

323 5566 464 5637 juris
501 5570 598 5643 sui
629 5566 1052 5643 proprietatibus
1085 5566 1422 5629 incon'uiioda
1442 5566 1812 5636 sustinebant,
1835 5571 1918 5626 ad'

332 5643 474 5694 hunc
500 5641 870 5698 beatissimum
895 5659 1108 5714 papam,
1141 5655 1199 5697 ut
1222 5660 1251 5697 a
1285 5644 1447 5696 tantis
1467 5643 1907 5714 oppressionibus

331 5720 676 5782 emerentur,
700 5715 1004 5770 veniebant.
1027 5713 1264 5782 Quorum
1294 5715 1379 5784 pic
1397 5715 1662 5774 clamores
1685 5715 1907 5770 audiens

2083 3101 2188 3156 Sed
2218 3100 2458 3184 pontifex
2509 3101 2702 3166 almus,
2729 3100 2854 3184 quia
2895 3109 3099 3184 contra.
3123 3116 3398 3184 sacrorum
3431 3115 3593 3182 cano-

2012 3187 2137 3224 num
2171 3170 2384 3242 regulas
2424 3170 2890 3227 excommunicato
2931 3172 3030 3242 ipsi
3081 3170 3245 3242 iegati
3287 3171 3591 3226 communi-

2008 3241 2287 3308 caverunt,
2333 3243 2564 3310 benigne
2601 3257 2696 3298 eos
2743 3241 3037 3311 redarguit.
3075 3241 3184 3296 lllis
3233 3252 3414 3296 autem
3471 3257 3593 3310 qua:

2007 3322 2236 3395 egerunt
2259 3312 2598 3395 deflentibus,
2629 3311 2804 3395 eidem
2831 3313 3239 3395 archiepiscopo
3261 3311 3431 3395 a'Deo
3462 3328 3587 3395 ouu-

2006 3383 2306 3454 servandus
2331 3399 2464 3454 papa
2499 3383 2764 3454 mittebat,
2787 3391 2846 3438 ut
2886 3384 2938 3438 in
2969 3381 3222 3454 Kalendis
3268 3381 3592 3438 Novembris

2006 3453 2074 3506 ad
2104 3455 2364 3524 synodum
2401 3452 2430 3506 ἐι
2459 3469 2564 3524 qua
2595 3452 2771 3524 fuerat
2798 3453 3299 3510 excommunicatus
3336 3469 3592 3509 occurre-

2007 3532 2110 3587 ret,
2136 3523 2913 3594 'plcnamqnesatisfactionem
2936 3525 3267 3586 ostenderet,
3287 3539 3506 3594 necnon
3533 3532 3589 3576 et

2008 3594 2170 3648 tantis
2191 3592 2726 3663 prmvaiieationibns
2749 3593 2908 3647 finem
2935 3593 3256 3662 imponeret.
3282 3592 3374 3646 Ille
3402 3603 3584 3663 autem

2006 3662 2200 3728 noluit,
2231 3665 2324 3718 sed
2352 3675 2648 3718 retrorsum
2679 3663 2864 3718 abiens
2889 3664 3132 3718 recessit.
3163 3663 3232 3717 Et
3259 3677 3386 3717 ecce
3416 3662 3590 3716 {Emi-

2003 3732 2198 3789 lienses
2239 3750 2303 3788 ac
2331 3743 2608 3791 senatores
2637 3733 2786 3788 urbis
2834 3733 3102 3788 Ravennae
3138 3748 3260 3788 cum
3297 3733 3583 3787 innumero

2004 3804 2198 3874 populo
2227 3804 2294 3858 ad
2320 3805 2541 3875 vestigia
2569 3803 2813 3875 priesulis
2841 3802 3000 3871 hujus
3021 3804 3174 3875 beati;
3197 3803 3424 3875 Romani
3453 3817 3576 3858 cum

2003 3872 2254 3946 iacrymis
2294 3872 2664 3946 properantes,
2700 3875 2978 3946 rogabant
3021 3882 3080 3928 ut
3112 3873 3179 3928 ad
3225 3872 3584 3946 imitationem

2002 3943 2212 4000 Domini
2241 3943 2409 4000 nostri
2429 3944 2555 4002 Jesu
2585 3943 2799 4000 Christi
2814 3960 2912 4013 pro
2943 3943 3355 4014 recuperatione
3389 3959 3580 3997 eorum

2003 4031 2108 4086 non
2155 4016 2537 4086 dedignaretur
2588 4015 2857 4086 proficisci
2909 4014 3228 4086 Ravennam
3260 4055 3275 4080 ,
3313 4023 3598 4086 quatenus.

2001 4085 2258 4154 inspectis
2283 4083 2530 4142 erunibus
2554 4083 2620 4141 ad
2651 4101 2916 4142 summam
2945 4101 3039 4142 eos
3065 4083 3384 4156 perduceret
3423 4084 3586 4140 liber-

2004 4165 2188 4210 tatem.

2072 4227 2255 4298 itaque
2278 4242 2374 4296 per
2390 4239 2560 4283 semet
2585 4228 2923 4282 beatissimus
2949 4243 3092 4298 papa
3119 4226 3430 4298 Ravennam
3447 4241 3584 4298 pro-

2001 4296 2264 4361 ficiscens,
2294 4313 2416 4353 cum
2445 4301 2510 4352 de
2538 4299 2654 4368 ejus
2683 4299 2912 4353 adventu
2937 4296 3173 4352 Joannes
3219 4296 3582 4368 archiepisco-

2001 4381 2102 4436 pus
2132 4369 2492 4438 cognovisset,
2525 4365 2692 4436 usque
2718 4367 2937 4438 Papiam
2965 4369 3218 4424 continuo
3243 4367 3310 4420 ad
3349 4365 3584 4436 impera-

2007 4439 2139 4493 toris
2161 4453 2321 4493 aures
2349 4440 2524 4494 denuo
2570 4439 2930 4495 molestandas
2960 4441 3062 4493 iter
3089 4438 3336 4506 arripuit.

2079 4508 2213 4563 Tum
2264 4509 2460 4578 praesul
2513 4511 2748 4580 optimus
2793 4515 3044 4580 omnibus
3089 4505 3538 4580 Ravennae-usibus
3567 4547 3584 4574 ,

2005 4575 2432 4646 IEntiliensibus,
2479 4575 3013 4650 et'Pentapolitanis,
3069 4595 3156 4650 res
3199 4575 3582 4650 quasAJoanne

2005 4651 2411 4720 archiepiscopo
2457 4661 2514 4706 et
2559 4647 2818 4722 Gregorio
2869 4650 3037 4722 fratre
3078 4649 3195 4718 ejus
3247 4647 3582 4722 rapientibus

2007 4717 2320 4787 amiserant,
2344 4717 2647 4777 'clcmenter
2672 4717 2920 4777 restituit
2961 4736 3028 4774 ex
3064 4717 3436 4789 praeceptionis
3473 4735 3582 4774 suae

2005 4792 2244 4856 decreto,
2287 4794 2430 4862 quod
2463 4793 2682 4846 tradidit
2724 4799 2778 4846 et
2811 4787 3170 4862 confirmavit.
3218 4787 3449 4862 Praefato
3487 4803 3583 4842 an-

2007 4872 2112 4917 tem
2159 4859 2588 4932 archiepiscopo,
2637 4873 2694 4917 ut
2736 4861 3049 4932 praedictum
3083 4868 3187 4924 est,
3233 4859 3580 4932 perveniente

2006 4933 2247 5004 Papiam,
2276 4922 2535 5004 concives
2551 4922 2790 5000 ejusdem
2821 4922 2974 5004 urbis
3005 4946 3108 4984 una
3131 4922 3252 4990 cum
3284 4927 3592 4984 Lnitliardo'

2005 5001 2257 5075 episcopo
2303 5020 2400 5070 suo
2443 5020 2474 5058 a
2507 5003 2752 5059 Bernano
2795 5001 3047 5075 pontifice
3093 5009 3416 5075 consecrato
3453 5014 3574 5053 cum

2006 5069 2334 5130 audivissent
2355 5069 2496 5143 quod
2521 5090 2552 5128 a
2573 5089 2782 5129 summo
2796 5069 3056 5144 pontifice
3080 5069 3577 5144 excommunicatus

2007 5147 2148 5200 idem
2173 5153 2318 5200 esset
2343 5141 2884 5215 archiepiscopus,’in
2912 5150 3082 5215 tanta
3109 5157 3166 5197 se
3193 5141 3582 5215 custodizecir-

2007 5216 2411 5286 cumspectione
2458 5213 2798 5286 dediderunt,
2850 5224 3043 5286 utnec
3071 5213 3143 5286 iu_
3175 5213 3287 5268 suis
3333 5213 3580 5268 dentibus

2006 5301 2130 5342 eum
2164 5283 2521 5353 'recipercnt,
2578 5300 2677 5340 nec
2731 5283 3039 5339 hominibus
3097 5283 3213 5353 ejus
3266 5291 3584 5354 paterentur

2007 5356 2206 5427 aliquid
2253 5354 2568 5427 venundari,
2613 5370 2681 5410 ne
2730 5370 2828 5427 per
2882 5353 2985 5408 tale
3039 5353 3438 5427 commercium
3479 5354 3583 5408 sal-

2009 5423 2116 5482 teni
2163 5426 2450 5480 locutionis
2497 5441 2683 5480 eorum
2731 5423 3042 5480 viderentur
3091 5441 3212 5480 esse
3251 5423 3540 5496 participes
3567 5465 3581 5489 ,

2009 5514 2074 5554 ac
2099 5513 2198 5568 per
2224 5499 2324 5552 hoc
2349 5497 2918 5568 excommunicationis
2942 5504 3130 5568 notam,
3152 5497 3510 5568 incurrerent.

2081 5565 2265 5622 Potius
2289 5577 2468 5622 autem
2485 5583 2607 5622 cum
2631 5569 2696 5622 de
2725 5566 3100 5623 assistentibus
3121 5567 3291 5638 ipsius
3312 5565 3580 5638 archiepi-

2010 5640 2155 5710 scopi
2177 5640 2384 5710 aliquos
2411 5655 2505 5710 per
2525 5639 2732 5709 plateas
2752 5639 3060 5710 incedentes
3085 5635 3364 5710 vidissent,
3382 5635 3578 5710 clama-

2010 5706 2142 5768 bant
2158 5725 2173 5765 :
2192 5706 2281 5767 lsti
2295 5718 2360 5766 de
2374 5706 2479 5768 illis
2491 5706 2972 5767 eicominnnicatis
2985 5718 3128 5777 sunt,
3147 5725 3250 5764 non
3278 5707 3403 5762 licet
3427 5706 3586 5764 ouilia
