4070 6310
533 326 640 384 765

533 456 560 488 ς

581 520 600 564 t
623 511 974 580 depositionis
999 526 1282 566 censuram
1315 511 1508 580 merito
1527 509 1891 580 incurrerunt.

602 581 659 635 lu
691 578 791 636 hac
815 582 1029 652 quidem
1073 581 1276 652 synodo
1298 579 1560 650 benignus
1589 578 1784 652 praesul
1817 578 2110 652 Metcnsem

533 647 962 724 synodumfubi
979 647 1126 721 gesta
1158 649 1270 724 illa
1301 647 1491 704 contra
1536 647 1895 724 veluntatem
1920 647 2013 701 Dei
2053 655 2110 701 et

533 719 688 776 suam
711 723 913 791 digesta
940 719 1174 782 fuerant.
1197 721 1342 775 illico
1365 722 1622 791 cassavit,
1651 727 1705 774 ct
1743 719 1988 791 quaedam
2013 733 2106 772 ne-

533 788 846 847 cessaria—in
873 801 1056 846 sancta
1085 792 1326 847 Ecclesia
1359 789 1590 858 capitula
1623 788 2000 860 promulgavit.

604 863 698 917 His
753 863 826 916 ita
877 863 1111 932 peractis
1165 877 1268 916 una
1297 877 1418 915 cum
1473 862 1588 932 jam
1621 861 1766 914 dicto
1816 859 2110 932 llaganonc

533 933 816 1002 episcopo,
871 928 961 1001 qui
991 972 1006 998 ,
1054 933 1194 988 sicut
1247 928 1882 1002 quidam—episcoporum
1932 928 2109 1002 eidem

531 998 837 1072 cbangelico
857 998 1051 1072 praesul
1075 998 1404 1066 scribebant,
1421 1002 1490 1056 ob
1511 998 1797 1072 sermones
1807 998 2108 1072 imperitos,

514 1073 647 1143 ’qui_
672 1068 726 1127 in
773 1068 1178 1141 praenominatis
1215 1073 1459 1143 profanis
1487 1071 1654 1143 gestis
1697 1086 1727 1123 a
1757 1068 2109 1143 Theutgaudo

529 1141 585 1198 et
620 1141 924 1198 Gunthario
953 1143 1151 1198 oblatis
1177 1141 1462 1203 sonabant,
1496 1141 1647 1195 Heliu
1675 1141 1984 1195 nominatus
2003 1145 2106 1202 est,

528 1227 596 1269 eo
617 1215 758 1284 quod
790 1215 904 1282 ipse
935 1213 1155 1284 [lagano
1182 1224 1372 1268 auctor
1403 1213 1614 1284 illorum
1664 1211 1844 1284 fuerit,
1877 1218 1931 1264 et
1981 1209 2108 1262 talia

527 1281 663 1355 cum,
694 1281 901 1355 eisdem
927 1281 1349 1355 archiepiscopis
1399 1281 1913 1355 inconvenientilms,
1956 1292 2107 1355 men-

527 1353 861 1423 dacibusque
891 1348 1129 1421 loquelis
1152 1348 1535 1422 composuerit,
1578 1350 1812 1423 Joanne,
1840 1351 1907 1404 de
1952 1348 2107 1423 cujus

525 1419 787 1494 superius
811 1419 1073 1494 memoria
1121 1419 1299 1478 textus
1339 1423 1627 1494 eloquitur,
1683 1419 2108 1494 ascitouarcbiej

522 1488 747 1562 piscopo
797 1509 918 1548 cum
971 1493 1234 1564 Gregorio
1284 1488 1545 1564 germano
1599 1491 1768 1564 fratre
1821 1489 1985 1564 illius,
2014 1488 2105 1564 qui

521 1559 813 1618 inultairum
842 1559 1347 1632 praevaricationum
1391 1561 1685 1632 juramenti
1723 1560 1864 1630 quod
1896 1559 2108 1632 praestit-

521 1641 704 1687 teraut
746 1629 922 1696 obliti,
973 1634 1191 1689 obnoxii
1250 1629 1606 1688 habebantur.
1659 1629 1824 1685 lidcm
1881 1629 2106 1700 depositi

520 1703 854 1772 poenitentiae
900 1704 1138 1760 lamenta
1179 1721 1282 1759 non
1314 1704 1672 1772 requirentes,
1701 1709 1756 1756 et
1784 1708 1989 1754 tantum
2023 1700 2108 1753 fa-

521 1774 699 1854 cinus,
749 1773 892 1843 quod
938 1777 1004 1854 in_
1043 1791 1270 1854 uxorem
1320 1773 1562 1854 Lotharii
1607 1773 1751 1854 regis
1798 1778 2100 1852 gesserant,
2134 1794 2180 1854 Β

521 1845 700 1898 adhuc
734 1840 839 1899 non
868 1846 1214 1900 condolentes
1264 1860 1384 1899 cum
1431 1843 1655 1905 eisdem,
1675 1840 1976 1912 ‘llagairone
2000 1840 2105 1912 sci-

520 1913 646 1984 licet
674 1925 728 1969 ct
749 1913 952 1984 Joanne
976 1915 1288 1970 Ravennate
1311 1915 1737 1984 archiepiscopo,
1769 1910 1824 1967 et
1841 1910 2103 1984 Gregorio

517 1981 692 2039 fratre
715 1983 835 2054 ejus
865 1993 1052 2040 contra
1087 1989 1268 2041 sedem
1301 1981 1625 2049 Romanam,
1650 1981 1762 2038 imo
1799 1982 2104 2054 specialiter

518 2063 710 2109 contra
746 2051 1033 2126 summum
1059 2056 1410 2126 pontificem,
1454 2063 1508 2110 et
1533 2055 1788 2125 p0pulum
1814 2051 2104 2126 illi_suhdi-

517 2130 656 2187 tum,
707 2139 738 2180 a
787 2123 1014 2179 Domino
1053 2122 1178 2182 Iesu
1209 2125 1430 2180 Christo
1475 2122 1571 2195 per
1607 2122 1828 2179 beatum
1879 2122 2101 2195 Petrum

517 2195 820 2267 apostolum
844 2197 992 2267 regni
1015 2195 1274 2252 ccelorum
1297 2191 1621 2267 clavigerum
1643 2191 2099 2267 commendatum,

516 2263 684 2320 multa
719 2263 974 2330 nefanda,
1005 2267 1172 2320 multa
1195 2263 1489 2332 contraria,
1509 2264 1784 2333 multaque
1811 2263 2098 2334 sacrilega,

516 2345 573 2389 et
605 2335 1031 2392 Christianitatis
1058 2337 1276 2392 modum
1303 2336 1617 2390 excedentia
1653 2336 1830 2404 palam
1878 2335 2098 2389 etclam

515 2404 896 2460 fraudulentur
917 2417 1076 2476 atque
1105 2407 1410 2477 procaciter
1435 2405 1649 2475 operari
1678 2414 1980 2477 cmperuiit,
2024 2405 2097 2477 ita

515 2485 574 2530 ut
601 2491 790 2530 eorum
823 2475 1074 2546 nequitiae
1099 2475 1314 2531 montes
1345 2477 1722 2546 transirentet
1749 2475 1938 2546 maria,
1961 2483 2016 2528 et
2043 2475 2096 2528 in

515 2547 820 2618 cmlumdos
847 2545 1003 2602 suum
1046 2555 1307 2618 ponentes
1349 2546 1604 2616 populum
1652 2545 1862 2618 Domini
1913 2545 2100 2618 crude-

512 2615 640 2686 liter
697 2615 1086 2686 discerpereni,
1139 2625 1195 2672 et
1240 2615 1556 2672 innecentes
1618 2615 1830 2686 animas
1878 2615 2096 2686 viperea

513 2685 748 2742 factione
774 2683 1104 2757 deciperent.
1136 2688 1204 2742 Et
1225 2689 1418 2757 quibus
1450 2702 1556 2742 non
1589 2683 1928 2757 sufﬁciebant
1957 2685 2095 2757 mala

511 2758 809 2828 praeterita,
842 2754 979 2813 nova
1006 2768 1061 2813 et
1107 2754 1348 2812 inaudita
1375 2757 1480 2810 alia
1513 2756 1781 2811 deteriora
1820 2754 2094 2828 prioribus

512 2825 727 2883 diabolo
767 2829 1055 2884 suadentes
1099 2829 1281 2882 facere
1329 2843 1434 2881 non
1491 2825 2000 2884 recusabant.‘Quia
2040 2835 2096 2880 et

510 2897 653 2968 quod
685 2897 955 2967 sigillatim
987 2899 1228 2966 utrisque
1253 2897 1608 2968 prohibitum,
1648 2906 1703 2952 et
1725 2897 1983 2968 synodice
2009 2910 2094 2949 se-

509 2967 748 3024 (iundum
775 2969 1092 3038 qualitatem
1139 2967 1360 3024 sceleris
1385 2969 1730 3022 interdictum
1759 2967 1954 3028 fuerat,
1997 2982 2094 3038 au-

511 3039 699 3094 dacter
731 3037 1042 3109 contingere
1073 3047 1554 3110 praesumpserunt,
1599 3047 1654 3110 et
1691 3053 1811 3107 quae
1837 3037 2090 3110 tentanda

509 3110 734 3174 nemini,
765 3111 874 3165 Deo
897 3106 1228 3178 contempto,
1250 3106 1352 3163 bc'u
1376 3109 1511 3178 proh
1533 3109 1687 3163 dolor
1703 3106 1723 3163 li
1743 3106 2085 3178 peregerunt.

580 3180 682 3236 Hic
708 3181 910 3236 Christi
935 3181 1144 3235 amicus
1194 3180 1434 3234 omnium
1488 3181 1705 3234 nomina
1751 3178 2086 3242 claudorum,

509 3265 796 3314 caecorum,
853 3259 1014 3321 atque
1063 3265 1127 3305 ex
1181 3249 1594 3321 totofdebilium
1645 3251 1698 3304 in
1747 3247 2128 3321 urbeul'ioma.

509 3317 1157 3392 consistentium'scripta
1183 3320 1322 3390 apud
1351 3335 1418 3392 se
1439 3321 1681 3392 retinens
1715 3317 2089 3392 quotidianum

509 3389 616 3446 illis
646 3393 848 3446 victum
893 3388 1484 3447 ministrare—studiose
1529 3388 1772 3446 curabat.
1824 3388 1958 3442 Nam
2004 3403 2092 3442 re-

507 3460 672 3532 liquis
695 3457 1018 3532 pauperibus
1041 3477 1311 3532 gressum,
1351 3468 1444 3514 aut
1470 3461 1616 3516 vires
1647 3459 1970 3532 habentibus
1998 3459 2092 3532 hu.

503 3529 826 3602 jusceuiodi,
846 3539 904 3602 ut
930 3529 1164 3586 vicissim
1187 3546 1281 3586 eos
1304 3531 1865 3602 pasceretsapienter,
1891 3529 2092 3602 reperit

507 3599 750 3668 inodum,
787 3601 992 3657 scilicet
1046 3602 1219 3656 bullas
1269 3599 1368 3656 suo
1420 3599 1648 3655 nomine
1678 3599 1919 3654 titulatas
1973 3599 2089 3654 fieri

504 3671 707 3743 jussit,
750 3681 806 3726 et
852 3671 950 3726 has
995 3673 1076 3728 eis
1109 3673 1226 3728 dari
1269 3671 1546 3740 praecepit.
1582 3670 1654 3726 Ut
1684 3669 1872 3743 quanti
1904 3669 2090 3743 prima

506 3738 662 3814 feria,
686 3738 874 3814 quanti
906 3743 1164 3809 secunda,
1191 3738 1376 3812 quanti
1409 3738 1588 3814 tertia,
1623 3738 1723 3814 vel:
1739 3738 1948 3814 caeteris
1971 3738 2090 3814 aliis

505 3812 659 3885 feriis
685 3809 949 3885 prandere
971 3809 1302 3885 debuissent,
1325 3827 1447 3885 per
1468 3813 1686 3885 signqu
1711 3809 1974 3885 bullarum
2004 3809 2089 3885 fa-

505 3884 665 3940 cilius
685 3880 1048 3950 ‘nosceretur,
1082 3892 1137 3938 et
1164 3885 1218 3938 in
1261 3880 1366 3936 illis
1387 3880 1607 3952 quidem
1637 3880 1816 3945 bullis,
1838 3895 1968 3952 quae
2007 3881 2089 3934 eis

507 3955 646 4010 datae
675 3965 822 4018 sunt,
853 3955 946 4024 qui
991 3955 1164 4024 prima
1194 3953 1329 4008 feria
1359 3950 1510 4007 refici
1548 3954 1798 4016 debeant,
1828 3950 1980 4024 fecit”
1995 3965 2091 4024 per

539 4025 746 4092 ingulas
766 4020 900 4080 duos
928 4020 1118 4088 nodos,
1143 4034 1199 4079 et
1230 4024 1310 4078 sic
1340 4038 1438 4094 per
1457 4037 1646 4078 omnes
1671 4037 1842 4094 usque
1865 4021 1917 4074 in
1949 4020 2089 4094 Sab-

539 4040 746 4092 ingulas
766 4040 900 4080 nuos
928 4040 1118 4088 nouos,
1143 4040 1199 4079 et
1230 4040 1310 4078 sic
1340 4040 1438 4094 per
1457 4040 1646 4078 omnes
1671 4040 1842 4092 usque
1865 4040 1917 4074 in
1949 4040 2089 4075 aau-

490 4040 718 4156 iatum,
747 4104 808 4148 ut
827 4103 958 4162 quot
982 4095 1130 4148 feriae
1157 4103 1356 4157 essent,
1389 4101 1466 4147 tot
1488 4102 1672 4148 essent
1701 4088 1828 4146 nodi
1865 4107 1960 4160 per
1979 4092 2091 4145 sin-

505 4163 660 4237 gulas
683 4161 1198 4237 bullas,‘_includens,
1221 4164 1372 4237 ineis
1395 4179 1582 4228 nuces,
1599 4163 1839 4237 _ub_i_nodi
1866 4161 2084 4237 tieb‘ant,

505 4231 775 4305 quatenus
804 4233 981 4305 nullus
1032 4248 1236 4304 pauper
1277 4235 1570 4288 haberetur
1597 4234 1652 4305 in
1678 4232 1844 4296 Urbe,
1889 4231 1980 4305 qui
2005 4231 2089 4284 vel

503 4303 614 4359 uno
643 4305 730 4358 die
749 4319 856 4375 per
901 4303 1291 4375 hebdomadam
1335 4305 1402 4375 de
1432 4307 1544 4359 suis
1585 4303 1942 4375 eleemosynis
1983 4317 2088 4375 non

501 4384 648 4430 esset
677 4373 927 4430 refectus.
972 4373 1180 4428 Interea
1225 4374 1449 4430 Carolus
1491 4390 1584 4430 rex
1633 4373 1831 4430 sancto
1849 4373 2091 4443 apostolo

499 4445 664 4500 Petro
709 4445 905 4500 obtulit
952 4459 1019 4498 ex
1069 4445 1362 4514 purissimo
1407 4461 1542 4501 auro
1583 4453 1639 4500 et
1687 4445 1917 4514 gemmis
1963 4458 2088 4498 con-

1871 323 2142 384 NICOLAI
2180 323 2379 380 PAPE
2415 325 2438 380 I

531 438 739 565 isgnodo
771 441 1096 496 decernente
1141 439 1458 496 sacerdotali
1509 439 1712 493 honore
1737 437 1932 508 privati
1959 445 2106 492 sunt.
2141 441 2184 498 Α
2215 438 2386 492 ruinis
2411 439 2643 507 positum
2673 437 2901 519 pulchro
2931 452 2994 492 ac
3039 437 3180 519 miro
3208 437 3542 519 restauravit
3569 439 3802 497 honore.

581 511 974 565 tdenositionis
999 526 1282 565 censuram
1315 509 1891 564 meritoineurrerimt.
2216 509 2313 563 Via
2347 517 2525 564 autem
2553 508 2725 565 Aonia
2761 508 2813 561 in
2849 517 3164 564 cmmeterio
3197 509 3370 562 sancti
3413 507 3617 564 Christi
3658 526 3802 565 mar-

3699 330 3808 384 τω
3855 354 3860 358 ί

2216 509 2313 563 Via
2347 517 2525 578 autem
2553 507 2725 578 Appia
2761 508 2813 561 in
2849 507 3164 564 cmmeterio
3197 509 3370 562 sancti
3413 507 3617 564 Christi
3658 526 3810 566 mar-

2213 579 2347 648 tyris
2383 577 2684 633 Sebastiani
2712 581 2764 632 in
2801 579 3150 640 Catacumba,
3175 579 3266 632 ubi
3288 579 3658 646 apostolorum
3682 596 3807 636 cor-

2211 663 2352 716 pora
2375 649 2664 717 jacuerunt
2710 649 2853 718 quod
2899 649 3085 703 multis
3122 649 3279 703 annis
3327 658 3534 714 ruerat,
3587 652 3808 705 meliori

2212 718 2342 773 illud
2387 720 2590 774 fabrica
2635 735 2922 782 renovans,
2970 720 3358 774 monasterium
3390 721 3542 784 fecit,
3589 729 3648 774 et
3685 737 3810 774 mo-

2211 791 2416 844 nachos
2443 790 2542 844 sub
2583 788 2794 844 abbatis
2822 791 3084 860 regimine
3127 790 3488 860 undecunque
3513 791 3693 859 potuit
3713 808 3810 859 ag-

2211 860 2771 933 gregavit,_\'i_ctttiqt_te
2809 859 3116 933 necessaria
3161 860 3296 922 dari,
3351 872 3664 933 caeteraque
3697 862 3809 917 ati-

2210 931 2404 1000 pendia
2431 931 2725 984 ministrari
2756 931 3028 998 praecepit.

2283 1000 2453 1070 Hujus
2493 1000 2656 1070 igitur
2703 1009 2947 1068 tempore
2987 1015 3110 1054 cum
3163 1000 3318 1054 multi
3371 1001 3440 1055 ad
3488 1001 3819 1056 sanctitatis

2210 1067 2327 1142 ejus
2361 1067 2554 1124 nomeii
2583 1071 3202 1142 accurreruut,quidam
3233 1071 3299 1124 de
3319 1071 3618 1142 Anglorum
3639 1081 3808 1142 gente

2209 1139 2437 1194 Boream
2471 1149 2756 1204 venerunt,
2807 1141 2896 1208 qui
2955 1141 3007 1194 in
3067 1142 3306 1194 oratorio
3351 1139 3495 1196 beati
3545 1139 3804 1208 Gregorii

2247 1226 2361 1280 apte
2391 1219 2444 1264 et
2481 1209 2810 1265 confessoris
2837 1211 3060 1281 Clu-isti,
3095 1211 3232 1264 intra
3270 1211 3529 1281 principis
3582 1220 3808 1281 aposto—

2231 1296 2384 1334 orum
2431 1283 2602 1336 aedem
2649 1296 2863 1336 sacram
2902 1280 3178 1335 Frascatae
3237 1280 3572 1346 constructo,
3623 1280 3809 1336 unam

2211 1351 2450 1404 tabulam
2474 1361 2786 1420 argenteam
2815 1359 3110 1420 posuerunt
3137 1351 3429 1406 habentem
3459 1351 3630 1405 lib....

2279 1420 2575 1475 Praedictus
2601 1421 3056 1475 clementissimus
3080 1422 3320 1490 pontifex
3343 1421 3396 1474 in
3424 1421 3661 1476 ecclesia
3699 1435 3811 1476 cm-

2208 1491 2361 1545 lestis
2403 1492 2552 1562 regni
2601 1491 2860 1562 clavigeri
2903 1491 3202 1562 beatissimi
3229 1491 3376 1562 Petri
3422 1492 3654 1560 apostoli
3685 1491 3810 1546 vela

2209 1577 2436 1632 numero
2463 1560 2703 1630 Quinque
2727 1563 2792 1615 de
2813 1560 3056 1632 fundato,
3082 1575 3203 1629 quae
3231 1562 3298 1614 ad
3340 1561 3597 1616 decorem
3627 1562 3808 1632 ipsius

2208 1630 2442 1686 basilicae
2480 1647 2694 1686 sursum
2741 1632 2794 1686 in
2833 1631 3073 1686 trabibus
3107 1632 3248 1684 intra
3283 1641 3444 1685 tanta:
3471 1633 3606 1685 aedis
3631 1630 3808 1687 vesti-

2209 1701 2397 1772 bulum
2439 1702 2816 1772 appenduntur
2863 1709 3055 1772 ornata
3084 1701 3137 1755 in
3185 1701 3414 1772 circuitu
3448 1703 3678 1758 olovero
3705 1718 3808 1772 op-

2210 1772 2342 1825 timo
2376 1770 2526 1836 fecit;
2548 1781 2604 1827 et
2624 1787 2721 1841 pro
2747 1782 2965 1826 aeternae
2988 1771 3111 1842 vitae
3139 1770 3369 1826 contulit
3396 1772 3599 1842 palma.
3626 1770 3806 1842 Hujus

2205 1842 2502 1896 beatissimi
2536 1843 2868 1916 temporibus
2912 1841 3163 1916 praesulis
3186 1849 3266 1895 tot
3309 1841 3585 1916 tantaeque
3609 1841 3802 1916 direr-

2205 1927 2386 1966 sarum
2417 1911 2860 1983 provinciarum,"
2887 1911 3102 1982 cegnita
3133 1911 3269 1983 luce
3316 1911 3518 1968 clarius
3545 1914 3804 1968 doctrina

2201 1982 2447 2054 praeclari
2479 1983 2746 2054 dogmatis
2784 1984 2920 2049 ejus,
2952 1983 3019 2036 ad
3049 1982 3234 2036 sedem
3275 1983 3634 2052 apostolicam
3670 1999 3802 2038 oon-

2203 2053 2518 2108 Sultationes
2548 2053 2768 2108 directae
2813 2061 2960 2118 sunt,
2997 2061 3232 2122 quantas
3261 2068 3538 2121 nunquam
3576 2054 3801 2122 penitus

2201 2125 2323 2192 quis
2369 2124 2738 2179 reminiscitur
2771 2139 2801 2177 a
2840 2121 3034 2192 priscis
3066 2121 3401 2193 temporibus
3431 2121 3793 2193 pervenisse:

2201 2195 2290 2264 qui
2318 2209 2592 2265 praesagus
2615 2193 2758 2249 sacri
2786 2193 2937 2249 verbi
2961 2192 3157 2265 pabulo
3188 2193 3398 2265 praesul
3414 2192 3656 2248 ubertim
3680 2195 3796 2249 sin-

2199 2261 2353 2336 gulos
2380 2261 2672 2336 reficiebat,
2694 2265 2926 2336 tradens
2961 2261 3049 2336 eis
3071 2273 3337 2336 praecepta
3377 2261 3616 2336 juraque
3647 2280 3796 2336 mys-

2203 2333 2326 2400 tica,
2359 2335 2622 2390 beatificis
2651 2334 2771 2390 illos
2800 2333 3064 2388 institutis
3080 2333 3336 2398 satiabat,
3357 2333 3612 2400 docebat,
3644 2333 3796 2392 et'ad

2197 2405 2416 2477 propria
2447 2405 2764 2461 benedictos
2799 2412 2855 2460 et
2898 2405 3165 2477 eruditos_
3189 2403 3516 2477 remittebat.
3543 2405 3613 2460 Et
3633 2407 3797 2476 quid-

2199 2473 2329 2546 quid
2349 2491 2566 2546 quoquo
2603 2477 2762 2546 modo
2808 2489 3091 2546 perperam
3137 2473 3254 2528 ﬁeri
3280 2473 3673 2544 cognoscebat;
3693 2493 3794 2531 au-

2199 2545 2570 2618 diebatveper
2599 2545 2830 2618 aliquos,
2857 2545 2952 2618 Dei
2989 2553 3196 2618 tantum
3225 2554 3473 2618 respectu
3505 2547 3792 2618 corrigere

2197 2617 2328 2673 illud
2365 2614 2589 2688 malens,
2633 2614 2890 2688 gravibus
2926 2614 3182 2688 lamentis
3223 2614 3686 2688 orationibusqué
3706 2619 3792 2672 in-

2198 2688 2365 2742 finitis
2390 2685 2761 2757 vacab_at,’ut_
2782 2686 2924 2740 Deus
2956 2685 3302 2754 omnipotens
3329 2701 3427 2757 per
3465 2685 3626 2741 suam
3670 2689 3788 2743 cle-

2195 2759 2455 2812 mentiam
2503 2755 2608 2811 tale
2637 2754 2788 2826 quid,
2847 2763 3101 2825 tanquam
3149 2771 3253 2826 non
3292 2754 3458 2821 esset,
3508 2758 3671 2812 bouis
3719 2774 3787 2813 ac

2196 2827 2484 2910 pmeipids
2531 2825 3374 2910 immutaeet.exeruplis._Sicuti
3410 2827 3669 2910 veniente
3699 2829 3790 2910 .de

2196 2896 2380 2953 insula
2422 2897 2686 2952 Sardiniae
2716 2896 2996 2958 relatione,
3046 2897 3190 2965 quod
3233 2899 3400 2951 etiam
3445 2905 3502 2952 et
3546 2911 3648 2966 per
3681 2899 3786 2952 do-

2194 2969 2451 3024 mesticos
2506 2983 2635 3022 suos
2661 2982 2860 3038 genere
2914 2966 3118 3038 Sardos
3162 2981 3495 3038 agnoscens,
3528 2968 3788 3037 hujusce-

2194 3039 2340 3094 modi
2368 3039 2549 3093 verbis
2571 3039 2618 3092 ei
2652 3036 2882 3091 relatum
2927 3037 3027 3092 fuit
3061 3036 3446 3105 quod'judices
3489 3036 3660 3107 ipsius
3708 3041 3789 3093 in-

2197 3111 2328 3166 sulae
2354 3124 2474 3165 cum
2502 3107 2699 3179 populo
2721 3108 3202 3178 gubematiouibus
3233 3108 3346 3162 suis
3367 3107 3629 3179 subjecto
3655 3125 3783 3164 cum

2193 3181 2456 3250 proximis
2477 3178 2542 3234 ac
2575 3179 2853 3250 sanguinis
2893 3179 2974 3250 sui
3022 3179 3339 3247 prepinquis
3363 3178 3606 3250 incestas
3632 3188 3692 3233 et
3719 3181 3787 3232 il-

2193 3247 2368 3307 iicilas
2397 3247 2781 3306 contraherent
2799 3247 3040 3319 copulas,
3065 3251 3210 3302 velut
3235 3248 3572 3319 temporibus
3595 3251 3782 3319 domui

2189 3321 2660 3393 Gregoriihquarti
2699 3317 2879 3388 papae
2913 3317 3094 3393 facere
3141 3317 3602 3393 _eonsue'verant._
3625 3318 3782 3393 Tunc

2189 3388 2335 3448 enim
2364 3391 2664 3454 mellilluos,
2696 3398 2752 3444 et
2781 3388 3327 3460 pra:varicantihus,a
3356 3398 3548 3443 sancto
3571 3389 3780 3458 Spiritu

2189 3464 2402 3526 doctus,
2418 3461 2690 3516 terribiles
2717 3459 2829 3516 suie
2853 3459 3270 3530 praedicationis,
3293 3474 3414 3528 quae
3440 3461 3495 3512 in
3524 3462 3782 3516 universo

2190 3535 2320 3588 orbe
2349 3533 2602 3597 micabat,
2629 3529 2960 3601 componens
2987 3529 3188 3600 apices,
3219 3531 3415 3584 missos
3441 3530 3609 3601 etiam
3633 3541 3781 3586 stre-

2191 3618 2328 3658 nuos
2358 3603 2601 3668 Paulum,
2641 3599 3088 3672 Pepiilouiensem
3118 3601 3449 3672 episcopum,
3471 3609 3527 3656 et
3551 3599 3778 3672 Saxum.

2188 3673 2551 3728 venerabilem
2575 3672 2890 3727 monasterii
2919 3680 3233 3726 sanctorum
3269 3671 3494 3726 Joannis
3527 3681 3587 3726 et
3624 3671 3780 3726 Pauli

2190 3742 2462 3808 abbatem,
2493 3743 2800 3798 accersiens
2819 3741 2965 3796 misit
2985 3756 3080 3795 eos
3101 3741 3247 3808 illuc,
3278 3750 3339 3796 ut
3365 3743 3616 3796 eamdem
3641 3758 3780 3812 gen-

2191 3821 2298 3868 tem
2349 3812 2641 3868 Sardorum
2673 3827 2704 3865 a
2742 3820 2890 3865 tanto
2936 3823 3258 3867 revocarent
3308 3826 3518 3866 errore.
3571 3812 3784 3878 Quibus

2189 3883 2465 3948 euntibus,
2520 3883 2677 3936 valde
2721 3881 2984 3952 quosdam
3037 3897 3104 3937 ex
3158 3883 3239 3937 eis
3308 3883 3635 3936 invenerunt
3678 3883 3782 3952 ad-

2189 3969 2398 4018 versos,
2427 3953 2722 4022 disciplinae
2740 3949 2943 4006 inunita
2971 3953 3210 4022 recipere
3227 3961 3660 4007 contemnentes.
3677 3949 3784 4022 Ye-

2190 4033 2493 4078 rumtamen
2517 4021 2815 4078 secundum
2852 4021 3232 4092 praeceptionis
3276 4023 3474 4077 suuuni
3525 4021 3780 4091 praesulis

2190 4095 2570 4148 auctoritatem
2603 4092 2804 4146 Sardos
2833 4093 3443 4148 excommunicaverunt
3461 4107 3528 4146 ac
3554 4093 3786 4147 anathe—

2191 4165 2584 4219 matizaveruut
2611 4162 2908 4226 auditores,
2963 4178 3245 4232 quousque
3295 4163 3497 4216 malum
3549 4165 3781 4218 incesta-

2137 4241 2144 4248 '
2191 4249 2310 4288 rum
2334 4234 2630 4305 etfugereut
2658 4232 2973 4305 c0pularum
2994 4273 3008 4296 ,
3044 4234 3382 4305 paenitentiae
3415 4233 3778 4305 medicamina

2191 4302 2550 4374 requirentes,
2599 4305 2740 4358 sicut
2787 4304 2840 4357 in
2869 4304 3114 4374 epistolis
3146 4319 3282 4374 quas
3313 4302 3474 4356 iidem
3513 4303 3677 4375 legati
3713 4305 3777 4375 in

2192 4375 2499 4430 Sardiniam
2548 4375 2985 4446 deportaverunt,
3031 4384 3245 4446 regesto
3297 4375 3464 4443 ipsius
3525 4374 3776 4446 praesulis

2189 4445 2497 4501 continetur
2551 4445 2791 4500 insertis.
2835 4445 2902 4499 Et
2945 4445 3024 4500 sic
3078 4445 3304 4502 Romam
3343 4454 3466 4514 post
3495 4445 3776 4500 atllueutes

502 4525 769 4588 structam
803 4523 1031 4588 vestem,
1064 4515 1367 4588 habentem
1388 4530 1629 4588 gemmas
1655 4517 1919 4588 prasinas,
1953 4515 2081 4588 hya-
2113 4521 2159 4580 Ι)
2188 4517 2596 4588 praedicationes
2622 4518 2777 4570 datas
2801 4516 3003 4588 reversi
3034 4527 3178 4570 sunt.

499 4587 792 4652 ciuthiuas,
826 4595 883 4641 et
909 4587 1082 4642 albas.
1113 4585 1500 4640 Sanctissimus
1542 4585 1722 4641 autem
1764 4596 1822 4640 et
1847 4585 2086 4655 fulgidis-

499 4657 938 4729 simuspontifex
981 4657 1166 4712 dolens
1190 4655 1551 4729 populumtot
1576 4671 1894 4729 oppressum
1935 4657 2084 4710 cala-

499 4726 802 4794 mitatibus,
851 4729 1016 4782 Deum
1049 4726 1424 4781 tantummodo
1453 4727 1753 4781 innumeris
1798 4726 2086 4782 invocabat

540 4799 770 4865 recibus,
817 4807 872 4854 et
893 4798 1118 4853 inlinitis
1157 4797 1405 4868 laudabat
1435 4798 1739 4868 praeconiis,
1771 4812 1874 4851 non
1906 4805 2082 4851 tamen

525 4869 866 4925 Ecclesiarum
904 4869 999 4924 Dei
1046 4883 1234 4923 curam
1285 4867 1618 4938 relinquens,
1665 4869 1758 4923 sed
1797 4868 1974 4938 potius
2028 4869 2083 4921 in

504 4935 871 5010 tribulatione,
904 4949 958 4995 et
997 4938 1278 5008 temporali
1317 4935 1611 5010 tentatione
1637 4935 1892 5010 decenter
1918 4938 2083 5010 adau-

501 5008 656 5080 gcns.
685 5011 821 5065 Nam
861 5011 1143 5080 renovavit
1169 5011 1222 5064 in
1264 5010 1488 5064 basilica
1520 5009 1612 5064 Dei
1652 5009 1928 5080 genitricis
1964 5008 2082 5080 illla-

499 5079 634 5151 riae,
676 5095 796 5150 quae
837 5081 1035 5135 dicitur
1079 5079 1404 5146 Cosmedin,
1457 5079 1849 5151 secretarium,
1903 5079 2083 5151 ibique

538 5148 710 5204 ulchri
747 5151 958 5206 decoris
992 5151 1121 5206 fecit
1177 5151 1472 5206 triclinium
1507 5166 1632 5206 cum
1681 5150 1968 5205 caminatis
2015 5148 2083 5204 ad

497 5164 710 5278 puteum
747 5164 958 5206 decoris
992 5164 1121 5206 tecu
1177 5164 1280 5206 truc

519 5235 758 5293 tenorem
784 5222 1114 5293 etdecorem
1143 5222 1281 5293 eius.

569 5290 694 5346 Pari
741 5291 900 5362 modo
939 5292 1090 5362 juxta
1135 5290 1274 5346 idem
1303 5291 1656 5346 secretarium
1693 5290 2081 5362 porticumre-

497 5376 732 5432 novatis,
775 5360 885 5416 illic
923 5360 1225 5417 construxit
1255 5371 1418 5432 atque
1461 5360 1748 5417 aedificavit
1784 5361 2082 5416 oratorium

497 5432 552 5486 in
579 5433 839 5486 honorem
871 5434 1043 5502 sancti
1069 5433 1293 5497 Nicolai,
1315 5444 1370 5488 et
1396 5432 1549 5502 plura
1579 5433 1717 5487 dona
1761 5433 1832 5486 ibi
1859 5432 2088 5488 contulit

498 5502 675 5557 almus
691 5503 949 5573 pontifex.
969 5501 1270 5574 Renpvavit
1288 5501 1450 5558 etiam
1477 5505 1590 5572 ipse
1613 5513 1798 5572 pastor
1821 5503 2084 5574 benignus

495 5571 866 5639 cmmeteritirii
894 5573 1034 5628 beati
1065 5571 1260 5628 Felicis
1281 5571 1558 5643 martyris,
1587 5571 1650 5626 ac
1672 5571 2079 5628 conversionem

496 5643 550 5699 in
581 5646 666 5699 via
694 5644 1000 5700 Portueusi.
1040 5643 1259 5698 Necnon
1295 5653 1350 5698 et
1377 5645 1750 5699 caemeterium
1781 5646 1968 5698 eadem
1994 5645 2076 5700 ria

496 5715 563 5782 ad
602 5715 796 5771 Ursum
825 5716 1106 5786 pileatum,
1141 5715 1233 5769 ubi
1279 5729 1507 5784 corpora
1535 5723 1846 5786 sanctorum
1871 5715 2076 5786 Christi

496 5795 794 5858 martyrum
832 5785 1033 5842 'Abdon
1075 5794 1129 5840 et
1179 5786 1396 5839 Senucn
1431 5785 1835 5854 rcquieverunt,
1861 5785 1973 5856 jam
2020 5787 2074 5840 in

2263 4587 2488 4654 Quidam
2517 4597 2778 4654 praeterea
2823 4585 3146 4640 llincmarus
3195 4585 3525 4640 Rhemorum
3557 4585 3774 4640 archie-

2190 4658 2445 4730 piscopus
2497 4657 2831 4730 Rothadumu
2861 4657 3198 4730 Suessonieae
3251 4657 3401 4711 urbis
3457 4658 3772 4727 episcopum

2191 4727 2359 4804 sedis,
2382 4729 2695 4804 apostolicae
2717 4727 2979 4804 judicium
3012 4729 3371 4804 appellantem
3403 4737 3597 4804 contra
3637 4732 3772 4780 Sar-

2191 4799 2427 4854 dicensis
2453 4799 2664 4853 concilii
2697 4799 2908 4868 regulas
2940 4799 3209 4866 deposuit,
3237 4801 3596 4867 custodiaque
3625 4809 3771 4852 arcta

2191 4870 2396 4923 servari
2431 4870 2681 4939 praecepit
2705 4886 2718 4922 :
2745 4869 2898 4938 cujus
2926 4869 3176 4922 videlicet
3203 4868 3430 4938 depositi
3466 4879 3550 4922 ter
3577 4869 3774 4922 beatis-

2193 4943 2362 4994 simus
2411 4957 2547 5009 papa
2595 4939 2801 4993 libellos
2843 4955 2965 4992 cum
3015 4940 3338 4994 innocentiae
3399 4939 3769 5008 suscepisset,

2187 5011 2362 5080 ipsqu
2387 5011 2848 5079 archiepiscopum
2881 5025 3107 5080 mouens
3131 5011 3344 5074 litteris,
3367 5019 3423 5065 et
3453 5009 3772 5078 praecipiens

2185 5079 2244 5135 ut
2273 5082 2573 5150 depositum
2603 5082 2906 5134 llotadhmn
2934 5079 3160 5133 Ruinam
3205 5082 3621 5151 dirigeretcuui
3661 5083 3774 5133 suis

2187 5151 2368 5206 missis
2397 5153 2742 5205 audiendum.
2773 5151 2879 5204 Sed
2907 5153 3154 5205 veniente
3187 5166 3254 5204 eo
3283 5150 3424 5206 hanc
3468 5150 3769 5203 [tertianam

2187 5223 2481 5277 secundum
2535 5223 2846 5275 mandatum
2889 5222 3030 5276 beati
3069 5237 3218 5292 papa:
3247 5224 3315 5276 ad
3343 5222 3554 5284 urbem,
3581 5229 3637 5274 et
3675 5235 3770 5290 per

2188 5307 2378 5347 novem
2406 5293 2630 5346 circiter
2679 5307 2898 5345 menses
2949 5293 3036 5346 hic
3076 5302 3446 5347 eommorante
3493 5305 3768 5360 nunquam

2190 5363 2404 5438 penitus
2433 5379 2499 5418 ex
2523 5362 2895 5438 accusantium
2927 5372 3078 5438 parte
3109 5363 3394 5438 quisquam
3450 5362 3647 5438 adfuit,
3678 5360 3768 5438 qui

2192 5431 2374 5489 coram
2423 5435 2764 5489 sanctissimo
2815 5431 3043 5502 prazésule
3093 5431 3215 5488 cum
3254 5431 3457 5488 eodem
3523 5431 3771 5502 ltothado

2190 5507 2560 5568 contenderet,
2589 5515 2680 5556 aut
2711 5501 2857 5557 illum
2903 5515 3202 5558 accusaret.
3233 5503 3386 5558 Tunc
3421 5505 3475 5558 in
3522 5503 3612 5556 die
3641 5501 3770 5572 vigi-

2188 5575 2382 5629 liarum
2435 5575 2729 5630 nativitatis
2774 5574 2982 5628 Domini
3028 5577 3195 5628 nostri
3231 5575 3356 5630 Jesu
3393 5574 3621 5637 Christi,
3663 5585 3769 5641 quo

2186 5648 2480 5702 secundum
2509 5647 2762 5699 olitanam
2789 5647 3230 5700 consuetudinem
3261 5645 3418 5713 hujus
3457 5645 3766 5714 apostolicae

2185 5718 2330 5772 sedis
2356 5717 2547 5786 pnrsul
2585 5731 2708 5770 cum
2724 5716 2877 5770 clero
2914 5726 2968 5770 et
2999 5717 3192 5786 popqu
3223 5718 3272 5770 iu
3301 5716 3522 5771 basilica
3557 5715 3651 5768 Dei
3678 5729 3766 5784 ge-

2185 5789 2392 5843 nitricis
2419 5787 2483 5842 ad
2526 5801 2764 5859 praesepe
2803 5787 3090 5842 missarum
3124 5789 3295 5842 oﬂicia
3328 5787 3608 5862 celebrare
3637 5801 3763 5842 con-
