4070 6310
361 255 465 311 763

1849 247 2028 304 VITA.

3512 259 3616 316 766

360 379 636 436 sueverat,
683 368 1008 440 conveniens
1045 381 1166 440 cum
1201 366 1458 440 omnibus
1493 383 1632 440 papa
1669 367 1934 439 benignus
1961 369 2011 431 Α
2039 370 2370 438 temporibus
2410 377 2608 436 ruerat,
2657 379 2713 426 et
2759 369 2828 426 ob
2873 373 2980 428 hoc
3029 373 3100 430 ad
3137 371 3356 428 beatum
3394 369 3615 430 Petrum

361 443 486 498 fecit
513 443 564 495 in
595 441 831 510 amboue
846 438 1058 508 publice
1081 439 1146 492 de
1184 439 1299 510 ipso
1339 437 1586 510 Bothadc
1607 437 1931 510 sermonem,

363 512 674 581 signiﬁcans
693 509 924 578 qualiter
943 509 1143 581 sedem
1173 508 1520 578 apostolicam
1551 508 1826 579 appellans
1849 509 1936 564 de-

361 579 570 652 positus
617 581 797 644 fuerit,
834 588 888 635 et
940 579 991 633 in
1023 589 1343 652 conspectu_
1364 594 1462 652 suo
1517 581 1694 633 nullus
1723 595 1820 652 per
1858 587 1936 634 tot

363 649 576 707 inenses
591 659 963 706 accusatorum
982 651 1297 704 occurrerit.
1315 649 1553 718 Denique
1566 650 1934 705 consentiente

362 723 472 776 sibi
517 723 910 792 episcoporum,
965 721 1512 792 presbyterorumaet
1562 718 1931 792 diaconorum,

361 789 715 861 omniumque
741 800 1028 853 conventu,
1067 789 1306 861 decrevit
1330 799 1388 842 ut
1416 789 1606 860 dignus
1626 799 1769 846 esset
1789 791 1931 846 idem

364 860 642 917 ltothadus
663 862 808 916 indui
843 861 1270 915 sacerdotalibus
1299 860 1642 924 indumentis,
1665 861 1754 929 qui
1782 877 1810 914 a
1841 877 1934 916 ne-

361 933 510 988 mine
541 946 636 1002 per
663 940 738 986 tot
764 931 1389 1002 mensesaccusabatur,
1417 938 1472 984 et
1515 929 1581 984 ad
1629 931 1772 986 sedis
1807 947 1933 1000 apo-

363 999 834 1070 stolica-judicium
859 1000 1244 1072 proclamabat,
1269 1001 1584 1072 necbonore
1606 999 1926 1072 privaretur.

363 1072 466 1128 Ubi
497 1073 722 1127 vestitus
747 1071 1033 1142 episcopali
1078 1071 1365 1142 Rolliadus
1403 1071 1732 1132 indumento,
1783 1072 1931 1126 omni

363 1154 604 1213 tempore
645 1158 704 1198 se
729 1139 998 1212 pollicitus
1037 1153 1120 1195 est
1147 1141 1258 1213 suis
1285 1139 1682 1213 infestationibus
1713 1157 1932 1213 respon-

363 1211 570 1278 Surum,
604 1211 790 1268 rursus
811 1214 1129 1283 exspectatis
1155 1211 1444 1279 aliquantis
1467 1211 1680 1283 diebus,
1703 1211 1932 1283 scilicet

361 1299 534 1352 usque
581 1283 634 1337 in
665 1283 805 1337 diem
855 1281 1158 1352 natalitium
1187 1289 1385 1352 salicta:
1431 1281 1654 1352 virginis
1685 1281 1926 1350 Agnetis,

361 1350 460 1422 qui
485 1362 568 1408 est
593 1353 908 1408 duodecimo
936 1351 1202 1422 Kalendas
1235 1350 1512 1422 Februarii
1540 1371 1553 1404 :
1583 1353 1674 1406 sed
1706 1367 1806 1407 nec
1852 1353 1932 1408 sic

361 1421 644 1493 quisquam
672 1422 842 1478 adfuit
869 1423 1150 1478 adversum
1174 1421 1474 1475 Rothadum
1491 1421 1603 1490 jam
1625 1423 1929 1478 restitutum

359 1495 667 1562 episcopum
697 1493 895 1563 aliquid
934 1493 1223 1547 altercans.

431 1561 802 1619 Conveniente
815 1579 942 1633 ergo
957 1563 1270 1633 beatissimo
1291 1561 1518 1632 praesule
1532 1579 1653 1617 cum
1679 1564 1930 1621 omnibus

361 1633 414 1704 in
452 1634 745 1688 basilicam'
775 1632 955 1704 ipsius
986 1632 1222 1703 Virginis
1269 1633 1401 1686 foris
1443 1649 1625 1687 ll".lll'OS
1665 1635 1813 1689 urbis
1843 1637 1927 1692 via

358 1701 716 1795 Nomentana,
749 1701 886 1785 idem
927 1701 1528 1795 Rotltaidus'episcopus
1565 1707 1927 1784 excusationis
1959 1737 2002 1795 Β

358 1782 416 1828 ct
435 1774 810 1842 promissionis
839 1790 968 1834 suae,
999 1790 1101 1842 qua
1128 1773 1394 1842 pollicitus
1420 1773 1516 1826 fuit
1536 1790 1595 1829 se
1616 1776 1760 1829 omni
1793 1786 1926 1830 tem-

356 1858 488 1915 pore
513 1845 914 1915 accusatoribus
940 1843 1052 1898 suis
1074 1859 1486 1915 responsurum,
1515 1843 1748 1899 libellum
1775 1862 1924 1900 sum-

355 1913 446 1984 ino
469 1913 704 1984 pontiﬁci
732 1915 964 1970 tradidit.
997 1913 1087 1982 qui
1115 1929 1298 1968 coram
1329 1915 1538 1968 cunctis
1583 1915 1925 1972 audientibus

349 1982 502 2051 jussu
533 1984 776 2054 praesulis
802 1985 982 2038 eximii
1011 1993 1092 2054 est
1139 1985 1430 2038 recitatus:
1461 1984 1547 2038 ubi
1573 1985 1737 2039 etiam
1771 1989 1926 2041 resti-

358 2053 582 2109 tutionis
607 2053 724 2122 ejus
754 2054 921 2108 forma
949 2053 1146 2109 reiecta
1175 2063 1278 2108 est.
1309 2054 1372 2108 Et
1397 2062 1519 2124 post
1535 2056 1775 2109 omnium
1798 2073 1926 2111 con-

355 2139 571 2180 sensum
601 2126 652 2178 in
678 2125 902 2179 ecclesia
934 2132 1133 2179 sanctae
1155 2123 1480 2180 Constantia:
1503 2123 1655 2192 juxta
1679 2128 1921 2180 eamdem

355 2205 555 2250 sanctae
577 2195 800 2263 virginis
830 2195 1106 2250 basilicam
1151 2196 1369 2250 decreto
1415 2193 1710 2249 beatissimi
1767 2197 1923 2264 hujus

351 2265 596 2334 praesulis
638 2265 966 2337 isaepedictus
1013 2264 1288 2337 Rotbadus
1327 2264 1438 2337 jam
1487 2267 1765 2337 restitutus
1814 2269 1924 2337 epi-

355 2352 552 2406 scopus
577 2336 862 2390 missarum
883 2335 1139 2388 solemnia
1155 2335 1465 2390 soletnuiter
1486 2336 1793 2391 celebravit.
1827 2335 1922 2392 Se-

351 2407 534 2473 quenti
568 2421 694 2460 vero
723 2406 810 2460 die
832 2415 1149 2476 congregata
1177 2407 1228 2460 in
1261 2407 1418 2458 domo
1439 2421 1556 2474 qua)
1581 2419 1922 2476 nuncupatur

350 2476 620 2530 Lconiana
645 2476 824 2541 denuo
865 2478 1088 2546 synodo,
1117 2485 1480 2545 excusatoque
1508 2477 1622 2546 ipso
1651 2477 1812 2546 (sicut
1867 2480 1918 2534 in

350 2547 545 2602 libellis
566 2547 636 2601 ab
672 2561 737 2601 eo
771 2547 1080 2615 recognitis,
1117 2547 1432 2614 duobusque
1479 2547 1919 2616 quaternionibus

350 2618 570 2672 insertis
602 2625 764 2686 atque
808 2617 1022 2670 diverso
1047 2625 1288 2686 tempore
1319 2617 1496 2671 missis
1523 2626 1577 2670 et
1597 2617 1814 2680 oblatis,
1865 2619 1916 2673 in

349 2688 570 2742 archivo
611 2687 770 2756 hujus
811 2689 954 2742 sedis
989 2687 1237 2758 repositis
1282 2687 1616 2758 continetur)
1647 2687 1916 2755 Rotbado,

352 2773 420 2812 ne
449 2758 572 2811 talia
609 2758 942 2819 sacerdotes,
983 2765 1038 2812 et
1089 2757 1321 2811 maxime
1355 2758 1534 2812 sedem
1567 2759 1916 2826 apostolicam

349 2827 696 2898 appellantes,
729 2827 867 2881 ultra
896 2828 1565 2898 discriminapaterentur,
1617 2829 1753 2883 sicut
1784 2845 1916 2898 prae-

348 2897 590 2952 notatum
631 2907 736 2961 est,
786 2899 838 2952 in
878 2899 1100 2968 gradum
1151 2897 1432 2968 pristinum
1487 2907 1570 2952 est
1610 2897 1915 2966 restitutus,

348 2976 402 3022 et
431 2969 496 3022 ad
523 2969 792 3038 propriam
843 2967 1022 3023 sedem
1053 2983 1172 3022 cum
1212 2967 1518 3036 apostolicis
1549 2969 1916 3026 sanctionibus

347 3039 622 3098 remissus,
652 3048 917 3108 quatenus
951 3039 1174 3092 vestitus
1200 3038 1592 3108 episcopalibus
1637 3038 1836 3101 infantis,
1869 3041 1912 3096 si

346 3088 686 3178 provocatits‘
714 3107 938 3171 fuisset,
989 3109 1055 3162 de
1106 3088 1300 3164 caetcrro
1347 3088 1460 3163 εὗὶε
1507 3088 1984 3166 accusatoribusc

1963 3216 1975 3228 .
2018 3177 2224 3233 tantum
2279 3179 2406 3234 fecit
2455 3177 2802 3247 miraculum,
2850 3184 3040 3237 devota
3099 3189 3309 3242 mente,
3363 3177 3590 3246 supplici

350 3194 532 3233 coram
559 3180 726 3260 sedis_
755 3179 1060 3260 apostolicae
1112 3178 1341 3260 praesule
1384 3179 1750 3260 responderet.
1779 3180 1913 3260 Cum

347 3263 454 3318 quo
482 3257 538 3304 et
557 3249 931 3316 sanctissimus
953 3257 1010 3305 et
1049 3267 1079 3304 a
1121 3249 1229 3304 Deo
1259 3251 1656 3304 conservandus
1695 3251 1910 3320 praesul,

347 3330 455 3392 t_am
477 3335 581 3392 pro
605 3320 942 3392 restitutione
979 3320 1138 3392 illius,
1167 3336 1326 3390 quam
1351 3336 1448 3390 pro
1482 3321 1742 3392 abolenda
1776 3323 1916 3392 regis

346 3389 585 3462 Lotharii
599 3391 810 3460 copula,
826 3401 882 3444 et
901 3405 1030 3462 pace
1051 3389 1212 3462 etiam
1227 3400 1280 3462 et
1293 3389 1578 3462 concordia
1597 3407 1778 3462 regum
1793 3389 1917 3446 Gid-

344 3461 540 3514 liarum
585 3459 994 3526 conservanda,
1060 3459 1342 3516 Arsenium
1389 3459 1696 3530 episcopum
1756 3461 1916 3531 hujus

345 3531 498 3584 alauae
525 3531 667 3586 sedis
687 3532 989 3602 apostolicae
1024 3531 1424 3602 apocrisiarium
1449 3541 1503 3586 et
1527 3547 1750 3586 antssum
1773 3532 1916 3588 illico

347 3602 656 3664 destinavit,
681 3611 944 3670 quatenus
975 3601 1262 3656 reformata
1293 3615 1427 3670 pace
1463 3611 1664 3657 sanetae
1693 3617 1786 3656 eos
1807 3603 1912 3658 Ec-

346 3671 523 3726 clesiae
545 3672 753 3728 sinibus
775 3673 892 3727 sine
913 3671 1659 3742 refragantioneconjungeret,
1688 3680 1744 3726 et
1769 3687 1913 3741 quae-

345 3743 467 3796 dam
491 3743 797 3797 necessaria
827 3743 881 3797 in
921 3741 1212 3796 Galliarum
1255 3741 1586 3812 Ecclesia’ex
1618 3744 1910 3812 apostolica

345 3812 634 3883 traditione
653 3822 854 3883 statuta
877 3813 1260 3883 diligentiuset
1280 3811 1582 3883 aﬁluentius
1607 3811 1907 3883 perageret.

324 3890 334 3900 '
415 3881 770 3939 Nihilominus
813 3881 1130 3938 Seul‘redum
1183 3881 1472 3936 Placentiae
1513 3881 1655 3938 sedis
1692 3881 1907 3938 antisti-

347 3960 474 4024 tem,
503 3969 532 4007 a
561 3955 687 4009 sede
715 3955 929 4024 propria
958 3951 1235 4022 cujusdam
1260 3951 1410 4006 Pauli
1451 3952 1658 4007 diaconi
1687 3953 1909 4022 perﬁdia

341 4023 578 4096 pulsum,
613 4039 710 4094 per
735 4025 939 4096 legatos
975 4039 1102 4079 suos
1131 4025 1278 4096 idem
1297 4037 1427 4096 papa
1456 4024 1571 4096 sedi
1609 4039 1718 4077 suae
1747 4024 1908 4096 resti-

342 4094 466 4158 tuit,
506 4102 561 4147 et
589 4093 834 4149 eumdem
861 4095 1163 4158 diaconum,
1190 4094 1281 4163 qui
1315 4094 1495 4147 sedem
1521 4093 1664 4148 illam
1692 4095 1909 4164 proprio

344 4174 556 4218 rectore
587 4165 876 4234 superstite
906 4167 1246 4235 praesumpsit
1277 4164 1549 4227 invadere,
1582 4165 1906 4234 competenti

342 4248 463 4288 cum
493 4237 606 4290 suis
634 4235 952 4304 sequacibus
983 4236 1341 4304 increpatione
1367 4235 1643 4303 corripuit.

409 4303 515 4358 Pro
547 4305 698 4374 cujus
714 4303 882 4360 etiam
905 4303 1141 4360 infausta
1154 4304 1466 4374 nefariaque
1496 4305 1908 4375 praesumptione

339 4375 556 4445 penitus
585 4375 909 4446 amputanda
957 4376 1264 4431 sanctitatis
1308 4375 1682 4442 studiojussit,
1725 4385 1779 4430 et
1808 4391 1906 4446 pro

2035 440 2335 512 apostolum
2367 453 2504 510 aqua
2534 457 2638 496 non
2683 442 3001 512 ducebatur,
3042 442 3096 497 in
3127 441 3405 497 meliorem
3451 459 3612 512 quam

2034 509 2209 566 fuerat
2232 509 2516 566 conamine
2545 511 2942 580 quamplurimo
2977 512 3216 569 revocari
3254 509 3500 568 statum}
3539 513 3614 568 ita

2035 589 2101 653 ut
2135 597 2240 635 non
2293 581 2464 636 solum
2517 581 2827 638 hominibus
2864 583 3131 653 profuerit
3177 582 3465 646 debilibus,
3517 585 3614 638 sed

2032 651 2194 722 etiam
2224 653 2472 706 omnibus
2495 652 2776 708 ecclesiam
2806 651 2945 708 beati
2971 653 3226 722 principis
3247 653 3613 722 apostolorum

2035 721 2354 776 adeuntibus
2371 724 2694 792 praecipuum
2709 739 2844 792 opus
2869 721 3158 786 exstiterit,
3185 721 3324 778 sicut
3343 733 3397 778 et
3427 725 3614 778 hacte-

2033 806 2134 864 nus
2179 793 2246 846 ad
2291 792 2539 864 decorem
2573 792 2859 849 Leonianae
2885 794 3034 848 urbis
3060 792 3359 849 luculenter
3397 793 3611 864 conspi-

2032 861 2175 914 citur
2202 877 2265 916 ac
2291 863 2537 918 habetur.

2101 929 2369 986 Praeterea
2392 932 2693 1004 Qstiensem
2721 935 2930 996 urbem,
2973 951 3133 1004 quam
3161 934 3296 990 divae
3335 931 3610 990 memoriae

2031 1001 2222 1074 beatus
2243 1017 2374 1074 papa
2405 1002 2714 1074 Gregorius,
2753 1020 2818 1058 ne
2849 1001 3186 1074 gens—iniqua
3213 1003 3610 1058 Saracenorum

2029 1073 2286 1144 populum
2317 1073 2526 1144 Domini
2559 1073 2612 1127 in
2639 1073 2865 1129 circuitu
2893 1073 3111 1144 caperet
3132 1084 3224 1129 aut
3249 1074 3606 1144 interimeret,

2030 1144 2096 1196 ad
2119 1141 2344 1196 salutem
2366 1143 2655 1198 multorum
2679 1141 3080 1210 construxerat,
3131 1146 3182 1198 in
3214 1145 3384 1198 ruinis
3416 1143 3608 1213 jacen-

2031 1213 2514 1284 teminspiratioue
2543 1229 2770 1282 superna
2814 1225 2989 1270 tactus
3017 1215 3226 1270 fortiori
3273 1215 3610 1284 ﬁrmiorique

2032 1281 2620 1355 fabrica'rerediﬁcari’
2652 1285 2749 1339 iste
2799 1287 3174 1341 sanctissimus
3203 1283 3397 1354 prmsul
3425 1281 3630 1355 jussit,

2029 1363 2085 1426 et
2109 1352 2160 1426 iu
2199 1353 2395 1426 melius
2420 1357 2762 1418 restauravit,
2801 1355 3077 1426 portisque
3097 1352 3256 1410 etiain
3289 1355 3340 1408 in
3366 1352 3606 1426 turribus

2028 1422 2336 1496 fortissimis
2367 1427 2614 1496 muniens
2643 1422 2918 1496 promptos
2947 1422 3012 1479 ad
3030 1427 3167 1481 bella
3196 1427 3248 1480 in
3271 1439 3334 1496 ea
3363 1425 3610 1496 homines

2029 1493 2330 1564 collocavit,
2365 1494 2436 1547 ita
2490 1505 2548 1550 ut
2593 1493 2897 1551 nullatenus
2927 1497 3116 1551 alienae
3162 1495 3335 1564 gentis
3373 1495 3610 1564 incursio

2028 1563 2096 1618 de
2127 1573 2324 1620 caetero
2352 1563 2424 1618 illi
2468 1576 2646 1634 posset
2686 1567 2972 1632 dominari,
3017 1577 3107 1622 aut
3134 1563 3446 1622 cencivibus
3489 1563 3607 1632 ejus

2029 1634 2223 1716 damna
2251 1635 2302 1690 in
2330 1634 2532 1705 aliquo,
2559 1637 2686 1704 nisi,
2721 1637 2864 1708 quod
2894 1637 3052 1704 absit,
3075 1651 3170 1709 per
3195 1635 3455 1692 desidiam
3481 1650 3610 1706 ope-

2030 1719 2158 1758 I'III‘I.

2100 1775 2556 1848 Interealmeritis
2606 1778 2903 1832 beatissimi
2945 1776 3106 1848 hujus
3133 1777 3186 1831 in
3213 1776 3608 1848 orbe_prorsus

2027 1845 2466 1917 exuberantibus,
2509 1858 2765 1916 operante
2815 1845 3052 1917 potentia
3107 1845 3467 1917 summilDei,
3513 1845 3606 1915 qui

2026 1915 2266 1987 quotidie
2291 1931 2388 1987 por
2416 1915 2640 1972 famulos
2670 1931 2796 1972 suos
2818 1915 2980 1987 signa
3021 1926 3075 1971 et
3103 1915 3368 1987 mirabilia
3413 1930 3605 1987 magna

2024 1982 2174 2047 facit,
2209 1982 2304 2038 rei
2328 1985 2677 2056 Bulgarorum
2706 1982 2934 2043 Michael
2955 1986 3376 2056 Christianitatis
3401 1982 3604 2056 etlﬁ'dci

2023 2054 2572 2128 sanetaedoctrinam
2612 2073 2914 2128 aguocens,
2955 2059 3156 2111 meruit
3206 2054 3511 2128 baptizari,
3549 2061 3606 2109 et

2021 2126 2111 2194 qui
2175 2125 2325 2194 prius
2373 2123 2916 2183 creaturae'serviens
2969 2128 3224 2182 saeviebat
3257 2123 3604 2190 crudelitate,

2023 2193 2189 2260 hujus
2229 2197 2558 2264 temporibus
2599 2201 2828 2253 creatori
2876 2199 3012 2254 colla
3056 2197 3375 2252 submittens
3424 2195 3603 2265 ampla

2021 2265 2184 2341 guapit
2227 2265 2484 2341 religione
2515 2267 2724 2341 jubere,
2756 2283 3054 2341 tnagnaquc
3082 2283 3211 2322 usus
3253 2275 3336 2320 est
3361 2267 3600 2341 pietate.

2022 2333 2172 2408 Tunc.
2215 2337 2281 2390 ad
2328 2333 2470 2408 hunc
2511 2333 2874 2394 catholicum'
2901 2333 3127 2396 et'vere
3180 2333 3471 2408 praesulem
3509 2351 3603 2408 or-

2023 2407 2316 2462 thodoxam
2391 2407 2595 2477 legatos
2657 2425 2786 2464 suos
2853 2425 3037 2465 mense
3097 2405 3379 2477 Augusto,
3459 2405 3599 2462 iudi-

2019 2479 2196 2531 ctione
2250 2492 2348 2549 _x1v
2417 2480 2743 2546 destinavit,
2805 2479 3054 2549 donaque
3105 2495 3214 2549 non,
3237 2491 3420 2549 parva
3483 2485 3594 2549 tam

2020 2549 2222 2602 sanctis
2250 2547 2562 2620 locislquam
2593 2550 2766 2605 eidem
2817 2545 3028 2604 summo
3073 2545 3311 2620 pontifici
3347 2545 3597 2620 contulit,

2018 2633 2312 2689 suggerens
2355 2615 2472 2690 ejus
2501 2621 2833 2690 apostolatui
2860 2621 2988 2690 quid
3025 2615 3091 2690 δέ
3123 2616 3300 2690 facere
3328 2615 3599 2690 salubrius

2017 2685 2314 2761 opoi-tergt,
2339 2685 2421 2742 vel
2448 2685 2575 2757 quid
2605 2705 2731 2761 erga
2764 2685 3028 2761 reliquum
3049 2687 3390 2761 Bulgaricurn
3418 2685 3597 2741 adhuc

2018 2751 2776 2830 baptisnfosacro'carenfem
2821 2751 3099 2830 populum,
3139 2751 3200 2814 ιῖι
3237 2755 3361 2812 ﬁdei
3405 2770 3595 2810 sacra-

2017 2839 2196 2883 menta
2227 2829 2550 2898 perciperet,
2574 2829 2658 2898 agi
2689 2829 2927 2885 deberet.

2088 2895 2242 2972 Quod
2285 2895 2634 2972 beatissimus
2684 2901 2908 2972 audiens
2932 2915 3080 2972 papa,
3125 2913 3313 2969 magna
3357 2895 3594 2972 repletus

2015 2967 2414 3041 laetitialandes
2443 2970 2658 3026 Christe
2689 2967 3167 3041 reddidit'amplas,
3205 2967 3259 3041 ct
3283 2982 3404 3041 cum
3446 2967 3593 3041 omni

2015 3038 2116 3093 sibi
2166 3039 2422 3112 divinitus
2461 3041 2769 3112 commissa
2795 3035 3352 3112 Ecclesia'gratnlans,
3386 3035 3594 3112 inﬁnita

2015 3109 2422 3182 praeconiaADeo
2442 3121 2644 3182 nostro,
2683 3111 2773 3182 qui
2804 3108 3112 3168 novissimis
3139 3111 3222 3165 his
3261 3108 3594 3182 temporibus

2017 3264 2230 3319 quoque
2255 3265 2384 3305 voce
2415 3248 2606 3374 [‘voto]
2635 3253 2908 3320 persolvit.
2945 3252 3116 3306 Porro
3143 3249 3328 3320 legatis
3349 3247 3591 3314 ejusdem

2017 3319 2124 3374 iam
2153 3321 2367 3374 nomine
2395 3321 2424 3374 Β
2452 3322 2672 3374 icbaelis
2695 3322 2960 3374 Bulaarici
2985 3322 3125 3374 regis
3166 3338 3194 3374 a
3235 3329 3420 3374 sancto
3455 3333 3588 3374 papa

2010 3319 2124 3390 jam
2153 3321 2367 3394 nomine
2395 3319 2672 3394 Micltaéli’s
2695 3322 2960 3394 Bulgarici
2985 3322 3125 3394 regis
3166 3319 3215 3394 ai
3235 3329 3420 3394 sa_nclo
3455 3333 3588 3394 papa

2016 3388 2265 3461 receptis,
2295 3391 2588 3461 honoriﬁce
2609 3396 2748 3461 apud
2777 3388 2836 3448 se
2873 3409 2966 3449 eos
3008 3388 3248 3447 retinuit.
3280 3389 3348 3442 Et
3371 3388 3586 3461 interim

2015 3459 2158 3516 sedis
2181 3459 2488 3538 apostolicae
2511 3459 2721 3538 missos.
2746 3463 2968 3518 Paulum
2999 3463 3206 3518 scilicet
3231 3459 3587 3538 l’opulonien-

2015 3547 2149 3601 sem,
2179 3542 2235 3586 et
2271 3532 2588 3587 Formosum
2638 3535 2985 3588 Portuensem
3032 3543 3246 3601 magnae
3284 3532 3586 3601 sanctitatis

2013 3600 2296 3676 episcopos
2323 3611 2594 3676 statuens,
2639 3603 2844 3676 hosque
2876 3602 3094 3676 monitis
3125 3598 3585 3676 inelliﬁuisatque

2015 3666 2277 3747 doctrinis
2317 3671 2612 3747 instruens,
2648 3675 2712 3747 ad
2755 3666 3156 3747 praedicandum
3198 3669 3342 3747 genti
3377 3666 3450 3747 illi
3489 3681 3585 3722 eos

2013 3742 2095 3796 ire
2117 3742 2373 3797 decrevit.
2411 3741 2544 3796 Cum
2589 3739 2785 3810 quibus
2826 3743 3076 3812 quoniam
3110 3739 3219 3810 per
3239 3739 3577 3808 Bulgaricum

2012 3827 2235 3884 regnum
2261 3813 2361 3867 iter
2383 3826 2552 3884 usque
2575 3813 3093 3884 QOIISMntinopolim
3117 3820 3264 3884 terra
3285 3820 3446 3884 tenus
3469 3815 3582 3860 len-

2012 3878 2177 3945 ditur,
2229 3892 2288 3937 ut
2331 3878 2612 3952 quithuid'
2644 3885 2712 3939 de
2753 3878 2950 3939 saneta'
2989 3878 3578 3952 Constantinopolitana
3628 3934 3631 3937 _

2011 3952 2248 4007 Ecclesia
2285 3947 2443 4024 (licet
2473 3947 2584 4022 jam
2621 3969 2719 4024 per
2754 3953 3031 4024 Orientem
3074 3954 3174 4024 hoc
3223 3951 3396 4024 ipsum
3433 3947 3575 4024 idem

2009 4038 2144 4092 papa
2173 4018 2336 4078 semel
2358 4032 2412 4078 et
2435 4018 2517 4078 bis
2559 4018 2867 4092 apostolicis
2900 4024 3092 4078 litteris
3127 4018 3454 4090 divulgatum
3484 4018 3588 4071 hac

2009 4094 2219 4164 buerit)
2246 4094 2387 4164 apud
2418 4109 2476 4148 se
2501 4095 2776 4148 decretum
2799 4095 3075 4159 existeret,
3111 4093 3284 4148 eidem
3321 4105 3416 4164 per
3455 4101 3583 4142 suos

2007 4161 2211 4233 legatos
2236 4161 2489 4218 Ecclesiae
2518 4173 2702 4218 notum
2735 4164 2956 4230 faceret,
2981 4165 3240 4219 Donatum
3268 4161 3578 4233 episcopum

2009 4230 2336 4308 gstiensem,
2350 4233 2694 4308 Lconenique
2720 4237 3092 4306 presbyterum
3107 4241 3304 4308 sanctae
3323 4230 3578 4308 Romanae

2006 4303 2281 4380 Ecclesiae,
2309 4320 2519 4380 necnon
2565 4299 2830 4380 Marinum
2875 4299 3074 4380 sanclae
3098 4305 3241 4380 sedis
3263 4299 3580 4380 apostolica:

2008 4366 2292 4430 diaconum
2337 4375 2547 4446 missos
2569 4376 2790 4446 idoneos
2817 4391 2970 4446 aeque
2995 4377 3210 4437 direxit,
3244 4366 3412 4446 ut'_illi
3449 4366 3578 4446 But:

339 4436 472 4516 pace
503 4446 594 4501 Dei
646 4436 899 4501 Ecclesiae
946 4446 1044 4516 ipsi
1080 4447 1191 4517 jam
1221 4446 1330 4500 fato
1373 4436 1625 4516 praecepit
1657 4436 1902 4509 diacono,
1933 4445 1984 4505 D
2010 4447 2174 4514 gariae
2204 4445 2456 4516 pupulum
2487 4445 2554 4499 ad
2573 4444 2753 4517 ﬁdem
2796 4436 3270 4517 converterent,et
3319 4441 3423 4494 iste
3448 4436 3579 4517 quid

339 4525 398 4570 ttt
447 4531 549 4572 nec
596 4517 698 4571 tale
739 4517 872 4588 quid
916 4533 1149 4585 unquam
1197 4523 1428 4588 tentaret
1478 4531 1754 4588 peragere,
1805 4532 1906 4588 nec

338 4589 582 4652 eamdem
612 4588 789 4641 sedem
816 4587 1202 4651 Placentinae],
1233 4587 1345 4640 sive
1369 4587 1570 4642 viveret
1592 4587 1898 4648 Seufredns,

338 4657 786 4727 sive-moreretur
813 4657 1112 4727 episcopus,
1151 4666 1398 4727 repetere
1445 4668 1791 4724 praesumeret
1818 4657 1902 4712 vel

339 4726 596 4797 recipere.
621 4725 870 4797 omnium
894 4725 1122 4796 namque
1149 4725 1371 4796 itisignis
1416 4727 1554 4781 idem
1579 4737 1739 4796 atque
1760 4743 1902 4797 prae-

337 4795 516 4852 clarus
545 4795 782 4868 pontifex
811 4797 1008 4866 pietate
1037 4795 1292 4868 magistra
1317 4797 1561 4851 miserias
1583 4805 1638 4853 et
1658 4795 1901 4853 accessio

341 4876 476 4938 tates
488 4867 807 4938 praevidens,
823 4868 1032 4922 cunctis
1047 4867 1340 4938 clementer
1352 4869 1724 4936 compatiendo
1737 4869 1898 4923 celeri

336 4937 686 5007 subveniebat
700 4938 880 5007 egenis
902 4938 1115 5001 intuitu,
1131 4937 1492 4992 etimitatione
1507 4939 1716 4992 Domim
1733 4939 1903 4994 nostri

334 5004 460 5074 Jcsu
491 5009 712 5072 Christi,
738 5004 828 5077 qui
857 5007 922 5060 ad
944 5007 1312 5077 redimendum
1344 5008 1633 5077 latttnanum
1680 5023 1849 5077 genus
1873 5023 1904 5064 e

333 5077 549 5148 sublimi
577 5076 852 5133 descendit
871 5079 938 5132 ad
964 5076 1168 5142 inﬁma,
1184 5093 1282 5147 pro
1295 5076 1490 5148 populo
1510 5076 1720 5133 labores
1744 5079 1906 5134 susti-

333 5146 493 5220 nebat
512 5149 770 5220 ingentes.
1191 5146 1199 5147 ⁷⁷
1295 5146 1312 5148 “
1369 5146 1380 5147 ί
1627 5208 1644 5220 ο

403 5217 727 5274 Claudorum
779 5227 1106 5288 quapropter
1145 5227 1305 5287 atque
1360 5217 1645 5283 caecorum,
1696 5233 1902 5272 necnon

333 5295 389 5351 et
417 5289 646 5344 diversis
669 5287 842 5359 pmnis
867 5287 1200 5351 a’li‘ectorum,
1239 5289 1291 5343 in
1328 5291 1535 5359 porticu
1567 5289 1725 5359 beati
1759 5288 1902 5343 Petri

334 5360 558 5430 apostoli
582 5358 911 5430 ljaCentium,
960 5359 1028 5413 ad
1071 5374 1220 5412 oram
1269 5358 1504 5414 Tiberini
1552 5358 1786 5413 ﬂuminis
1830 5359 1897 5412 ad

333 5429 476 5499 sitim
499 5429 843 5484 auferendam
875 5443 981 5483 non
1018 5443 1174 5498 posse
1194 5444 1410 5497 gressus
1443 5431 1660 5486 tendere
1687 5429 1898 5499 conspi-

333 5498 505 5570 ciens,
560 5515 624 5555 ac
671 5499 1306 5570 diversarumgentium,
1348 5517 1466 5569 quae
1517 5501 1752 5570 undique
1800 5498 1896 5570 pro

332 5569 628 5641 sceleribus
677 5569 970 5638 apostolica
1025 5569 1210 5624 limina
1267 5572 1496 5641 propriis
1546 5569 1892 5640 expetebant.

332 5639 615 5694 utilitatem
649 5641 905 5694 divinitus
932 5641 1234 5702 attendens,
1267 5639 1488 5697 minime
1527 5639 1739 5710 corpori
1796 5657 1895 5697 suo

331 5724 578 5784 parcens,
597 5710 759 5782 jussit
793 5712 1018 5766 formam
1051 5711 1395 5780 aquaeductus
1423 5713 1511 5782 qui
1545 5712 1726 5768 multis
1769 5721 1894 5768 ante

2011 4510 2094 4588 vel
2117 4510 2351 4588 qualiter
2379 4515 2669 4585 apostolica
2701 4518 2856 4588 sedes
2895 4517 2961 4570 de
2970 4516 3172 4588 eadem
3203 4510 3578 4588 Constantino-

2009 4581 2248 4665 pplifana
2275 4581 2624 4665 deliberatum
2653 4587 2940 4665 habuisset
2968 4583 3206 4665 Ecg‘lesia
3241 4581 3426 4662 .modis
3459 4593 3576 4665 oin-

2009 4651 2169 4731 itilnts
2199 4659 2488 4731 nuntiaret.
2515 4658 2664 4731 Quod
2707 4651 2776 4712 in'
2791 4657 3006 4731 nomine
3045 4651 3578 4731 Dominicnm'adjug

2009 4729 2149 4784 torio
2181 4729 2354 4784 sancti
2392 4716 2766 4784 Petri‘factum
2822 4734 2924 4780 est.
2969 4726 3075 4778 Sed
3127 4720 3364 4791 praefatis
3409 4716 3574 4773 Paulo

2007 4809 2062 4854 et
2091 4797 2346 4854 Formoso
2370 4797 2764 4852 vcncrabilibus
2799 4795 3062 4864 episcopis
3089 4793 3140 4846 in
3181 4791 3425 4864 Bulgaria
3458 4802 3582 4847 nae—_

2007 4870 2255 4942 rentibus
2311 4869 2546 4942 Doraatus
2599 4859 2924 4942 reverendus
2979 4859 3583 4942 'epi_s_copus.,_Leo.quc.

2003 4939 2370 5010 presbyter,et
2399 4937 2633 5010 Marinus
2660 4935 2964 5010 apostolicae
2992 4931 3134 5010 sedis
3159 4931 3420 5010 r‘niuister,
3441 4931 3582 5010 ilum,

2003 4999 2516 5077 Consﬁtntinopolitn
2546 5007 2623 5060 ire
2651 4999 2882 5071 vellent;
2939 5018 3066 5060 ecce
3106 5003 3256 5077 inter
3282 4999 3590 5077 ﬁnesbul:

2005 5079 2169 5150 gariae
2206 5071 3022 5150 Constautinopolitanorumqne
3062 5072 3346 5150 quemdam
3387 5071 3565 5150 Theo-3

2005 5143 2194 5221 dorum
2237 5163 2472 5204 marcum
2497 5217 2508 5221 _
2517 5143 2664 5221 illam
2715 5143 3100 5221 custodientem
3128 5143 3444 5221 invenerpnt
3477 5143 3571 5221 qui

2005 5233 2100 5276 eos
2145 5220 2283 5274 ultra
2336 5234 2439 5272 non
2478 5217 2677 5271 dimisit
2708 5216 2877 5280 abire,
2902 5215 3030 5285 quin
3066 5213 3244 5285 potius
3272 5213 3579 5285 innumeris

2006 5305 2100 5344 eos
2119 5289 2379 5362 denotans
2405 5286 2636 5354 injuriis,
2649 5287 2782 5362 adeo
2804 5282 2967 5362 tantis
2991 5285 3132 5340 sedis
3152 5283 3350 5362 iegatis
3368 5282 3570 5362 abusus

2002 5371 2105 5426 est,
2154 5369 2214 5414 ut
2247 5360 2408 5414 etiam
2437 5353 2719 5426 equorum,
2755 5355 2808 5426 in
2851 5355 3046 5426 quibus
3072 5353 3350 5416 sedebant,
3393 5353 3576 5419 capita,

1999 5437 2326 5498 percuteret,
2377 5425 2685 5497 diceretque
2720 5445 2734 5480 a
2767 5425 3063 5496 Imperator
3105 5431 3288 5478 noster
3320 5437 3416 5476 vos
3469 5436 3564 5474 ne-

1999 5501 2261 5554 cessarios
2289 5513 2418 5554 sane
2444 5513 2548 5551 non
2582 5498 2759 5552 habet.

2069 5569 2174 5626 Sed
2203 5569 2342 5625 idem
2376 5571 2666 5638 imperator
2708 5567 2898 5638 legatis
2925 5567 3068 5636 regis
3112 5563 3456 5638 Bulgarorum
3489 5561 3571 5621 ita

1997 5641 2168 5696 fertur
2193 5641 2392 5695 dixisse
2421 5634 2572 5694 aNisi
2594 5653 2690 5709 per
2724 5634 3031 5709 Bulgariam
3069 5634 3232 5690 missi
3261 5634 3404 5709 sedis
3431 5643 3562 5700 apo-'-

1993 5711 2194 5768 stolica:
2243 5711 2538 5774 venissent,
2593 5701 2691 5764 nec
2738 5701 2930 5766 faciem
2969 5721 3164 5769 meam;
3211 5719 3312 5777 nec
3345 5701 3576 5777 Romam
