4070 6310
434 327 536 384 767

1678 320 1948 378 NICOLAI
1985 317 2186 375 ΡΑΡᾸΞ
2223 316 2241 374 1
2280 316 2457 373 VITA.

3585 315 3691 374 768

432 442 622 496 diebus
663 448 788 495 Vita:
823 453 934 494 suae
973 438 1236 493 viderent.
1261 435 1340 490 Illi
1371 450 1496 491 vero
1523 449 1621 505 per
1647 433 1999 505 quadraginta
2030 436 2074 494 Α
2105 432 2275 505 gratia
2305 431 2516 501 plenus,
2536 430 2831 505 virtutibus
2856 436 3015 505 atque
3041 426 3146 505 ilde
3185 430 3492 505 sanctitatis
3513 446 3685 505 ppera

433 514 551 566 dies
583 511 689 566 illic
722 511 1015 565 residentes
1049 516 1110 561 ut
1137 513 1500 577 cognoverunt
1525 504 1648 574 quia
1695 506 1797 558 hoc
1828 504 1999 573 impe—

439 591 591 637 rator
616 580 927 637 Grzecorum
957 577 1072 632 ﬁeri
1102 577 1338 646 iusserat
1364 616 1380 641 ,
1409 582 1864 646 tergaverterunt
1884 613 1899 637 ,
1946 580 2004 627 et

437 652 666 707 Romam
710 650 826 704 hzec
855 648 1039 703 eadem
1072 647 1379 701 nuntiantes
1407 645 1579 700 coacti
1613 645 1813 699 reversi
1855 651 1997 698 sunt.

437 722 610 776 Porro
647 736 677 774 a
715 718 1101 789 przenominalo
1154 729 1279 786 rege
1333 715 1684 789 Bulgarorum
1727 712 2002 789 apostolici

444 791 597 846 missi
644 784 820 843 mente
871 786 1033 842 alacri
1082 784 1381 857 magnaque
1433 784 1665 857 suscepti
1723 784 2005 857 devotione

443 868 724 931 creperum
755 857 1075 931 salutaribus
1102 854 1327 931 educere
1364 855 1617 931 populum
1662 854 2007 931 monitis,_et

443 946 475 986 a
503 924 721 984 minimo
746 941 914 997 usque
941 925 1005 981 ad
1033 927 1328 980 maximum
1356 924 1509 980 sacro
1532 996 1535 997 ν
1559 925 1703 997 fonte
1753 939 1885 997 cum‘
1912 924 2003 997 Dei

444 1001 616 1071 gratia
648 994 951 1071 abluerent,
978 1011 1300 1071 omnemque
1327 997 1486 1071 ritum
1511 996 1828 1071 (_3hristian:_e
1857 994 2005 1058 ﬁdei,

444 1065 585 1125 sicut
607 1084 637 1123 a
668 1068 1008 1121 sanctissimo
1039 1081 1174 1136 papa
1216 1066 1462 1120 instructi
1513 1065 1746 1136 fuerant,
1793 1066 1846 1118 in
1875 1079 2006 1119 con-

446 1138 783 1194 suetudinem
818 1135 1170 1207 BulgarOrum
1204 1136 1574 1207 tradiderunt.
1604 1135 1880 1207 Gloriosus
1910 1150 2009 1187 au—

444 1218 555 1263 tem
586 1205 942 1277 Bulgarorurn
964 1222 1059 1261 rex
1092 1206 1216 1277 tidei
1244 1215 1391 1258 tanta
1417 1206 1583 1277 carpit
1618 1205 1866 1273 ﬂagrare,
1896 1220 2008 1258 mo-

444 1279 574 1332 nitis
601 1276 754 1344 hujus
781 1278 854 1347 pii
883 1278 1056 1347 patris
1081 1276 1290 1331 illectus
1324 1276 1645 1347 constantia,
1678 1285 1739 1329 ut
1766 1290 1951 1329 omnes
1978 1289 2007 1327 a

444 1364 543 1402 suo
566 1361 730 1418 regno
752 1344 961 1418 pellens
991 1346 1319 1418 alienigenas
1344 1386 1359 1418 _,
1411 1344 1755 1418 prml‘atorum
1796 1355 2011 1415 aposto-

442 1416 669 1496 licorum
711 1417 1043 1496 solummodo
1085 1416 1462 1496 przetlicatioiie
1511 1431 1639 1469 usus
1682 1417 2008 1496 missorum,

444 1487 660 1558 pascuis
688 1487 809 1541 vita:
846 1495 1060 1558 :eterpze
1078 1486 1279 1556 jugiter
1305 1486 1450 1558 reﬁci
1475 1487 2010 1558 nempedecreverit,

445 1555 719 1625 imumque
758 1571 825 1612 ex
861 1556 945 1610 his
969 1555 1286 1609 Formosum
1316 1555 1423 1609 vita
1452 1563 1506 1610 et
1535 1556 1775 1611 moribus
1806 1557 2013 1626 episco«

446 1642 573 1697 pum
604 1627 703 1681 sibi
751 1626 863 1681 dari
909 1626 1368 1697 archiepiscopum
1396 1627 1699 1695 expetierit.
1732 1627 1899 1697 Tunc,
1922 1627 2014 1681 ite-

448 1696 567 1751 rum
606 1697 809 1767 legatos
834 1712 959 1767 suos
989 1697 1210 1750 Romam
1257 1696 1474 1760 direxit,
1501 1705 1555 1750 et
1587 1698 1727 1751 inter
1751 1696 1854 1750 alia
1887 1696 2012 1750 bea-

2103 499 2288 572 gessit,
2309 499 2375 557 et
2397 503 2634 556 moribus
2660 501 2876 570 vitaque
2900 499 3084 572 docuit
3108 509 3161 555 et
3194 501 3453 570 implevit,
3477 499 3689 559 chartis

2104 569 2344 627 inserere
2387 572 2650 631 volumus.
2705 569 2856 641 prius
2896 569 3128 624 fortasse
3159 569 3477 626 membrana
3517 587 3684 641 quam

2105 657 2282 697 sermo
2324 642 2554 697 deficiet.
2581 642 2783 696 Tamen
2805 648 3093 708 antequam
3118 642 3184 694 ad
3209 641 3369 695 tinem
3394 643 3520 696 vitae
3542 643 3690 697 illius

2105 712 2301 783 stylum
2340 722 2635 783 vertamus,
2664 711 2897 781 primum
2943 712 3011 764 ad
3053 724 3116 765 ea
3143 725 3263 781 quae
3306 714 3511 767 sanctis
3551 712 3691 768 locis

2104 782 2330 839 centulit
2356 782 2657 837 redeamus.

2177 853 2276 907 llic
2333 854 2495 923 igitur
2552 852 2799 923 egregius
2844 866 2977 921 papa
3027 850 3097 923 ob
3138 866 3379 923 amorem
3423 852 3687 921 principis

2108 920 2471 1005 apostolorum
2500 923 2645 979 Petri
2670 920 2894 1005 apostoli
2916 920 3314 1005 putritorissui
3355 920 3484 1003 fecit
3508 923 3561 976 in
3590 920 3687 978 ba-

2109 992 2262 1048 silica
2289 993 2404 1063 ejus
2443 1008 2646 1063 pannos
2698 1003 2807 1046 tam
2854 992 3062 1063 scilicet
3092 993 3157 1045 de
3187 992 3421 1046 stauraci
3450 1034 3464 1057 ,
3516 1009 3685 1062 quam

2109 1074 2164 1119 et
2204 1064 2268 1117 de
2297 1062 2539 1127 fundato,
2568 1064 2651 1118 vel
2692 1063 2812 1117 aliis
2842 1062 3080 1132 pulchris
3115 1063 3387 1132 variisque
3408 1062 3687 1117 coloribus

2109 1149 2334 1189 numero
2358 1143 2605 1204 quatuor.
2622 1134 2721 1199 Qui
2748 1131 2928 1187 trabes
2950 1131 3181 1204 majores
3208 1133 3259 1187 in
3284 1131 3689 1204 presbyterium

2109 1202 2692 1273 respicientes'omnes
2729 1204 2782 1257 in
2826 1218 2957 1274 gyro
3011 1203 3317 1272 complevit,
3369 1202 3490 1274 quae
3552 1202 3688 1256 illud

2109 1275 2406 1330 luculenter
2430 1283 2644 1339 ornant,
2672 1273 2943 1342 decusque
2972 1283 3187 1343 augent,
3211 1281 3265 1326 et
3291 1273 3526 1341 amplius
3546 1274 3691 1327 mira

2112 1360 2205 1401 sua
2240 1345 2604 1415 magnitudine
2644 1345 2775 1397 (lant
2829 1345 3108 1415 honorem.
3171 1344 3267 1399 [ibi
3318 1343 3505 1408 etiam,
3541 1345 3691 1414 quod

2112 1416 2288 1471 nullus
2315 1413 2435 1486 post
2468 1415 2888 1486 devastationem
2917 1413 3309 1486 Saracenorum
3337 1428 3497 1483 agere
3528 1417 3692 1486 [usus

2112 1495 2216 1550 est,
2250 1482 2435 1539 arcum
2474 1484 2600 1540 fecit
2643 1495 2953 1555 argenteum
2982 1523 2996 1549 ,
3043 1491 3099 1537 el
3128 1483 3319 1538 melius
3345 1482 3507 1552 quam
3555 1482 3691 1555 olim

2113 1555 2287 1610 fuerat
2327 1554 2838 1624 superexcelsiorem
2873 1555 3078 1609 trabem
3101 1593 3116 1617 ,
3152 1568 3272 1623 quae
3313 1561 3398 1608 est
3437 1562 3566 1608 ante
3613 1554 3696 1607 ci-

2113 1626 2321 1679 barium
2341 1667 2354 1688 ,
2386 1627 2437 1679 in
2467 1626 2642 1679 medio
2667 1626 2844 1694 posuit
2882 1634 3195 1694 pensantem
3233 1625 3467 1694 libras...
3499 1632 3555 1676 et
3576 1633 3696 1678 tres

2114 1696 2376 1767 imagines
2413 1693 2717 1767 argenteas,
2749 1709 2855 1749 una
2888 1693 3115 1767 ﬁguram
3141 1693 3357 1767 Domini
3379 1693 3698 1767 salvatoris,

449 1763 836 1846 tissimo'papte
865 1766 1092 1846 idipsuni
1125 1780 1460 1846 suggerens,_
1483 1767 1549 1820 ab
1586 1768 1702 1835 ejus
1729 1768 2013 1846 sanctitate
2044 1789 2088 1846 Β
2116 1763 2808 1846 duabusvero'angelorum
2856 1764 3077 1834 sculpsit
3101 1763 3322 1846 elligies,
3360 1779 3423 1819 ac
3454 1763 3562 1817 illis
3589 1779 3695 1817 no-

491 1854 549 1892 ro
576 1836 928 1907 instructique
954 1836 1127 1905 gentis
1157 1836 1298 1891 illius
1324 1837 1664 1907 presbyteros
1701 1836 2008 1907 postulavit.

491 1854 549 1892 ro
576 1852 928 1891 msuuctione
954 1852 1127 1905 genus
1157 1852 1298 1891 lllllls
1324 1852 1664 1907 presbyteros
1701 1852 2008 1907 posuuavu.

447 1852 569 1980 ipse
595 1922 721 1980 vero
753 1905 1102 1980 talibuspapa
1141 1907 1429 1980 compertis
1470 1906 1622 1960 valde
1668 1908 1881 1977 gavisus
1908 1914 2011 1970 est,

450 1976 507 2031 e't
550 1977 786 2030 inﬁnitas
816 1978 921 2029 Deo
949 1976 1134 2031 laudes
1164 1977 1486 2045 rependens,
1523 1992 1628 2030 non
1668 1976 1867 2046 paucos
1916 1992 2009 2029 nu-

452 2061 604 2102 mero
630 2062 811 2100 coram
845 2061 902 2101 se
932 2048 1177 2117 probavit
1201 2048 1565 2117 presbyteros,
1588 2056 1641 2101 et
1669 2045 1803 2115 Quos
1828 2045 2018 2113 dignos

453 2118 655 2189 reperit
698 2116 1097 2189 praedicationis
1125 2117 1302 2189 gratia
1350 2116 1401 2169 in
1437 2116 1742 2189 Bulgariam
1771 2117 1971 2189 dirextit
1999 2155 2013 2181 ,

451 2185 573 2259 cuin
606 2185 800 2259 quibus
834 2185 1168 2259 Dominicum
1213 2185 1543 2259 Trivensem,
1573 2196 1634 2259 e_t_
1654 2185 2015 2259 Grimoaldum

452 2255 916 2312 Polimartiensem
937 2257 1219 2326 episcopos
1240 2256 1545 2310 destinavit.
1587 2255 1659 2312 Ut
1693 2257 1815 2325 quia
1844 2256 2016 2325 ipsum

452 2328 769 2382 Formosum
798 2327 1005 2396 plebem
1030 2328 1299 2380 dimittere
1325 2326 1423 2379 sibi
1453 2327 1709 2380 creditam
1734 2340 1834 2379 non
1860 2341 2020 2394 opor-

456 2399 604 2452 tebat
636 2399 973 2467 episcopum,
1024 2412 1090 2451 ex
1143 2397 1226 2450 his
1272 2397 1599 2467 presbyteris
1646 2398 1711 2467 ad
1751 2396 2020 2467 archiepie

455 2471 733 2538 scopulum
762 2469 851 2536 qui
885 2468 1076 2537 dignus
1108 2466 1440 2538 inveniretur
1471 2466 1523 2518 in
1566 2466 1782 2520 nomine
1810 2466 2018 2538 Domini

459 2535 671 2592 tandem
697 2535 983 2607 eligeretur
1008 2576 1022 2601 ,
1052 2545 1105 2590 et
1133 2537 1245 2590 sedi
1273 2538 1670 2590 consecrandus
1717 2535 2021 2606 apostolicae

454 2609 775 2663 mitteretur.

526 2678 670 2731 Inter
702 2679 815 2731 hare
853 2677 1065 2747 quidem
1110 2678 1296 2732 statuit
1336 2676 1680 2732 beatissimus
1716 2690 1849 2746 papa
1874 2716 1891 2741 ,
1934 2690 2022 2731 so—

457 2747 881 2817 lertissimusque
915 2748 1167 2801 vitiorum
1216 2758 1491 2802 corrector
1516 2788 1531 2811 ,
1573 2754 1628 2801 et
1670 2748 1763 2801 Dei
1805 2748 2019 2817 cultor,

457 2827 537 2887 ut
556 2818 959 2886 penetrantibus
984 2819 1114 2887 ipsis
1136 2817 1440 2887 Bulgariam
1471 2818 1738 2887 episcopis
1759 2859 1772 2877 ,
1802 2817 2018 2882 Paulus,

459 2886 613 2953 cujus
657 2889 906 2954 superius
943 2886 1260 2956 memoriam
1302 2886 1545 2950 l'eciums,
1591 2887 2019 2956 Populoniensis,

460 2946 685 3028 ipseque
707 2946 1045 3028 Crimoaldus
1075 2958 1380 3028 episcopiin
1396 2946 1643 3027 Bulgaria
1670 2946 1927 3028 quidquid
1958 2946 2024 3012 ad

462 3026 700 3081 divinum
750 3027 1105 3098 ministerium
1162 3043 1259 3097 pro
1305 3026 1656 3098 instruetione
1682 3029 1856 3098 gentis
1884 3026 2024 3082 illius

459 3098 754 3166 pertineret
794 3096 1097 3161 eiIicereut,
1146 3106 1200 3149 et
1247 3097 1439 3165 Str-pius
1477 3098 1649 3151 dictus
1690 3096 1982 3152 Formosus
2008 3137 2024 3163 ,

459 3165 623 3234 atque
654 3165 964 3219 Dominicus
992 3166 1323 3219 venerabiles
1371 3166 1626 3236 episcopi,
1672 3167 1864 3221 iterum
1892 3166 2032 3220 Con-

462 3236 865 3307 stantinopolim
889 3250 984 3304 pro
1019 3237 1309 3290 schismate
1336 3236 1408 3290 ibi
1437 3245 1641 3300 exorto,
1682 3238 1749 3290 de
1781 3251 1888 3305 quo
1918 3238 2031 3307 jam

462 3306 572 3359 late
601 3306 851 3368 disserui,
880 3307 1314 3373 proliciscercntu
1326 3322 1368 3359 r.

536 3375 641 3430 Sed
669 3376 791 3428 dum
812 3376 938 3447 hiec
964 3384 1308 3447 agerentur,
1329 3375 1418 3429 Dei
1453 3376 1655 3447 judicio
1675 3417 1689 3440 ,
1722 3375 2031 3447 Michaelem

464 3445 776 3517 Grzucorum
809 3446 1185 3517 imperatorem
1218 3445 1349 3500 ultio
1387 3445 1543 3517 digna
1586 3446 1829 3517 perculit,
1864 3456 1917 3500 et
1942 3462 2037 3502 ne-

464 3516 625 3570 fanda
675 3530 805 3569 nece
857 3518 1107 3585 peremit.
1158 3515 1465 3585 Imperante
1505 3525 1685 3571 autem
1732 3516 1930 3572 Basilio
1980 3519 2033 3571 in

460 3586 920 3665 Cont_a_nt_inopoli,
968 3587 1220 3665 quoniam
1249 3586 1415 3640 voluit
1469 3587 1608 3640 Deus
1656 3588 1825 3665 ipsiuns
1863 3589 2034 3644 sancti

2057 3135 2100 3196 C

2119 1850 2235 1889 vem
2280 1835 2443 1890 libras
2468 1837 2603 1902 .auri
2643 1836 2908 1888 deaurans
2938 1835 3301 1904 superposuit,
3330 1850 3558 1903 quarum
3584 1849 3697 1887 una

2116 1913 2305 2028 pensat
2356 1906 2520 1959 libras
2572 1906 2887 2027 octoginta,
2941 1905 3045 1959 alia
3099 1904 3264 1959 libras
3323 1904 3693 1973 septuaginta.

2163 1986 2299 2028 ertia
2327 1992 2455 2028 vero
2483 1985 2673 2028 pensat
2720 1975 2862 2028 ibras
2904 1975 3155 2028 similiter
3184 1976 3543 2028 septuaginta.
3583 1973 3693 2027 Fe-

2163 1986 2299 2029 ertta
2327 1992 2455 2029 vero
2483 1985 2673 2044 pensat
2699 1973 2862 2028 libras
2904 1975 3155 2030 similiter
3184 1976 3543 2044 septuaginta.
3583 1973 3697 2027 Fe-

2117 2046 2296 2115 citque
2336 2046 2405 2100 ibi
2464 2061 2680 2101 crucem
2740 2060 2960 2099 auream
3018 2060 3180 2099 unam
3228 2045 3482 2114 pretiosis
3543 2059 3701 2113 gem-

2117 2118 2219 2185 mis
2249 2126 2496 2170 ornatam
2528 2124 2841 2185 pensantem
2893 2115 3124 2169 libras...
3174 2125 3247 2185 et,
3279 2116 3333 2168 in
3378 2116 3699 2168 summitate

2117 2184 2354 2251 ejuszlem
2387 2184 2546 2240 arcus
2576 2187 2789 2249 locavit,
2838 2185 2925 2239 ubi
2970 2200 3067 2254 pro
3109 2184 3459 2253 amplitudine
3483 2185 3702 2239 decoris

2118 2257 2255 2326 ejus,
2289 2266 2450 2326 atque
2494 2257 2805 2326 specimiuis
2851 2256 3102 2325 appendit
3154 2270 3409 2309 coronam
3467 2270 3698 2326 auream

2118 2325 2507 2389 unam,cr’uces
2524 2325 2808 2395 argenteas
2829 2327 2982 2387 duas,
3010 2326 3207 2379 calices
3235 2335 3517 2395 argenteos
3534 2325 3698 2389 duos,

2119 2405 2175 2451 et
2201 2408 2417 2467 SlatlpOS
2448 2394 2729 2469 [scyphos]
2760 2406 3041 2465 argenteos
3085 2397 3236 2449 duos.
3266 2394 3434 2469 Porro
3472 2395 3524 2469 in
3546 2410 3698 2469 ‘pur:

2118 2469 2302 2536 pureis
2325 2463 2761 2528 'marmoribus',
2802 2463 2920 2535 qua:
2951 2475 3074 2520 ante
3104 2480 3301 2535 corpus
3342 2465 3486 2536 beati
3546 2463 3701 2518 Petri

2121 2534 2345 2607 apostoli
2378 2552 2538 2607 rugas
2576 2534 2857 2607 argenteas
2904 2538 3155 2607 retinent,
3206 2536 3392 2607 dextra
3450 2534 3701 2603 lmvaque

2120 2605 2256 2732 {tilias
2303 2605 2494 2662 cruces
2559 2605 2847 2678 argenteas
2887 2606 3122 2661 oﬁerens
3177 2605 3357 2676 posuit.
3400 2616 3704 2674 pensantes

2142 2694 2155 2731 ι
2197 2693 2350 2732 ras...

2142 2693 2350 2732 lDl'aS...

2191 2749 2246 2801 In
2275 2748 2603 2817 patriarchio
2629 2747 2889 2816 siquidem
2927 2746 3276 2802 Laterancnsi
3314 2746 3533 2817 domum
3577 2745 3703 2815 pul-

2120 2816 2445 2873 cherrimam
2477 2820 2740 2888 nimisque
2786 2817 3181 2888 decorantﬁeri
3205 2817 3387 2887 jussit.
3419 2816 3482 2869 Et
3514 2825 3704 2869 orato-

2122 2890 2260 2942 rium
2308 2898 2507 2942 sanctie
2559 2887 2970 2943 DciGenitricis
3002 2887 3108 2942 illic
3140 2894 3480 2947 construens,
3513 2896 3707 2940 vestes

2123 2970 2177 3013 et
2226 2968 2591 3028 competentes
2647 2969 2869 3014 ornatus
2921 2972 3020 3028 pro
3063 2965 3276 3028 attenta:
3340 2957 3480 3028 vitae
3514 2972 3710 3028 amore

2123 3026 2361 3083 lucilluis'
2384 3030 2521 3083 votis
2551 3030 2663 3098 ipse
2675 3026 3530 3098 beatissimuspoatii‘exiobtulit.
3556 3026 3709 3079 Idem

2131 3100 2295 3153 etiam
2324 3114 2352 3150 a
2380 3100 2490 3153 Deo
2516 3094 2811 3169 protectus,
2863 3108 2917 3152 et
2947 3094 3149 3151 caelesti
3176 3097 3344 3169 gratia
3372 3097 3708 3149 circumval-

2132 3169 2272 3223 latus
2299 3170 2465 3223 multa
2510 3166 2691 3227 casum
2736 3169 2992 3223 minantia
3021 3167 3297 3220 renovavit
3330 3166 3443 3219 loca
3488 3177 3708 3219 sancto-

2098 3256 2111 3268 ο
2132 3254 2275 3301 rum,
2301 3248 2356 3291 et
2382 3238 2609 3292 diversis
2642 3239 2886 3294 ecclesiis
2931 3238 3139 3291 diversa
3179 3251 3398 3307 munera
3436 3238 3663 3290 contulit
3693 3277 3717 3307 ,

462 3656 733 3727 pontiﬁcis
766 3656 924 3727 juges
967 3657 1176 3727 labores
1202 3696 1215 3719 ,
1259 3672 1397 3726 quos
1437 3672 1534 3726 pro
1561 3668 1745 3711 sancta
1773 3657 2059 3713 Constan-.

463 3725 1057 3798 tinopolitana'passus
1104 3725 1204 3798 fuit
1260 3725 1537 3792 Ecclesia,
1587 3742 1706 3781 cum
1759 3728 1863 3783 line
1910 3728 2032 3783 boni

464 3798 643 3867 operis
682 3797 1078 3859 consummare,
1119 3797 1259 3850 sicut
1297 3798 1440 3851 fama
1473 3813 1533 3852 se
1567 3798 1773 3864 habuit,
1816 3798 2035 3854 Photius

466 3869 768 3937 neophytus
812 3882 875 3922 ac
916 3867 1133 3921 invasor
1165 3877 1223 3920 ut
1261 3869 1505 3922 mmehus
1528 3868 1765 3937 pellitur,
1801 3876 1854 3922 et
1884 3869 2034 3937 juxta

467 3938 741 4009 decretum
784 3939 923 4009 sedis
954 3938 1258 4009 apostolica:
1284 3939 1593 4009 patriarcha
1629 3939 1866 4009 lgnatius
1896 3940 2035 3992 Con-

472 4006 950 4077 stantinopolitano
985 4008 1227 4060 redditur
1279 4006 1492 4061 throno.
1546 4006 1727 4077 Neque
1769 4010 1911 4064 enim
1950 4011 2038 4063 hic

468 4075 768 4128 divinorum
798 4086 1081 4131 exsecutor
1106 4092 1328 4146 operum
1360 4075 1724 4147 piissimus—et
1744 4078 2038 4134 catholicus

469 4158 606 4214 papa
638 4160 757 4213 qua:
786 4161 881 4197 sua
913 4157 1058 4220 sunt,
1082 4150 1176 4220 sed
1204 4162 1267 4200 ea
1290 4149 1527 4220 quaeuDei
1551 4158 1696 4212 sunt,
1721 4149 2037 4220 primogloco

468 4224 653 4339 Bosmt
680 4223 731 4268 et
763 4218 1026 4283 quaesivit.
1080 4217 1139 4270 Et
1193 4233 1314 4271 cum
1357 4218 1621 4284 adjutorio
1667 4217 1838 4273 sancti
1893 4218 2037 4274 Petri

508 4284 608 4337 ella
647 4283 853 4339 Domini
882 4301 1091 4339 summo
1118 4288 1534 4339 disnensatiouis
1569 4289 1851 4339 libramine
1877 4290 2037 4339 spiri-

508 4284 608 4364 e_l.|a
647 4283 853 4364 Domini
882 4301 1091 4364 summo
1105 4283 1534 4364 dispensationis
1569 4289 1851 4364 libramine
1877 4290 2037 4363 spiri-

471 4355 652 4427 taliter
676 4356 907 4427 przeliari
936 4358 1163 4410 curavit.
1199 4358 1457 4413 Praelatos
1482 4360 1743 4427 siquidem
1773 4355 2037 4427 quosque,

470 4440 540 4479 ne
568 4424 810 4480 subditos
838 4425 1109 4499 laederent,
1156 4443 1346 4497 magna
1376 4424 1679 4499 provisione
1708 4424 1994 4499 iiioileraiis
2018 4424 2033 4494 ,

2131 3318 2186 3363 et
2216 3309 2495 3362 commoda
2535 3309 2829 3363 luculenter
2872 3308 3109 3362 adauxit.
3155 3307 3221 3361 Et
3251 3306 3302 3358 in
3337 3307 3403 3360 cil
3426 3307 3546 3359 orio
3567 3306 3709 3359 Coné

2134 3380 2474 3432 stantinianaz
2515 3378 2747 3433 basilica!
2786 3375 3017 3449 optlm'os
3048 3378 3136 3449 _de_
3167 3376 3341 3449 sifori,
3380 3386 3435 3449 et
3486 3377 3554 3449 de
3585 3378 3709 3427 tuu-

2134 3450 2259 3502 dato
2278 3458 2509 3517 quatuor
2532 3464 2735 3517 pannos
2759 3445 3027 3519 appendit.
3048 3447 3247 3519 Deinde
3270 3446 3417 3516 regni
3441 3445 3709 3519 caelorum

2136 3519 2401 3586 clavigero
2447 3520 2592 3588 paris
2638 3520 2691 3573 in
2723 3518 2929 3575 ciboria
2983 3518 3191 3571 numeri
3240 3532 3446 3587 pannos
3474 3518 3715 3584 optimos

2134 3590 2346 3643 obtulit.
3400 3636 3411 3649 Ι

2205 3660 2259 3730 lu
2304 3659 2531 3714 ecclesia
2574 3659 2808 3730 doctoris
2859 3659 3095 3730 gentium
3130 3656 3395 3730 similiter
3452 3655 3599 3730 fecit.
3652 3655 3714 3708 ln

2134 3729 2358 3785 ecclesia
2382 3740 2581 3784 sauciae
2601 3729 2693 3784 Dei
2722 3726 3009 3784 Geuit’ricis
3034 3729 3098 3781 ad
3129 3726 3519 3796 Praesepe’pari
3549 3731 3715 3779 modo

2134 3809 2349 3854 mternae
2377 3816 2474 3869 pro
2501 3800 2869 3854 retributionis
2887 3799 3123 3870 praemiis
3149 3797 3275 3870 egit.
3305 3797 3368 3850 Et
3399 3799 3453 3850 in
3478 3796 3713 3870 ecclesia

2136 3872 2308 3925 sancti
2343 3866 2616 3924 Laurentii
2656 3871 2854 3925 Christi
2885 3866 3141 3939 martyris
3168 3866 3299 3939 foris
3321 3882 3525 3939 φημι-οε
3562 3866 3719 3939 urbis

2135 3955 2288 4009 aeque
2314 3956 2519 4010 pannos
2542 3941 2773 4009 optimos
2796 3935 3042 4009 quatuor'
3067 3939 3119 3991 iu
3166 3938 3369 4010 ciboria
3397 3937 3563 4010 dedit.
3596 3935 3713 3988 llu-

2129 4007 2218 4080 jus
2250 4007 2446 4079 quippe
2480 4007 2619 4063 beati
2654 4007 2980 4079 temporibus
3020 4007 3263 4079 praesulis
3291 4016 3440 4080 tanta
3467 4008 3714 4080 ubertas,

2138 4075 2192 4136 et
2210 4075 2447 4134 victuma
2472 4081 2624 4149 copia
2651 4075 2874 4146 exstitit,
2894 4088 2950 4133 ut
2970 4075 3183 4133 omnem
3202 4077 3522 4149 memoriam
3554 4075 3719 4149 lautis

2138 4153 2441 4206 decessoris
2477 4147 2557 4203 sui
2590 4150 2744 4203 factae
2792 4151 2981 4206 diebus
3021 4152 3136 4203 haec
3165 4147 3417 4203 oblivioni
3472 4148 3717 4200 traderet

2139 4221 2484 4275 abundantia.
2517 4221 2615 4274 llic
2642 4220 2767 4273 fecit
2803 4221 3195 4275 ordinationem
3224 4233 3383 4270 unam
3421 4232 3519 4285 per
3564 4231 3718 4270 men-

2138 4306 2249 4372 sem
2274 4291 2545 4353 Martium,
2555 4292 2903 4378 presbyteros
2929 4300 3157 4360 septem,
3183 4288 3434 4367 diaconos
3455 4297 3716 4378 quatuor,

2139 4362 2419 4430 episcopos
2446 4356 2778 4430 pi3r'tliversa
2827 4361 2939 4415 loca
2989 4356 3215 4414 numero
3244 4357 3519 4430 sexaginta
3559 4356 3716 4430 quin-

2140 4378 2319 4430 episco
2359 4378 2419 4414 OS
2446 4378 2542 4430 per
2570 4378 2778 4414 diversa
2827 4378 2939 4415 loca
2990 4378 3215 4414 numero
3244 4378 3519 4426 sexaglma
3559 4378 3716 4423 qtuu-

2140 4446 2264 4502 que.
2316 4378 2605 4500 gostquam
2638 4439 2814 4502 autem
2843 4430 3024 4502 sedem
3073 4426 3419 4502 apostoiicam
3458 4426 3719 4502 victorio-

408 4564 423 4577 ὴ
469 4504 529 4548 ut
554 4504 707 4577 pater
733 4498 1063 4577 commonuit
1154 4479 2040 4577 ettitsuivjéeii'piélaiig'sti’bésl
2065 4479 2119 4540 Ῑ)
2143 4479 2864 4577 Et‘_ili'§3ehi§iiei
2879 4479 3368 4577 aihleta:catli_olice
3405 4510 3470 4577 ac
3487 4565 3498 4575 0
3515 4495 3720 4577 princi-

472 4564 786 4640 sent,_juxta
801 4567 1229 4640 _unips_cujusque
1252 4564 1527 4638 privilegia
1551 4564 1889 4640 pastoraliter
1911 4586 2042 4639 quo-

469 4650 576 4704 que
601 4635 859 4711 decrevit.
883 4635 1048 4711 Ct‘ijus’
1075 4635 1165 4711 qui
1195 4635 1700 4711 sanctuni'stuilium
1729 4639 1841 4692 vult
1876 4635 2040 4711 agno-3

471 4720 642 4768 scere,
676 4706 727 4779 in
757 4706 1000 4779 epistolis
1023 4708 1150 4779 suis,
1178 4723 1312 4779 quas
1340 4710 1474 4762 bene
1496 4710 1715 4763 hbratas
1736 4725 1832 4779 per
1856 4706 2039 4764 mundi

472 4785 656 4851 partes
672 4777 898 4851 direxit,
928 4777 1057 4851 luce;
1086 4777 1286 4851 clarius
1327 4779 1567 4851 invenire
1594 4777 1811 4834 valebit.
1837 4780 2043 4851 Quippe

472 4845 574 4929 qui
600 4845 1012 4929 animamsuam
1044 4848 1097 4901 in
1126 4850 1636 4929 manibusposuit,”
1647 4850 1738 4929 qui
1770 4845 1912 4904 nulla
1939 4845 2043 4929 nisi
2088 4867 2103 4882 ·

471 4912 715 4989 etplestia
740 4917 1032 4989 cogitabat,
1078 4920 1168 4987 qui
1203 4912 1454 4989 jejuniis,
1496 4912 1722 4989 vigiliis,
1753 4929 1808 4975 et
1842 4922 2044 4975 oratio-

474 4983 636 5060 nibus
664 4983 909 5060 nocteac
933 4987 1019 5041 die
1046 4983 1272 5060 valeatis;
1292 5004 1393 5044 nec
1419 4983 1658 5058 requiem
1683 4983 1918 5060 corpori,
1944 5006 2045 5046 nec

472 5051 720 5108 membra
756 5055 920 5111 dabat
962 5059 1161 5130 sepori.
1193 5051 1328 5114 Nam
1351 5060 1397 5115 si
1423 5051 1613 5115 cuncta
1639 5098 1654 5125 ,
1693 5051 1813 5130 qua:
1841 5051 2042 5117 Christi

2143 4572 2340 4642 paliter
2384 4572 2543 4635 rexit,
2591 4586 2658 4623 ex
2704 4572 2805 4642 hac
2844 4570 2963 4625 luce
2996 4571 3175 4642 idibus
3214 4565 3532 4642 Novembris
3580 4564 3719 4642 iud_i-_

2146 4634 2324 4696 ctione
2365 4634 2539 4712 prima
2587 4641 2840 4712 migravit
2880 4639 3299 4712 ad_Dominum.
3346 4636 3541 4712 lforro,
3591 4634 3719 4712 quid

2147 4713 2320 4769 dicam
2348 4707 2524 4784 ,‘cutn
2560 4707 2882 4784 nonisolum
2922 4709 3043 4784 ejus
3094 4709 3298 4762 exitum
3352 4707 3716 4784 diversae_ho-

2147 4784 2352 4836 minum
2376 4783 2623 4835 nationes
2649 4781 2803 4852 plena
2833 4782 3042 4834 ratione
3064 4787 3299 4852 utentes,
3322 4791 3511 4829 verum
3531 4781 3719 4852 etiam,

2149 4861 2410 4924 quantum
2439 4854 2504 4924 ad
2535 4844 3001 4924 intemperantiam
3028 4849 3200 4912 aeris,
3246 4848 3359 4924 ipsa
3378 4844 3585 4924 mundi

2149 4915 2332 4976 menta
2355 4922 2443 4975 diu
2465 4915 2747 4985 ﬂeveruui,
2771 4932 2826 4976 et
2850 4921 2917 4975 de
2942 4927 3113 4973 morte
3136 4915 3278 4970 tanti
3293 4917 3391 4970 viri
3419 4917 3471 4968 in
3501 4915 3722 4985 tristitia

2146 5000 2582 5061 permanserunt.
2629 4984 2747 5058 Quo
2792 4990 3043 5061 defuncto
3087 5001 3284 5061 corpus
3309 4986 3425 5061 ejus
3452 4984 3723 5055 sepultum

2146 5057 2231 5118 est
2254 5072 2382 5118 ante
2409 5062 2554 5117 fores
2579 5057 2816 5118 basilica:
2843 5060 2987 5117 beati
3013 5059 3155 5115 Petri
3187 5057 3436 5129 apostoli.
