  <div class='ocr_page' id='page_1' title='image "/cluster/home/n/w/nwhite01/storage/ocr_20150623/119/hvd.32044015466915/390.png"; bbox 0 0 4070 6310; ppageno 0'>
   <div class='ocr_carea' id='block_1_1' title="bbox 386 225 491 285">
    <p class='ocr_par' dir='ltr' id='par_1_1' title="bbox 386 225 491 285">
     <span class='ocr_line' id='line_1_1' title="bbox 386 225 491 285; baseline 0.038 -4"><span class='ocrx_word' id='word_1_1' title='bbox 386 225 491 285; x_wconf 78' lang='lat'><strong>769</strong></span> 
     </span>
    </p>
   </div>
   <div class='ocr_carea' id='block_1_2' title="bbox 1581 230 2443 294">
    <p class='ocr_par' dir='ltr' id='par_1_2' title="bbox 1581 230 2443 294">
     <span class='ocr_line' id='line_1_2' title="bbox 1581 230 2443 294; baseline 0.003 -6"><span class='ocrx_word' id='word_1_2' title='bbox 1581 230 1938 289; x_wconf 66' lang='lat' dir='ltr'><strong>EPISTOLE</strong></span> <span class='ocrx_word' id='word_1_3' title='bbox 1977 233 2065 290; x_wconf 87' lang='lat' dir='ltr'><strong>ET</strong></span> <span class='ocrx_word' id='word_1_4' title='bbox 2106 235 2443 294; x_wconf 74' lang='lat' dir='ltr'><strong>DECRETA.</strong></span> 
     </span>
    </p>
   </div>
   <div class='ocr_carea' id='block_1_3' title="bbox 3548 249 3650 313">
    <p class='ocr_par' dir='ltr' id='par_1_3' title="bbox 3548 249 3650 313">
     <span class='ocr_line' id='line_1_3' title="bbox 3548 249 3650 313; baseline -0.01 -9"><span class='ocrx_word' id='word_1_5' title='bbox 3548 249 3650 313; x_wconf 76' lang='lat'><strong>770</strong></span> 
     </span>
    </p>
   </div>
   <div class='ocr_carea' id='block_1_4' title="bbox 382 374 3650 413">
    <p class='ocr_par' dir='ltr' id='par_1_4' title="bbox 382 374 3650 413">
     <span class='ocr_line' id='line_1_4' title="bbox 382 374 3650 413; baseline 0.001 -18"><span class='ocrx_word' id='word_1_6' title='bbox 382 374 3650 413; x_wconf 55' lang='lat'><strong>_—______.________________________________.</strong></span> 
     </span>
    </p>
   </div>
   <div class='ocr_carea' id='block_1_5' title="bbox 1253 486 2951 605">
    <p class='ocr_par' dir='ltr' id='par_1_5' title="bbox 1253 486 2951 605">
     <span class='ocr_line' id='line_1_5' title="bbox 1253 486 2951 605; baseline -0.006 -3"><span class='ocrx_word' id='word_1_7' title='bbox 1253 486 2014 604; x_wconf 73' lang='lat' dir='ltr'><strong>NICOLAI</strong></span> <span class='ocrx_word' id='word_1_8' title='bbox 2093 488 2632 605; x_wconf 72' lang='grc' dir='ltr'><strong>ΡΔΡΕ</strong></span> <span class='ocrx_word' id='word_1_9' title='bbox 2705 494 2779 605; x_wconf 87' lang='lat' dir='ltr'><strong>I</strong></span> <span class='ocrx_word' id='word_1_10' title='bbox 2944 586 2951 591; x_wconf 35' lang='grc' dir='ltr'>μ</span> 
     </span>
    </p>
   </div>
   <div class='ocr_carea' id='block_1_6' title="bbox 836 688 1950 867">
    <p class='ocr_par' dir='ltr' id='par_1_6' title="bbox 836 688 1950 867">
     <span class='ocr_line' id='line_1_6' title="bbox 836 688 1950 867; baseline -0.007 -22"><span class='ocrx_word' id='word_1_11' title='bbox 836 688 1830 848; x_wconf 67' lang='lat' dir='ltr'><strong>EPISTOLZE</strong></span> <span class='ocrx_word' id='word_1_12' title='bbox 1910 691 1950 867; x_wconf 30' lang='grc' dir='ltr'>,ξ</span> 
     </span>
    </p>
   </div>
   <div class='ocr_carea' id='block_1_7' title="bbox 2052 688 3188 867">
    <p class='ocr_par' dir='ltr' id='par_1_7' title="bbox 2052 689 3188 848">
     <span class='ocr_line' id='line_1_7' title="bbox 2052 689 3188 848; baseline 0.011 -11"><span class='ocrx_word' id='word_1_13' title='bbox 2052 690 2187 839; x_wconf 72' lang='grc' dir='ltr'><strong>ιΤ</strong></span> <span class='ocrx_word' id='word_1_14' title='bbox 2242 689 3188 848; x_wconf 82' lang='lat' dir='ltr'><strong>.DECRETA</strong></span> 
     </span>
    </p>
   </div>
   <div class='ocr_carea' id='block_1_8' title="bbox 1305 891 2691 983">
    <p class='ocr_par' dir='ltr' id='par_1_8' title="bbox 1305 891 2691 983">
     <span class='ocr_line' id='line_1_8' title="bbox 1305 891 2691 983; baseline -0.003 -1"><span class='ocrx_word' id='word_1_15' title='bbox 1305 920 1609 983; x_wconf 79' lang='lat' dir='ltr'><strong>OBDINE</strong></span> <span class='ocrx_word' id='word_1_16' title='bbox 1648 891 2282 979; x_wconf 79' lang='lat' dir='ltr'><strong>CHRONOLOGICO</strong></span> <span class='ocrx_word' id='word_1_17' title='bbox 2321 917 2691 980; x_wconf 84' lang='lat' dir='ltr'><strong>DIGESTA.</strong></span> 
     </span>
    </p>
   </div>
   <div class='ocr_carea' id='block_1_9' title="bbox 432 1206 1906 1260">
    <p class='ocr_par' dir='ltr' id='par_1_9' title="bbox 432 1206 1906 1260">
     <span class='ocr_line' id='line_1_9' title="bbox 432 1206 1906 1260; baseline -0.007 -3"><span class='ocrx_word' id='word_1_18' title='bbox 432 1213 694 1257; x_wconf 67' lang='lat' dir='ltr'><strong>EPISTOLA</strong></span> <span class='ocrx_word' id='word_1_19' title='bbox 732 1211 944 1252; x_wconf 75' lang='lat' dir='ltr'><strong>NICOLAI</strong></span> <span class='ocrx_word' id='word_1_20' title='bbox 986 1211 1051 1251; x_wconf 72' lang='lat' dir='ltr'><strong>AD</strong></span> <span class='ocrx_word' id='word_1_21' title='bbox 1089 1207 1411 1250; x_wconf 71' lang='lat' dir='ltr'><strong>WENILONEM</strong></span> <span class='ocrx_word' id='word_1_22' title='bbox 1451 1206 1906 1260; x_wconf 70' lang='lat' dir='ltr'><strong>ARCHIEPISCQPUK</strong></span> 
     </span>
    </p>
   </div>
   <div class='ocr_carea' id='block_1_10' title="bbox 674 1296 1682 1343">
    <p class='ocr_par' dir='ltr' id='par_1_10' title="bbox 674 1296 1682 1343">
     <span class='ocr_line' id='line_1_10' title="bbox 674 1296 1682 1343; baseline -0.006 -1"><span class='ocrx_word' id='word_1_23' title='bbox 674 1300 1009 1343; x_wconf 72' lang='lat' dir='ltr'><strong>SENONENSEII</strong></span> <span class='ocrx_word' id='word_1_24' title='bbox 1046 1301 1116 1340; x_wconf 78' lang='lat' dir='ltr'><strong>ET</strong></span> <span class='ocrx_word' id='word_1_25' title='bbox 1155 1296 1504 1340; x_wconf 75' lang='lat' dir='ltr'><strong>COEPISCOPOS</strong></span> <span class='ocrx_word' id='word_1_26' title='bbox 1538 1297 1682 1338; x_wconf 68' lang='grc' dir='ltr'><strong>ειυς.</strong></span> 
     </span>
    </p>
   </div>
   <div class='ocr_carea' id='block_1_11' title="bbox 982 1374 1363 1445">
    <p class='ocr_par' dir='ltr' id='par_1_11' title="bbox 982 1374 1363 1445">
     <span class='ocr_line' id='line_1_11' title="bbox 982 1374 1363 1445; baseline -0.005 -15"><span class='ocrx_word' id='word_1_27' title='bbox 982 1376 1164 1445; x_wconf 82' lang='lat' dir='ltr'><strong>(Anno</strong></span> <span class='ocrx_word' id='word_1_28' title='bbox 1212 1374 1363 1445; x_wconf 77' lang='grc'><strong>858.)</strong></span> 
     </span>
    </p>
   </div>
   <div class='ocr_carea' id='block_1_12' title="bbox 484 1463 1856 1538">
    <p class='ocr_par' dir='ltr' id='par_1_12' title="bbox 484 1463 1856 1538">
     <span class='ocr_line' id='line_1_12' title="bbox 484 1463 1856 1538; baseline -0.007 -11"><span class='ocrx_word' id='word_1_29' title='bbox 484 1463 562 1526; x_wconf 84' lang='lat' dir='ltr'><strong>De</strong></span> <span class='ocrx_word' id='word_1_30' title='bbox 584 1468 898 1525; x_wconf 84' lang='lat' dir='ltr'><strong>Hcrimanni</strong></span> <span class='ocrx_word' id='word_1_31' title='bbox 917 1467 1144 1538; x_wconf 75' lang='lat' dir='ltr'><strong>episcopi</strong></span> <span class='ocrx_word' id='word_1_32' title='bbox 1168 1464 1504 1521; x_wconf 82' lang='lat' dir='ltr'><strong>Nivernensis</strong></span> <span class='ocrx_word' id='word_1_33' title='bbox 1526 1463 1856 1534; x_wconf 78' lang='lat' dir='ltr'><strong>inﬁrmitate.</strong></span> 
     </span>
    </p>
   </div>
   <div class='ocr_carea' id='block_1_13' title="bbox 692 1555 1649 1635">
    <p class='ocr_par' dir='ltr' id='par_1_13' title="bbox 692 1555 1649 1635">
     <span class='ocr_line' id='line_1_13' title="bbox 692 1555 1649 1635; baseline -0.005 -19"><span class='ocrx_word' id='word_1_34' title='bbox 692 1561 869 1635; x_wconf 87' lang='lat' dir='ltr'><strong>[Apud</strong></span> <span class='ocrx_word' id='word_1_35' title='bbox 898 1559 1101 1625; x_wconf 82' lang='lat' dir='ltr'><strong>Mansi,</strong></span> <span class='ocrx_word' id='word_1_36' title='bbox 1138 1556 1299 1613; x_wconf 88' lang='lat' dir='ltr'><strong>Conc.</strong></span> <span class='ocrx_word' id='word_1_37' title='bbox 1348 1565 1477 1613; x_wconf 90' lang='lat' dir='ltr'><strong>tom.</strong></span> <span class='ocrx_word' id='word_1_38' title='bbox 1505 1555 1649 1628; x_wconf 59' lang='grc' dir='ltr'><strong>ΧΗ</strong></span> 
     </span>
    </p>
   </div>
   <div class='ocr_carea' id='block_1_14' title="bbox 354 1624 1959 1725">
    <p class='ocr_par' dir='ltr' id='par_1_14' title="bbox 354 1624 1959 1725">
     <span class='ocr_line' id='line_1_14' title="bbox 354 1624 1959 1725; baseline -0.007 -13"><span class='ocrx_word' id='word_1_39' title='bbox 354 1624 397 1695; x_wconf 46' lang='grc' dir='ltr'><strong>σί</strong></span> <span class='ocrx_word' id='word_1_40' title='bbox 449 1624 718 1711; x_wconf 71' lang='lat' dir='ltr'><strong>Nicouus</strong></span> <span class='ocrx_word' id='word_1_41' title='bbox 758 1653 1062 1725; x_wconf 89' lang='lat' dir='ltr'><strong>episcopus,</strong></span> <span class='ocrx_word' id='word_1_42' title='bbox 1102 1664 1289 1705; x_wconf 89' lang='lat' dir='ltr'><strong>servus</strong></span> <span class='ocrx_word' id='word_1_43' title='bbox 1334 1663 1613 1704; x_wconf 88' lang='lat' dir='ltr'><strong>servorum</strong></span> <span class='ocrx_word' id='word_1_44' title='bbox 1641 1645 1760 1713; x_wconf 85' lang='lat' dir='ltr'><strong>Dei,</strong></span> <span class='ocrx_word' id='word_1_45' title='bbox 1801 1660 1959 1701; x_wconf 83' lang='lat' dir='ltr'><strong>reve-</strong></span> 
     </span>
    </p>
   </div>
   <div class='ocr_carea' id='block_1_15' title="bbox 377 1735 1961 1803">
    <p class='ocr_par' dir='ltr' id='par_1_15' title="bbox 377 1735 1961 1803">
     <span class='ocr_line' id='line_1_15' title="bbox 377 1735 1961 1803; baseline -0.009 0"><span class='ocrx_word' id='word_1_46' title='bbox 377 1745 710 1803; x_wconf 87' lang='lat' dir='ltr'><strong>rentissimis</strong></span> <span class='ocrx_word' id='word_1_47' title='bbox 729 1759 795 1799; x_wconf 88' lang='lat' dir='ltr'><strong>ac</strong></span> <span class='ocrx_word' id='word_1_48' title='bbox 819 1740 1173 1799; x_wconf 74' lang='lat' dir='ltr'><strong>sanctissimis</strong></span> <span class='ocrx_word' id='word_1_49' title='bbox 1195 1737 1561 1796; x_wconf 86' lang='lat' dir='ltr'><strong>confratribus</strong></span> <span class='ocrx_word' id='word_1_50' title='bbox 1584 1736 1805 1800; x_wconf 86' lang='lat' dir='ltr'><strong>nostris,</strong></span> <span class='ocrx_word' id='word_1_51' title='bbox 1829 1735 1961 1791; x_wconf 74' lang='lat' dir='ltr'><strong>Ws-</strong></span> 
     </span>
    </p>
   </div>
   <div class='ocr_carea' id='block_1_16' title="bbox 374 1826 1956 1903">
    <p class='ocr_par' dir='ltr' id='par_1_16' title="bbox 374 1826 1956 1903">
     <span class='ocr_line' id='line_1_16' title="bbox 374 1826 1956 1903; baseline -0.009 -9"><span class='ocrx_word' id='word_1_52' title='bbox 374 1852 557 1893; x_wconf 75' lang='lat' dir='ltr'><strong>rtttom</strong></span> <span class='ocrx_word' id='word_1_53' title='bbox 582 1833 882 1890; x_wconf 88' lang='lat' dir='ltr'><strong>Senonensi</strong></span> <span class='ocrx_word' id='word_1_54' title='bbox 916 1833 1340 1903; x_wconf 85' lang='lat' dir='ltr'><strong>archiepiscopo,</strong></span> <span class='ocrx_word' id='word_1_55' title='bbox 1376 1839 1430 1884; x_wconf 93' lang='lat' dir='ltr'><strong>et</strong></span> <span class='ocrx_word' id='word_1_56' title='bbox 1455 1827 1793 1899; x_wconf 84' lang='lat' dir='ltr'><strong>coepiscopis</strong></span> <span class='ocrx_word' id='word_1_57' title='bbox 1820 1826 1956 1896; x_wconf 88' lang='lat' dir='ltr'><strong>ejus.</strong></span> 
     </span>
    </p>
   </div>
   <div class='ocr_carea' id='block_1_17' title="bbox 446 1918 1959 1997">
    <p class='ocr_par' dir='ltr' id='par_1_17' title="bbox 446 1918 1959 1997">
     <span class='ocr_line' id='line_1_17' title="bbox 446 1918 1959 1997; baseline -0.007 -15"><span class='ocrx_word' id='word_1_58' title='bbox 446 1926 742 1997; x_wconf 80' lang='lat' dir='ltr'><strong>Epistulam</strong></span> <span class='ocrx_word' id='word_1_59' title='bbox 773 1922 1076 1979; x_wconf 69' lang='lat' dir='ltr'><strong>sanctitatis</strong></span> <span class='ocrx_word' id='word_1_60' title='bbox 1101 1930 1318 1988; x_wconf 66' lang='lat' dir='ltr'><strong>vestrae,</strong></span> <span class='ocrx_word' id='word_1_61' title='bbox 1348 1934 1454 1991; x_wconf 91' lang='lat' dir='ltr'><strong>qua</strong></span> <span class='ocrx_word' id='word_1_62' title='bbox 1482 1918 1818 1989; x_wconf 81' lang='lat' dir='ltr'><strong>apostolatus</strong></span> <span class='ocrx_word' id='word_1_63' title='bbox 1856 1932 1959 1972; x_wconf 82' lang='lat' dir='ltr'><strong>no-</strong></span> 
     </span>
    </p>
   </div>
   <div class='ocr_carea' id='block_1_18' title="bbox 375 2008 1960 2086">
    <p class='ocr_par' dir='ltr' id='par_1_18' title="bbox 375 2008 1960 2086">
     <span class='ocr_line' id='line_1_18' title="bbox 375 2008 1960 2086; baseline -0.006 -14"><span class='ocrx_word' id='word_1_64' title='bbox 375 2018 477 2073; x_wconf 90' lang='lat' dir='ltr'><strong>stri</strong></span> <span class='ocrx_word' id='word_1_65' title='bbox 516 2032 681 2086; x_wconf 83' lang='lat' dir='ltr'><strong>super</strong></span> <span class='ocrx_word' id='word_1_66' title='bbox 719 2029 883 2069; x_wconf 89' lang='lat' dir='ltr'><strong>causa</strong></span> <span class='ocrx_word' id='word_1_67' title='bbox 908 2011 1226 2068; x_wconf 85' lang='lat' dir='ltr'><strong>Herimanni</strong></span> <span class='ocrx_word' id='word_1_68' title='bbox 1267 2010 1508 2082; x_wconf 82' lang='lat' dir='ltr'><strong>episcopi</strong></span> <span class='ocrx_word' id='word_1_69' title='bbox 1542 2023 1651 2063; x_wconf 88' lang='lat' dir='ltr'><strong>non</strong></span> <span class='ocrx_word' id='word_1_70' title='bbox 1686 2008 1960 2063; x_wconf 88' lang='lat' dir='ltr'><strong>immerito</strong></span> 
     </span>
    </p>
   </div>
   <div class='ocr_carea' id='block_1_19' title="bbox 376 2100 1959 2179">
    <p class='ocr_par' dir='ltr' id='par_1_19' title="bbox 376 2100 1959 2179">
     <span class='ocr_line' id='line_1_19' title="bbox 376 2100 1959 2179; baseline -0.007 -14"><span class='ocrx_word' id='word_1_71' title='bbox 376 2117 632 2179; x_wconf 82' lang='lat' dir='ltr'><strong>expetere</strong></span> <span class='ocrx_word' id='word_1_72' title='bbox 678 2106 961 2163; x_wconf 90' lang='lat' dir='ltr'><strong>studuistis</strong></span> <span class='ocrx_word' id='word_1_73' title='bbox 1006 2119 1345 2175; x_wconf 85' lang='lat' dir='ltr'><strong>responsum,</strong></span> <span class='ocrx_word' id='word_1_74' title='bbox 1377 2102 1464 2158; x_wconf 90' lang='lat' dir='ltr'><strong>vel</strong></span> <span class='ocrx_word' id='word_1_75' title='bbox 1503 2117 1610 2173; x_wconf 89' lang='lat' dir='ltr'><strong>qua</strong></span> <span class='ocrx_word' id='word_1_76' title='bbox 1644 2115 1797 2156; x_wconf 90' lang='lat' dir='ltr'><strong>more</strong></span> <span class='ocrx_word' id='word_1_77' title='bbox 1836 2100 1959 2155; x_wconf 88' lang='lat' dir='ltr'><strong>uni-</strong></span> 
     </span>
    </p>
   </div>
   <div class='ocr_carea' id='block_1_20' title="bbox 280 2190 1958 2273">
    <p class='ocr_par' dir='ltr' id='par_1_20' title="bbox 280 2190 1958 2273">
     <span class='ocr_line' id='line_1_20' title="bbox 280 2190 1958 2273; baseline -0.007 -18"><span class='ocrx_word' id='word_1_78' title='bbox 280 2257 294 2273; x_wconf 52' lang='lat'>.</span> <span class='ocrx_word' id='word_1_79' title='bbox 372 2198 600 2255; x_wconf 90' lang='lat' dir='ltr'><strong>versalis</strong></span> <span class='ocrx_word' id='word_1_80' title='bbox 622 2196 877 2253; x_wconf 63' lang='lat' dir='ltr'><strong>Ecclesiae</strong></span> <span class='ocrx_word' id='word_1_81' title='bbox 919 2194 1260 2251; x_wconf 79' lang='lat' dir='ltr'><strong>auctoritatis</strong></span> <span class='ocrx_word' id='word_1_82' title='bbox 1300 2201 1500 2249; x_wconf 68' lang='lat' dir='ltr'><strong>nostrae</strong></span> <span class='ocrx_word' id='word_1_83' title='bbox 1537 2190 1833 2263; x_wconf 83' lang='lat' dir='ltr'><strong>elliagitare</strong></span> <span class='ocrx_word' id='word_1_84' title='bbox 1873 2190 1958 2245; x_wconf 64' lang='lat' dir='ltr'><strong>in.»</strong></span> 
     </span>
    </p>
   </div>
   <div class='ocr_carea' id='block_1_21' title="bbox 371 2281 1957 2356">
    <p class='ocr_par' dir='ltr' id='par_1_21' title="bbox 371 2281 1957 2356">
     <span class='ocr_line' id='line_1_21' title="bbox 371 2281 1957 2356; baseline -0.006 -11"><span class='ocrx_word' id='word_1_85' title='bbox 371 2290 727 2345; x_wconf 88' lang='lat' dir='ltr'><strong>structionem</strong></span> <span class='ocrx_word' id='word_1_86' title='bbox 774 2286 1027 2351; x_wconf 89' lang='lat' dir='ltr'><strong>curastis,</strong></span> <span class='ocrx_word' id='word_1_87' title='bbox 1069 2284 1386 2356; x_wconf 85' lang='lat' dir='ltr'><strong>accipimus.</strong></span> <span class='ocrx_word' id='word_1_88' title='bbox 1434 2281 1541 2338; x_wconf 87' lang='lat' dir='ltr'><strong>Sed</strong></span> <span class='ocrx_word' id='word_1_89' title='bbox 1570 2290 1857 2352; x_wconf 82' lang='lat' dir='ltr'><strong>antequam</strong></span> <span class='ocrx_word' id='word_1_90' title='bbox 1887 2281 1957 2336; x_wconf 90' lang='lat' dir='ltr'><strong>ad</strong></span> 
     </span>
    </p>
   </div>
   <div class='ocr_carea' id='block_1_22' title="bbox 377 2374 1956 2444">
    <p class='ocr_par' dir='ltr' id='par_1_22' title="bbox 377 2374 1956 2444">
     <span class='ocr_line' id='line_1_22' title="bbox 377 2374 1956 2444; baseline -0.005 -8"><span class='ocrx_word' id='word_1_91' title='bbox 377 2380 624 2436; x_wconf 88' lang='lat' dir='ltr'><strong>consulta</strong></span> <span class='ocrx_word' id='word_1_92' title='bbox 684 2388 865 2434; x_wconf 84' lang='lat' dir='ltr'><strong>vestra</strong></span> <span class='ocrx_word' id='word_1_93' title='bbox 938 2377 1134 2433; x_wconf 90' lang='lat' dir='ltr'><strong>mentis</strong></span> <span class='ocrx_word' id='word_1_94' title='bbox 1188 2375 1405 2432; x_wconf 89' lang='lat' dir='ltr'><strong>oculum</strong></span> <span class='ocrx_word' id='word_1_95' title='bbox 1453 2374 1809 2439; x_wconf 88' lang='lat' dir='ltr'><strong>inclinemus,</strong></span> <span class='ocrx_word' id='word_1_96' title='bbox 1858 2387 1956 2444; x_wconf 89' lang='lat' dir='ltr'><strong>pa-</strong></span> 
     </span>
    </p>
   </div>
   <div class='ocr_carea' id='block_1_23' title="bbox 1982 1099 3651 1182">
    <p class='ocr_par' dir='ltr' id='par_1_23' title="bbox 1982 1099 3651 1182">
     <span class='ocr_line' id='line_1_23' title="bbox 1982 1099 3651 1182; baseline 0.008 -27"><span class='ocrx_word' id='word_1_97' title='bbox 1982 1106 2035 1164; x_wconf 82' lang='grc' dir='ltr'><strong>Α</strong></span> <span class='ocrx_word' id='word_1_98' title='bbox 2060 1099 2287 1155; x_wconf 89' lang='lat' dir='ltr'><strong>millima</strong></span> <span class='ocrx_word' id='word_1_99' title='bbox 2315 1100 2651 1156; x_wconf 85' lang='lat' dir='ltr'><strong>admittebat.</strong></span> <span class='ocrx_word' id='word_1_100' title='bbox 2687 1101 2864 1173; x_wconf 86' lang='lat' dir='ltr'><strong>Atque</strong></span> <span class='ocrx_word' id='word_1_101' title='bbox 2904 1103 3221 1161; x_wconf 83' lang='lat' dir='ltr'><strong>subinfertis</strong></span> <span class='ocrx_word' id='word_1_102' title='bbox 3256 1109 3400 1177; x_wconf 91' lang='lat' dir='ltr'><strong>quod</strong></span> <span class='ocrx_word' id='word_1_103' title='bbox 3430 1110 3496 1166; x_wconf 90' lang='lat' dir='ltr'><strong>ad</strong></span> <span class='ocrx_word' id='word_1_104' title='bbox 3523 1126 3651 1182; x_wconf 85' lang='lat' dir='ltr'><strong>pro-</strong></span> 
     </span>
    </p>
   </div>
   <div class='ocr_carea' id='block_1_24' title="bbox 2068 1192 3649 1265">
    <p class='ocr_par' dir='ltr' id='par_1_24' title="bbox 2068 1192 3649 1265">
     <span class='ocr_line' id='line_1_24' title="bbox 2068 1192 3649 1265; baseline 0.008 -19"><span class='ocrx_word' id='word_1_105' title='bbox 2068 1192 2328 1248; x_wconf 89' lang='lat' dir='ltr'><strong>vinciales</strong></span> <span class='ocrx_word' id='word_1_106' title='bbox 2379 1194 2614 1265; x_wconf 83' lang='lat' dir='ltr'><strong>synodos</strong></span> <span class='ocrx_word' id='word_1_107' title='bbox 2666 1203 2922 1250; x_wconf 75' lang='lat' dir='ltr'><strong>evocatus</strong></span> <span class='ocrx_word' id='word_1_108' title='bbox 2968 1198 3156 1252; x_wconf 90' lang='lat' dir='ltr'><strong>venire</strong></span> <span class='ocrx_word' id='word_1_109' title='bbox 3198 1199 3489 1256; x_wconf 83' lang='lat' dir='ltr'><strong>distulerit.</strong></span> <span class='ocrx_word' id='word_1_110' title='bbox 3544 1202 3649 1260; x_wconf 89' lang='lat' dir='ltr'><strong>Ubi</strong></span> 
     </span>
    </p>
   </div>
   <div class='ocr_carea' id='block_1_25' title="bbox 2065 1284 3651 1365">
    <p class='ocr_par' dir='ltr' id='par_1_25' title="bbox 2065 1284 3651 1365">
     <span class='ocr_line' id='line_1_25' title="bbox 2065 1284 3651 1365; baseline 0.008 -28"><span class='ocrx_word' id='word_1_111' title='bbox 2065 1291 2270 1338; x_wconf 87' lang='lat' dir='ltr'><strong>attente</strong></span> <span class='ocrx_word' id='word_1_112' title='bbox 2306 1284 2756 1341; x_wconf 85' lang='lat' dir='ltr'><strong>considerandum</strong></span> <span class='ocrx_word' id='word_1_113' title='bbox 2784 1294 2893 1351; x_wconf 89' lang='lat' dir='ltr'><strong>est,</strong></span> <span class='ocrx_word' id='word_1_114' title='bbox 2923 1287 3178 1355; x_wconf 90' lang='lat' dir='ltr'><strong>quoniam</strong></span> <span class='ocrx_word' id='word_1_115' title='bbox 3206 1290 3310 1346; x_wconf 89' lang='lat' dir='ltr'><strong>hoc</strong></span> <span class='ocrx_word' id='word_1_116' title='bbox 3340 1291 3513 1363; x_wconf 89' lang='lat' dir='ltr'><strong>ipsum</strong></span> <span class='ocrx_word' id='word_1_117' title='bbox 3542 1310 3651 1365; x_wconf 92' lang='lat' dir='ltr'><strong>quo</strong></span> 
     </span>
    </p>
   </div>
   <div class='ocr_carea' id='block_1_26' title="bbox 2067 1374 3652 1446">
    <p class='ocr_par' dir='ltr' id='par_1_26' title="bbox 2067 1374 3652 1446">
     <span class='ocr_line' id='line_1_26' title="bbox 2067 1374 3652 1446; baseline 0.009 -18"><span class='ocrx_word' id='word_1_118' title='bbox 2067 1374 2281 1429; x_wconf 84' lang='lat' dir='ltr'><strong>venitur</strong></span> <span class='ocrx_word' id='word_1_119' title='bbox 2323 1375 2390 1430; x_wconf 91' lang='lat' dir='ltr'><strong>ad</strong></span> <span class='ocrx_word' id='word_1_120' title='bbox 2440 1376 2725 1446; x_wconf 84' lang='lat' dir='ltr'><strong>synodum,</strong></span> <span class='ocrx_word' id='word_1_121' title='bbox 2771 1378 3107 1435; x_wconf 87' lang='lat' dir='ltr'><strong>sacerdotale</strong></span> <span class='ocrx_word' id='word_1_122' title='bbox 3155 1380 3390 1438; x_wconf 85' lang='lat' dir='ltr'><strong>olIicium</strong></span> <span class='ocrx_word' id='word_1_123' title='bbox 3438 1394 3559 1441; x_wconf 90' lang='lat' dir='ltr'><strong>est:</strong></span> <span class='ocrx_word' id='word_1_124' title='bbox 3594 1395 3652 1443; x_wconf 87' lang='lat' dir='ltr'><strong>et</strong></span> 
     </span>
    </p>
   </div>
   <div class='ocr_carea' id='block_1_27' title="bbox 2062 1465 3651 1545">
    <p class='ocr_par' dir='ltr' id='par_1_27' title="bbox 2062 1465 3651 1545">
     <span class='ocr_line' id='line_1_27' title="bbox 2062 1465 3651 1545; baseline 0.008 -25"><span class='ocrx_word' id='word_1_125' title='bbox 2062 1480 2187 1520; x_wconf 92' lang='lat' dir='ltr'><strong>cum</strong></span> <span class='ocrx_word' id='word_1_126' title='bbox 2215 1465 2461 1521; x_wconf 80' lang='lat' dir='ltr'><strong>dixeritis</strong></span> <span class='ocrx_word' id='word_1_127' title='bbox 2490 1466 2637 1521; x_wconf 88' lang='lat' dir='ltr'><strong>illum</strong></span> <span class='ocrx_word' id='word_1_128' title='bbox 2665 1469 3003 1525; x_wconf 88' lang='lat' dir='ltr'><strong>sacerdotale</strong></span> <span class='ocrx_word' id='word_1_129' title='bbox 3033 1485 3138 1525; x_wconf 92' lang='lat' dir='ltr'><strong>non</strong></span> <span class='ocrx_word' id='word_1_130' title='bbox 3162 1473 3400 1543; x_wconf 90' lang='lat' dir='ltr'><strong>potuisse</strong></span> <span class='ocrx_word' id='word_1_131' title='bbox 3425 1475 3651 1545; x_wconf 89' lang='lat' dir='ltr'><strong>implere</strong></span> 
     </span>
    </p>
   </div>
   <div class='ocr_carea' id='block_1_28' title="bbox 2064 1557 3646 1635">
    <p class='ocr_par' dir='ltr' id='par_1_28' title="bbox 2064 1557 3646 1635">
     <span class='ocr_line' id='line_1_28' title="bbox 2064 1557 3646 1635; baseline 0.008 -22"><span class='ocrx_word' id='word_1_132' title='bbox 2064 1566 2214 1614; x_wconf 90' lang='lat' dir='ltr'><strong>recte</strong></span> <span class='ocrx_word' id='word_1_133' title='bbox 2259 1557 2531 1626; x_wconf 77' lang='lat' dir='ltr'><strong>cilicium,</strong></span> <span class='ocrx_word' id='word_1_134' title='bbox 2584 1575 2883 1631; x_wconf 88' lang='lat' dir='ltr'><strong>sensusque</strong></span> <span class='ocrx_word' id='word_1_135' title='bbox 2949 1562 3316 1632; x_wconf 79' lang='lat' dir='ltr'><strong>integritatem</strong></span> <span class='ocrx_word' id='word_1_136' title='bbox 3374 1568 3646 1635; x_wconf 89' lang='lat' dir='ltr'><strong>amisisse,</strong></span> 
     </span>
    </p>
   </div>
   <div class='ocr_carea' id='block_1_29' title="bbox 2063 1649 3649 1729">
    <p class='ocr_par' dir='ltr' id='par_1_29' title="bbox 2063 1649 3649 1729">
     <span class='ocr_line' id='line_1_29' title="bbox 2063 1649 3649 1729; baseline 0.006 -24"><span class='ocrx_word' id='word_1_137' title='bbox 2063 1649 2328 1705; x_wconf 89' lang='lat' dir='ltr'><strong>miramur</strong></span> <span class='ocrx_word' id='word_1_138' title='bbox 2361 1650 2719 1706; x_wconf 84' lang='lat' dir='ltr'><strong>reverentiam</strong></span> <span class='ocrx_word' id='word_1_139' title='bbox 2746 1662 2987 1708; x_wconf 81' lang='lat' dir='ltr'><strong>vestram</strong></span> <span class='ocrx_word' id='word_1_140' title='bbox 3015 1668 3137 1709; x_wconf 90' lang='lat' dir='ltr'><strong>eum</strong></span> <span class='ocrx_word' id='word_1_141' title='bbox 3166 1657 3354 1712; x_wconf 86' lang='lat' dir='ltr'><strong>venire</strong></span> <span class='ocrx_word' id='word_1_142' title='bbox 3389 1657 3456 1712; x_wconf 90' lang='lat' dir='ltr'><strong>ad</strong></span> <span class='ocrx_word' id='word_1_143' title='bbox 3486 1674 3649 1729; x_wconf 84' lang='lat' dir='ltr'><strong>syno-</strong></span> 
     </span>
    </p>
   </div>
   <div class='ocr_carea' id='block_1_30' title="bbox 2063 1741 3649 1814">
    <p class='ocr_par' dir='ltr' id='par_1_30' title="bbox 2063 1741 3649 1814">
     <span class='ocr_line' id='line_1_30' title="bbox 2063 1741 3649 1814; baseline 0.004 -16"><span class='ocrx_word' id='word_1_144' title='bbox 2063 1741 2462 1811; x_wconf 66' lang='lat' dir='ltr'><strong>dum&#39;cocgisse</strong></span> <span class='ocrx_word' id='word_1_145' title='bbox 2488 1761 2500 1797; x_wconf 92' lang='lat'><strong>:</strong></span> <span class='ocrx_word' id='word_1_146' title='bbox 2527 1745 2828 1814; x_wconf 64' lang='lat' dir='ltr'><strong>praesertim</strong></span> <span class='ocrx_word' id='word_1_147' title='bbox 2866 1760 2989 1800; x_wconf 91' lang='lat' dir='ltr'><strong>cum</strong></span> <span class='ocrx_word' id='word_1_148' title='bbox 3024 1745 3125 1814; x_wconf 90' lang='lat' dir='ltr'><strong>ipsi</strong></span> <span class='ocrx_word' id='word_1_149' title='bbox 3152 1748 3423 1802; x_wconf 88' lang='lat' dir='ltr'><strong>testemini</strong></span> <span class='ocrx_word' id='word_1_150' title='bbox 3456 1748 3649 1804; x_wconf 89' lang='lat' dir='ltr'><strong>insano</strong></span> 
     </span>
    </p>
   </div>
   <div class='ocr_carea' id='block_1_31' title="bbox 2060 1832 3649 1899">
    <p class='ocr_par' dir='ltr' id='par_1_31' title="bbox 2060 1832 3649 1899">
     <span class='ocr_line' id='line_1_31' title="bbox 2060 1832 3649 1899; baseline 0.004 -11"><span class='ocrx_word' id='word_1_151' title='bbox 2060 1833 2207 1888; x_wconf 88' lang='lat' dir='ltr'><strong>hunc</strong></span> <span class='ocrx_word' id='word_1_152' title='bbox 2251 1832 2506 1899; x_wconf 86' lang='lat' dir='ltr'><strong>similem,</strong></span> <span class='ocrx_word' id='word_1_153' title='bbox 2552 1842 2610 1889; x_wconf 88' lang='lat' dir='ltr'><strong>et</strong></span> <span class='ocrx_word' id='word_1_154' title='bbox 2655 1834 2710 1889; x_wconf 91' lang='lat' dir='ltr'><strong>in</strong></span> <span class='ocrx_word' id='word_1_155' title='bbox 2740 1835 2929 1890; x_wconf 89' lang='lat' dir='ltr'><strong>eadem</strong></span> <span class='ocrx_word' id='word_1_156' title='bbox 2961 1836 3137 1892; x_wconf 91' lang='lat' dir='ltr'><strong>adhuc</strong></span> <span class='ocrx_word' id='word_1_157' title='bbox 3182 1837 3496 1894; x_wconf 83' lang='lat' dir='ltr'><strong>inﬁrmitate</strong></span> <span class='ocrx_word' id='word_1_158' title='bbox 3538 1856 3649 1895; x_wconf 85' lang='lat' dir='ltr'><strong>ma-</strong></span> 
     </span>
    </p>
   </div>
   <div class='ocr_carea' id='block_1_32' title="bbox 2060 1923 3652 1996">
    <p class='ocr_par' dir='ltr' id='par_1_32' title="bbox 2060 1923 3652 1996">
     <span class='ocr_line' id='line_1_32' title="bbox 2060 1923 3652 1996; baseline 0.006 -20"><span class='ocrx_word' id='word_1_159' title='bbox 2060 1936 2192 1977; x_wconf 90' lang='lat' dir='ltr'><strong>nere</strong></span> <span class='ocrx_word' id='word_1_160' title='bbox 2217 1939 2233 1977; x_wconf 90' lang='lat'><strong>:</strong></span> <span class='ocrx_word' id='word_1_161' title='bbox 2260 1936 2442 1991; x_wconf 89' lang='lat' dir='ltr'><strong>quem,</strong></span> <span class='ocrx_word' id='word_1_162' title='bbox 2471 1923 2517 1977; x_wconf 93' lang='lat' dir='ltr'><strong>si</strong></span> <span class='ocrx_word' id='word_1_163' title='bbox 2554 1923 2628 1977; x_wconf 91' lang='lat' dir='ltr'><strong>ita</strong></span> <span class='ocrx_word' id='word_1_164' title='bbox 2656 1933 2932 1994; x_wconf 81' lang='lat' dir='ltr'><strong>gravatur,</strong></span> <span class='ocrx_word' id='word_1_165' title='bbox 2963 1926 3135 1996; x_wconf 89' lang='lat' dir='ltr'><strong>magis</strong></span> <span class='ocrx_word' id='word_1_166' title='bbox 3170 1939 3497 1983; x_wconf 88' lang='lat' dir='ltr'><strong>convenerat</strong></span> <span class='ocrx_word' id='word_1_167' title='bbox 3526 1944 3652 1985; x_wconf 91' lang='lat' dir='ltr'><strong>san-</strong></span> 
     </span>
    </p>
   </div>
   <div class='ocr_carea' id='block_1_33' title="bbox 2061 2014 3650 2090">
    <p class='ocr_par' dir='ltr' id='par_1_33' title="bbox 2061 2014 3650 2090">
     <span class='ocr_line' id='line_1_33' title="bbox 2061 2014 3650 2090; baseline 0.004 -21"><span class='ocrx_word' id='word_1_168' title='bbox 2061 2014 2377 2069; x_wconf 89' lang='lat' dir='ltr'><strong>ctimonium</strong></span> <span class='ocrx_word' id='word_1_169' title='bbox 2421 2022 2661 2069; x_wconf 88' lang='lat' dir='ltr'><strong>vestrum</strong></span> <span class='ocrx_word' id='word_1_170' title='bbox 2709 2014 3014 2082; x_wconf 86' lang='lat' dir='ltr'><strong>sublevare,</strong></span> <span class='ocrx_word' id='word_1_171' title='bbox 3067 2032 3228 2086; x_wconf 90' lang='lat' dir='ltr'><strong>quam</strong></span> <span class='ocrx_word' id='word_1_172' title='bbox 3275 2019 3487 2088; x_wconf 91' lang='lat' dir='ltr'><strong>pondus</strong></span> <span class='ocrx_word' id='word_1_173' title='bbox 3531 2021 3650 2090; x_wconf 88' lang='lat' dir='ltr'><strong>ejus</strong></span> 
     </span>
    </p>
   </div>
   <div class='ocr_carea' id='block_1_34' title="bbox 2058 2093 3646 2174">
    <p class='ocr_par' dir='ltr' id='par_1_34' title="bbox 2058 2093 3646 2174">
     <span class='ocr_line' id='line_1_34' title="bbox 2058 2093 3646 2174; baseline 0.003 -15"><span class='ocrx_word' id='word_1_174' title='bbox 2058 2093 2286 2174; x_wconf 77' lang='lat' dir='ltr'><strong>ponderi</strong></span> <span class='ocrx_word' id='word_1_175' title='bbox 2332 2103 2715 2172; x_wconf 87' lang='lat' dir='ltr'><strong>superaddere,</strong></span> <span class='ocrx_word' id='word_1_176' title='bbox 2762 2103 3192 2173; x_wconf 90' lang='lat' dir='ltr'><strong>charitatemque</strong></span> <span class='ocrx_word' id='word_1_177' title='bbox 3229 2104 3285 2159; x_wconf 92' lang='lat' dir='ltr'><strong>in</strong></span> <span class='ocrx_word' id='word_1_178' title='bbox 3327 2121 3393 2162; x_wconf 92' lang='lat' dir='ltr'><strong>eo</strong></span> <span class='ocrx_word' id='word_1_179' title='bbox 3439 2107 3646 2163; x_wconf 79' lang='lat' dir='ltr'><strong>contir-</strong></span> 
     </span>
    </p>
   </div>
   <div class='ocr_carea' id='block_1_35' title="bbox 2059 2194 3644 2266">
    <p class='ocr_par' dir='ltr' id='par_1_35' title="bbox 2059 2194 3644 2266">
     <span class='ocr_line' id='line_1_35' title="bbox 2059 2194 3644 2266; baseline 0.004 -17"><span class='ocrx_word' id='word_1_180' title='bbox 2059 2208 2213 2249; x_wconf 89' lang='lat' dir='ltr'><strong>mare</strong></span> <span class='ocrx_word' id='word_1_181' title='bbox 2255 2194 2476 2264; x_wconf 89' lang='lat' dir='ltr'><strong>potius,</strong></span> <span class='ocrx_word' id='word_1_182' title='bbox 2528 2209 2688 2265; x_wconf 90' lang='lat' dir='ltr'><strong>quam</strong></span> <span class='ocrx_word' id='word_1_183' title='bbox 2744 2195 2796 2250; x_wconf 92' lang='lat' dir='ltr'><strong>ei</strong></span> <span class='ocrx_word' id='word_1_184' title='bbox 2840 2195 3055 2266; x_wconf 90' lang='lat' dir='ltr'><strong>pietatis</strong></span> <span class='ocrx_word' id='word_1_185' title='bbox 3103 2194 3316 2252; x_wconf 85' lang='lat' dir='ltr'><strong>viscera</strong></span> <span class='ocrx_word' id='word_1_186' title='bbox 3365 2199 3644 2257; x_wconf 84' lang='lat' dir='ltr'><strong>obserare.</strong></span> 
     </span>
    </p>
   </div>
   <div class='ocr_carea' id='block_1_36' title="bbox 2056 2284 3647 2356">
    <p class='ocr_par' dir='ltr' id='par_1_36' title="bbox 2056 2284 3647 2356">
     <span class='ocr_line' id='line_1_36' title="bbox 2056 2284 3647 2356; baseline 0.005 -16"><span class='ocrx_word' id='word_1_187' title='bbox 2056 2284 2312 2340; x_wconf 86' lang='lat' dir='ltr'><strong>lndicatis</strong></span> <span class='ocrx_word' id='word_1_188' title='bbox 2348 2292 2529 2340; x_wconf 91' lang='lat' dir='ltr'><strong>autem</strong></span> <span class='ocrx_word' id='word_1_189' title='bbox 2571 2284 2722 2339; x_wconf 87' lang='lat' dir='ltr'><strong>illum</strong></span> <span class='ocrx_word' id='word_1_190' title='bbox 2763 2300 2925 2355; x_wconf 86' lang='lat' dir='ltr'><strong>super</strong></span> <span class='ocrx_word' id='word_1_191' title='bbox 2968 2285 3288 2356; x_wconf 89' lang='lat' dir='ltr'><strong>quibusdam</strong></span> <span class='ocrx_word' id='word_1_192' title='bbox 3335 2290 3647 2348; x_wconf 86' lang='lat' dir='ltr'><strong>excessibus</strong></span> 
     </span>
    </p>
   </div>
   <div class='ocr_carea' id='block_1_37' title="bbox 2059 2376 3643 2463">
    <p class='ocr_par' dir='ltr' id='par_1_37' title="bbox 2059 2376 3643 2463">
     <span class='ocr_line' id='line_1_37' title="bbox 2059 2376 3643 2463; baseline 0.004 -30"><span class='ocrx_word' id='word_1_193' title='bbox 2059 2377 2225 2433; x_wconf 79' lang='lat' dir='ltr'><strong>fuisse</strong></span> <span class='ocrx_word' id='word_1_194' title='bbox 2272 2376 2586 2448; x_wconf 77' lang='lat' dir='ltr'><strong>frequenter</strong></span> <span class='ocrx_word' id='word_1_195' title='bbox 2638 2386 2973 2433; x_wconf 90' lang='lat' dir='ltr'><strong>accusatum.</strong></span> <span class='ocrx_word' id='word_1_196' title='bbox 3024 2378 3131 2433; x_wconf 92' lang='lat' dir='ltr'><strong>Pro</strong></span> <span class='ocrx_word' id='word_1_197' title='bbox 3167 2380 3387 2449; x_wconf 89' lang='lat' dir='ltr'><strong>quibus,</strong></span> <span class='ocrx_word' id='word_1_198' title='bbox 3424 2381 3550 2463; x_wconf 66' lang='lat' dir='ltr'><strong>quia</strong></span> <span class='ocrx_word' id='word_1_199' title='bbox 3578 2396 3643 2440; x_wconf 77' lang='lat' dir='ltr'><strong>ex</strong></span> 
     </span>
    </p>
   </div>
   <div class='ocr_carea' id='block_1_38' title="bbox 373 2465 3648 2544">
    <p class='ocr_par' dir='ltr' id='par_1_38' title="bbox 373 2465 3648 2544">
     <span class='ocr_line' id='line_1_38' title="bbox 373 2465 3648 2544; baseline -0.001 -17"><span class='ocrx_word' id='word_1_200' title='bbox 373 2488 594 2544; x_wconf 88' lang='lat' dir='ltr'><strong>rumper</strong></span> <span class='ocrx_word' id='word_1_201' title='bbox 641 2473 696 2527; x_wconf 91' lang='lat' dir='ltr'><strong>in</strong></span> <span class='ocrx_word' id='word_1_202' title='bbox 739 2470 986 2526; x_wconf 86' lang='lat' dir='ltr'><strong>laudibus</strong></span> <span class='ocrx_word' id='word_1_203' title='bbox 1030 2469 1228 2525; x_wconf 88' lang='lat' dir='ltr'><strong>vestris</strong></span> <span class='ocrx_word' id='word_1_204' title='bbox 1267 2468 1468 2541; x_wconf 89' lang='lat' dir='ltr'><strong>stylum</strong></span> <span class='ocrx_word' id='word_1_205' title='bbox 1500 2483 1680 2538; x_wconf 53' lang='lat' dir='ltr'><strong>opera}</strong></span> <span class='ocrx_word' id='word_1_206' title='bbox 1720 2465 1955 2537; x_wconf 89' lang='lat' dir='ltr'><strong>pretium</strong></span> <span class='ocrx_word' id='word_1_207' title='bbox 1983 2479 2031 2539; x_wconf 83' lang='grc' dir='ltr'><strong>Β</strong></span> <span class='ocrx_word' id='word_1_208' title='bbox 2058 2476 2213 2538; x_wconf 89' lang='lat' dir='ltr'><strong>parte</strong></span> <span class='ocrx_word' id='word_1_209' title='bbox 2254 2466 2424 2537; x_wconf 89' lang='lat' dir='ltr'><strong>ipsius</strong></span> <span class='ocrx_word' id='word_1_210' title='bbox 2449 2480 2682 2536; x_wconf 88' lang='lat' dir='ltr'><strong>persona</strong></span> <span class='ocrx_word' id='word_1_211' title='bbox 2709 2466 2880 2533; x_wconf 88' lang='lat' dir='ltr'><strong>deest,</strong></span> <span class='ocrx_word' id='word_1_212' title='bbox 2914 2481 3014 2522; x_wconf 91' lang='lat' dir='ltr'><strong>nos</strong></span> <span class='ocrx_word' id='word_1_213' title='bbox 3044 2467 3137 2521; x_wconf 90' lang='lat' dir='ltr'><strong>uni</strong></span> <span class='ocrx_word' id='word_1_214' title='bbox 3162 2470 3304 2537; x_wconf 89' lang='lat' dir='ltr'><strong>parti</strong></span> <span class='ocrx_word' id='word_1_215' title='bbox 3329 2471 3397 2524; x_wconf 91' lang='lat' dir='ltr'><strong>ad</strong></span> <span class='ocrx_word' id='word_1_216' title='bbox 3424 2469 3648 2525; x_wconf 88' lang='lat' dir='ltr'><strong>alterius</strong></span> 
     </span>
    </p>
   </div>
   <div class='ocr_carea' id='block_1_39' title="bbox 372 2557 1952 2631">
    <p class='ocr_par' dir='ltr' id='par_1_39' title="bbox 372 2557 1952 2631">
     <span class='ocr_line' id='line_1_39' title="bbox 372 2557 1952 2631; baseline -0.006 -11"><span class='ocrx_word' id='word_1_217' title='bbox 372 2565 627 2620; x_wconf 81' lang='lat' dir='ltr'><strong>duximus</strong></span> <span class='ocrx_word' id='word_1_218' title='bbox 679 2562 1075 2618; x_wconf 85' lang='lat' dir='ltr'><strong>immorandum</strong></span> <span class='ocrx_word' id='word_1_219' title='bbox 1124 2579 1138 2615; x_wconf 89' lang='lat'><strong>:</strong></span> <span class='ocrx_word' id='word_1_220' title='bbox 1183 2560 1275 2631; x_wconf 92' lang='lat' dir='ltr'><strong>qui</strong></span> <span class='ocrx_word' id='word_1_221' title='bbox 1323 2575 1462 2630; x_wconf 90' lang='lat' dir='ltr'><strong>quos</strong></span> <span class='ocrx_word' id='word_1_222' title='bbox 1488 2558 1643 2614; x_wconf 83' lang='lat' dir='ltr'><strong>vobis</strong></span> <span class='ocrx_word' id='word_1_223' title='bbox 1690 2557 1952 2625; x_wconf 90' lang='lat' dir='ltr'><strong>eundum,</strong></span> 
     </span>
    </p>
   </div>
   <div class='ocr_carea' id='block_1_40' title="bbox 373 2649 1956 2728">
    <p class='ocr_par' dir='ltr' id='par_1_40' title="bbox 373 2649 1956 2728">
     <span class='ocr_line' id='line_1_40' title="bbox 373 2649 1956 2728; baseline -0.006 -16"><span class='ocrx_word' id='word_1_224' title='bbox 373 2673 550 2728; x_wconf 87' lang='lat' dir='ltr'><strong>quove</strong></span> <span class='ocrx_word' id='word_1_225' title='bbox 579 2657 632 2711; x_wconf 88' lang='lat' dir='ltr'><strong>in</strong></span> <span class='ocrx_word' id='word_1_226' title='bbox 652 2655 823 2728; x_wconf 64' lang='lat' dir='ltr'><strong>rebus</strong></span> <span class='ocrx_word' id='word_1_227' title='bbox 849 2654 1047 2718; x_wconf 89' lang='lat' dir='ltr'><strong>dubiis,</strong></span> <span class='ocrx_word' id='word_1_228' title='bbox 1081 2662 1245 2723; x_wconf 91' lang='lat' dir='ltr'><strong>atque</strong></span> <span class='ocrx_word' id='word_1_229' title='bbox 1278 2652 1335 2707; x_wconf 91' lang='lat' dir='ltr'><strong>in</strong></span> <span class='ocrx_word' id='word_1_230' title='bbox 1365 2651 1576 2722; x_wconf 78' lang='lat' dir='ltr'><strong>magnis</strong></span> <span class='ocrx_word' id='word_1_231' title='bbox 1626 2649 1956 2706; x_wconf 89' lang='lat' dir='ltr'><strong>ecclesiasti-</strong></span> 
     </span>
    </p>
   </div>
   <div class='ocr_carea' id='block_1_41' title="bbox 370 2721 1954 2820">
    <p class='ocr_par' dir='ltr' id='par_1_41' title="bbox 370 2721 1954 2820">
     <span class='ocr_line' id='line_1_41' title="bbox 370 2721 1954 2820; baseline -0.005 -14"><span class='ocrx_word' id='word_1_232' title='bbox 370 2752 453 2807; x_wconf 89' lang='lat' dir='ltr'><strong>cis</strong></span> <span class='ocrx_word' id='word_1_233' title='bbox 492 2721 723 2820; x_wconf 70' lang='lat' dir='ltr'><strong>negotiis</strong></span> <span class='ocrx_word' id='word_1_234' title='bbox 758 2756 904 2803; x_wconf 89' lang='lat' dir='ltr'><strong>esset</strong></span> <span class='ocrx_word' id='word_1_235' title='bbox 944 2746 1379 2811; x_wconf 87' lang='lat' dir='ltr'><strong>accelerandum,</strong></span> <span class='ocrx_word' id='word_1_236' title='bbox 1410 2744 1722 2800; x_wconf 88' lang='lat' dir='ltr'><strong>serenitatis</strong></span> <span class='ocrx_word' id='word_1_237' title='bbox 1750 2744 1954 2799; x_wconf 91' lang='lat' dir='ltr'><strong>visibus</strong></span> 
     </span>
    </p>
   </div>
   <div class='ocr_carea' id='block_1_42' title="bbox 370 2836 1951 2911">
    <p class='ocr_par' dir='ltr' id='par_1_42' title="bbox 370 2836 1951 2911">
     <span class='ocr_line' id='line_1_42' title="bbox 370 2836 1951 2911; baseline -0.004 -16"><span class='ocrx_word' id='word_1_238' title='bbox 370 2839 713 2911; x_wconf 69' lang='lat' dir='ltr'><strong>prmvidistis,</strong></span> <span class='ocrx_word' id='word_1_239' title='bbox 755 2837 1158 2911; x_wconf 79' lang='lat' dir='ltr'><strong>humilibusque</strong></span> <span class='ocrx_word' id='word_1_240' title='bbox 1203 2836 1504 2892; x_wconf 89' lang='lat' dir='ltr'><strong>devotionis</strong></span> <span class='ocrx_word' id='word_1_241' title='bbox 1540 2846 1736 2890; x_wconf 71' lang='lat' dir='ltr'><strong>vestra:</strong></span> <span class='ocrx_word' id='word_1_242' title='bbox 1775 2836 1951 2906; x_wconf 88' lang='lat' dir='ltr'><strong>passi-</strong></span> 
     </span>
    </p>
   </div>
   <div class='ocr_carea' id='block_1_43' title="bbox 370 2907 1952 2997">
    <p class='ocr_par' dir='ltr' id='par_1_43' title="bbox 370 2907 1952 2997">
     <span class='ocr_line' id='line_1_43' title="bbox 370 2907 1952 2997; baseline -0.003 -12"><span class='ocrx_word' id='word_1_243' title='bbox 370 2907 473 2986; x_wconf 79' lang='lat' dir='ltr'><strong>bus</strong></span> <span class='ocrx_word' id='word_1_244' title='bbox 503 2928 839 2985; x_wconf 91' lang='lat' dir='ltr'><strong>cucurristis.</strong></span> <span class='ocrx_word' id='word_1_245' title='bbox 868 2907 880 2919; x_wconf 64' lang='grc'><em>’</em></span> <span class='ocrx_word' id='word_1_246' title='bbox 918 2927 1118 2984; x_wconf 87' lang='lat' dir='ltr'><strong>Contra</strong></span> <span class='ocrx_word' id='word_1_247' title='bbox 1166 2927 1285 2981; x_wconf 90' lang='lat' dir='ltr'><strong>illos</strong></span> <span class='ocrx_word' id='word_1_248' title='bbox 1315 2927 1595 2991; x_wconf 89' lang='lat' dir='ltr'><strong>nimirum,</strong></span> <span class='ocrx_word' id='word_1_249' title='bbox 1625 2927 1716 2997; x_wconf 91' lang='lat' dir='ltr'><strong>qui</strong></span> <span class='ocrx_word' id='word_1_250' title='bbox 1748 2926 1952 2981; x_wconf 87' lang='lat' dir='ltr'><strong>beatis-</strong></span> 
     </span>
    </p>
   </div>
   <div class='ocr_carea' id='block_1_44' title="bbox 373 3017 1954 3091">
    <p class='ocr_par' dir='ltr' id='par_1_44' title="bbox 373 3017 1954 3091">
     <span class='ocr_line' id='line_1_44' title="bbox 373 3017 1954 3091; baseline -0.004 -13"><span class='ocrx_word' id='word_1_251' title='bbox 373 3022 496 3079; x_wconf 89' lang='lat' dir='ltr'><strong>simi</strong></span> <span class='ocrx_word' id='word_1_252' title='bbox 543 3019 908 3091; x_wconf 90' lang='lat' dir='ltr'><strong>apostolorum</strong></span> <span class='ocrx_word' id='word_1_253' title='bbox 938 3019 1199 3089; x_wconf 89' lang='lat' dir='ltr'><strong>principis</strong></span> <span class='ocrx_word' id='word_1_254' title='bbox 1231 3017 1379 3073; x_wconf 91' lang='lat' dir='ltr'><strong>Petri</strong></span> <span class='ocrx_word' id='word_1_255' title='bbox 1394 3018 1640 3088; x_wconf 85' lang='lat' dir='ltr'><strong>.ejusque</strong></span> <span class='ocrx_word' id='word_1_256' title='bbox 1671 3031 1954 3072; x_wconf 87' lang='lat' dir='ltr'><strong>successo-</strong></span> 
     </span>
    </p>
   </div>
   <div class='ocr_carea' id='block_1_45' title="bbox 372 3111 1953 3195">
    <p class='ocr_par' dir='ltr' id='par_1_45' title="bbox 372 3111 1953 3195">
     <span class='ocr_line' id='line_1_45' title="bbox 372 3111 1953 3195; baseline -0.004 -25"><span class='ocrx_word' id='word_1_257' title='bbox 372 3130 494 3170; x_wconf 86' lang='lat' dir='ltr'><strong>rum</strong></span> <span class='ocrx_word' id='word_1_258' title='bbox 523 3112 1005 3169; x_wconf 89' lang='lat' dir='ltr'><strong>luculentissimam</strong></span> <span class='ocrx_word' id='word_1_259' title='bbox 1033 3112 1336 3167; x_wconf 86' lang='lat' dir='ltr'><strong>doctrinam</strong></span> <span class='ocrx_word' id='word_1_260' title='bbox 1379 3111 1671 3195; x_wconf 60' lang='lat' dir='ltr'><strong>sedqmque</strong></span> <span class='ocrx_word' id='word_1_261' title='bbox 1702 3124 1953 3180; x_wconf 84' lang='lat' dir='ltr'><strong>spernen-</strong></span> 
     </span>
    </p>
   </div>
   <div class='ocr_carea' id='block_1_46' title="bbox 374 3202 1983 3277">
    <p class='ocr_par' dir='ltr' id='par_1_46' title="bbox 374 3202 1983 3277">
     <span class='ocr_line' id='line_1_46' title="bbox 374 3202 1983 3277; baseline -0.004 -15"><span class='ocrx_word' id='word_1_262' title='bbox 374 3216 475 3271; x_wconf 86' lang='lat' dir='ltr'><strong>tes,</strong></span> <span class='ocrx_word' id='word_1_263' title='bbox 526 3221 689 3277; x_wconf 89' lang='lat' dir='ltr'><strong>quem</strong></span> <span class='ocrx_word' id='word_1_264' title='bbox 720 3205 813 3260; x_wconf 91' lang='lat' dir='ltr'><strong>Dei</strong></span> <span class='ocrx_word' id='word_1_265' title='bbox 847 3203 1018 3260; x_wconf 89' lang='lat' dir='ltr'><strong>Filius</strong></span> <span class='ocrx_word' id='word_1_266' title='bbox 1062 3205 1116 3260; x_wconf 92' lang='lat' dir='ltr'><strong>in</strong></span> <span class='ocrx_word' id='word_1_267' title='bbox 1164 3212 1355 3261; x_wconf 90' lang='lat' dir='ltr'><strong>sancta</strong></span> <span class='ocrx_word' id='word_1_268' title='bbox 1398 3202 1639 3259; x_wconf 89' lang='lat' dir='ltr'><strong>Ecclesia</strong></span> <span class='ocrx_word' id='word_1_269' title='bbox 1663 3218 1781 3268; x_wconf 88' lang='lat' dir='ltr'><strong>sua,</strong></span> <span class='ocrx_word' id='word_1_270' title='bbox 1834 3211 1983 3257; x_wconf 85' lang='lat' dir='ltr'><strong>tan--</strong></span> 
     </span>
    </p>
   </div>
   <div class='ocr_carea' id='block_1_47' title="bbox 370 3291 1950 3367">
    <p class='ocr_par' dir='ltr' id='par_1_47' title="bbox 370 3291 1950 3367">
     <span class='ocr_line' id='line_1_47' title="bbox 370 3291 1950 3367; baseline -0.003 -17"><span class='ocrx_word' id='word_1_271' title='bbox 370 3311 534 3367; x_wconf 90' lang='lat' dir='ltr'><strong>quam</strong></span> <span class='ocrx_word' id='word_1_272' title='bbox 581 3294 847 3349; x_wconf 88' lang='lat' dir='ltr'><strong>luminare</strong></span> <span class='ocrx_word' id='word_1_273' title='bbox 901 3293 1078 3365; x_wconf 83' lang='lat' dir='ltr'><strong>majus</strong></span> <span class='ocrx_word' id='word_1_274' title='bbox 1124 3294 1178 3349; x_wconf 89' lang='lat' dir='ltr'><strong>in</strong></span> <span class='ocrx_word' id='word_1_275' title='bbox 1225 3294 1366 3349; x_wconf 75' lang='lat' dir='ltr'><strong>ctelo</strong></span> <span class='ocrx_word' id='word_1_276' title='bbox 1409 3292 1736 3358; x_wconf 90' lang='lat' dir='ltr'><strong>constituit,</strong></span> <span class='ocrx_word' id='word_1_277' title='bbox 1786 3291 1950 3347; x_wconf 89' lang='lat' dir='ltr'><strong>veluti</strong></span> 
     </span>
    </p>
   </div>
   <div class='ocr_carea' id='block_1_48' title="bbox 371 3384 1953 3458">
    <p class='ocr_par' dir='ltr' id='par_1_48' title="bbox 371 3384 1953 3458">
     <span class='ocr_line' id='line_1_48' title="bbox 371 3384 1953 3458; baseline -0.003 -17"><span class='ocrx_word' id='word_1_278' title='bbox 371 3387 592 3458; x_wconf 89' lang='lat' dir='ltr'><strong>quidam</strong></span> <span class='ocrx_word' id='word_1_279' title='bbox 617 3385 932 3455; x_wconf 88' lang='lat' dir='ltr'><strong>scorpiones</strong></span> <span class='ocrx_word' id='word_1_280' title='bbox 958 3386 1204 3456; x_wconf 88' lang='lat' dir='ltr'><strong>palantes</strong></span> <span class='ocrx_word' id='word_1_281' title='bbox 1250 3386 1508 3441; x_wconf 90' lang='lat' dir='ltr'><strong>incedunt</strong></span> <span class='ocrx_word' id='word_1_282' title='bbox 1537 3385 1594 3441; x_wconf 88' lang='lat' dir='ltr'><strong>in</strong></span> <span class='ocrx_word' id='word_1_283' title='bbox 1621 3384 1866 3448; x_wconf 90' lang='lat' dir='ltr'><strong>meridie,</strong></span> <span class='ocrx_word' id='word_1_284' title='bbox 1894 3392 1953 3438; x_wconf 89' lang='lat' dir='ltr'><strong>et</strong></span> 
     </span>
    </p>
   </div>
   <div class='ocr_carea' id='block_1_49' title="bbox 370 3474 1951 3541">
    <p class='ocr_par' dir='ltr' id='par_1_49' title="bbox 370 3474 1951 3541">
     <span class='ocr_line' id='line_1_49' title="bbox 370 3474 1951 3541; baseline -0.002 -10"><span class='ocrx_word' id='word_1_285' title='bbox 370 3491 495 3531; x_wconf 89' lang='lat' dir='ltr'><strong>cum</strong></span> <span class='ocrx_word' id='word_1_286' title='bbox 546 3476 723 3531; x_wconf 90' lang='lat' dir='ltr'><strong>adhuc</strong></span> <span class='ocrx_word' id='word_1_287' title='bbox 769 3476 883 3531; x_wconf 88' lang='lat' dir='ltr'><strong>dies</strong></span> <span class='ocrx_word' id='word_1_288' title='bbox 929 3484 1034 3541; x_wconf 90' lang='lat' dir='ltr'><strong>est,</strong></span> <span class='ocrx_word' id='word_1_289' title='bbox 1076 3475 1274 3531; x_wconf 89' lang='lat' dir='ltr'><strong>occidit</strong></span> <span class='ocrx_word' id='word_1_290' title='bbox 1328 3476 1409 3531; x_wconf 87' lang='lat' dir='ltr'><strong>eis</strong></span> <span class='ocrx_word' id='word_1_291' title='bbox 1435 3476 1536 3531; x_wconf 91' lang='lat' dir='ltr'><strong>sol.</strong></span> <span class='ocrx_word' id='word_1_292' title='bbox 1588 3475 1798 3530; x_wconf 78' lang='lat' dir='ltr'><strong>Revera</strong></span> <span class='ocrx_word' id='word_1_293' title='bbox 1831 3474 1866 3528; x_wconf 92' lang='lat' dir='ltr'><strong>ii</strong></span> <span class='ocrx_word' id='word_1_294' title='bbox 1896 3480 1951 3529; x_wconf 87' lang='lat' dir='ltr'><strong>et</strong></span> 
     </span>
    </p>
   </div>
   <div class='ocr_carea' id='block_1_50' title="bbox 368 3565 1951 3636">
    <p class='ocr_par' dir='ltr' id='par_1_50' title="bbox 368 3565 1951 3636">
     <span class='ocr_line' id='line_1_50' title="bbox 368 3565 1951 3636; baseline -0.001 -16"><span class='ocrx_word' id='word_1_295' title='bbox 368 3580 470 3636; x_wconf 88' lang='lat' dir='ltr'><strong>per</strong></span> <span class='ocrx_word' id='word_1_296' title='bbox 529 3565 812 3621; x_wconf 88' lang='lat' dir='ltr'><strong>scientiam</strong></span> <span class='ocrx_word' id='word_1_297' title='bbox 854 3566 951 3621; x_wconf 83' lang='lat' dir='ltr'><strong>Dei</strong></span> <span class='ocrx_word' id='word_1_298' title='bbox 1008 3581 1160 3623; x_wconf 89' lang='lat' dir='ltr'><strong>more</strong></span> <span class='ocrx_word' id='word_1_299' title='bbox 1214 3566 1432 3621; x_wconf 89' lang='lat' dir='ltr'><strong>Balaam</strong></span> <span class='ocrx_word' id='word_1_300' title='bbox 1464 3567 1701 3636; x_wconf 65' lang='lat' dir='ltr'><strong>‘apertos</strong></span> <span class='ocrx_word' id='word_1_301' title='bbox 1749 3565 1951 3620; x_wconf 88' lang='lat' dir='ltr'><strong>habent</strong></span> 
     </span>
    </p>
   </div>
   <div class='ocr_carea' id='block_1_51' title="bbox 368 3658 1950 3730">
    <p class='ocr_par' dir='ltr' id='par_1_51' title="bbox 368 3658 1950 3730">
     <span class='ocr_line' id='line_1_51' title="bbox 368 3658 1950 3730; baseline -0.001 -17"><span class='ocrx_word' id='word_1_302' title='bbox 368 3659 555 3715; x_wconf 88' lang='lat' dir='ltr'><strong>oculos</strong></span> <span class='ocrx_word' id='word_1_303' title='bbox 583 3677 596 3715; x_wconf 91' lang='lat'><strong>:</strong></span> <span class='ocrx_word' id='word_1_304' title='bbox 623 3659 827 3715; x_wconf 90' lang='lat' dir='ltr'><strong>cadunt</strong></span> <span class='ocrx_word' id='word_1_305' title='bbox 870 3668 1074 3725; x_wconf 89' lang='lat' dir='ltr'><strong>tamen,</strong></span> <span class='ocrx_word' id='word_1_306' title='bbox 1123 3660 1247 3730; x_wconf 90' lang='lat' dir='ltr'><strong>quia</strong></span> <span class='ocrx_word' id='word_1_307' title='bbox 1274 3660 1532 3716; x_wconf 80' lang='lat' dir='ltr'><strong>obcaecati</strong></span> <span class='ocrx_word' id='word_1_308' title='bbox 1579 3659 1749 3714; x_wconf 88' lang='lat' dir='ltr'><strong>instar</strong></span> <span class='ocrx_word' id='word_1_309' title='bbox 1779 3658 1950 3729; x_wconf 88' lang='lat' dir='ltr'><strong>ipsius</strong></span> 
     </span>
    </p>
   </div>
   <div class='ocr_carea' id='block_1_52' title="bbox 368 3749 1946 3823">
    <p class='ocr_par' dir='ltr' id='par_1_52' title="bbox 368 3749 1946 3823">
     <span class='ocr_line' id='line_1_52' title="bbox 368 3749 1946 3823; baseline -0.001 -17"><span class='ocrx_word' id='word_1_310' title='bbox 368 3751 616 3817; x_wconf 86' lang='lat' dir='ltr'><strong>avaritia,</strong></span> <span class='ocrx_word' id='word_1_311' title='bbox 643 3766 751 3821; x_wconf 87' lang='lat' dir='ltr'><strong>quo</strong></span> <span class='ocrx_word' id='word_1_312' title='bbox 778 3767 1022 3823; x_wconf 75' lang='lat' dir='ltr'><strong>gressum</strong></span> <span class='ocrx_word' id='word_1_313' title='bbox 1068 3752 1288 3807; x_wconf 89' lang='lat' dir='ltr'><strong>tendere</strong></span> <span class='ocrx_word' id='word_1_314' title='bbox 1330 3751 1540 3821; x_wconf 90' lang='lat' dir='ltr'><strong>possint</strong></span> <span class='ocrx_word' id='word_1_315' title='bbox 1574 3749 1802 3821; x_wconf 69' lang='lat' dir='ltr'><strong>juStitize</strong></span> <span class='ocrx_word' id='word_1_316' title='bbox 1838 3764 1946 3804; x_wconf 90' lang='lat' dir='ltr'><strong>non</strong></span> 
     </span>
    </p>
   </div>
   <div class='ocr_carea' id='block_1_53' title="bbox 2054 2557 3641 2630">
    <p class='ocr_par' dir='ltr' id='par_1_53' title="bbox 2054 2557 3641 2630">
     <span class='ocr_line' id='line_1_53' title="bbox 2054 2557 3641 2630; baseline 0.001 -16"><span class='ocrx_word' id='word_1_317' title='bbox 2054 2558 2346 2614; x_wconf 89' lang='lat' dir='ltr'><strong>discrimen</strong></span> <span class='ocrx_word' id='word_1_318' title='bbox 2402 2557 2626 2612; x_wconf 90' lang='lat' dir='ltr'><strong>credere</strong></span> <span class='ocrx_word' id='word_1_319' title='bbox 2687 2557 2876 2627; x_wconf 91' lang='lat' dir='ltr'><strong>procul</strong></span> <span class='ocrx_word' id='word_1_320' title='bbox 2948 2558 3112 2613; x_wconf 90' lang='lat' dir='ltr'><strong>dubio</strong></span> <span class='ocrx_word' id='word_1_321' title='bbox 3177 2574 3286 2613; x_wconf 91' lang='lat' dir='ltr'><strong>non</strong></span> <span class='ocrx_word' id='word_1_322' title='bbox 3335 2575 3641 2630; x_wconf 87' lang='lat' dir='ltr'><strong>possumus,</strong></span> 
     </span>
    </p>
   </div>
   <div class='ocr_carea' id='block_1_54' title="bbox 2053 2649 3644 2722">
    <p class='ocr_par' dir='ltr' id='par_1_54' title="bbox 2053 2649 3644 2722">
     <span class='ocr_line' id='line_1_54' title="bbox 2053 2649 3644 2722; baseline 0.002 -17"><span class='ocrx_word' id='word_1_323' title='bbox 2053 2650 2300 2722; x_wconf 89' lang='lat' dir='ltr'><strong>quamvis</strong></span> <span class='ocrx_word' id='word_1_324' title='bbox 2335 2664 2437 2705; x_wconf 89' lang='lat' dir='ltr'><strong>nec</strong></span> <span class='ocrx_word' id='word_1_325' title='bbox 2466 2664 2637 2719; x_wconf 91' lang='lat' dir='ltr'><strong>usque</strong></span> <span class='ocrx_word' id='word_1_326' title='bbox 2678 2650 2857 2705; x_wconf 90' lang='lat' dir='ltr'><strong>adhuc</strong></span> <span class='ocrx_word' id='word_1_327' title='bbox 2901 2650 2992 2720; x_wconf 90' lang='lat' dir='ltr'><strong>qui</strong></span> <span class='ocrx_word' id='word_1_328' title='bbox 3027 2649 3231 2706; x_wconf 82' lang='lat' dir='ltr'><strong>fuerint</strong></span> <span class='ocrx_word' id='word_1_329' title='bbox 3272 2651 3350 2706; x_wconf 91' lang='lat' dir='ltr'><strong>illi</strong></span> <span class='ocrx_word' id='word_1_330' title='bbox 3386 2667 3644 2709; x_wconf 79' lang='lat' dir='ltr'><strong>excessus</strong></span> 
     </span>
    </p>
   </div>
   <div class='ocr_carea' id='block_1_55' title="bbox 2052 2742 3641 2810">
    <p class='ocr_par' dir='ltr' id='par_1_55' title="bbox 2052 2742 3641 2810">
     <span class='ocr_line' id='line_1_55' title="bbox 2052 2742 3641 2810; baseline 0.001 -13"><span class='ocrx_word' id='word_1_331' title='bbox 2052 2743 2319 2808; x_wconf 79' lang='lat' dir='ltr'><strong>dixeritis,</strong></span> <span class='ocrx_word' id='word_1_332' title='bbox 2348 2757 2450 2797; x_wconf 85' lang='lat' dir='ltr'><strong>nec</strong></span> <span class='ocrx_word' id='word_1_333' title='bbox 2480 2751 2663 2796; x_wconf 92' lang='lat' dir='ltr'><strong>utrum</strong></span> <span class='ocrx_word' id='word_1_334' title='bbox 2703 2757 2833 2796; x_wconf 89' lang='lat' dir='ltr'><strong>sana</strong></span> <span class='ocrx_word' id='word_1_335' title='bbox 2861 2750 2980 2797; x_wconf 89' lang='lat' dir='ltr'><strong>erat</strong></span> <span class='ocrx_word' id='word_1_336' title='bbox 3008 2751 3186 2798; x_wconf 87' lang='lat' dir='ltr'><strong>mente</strong></span> <span class='ocrx_word' id='word_1_337' title='bbox 3218 2742 3358 2798; x_wconf 86' lang='lat' dir='ltr'><strong>idem</strong></span> <span class='ocrx_word' id='word_1_338' title='bbox 3388 2742 3641 2810; x_wconf 88' lang='lat' dir='ltr'><strong>antistes,</strong></span> 
     </span>
    </p>
   </div>
   <div class='ocr_carea' id='block_1_56' title="bbox 2051 2832 3645 2904">
    <p class='ocr_par' dir='ltr' id='par_1_56' title="bbox 2051 2832 3645 2904">
     <span class='ocr_line' id='line_1_56' title="bbox 2051 2832 3645 2904; baseline 0.001 -17"><span class='ocrx_word' id='word_1_339' title='bbox 2051 2848 2249 2895; x_wconf 89' lang='lat' dir='ltr'><strong>necne,</strong></span> <span class='ocrx_word' id='word_1_340' title='bbox 2288 2848 2411 2887; x_wconf 91' lang='lat' dir='ltr'><strong>cum</strong></span> <span class='ocrx_word' id='word_1_341' title='bbox 2458 2832 2604 2903; x_wconf 89' lang='lat' dir='ltr'><strong>ipsos</strong></span> <span class='ocrx_word' id='word_1_342' title='bbox 2675 2846 2932 2889; x_wconf 84' lang='lat' dir='ltr'><strong>excessus</strong></span> <span class='ocrx_word' id='word_1_343' title='bbox 2980 2834 3326 2904; x_wconf 89' lang='lat' dir='ltr'><strong>perpetrabat</strong></span> <span class='ocrx_word' id='word_1_344' title='bbox 3363 2834 3645 2889; x_wconf 84' lang='lat' dir='ltr'><strong>evidenter</strong></span> 
     </span>
    </p>
   </div>
   <div class='ocr_carea' id='block_1_57' title="bbox 2051 2926 3639 2997">
    <p class='ocr_par' dir='ltr' id='par_1_57' title="bbox 2051 2926 3639 2997">
     <span class='ocr_line' id='line_1_57' title="bbox 2051 2926 3639 2997; baseline 0.002 -16"><span class='ocrx_word' id='word_1_345' title='bbox 2051 2926 2397 2981; x_wconf 87' lang='lat' dir='ltr'><strong>ostenderitis</strong></span> <span class='ocrx_word' id='word_1_346' title='bbox 2426 2943 2439 2979; x_wconf 89' lang='lat'><strong>:</strong></span> <span class='ocrx_word' id='word_1_347' title='bbox 2478 2926 2758 2996; x_wconf 88' lang='lat' dir='ltr'><strong>satiusque</strong></span> <span class='ocrx_word' id='word_1_348' title='bbox 2792 2927 3138 2993; x_wconf 89' lang='lat' dir='ltr'><strong>arbitramur,</strong></span> <span class='ocrx_word' id='word_1_349' title='bbox 3171 2929 3464 2997; x_wconf 82' lang='lat' dir='ltr'><strong>quamlibet</strong></span> <span class='ocrx_word' id='word_1_350' title='bbox 3496 2930 3639 2984; x_wconf 90' lang='lat' dir='ltr'><strong>inte-</strong></span> 
     </span>
    </p>
   </div>
   <div class='ocr_carea' id='block_1_58' title="bbox 2051 3017 3642 3091">
    <p class='ocr_par' dir='ltr' id='par_1_58' title="bbox 2051 3017 3642 3091">
     <span class='ocr_line' id='line_1_58' title="bbox 2051 3017 3642 3091; baseline 0.003 -20"><span class='ocrx_word' id='word_1_351' title='bbox 2051 3018 2153 3071; x_wconf 92' lang='lat' dir='ltr'><strong>rim</strong></span> <span class='ocrx_word' id='word_1_352' title='bbox 2186 3017 2556 3072; x_wconf 84' lang='lat' dir='ltr'><strong>inﬁrmitatem</strong></span> <span class='ocrx_word' id='word_1_353' title='bbox 2581 3018 2647 3072; x_wconf 88' lang='lat' dir='ltr'><strong>ad</strong></span> <span class='ocrx_word' id='word_1_354' title='bbox 2674 3033 2889 3088; x_wconf 54' lang='lat' dir='ltr'><strong>poenam</strong></span> <span class='ocrx_word' id='word_1_355' title='bbox 2917 3020 3146 3090; x_wconf 90' lang='lat' dir='ltr'><strong>peccati,</strong></span> <span class='ocrx_word' id='word_1_356' title='bbox 3173 3036 3335 3089; x_wconf 90' lang='lat' dir='ltr'><strong>quam</strong></span> <span class='ocrx_word' id='word_1_357' title='bbox 3365 3021 3434 3075; x_wconf 88' lang='lat' dir='ltr'><strong>ad</strong></span> <span class='ocrx_word' id='word_1_358' title='bbox 3463 3022 3642 3091; x_wconf 91' lang='lat' dir='ltr'><strong>ipsum</strong></span> 
     </span>
    </p>
   </div>
   <div class='ocr_carea' id='block_1_59' title="bbox 2050 3108 3642 3182">
    <p class='ocr_par' dir='ltr' id='par_1_59' title="bbox 2050 3108 3642 3182">
     <span class='ocr_line' id='line_1_59' title="bbox 2050 3108 3642 3182; baseline 0.004 -21"><span class='ocrx_word' id='word_1_359' title='bbox 2050 3108 2325 3177; x_wconf 89' lang='lat' dir='ltr'><strong>pertinere</strong></span> <span class='ocrx_word' id='word_1_360' title='bbox 2374 3117 2675 3177; x_wconf 89' lang='lat' dir='ltr'><strong>peccatum,</strong></span> <span class='ocrx_word' id='word_1_361' title='bbox 2706 3109 2792 3164; x_wconf 92' lang='lat' dir='ltr'><strong>cui</strong></span> <span class='ocrx_word' id='word_1_362' title='bbox 2823 3110 2997 3182; x_wconf 86' lang='lat' dir='ltr'><strong>magis</strong></span> <span class='ocrx_word' id='word_1_363' title='bbox 3028 3110 3419 3166; x_wconf 89' lang='lat' dir='ltr'><strong>consulendum</strong></span> <span class='ocrx_word' id='word_1_364' title='bbox 3458 3113 3550 3179; x_wconf 89' lang='lat' dir='ltr'><strong>sit,</strong></span> <span class='ocrx_word' id='word_1_365' title='bbox 3583 3121 3642 3168; x_wconf 88' lang='lat' dir='ltr'><strong>et</strong></span> 
     </span>
    </p>
   </div>
   <div class='ocr_carea' id='block_1_60' title="bbox 2051 3200 3638 3274">
    <p class='ocr_par' dir='ltr' id='par_1_60' title="bbox 2051 3200 3638 3274">
     <span class='ocr_line' id='line_1_60' title="bbox 2051 3200 3638 3274; baseline 0.005 -20"><span class='ocrx_word' id='word_1_366' title='bbox 2051 3200 2508 3270; x_wconf 88' lang='lat' dir='ltr'><strong>compatiendum,</strong></span> <span class='ocrx_word' id='word_1_367' title='bbox 2557 3216 2721 3271; x_wconf 89' lang='lat' dir='ltr'><strong>quam</strong></span> <span class='ocrx_word' id='word_1_368' title='bbox 2752 3202 3105 3271; x_wconf 87' lang='lat' dir='ltr'><strong>puniendum,</strong></span> <span class='ocrx_word' id='word_1_369' title='bbox 3133 3203 3220 3258; x_wconf 87' lang='lat' dir='ltr'><strong>vel</strong></span> <span class='ocrx_word' id='word_1_370' title='bbox 3268 3202 3451 3274; x_wconf 90' lang='lat' dir='ltr'><strong>aliquo</strong></span> <span class='ocrx_word' id='word_1_371' title='bbox 3477 3205 3638 3263; x_wconf 90' lang='lat' dir='ltr'><strong>modo</strong></span> 
     </span>
    </p>
   </div>
   <div class='ocr_carea' id='block_1_61' title="bbox 2050 3288 3641 3363">
    <p class='ocr_par' dir='ltr' id='par_1_61' title="bbox 2050 3288 3641 3363">
     <span class='ocr_line' id='line_1_61' title="bbox 2050 3288 3641 3363; baseline 0.007 -20"><span class='ocrx_word' id='word_1_372' title='bbox 2050 3288 2373 3345; x_wconf 85' lang='lat' dir='ltr'><strong>feriendum.</strong></span> <span class='ocrx_word' id='word_1_373' title='bbox 2402 3290 2715 3349; x_wconf 84' lang='lat' dir='ltr'><strong>Admonitio</strong></span> <span class='ocrx_word' id='word_1_374' title='bbox 2744 3302 3028 3363; x_wconf 64' lang='lat' dir='ltr'><strong>praeterea,</strong></span> <span class='ocrx_word' id='word_1_375' title='bbox 3059 3295 3144 3350; x_wconf 89' lang='lat' dir='ltr'><strong>vel</strong></span> <span class='ocrx_word' id='word_1_376' title='bbox 3193 3298 3482 3352; x_wconf 89' lang='lat' dir='ltr'><strong>conventio</strong></span> <span class='ocrx_word' id='word_1_377' title='bbox 3511 3297 3641 3354; x_wconf 89' lang='lat' dir='ltr'><strong>bea-</strong></span> 
     </span>
    </p>
   </div>
   <div class='ocr_carea' id='block_1_62' title="bbox 2051 3384 3637 3457">
    <p class='ocr_par' dir='ltr' id='par_1_62' title="bbox 2051 3384 3637 3457">
     <span class='ocr_line' id='line_1_62' title="bbox 2051 3384 3637 3457; baseline 0.002 -18"><span class='ocrx_word' id='word_1_378' title='bbox 2051 3384 2299 3439; x_wconf 89' lang='lat' dir='ltr'><strong>titudinis</strong></span> <span class='ocrx_word' id='word_1_379' title='bbox 2346 3393 2566 3449; x_wconf 63' lang='lat' dir='ltr'><strong>vestrm,</strong></span> <span class='ocrx_word' id='word_1_380' title='bbox 2619 3400 2783 3455; x_wconf 89' lang='lat' dir='ltr'><strong>quam</strong></span> <span class='ocrx_word' id='word_1_381' title='bbox 2829 3385 2880 3439; x_wconf 90' lang='lat' dir='ltr'><strong>ei</strong></span> <span class='ocrx_word' id='word_1_382' title='bbox 2936 3384 3133 3440; x_wconf 81' lang='lat' dir='ltr'><strong>fecisse</strong></span> <span class='ocrx_word' id='word_1_383' title='bbox 3180 3401 3277 3441; x_wconf 90' lang='lat' dir='ltr'><strong>vos</strong></span> <span class='ocrx_word' id='word_1_384' title='bbox 3321 3388 3637 3457; x_wconf 87' lang='lat' dir='ltr'><strong>perhibetis,</strong></span> 
     </span>
    </p>
   </div>
   <div class='ocr_carea' id='block_1_63' title="bbox 2049 3475 3641 3545">
    <p class='ocr_par' dir='ltr' id='par_1_63' title="bbox 2049 3475 3641 3545">
     <span class='ocr_line' id='line_1_63' title="bbox 2049 3475 3641 3545; baseline 0.003 -16"><span class='ocrx_word' id='word_1_385' title='bbox 2049 3475 2207 3531; x_wconf 91' lang='lat' dir='ltr'><strong>valde</strong></span> <span class='ocrx_word' id='word_1_386' title='bbox 2248 3475 2428 3545; x_wconf 84' lang='lat' dir='ltr'><strong>placet</strong></span> <span class='ocrx_word' id='word_1_387' title='bbox 2468 3493 2482 3529; x_wconf 89' lang='lat'><strong>:</strong></span> <span class='ocrx_word' id='word_1_388' title='bbox 2526 3475 2570 3531; x_wconf 92' lang='lat' dir='ltr'><strong>si</strong></span> <span class='ocrx_word' id='word_1_389' title='bbox 2605 3483 2784 3531; x_wconf 89' lang='lat' dir='ltr'><strong>tamen</strong></span> <span class='ocrx_word' id='word_1_390' title='bbox 2813 3489 2882 3530; x_wconf 84' lang='lat' dir='ltr'><strong>ex</strong></span> <span class='ocrx_word' id='word_1_391' title='bbox 2911 3475 3181 3530; x_wconf 88' lang='lat' dir='ltr'><strong>charitate</strong></span> <span class='ocrx_word' id='word_1_392' title='bbox 3223 3492 3330 3531; x_wconf 89' lang='lat' dir='ltr'><strong>non</strong></span> <span class='ocrx_word' id='word_1_393' title='bbox 3363 3477 3509 3541; x_wconf 81' lang='lat' dir='ltr'><strong>ﬁcta,</strong></span> <span class='ocrx_word' id='word_1_394' title='bbox 3541 3478 3641 3533; x_wconf 85' lang='lat' dir='ltr'><strong>sed</strong></span> 
     </span>
    </p>
   </div>
   <div class='ocr_carea' id='block_1_64' title="bbox 2050 3566 3638 3636">
    <p class='ocr_par' dir='ltr' id='par_1_64' title="bbox 2050 3566 3638 3636">
     <span class='ocr_line' id='line_1_64' title="bbox 2050 3566 3638 3636; baseline 0.001 -14"><span class='ocrx_word' id='word_1_395' title='bbox 2050 3582 2115 3622; x_wconf 81' lang='lat' dir='ltr'><strong>ex</strong></span> <span class='ocrx_word' id='word_1_396' title='bbox 2145 3567 2376 3636; x_wconf 91' lang='lat' dir='ltr'><strong>simplici</strong></span> <span class='ocrx_word' id='word_1_397' title='bbox 2420 3567 2617 3622; x_wconf 90' lang='lat' dir='ltr'><strong>mentis</strong></span> <span class='ocrx_word' id='word_1_398' title='bbox 2657 3566 2814 3621; x_wconf 91' lang='lat' dir='ltr'><strong>oculo</strong></span> <span class='ocrx_word' id='word_1_399' title='bbox 2838 3566 3040 3636; x_wconf 87' lang='lat' dir='ltr'><strong>prodiit</strong></span> <span class='ocrx_word' id='word_1_400' title='bbox 3084 3567 3136 3621; x_wconf 92' lang='lat' dir='ltr'><strong>id</strong></span> <span class='ocrx_word' id='word_1_401' title='bbox 3186 3568 3329 3636; x_wconf 87' lang='lat' dir='ltr'><strong>quod</strong></span> <span class='ocrx_word' id='word_1_402' title='bbox 3373 3583 3538 3623; x_wconf 88' lang='lat' dir='ltr'><strong>suave</strong></span> <span class='ocrx_word' id='word_1_403' title='bbox 3579 3576 3638 3623; x_wconf 90' lang='lat' dir='ltr'><strong>et</strong></span> 
     </span>
    </p>
   </div>
   <div class='ocr_carea' id='block_1_65' title="bbox 2051 3657 3637 3715">
    <p class='ocr_par' dir='ltr' id='par_1_65' title="bbox 2051 3657 3637 3715">
     <span class='ocr_line' id='line_1_65' title="bbox 2051 3657 3637 3715; baseline 0.001 -2"><span class='ocrx_word' id='word_1_404' title='bbox 2051 3657 2207 3715; x_wconf 86' lang='lat' dir='ltr'><strong>dulce</strong></span> <span class='ocrx_word' id='word_1_405' title='bbox 2236 3658 2289 3713; x_wconf 92' lang='lat' dir='ltr'><strong>in</strong></span> <span class='ocrx_word' id='word_1_406' title='bbox 2319 3658 2543 3714; x_wconf 87' lang='lat' dir='ltr'><strong>auribus</strong></span> <span class='ocrx_word' id='word_1_407' title='bbox 2574 3659 2776 3712; x_wconf 89' lang='lat' dir='ltr'><strong>nostris</strong></span> <span class='ocrx_word' id='word_1_408' title='bbox 2798 3657 2980 3713; x_wconf 85' lang='lat' dir='ltr'><strong>sonuit</strong></span> <span class='ocrx_word' id='word_1_409' title='bbox 3005 3674 3019 3711; x_wconf 86' lang='lat'><strong>:</strong></span> <span class='ocrx_word' id='word_1_410' title='bbox 3045 3657 3128 3713; x_wconf 90' lang='lat' dir='ltr'><strong>vel</strong></span> <span class='ocrx_word' id='word_1_411' title='bbox 3149 3658 3195 3712; x_wconf 90' lang='lat' dir='ltr'><strong>si</strong></span> <span class='ocrx_word' id='word_1_412' title='bbox 3225 3674 3409 3714; x_wconf 90' lang='lat' dir='ltr'><strong>coram</strong></span> <span class='ocrx_word' id='word_1_413' title='bbox 3436 3660 3637 3715; x_wconf 89' lang='lat' dir='ltr'><strong>summi</strong></span> 
     </span>
    </p>
   </div>
   <div class='ocr_carea' id='block_1_66' title="bbox 2050 3745 3636 3817">
    <p class='ocr_par' dir='ltr' id='par_1_66' title="bbox 2050 3745 3636 3817">
     <span class='ocr_line' id='line_1_66' title="bbox 2050 3745 3636 3817; baseline 0.003 -17"><span class='ocrx_word' id='word_1_414' title='bbox 2050 3746 2240 3800; x_wconf 89' lang='lat' dir='ltr'><strong>arbitri</strong></span> <span class='ocrx_word' id='word_1_415' title='bbox 2279 3745 2449 3801; x_wconf 89' lang='lat' dir='ltr'><strong>oculis</strong></span> <span class='ocrx_word' id='word_1_416' title='bbox 2498 3747 2572 3801; x_wconf 89' lang='lat' dir='ltr'><strong>ita</strong></span> <span class='ocrx_word' id='word_1_417' title='bbox 2618 3746 2839 3817; x_wconf 87' lang='lat' dir='ltr'><strong>placuit,</strong></span> <span class='ocrx_word' id='word_1_418' title='bbox 2868 3747 3324 3816; x_wconf 89' lang='lat' dir='ltr'><strong>quemadmodum</strong></span> <span class='ocrx_word' id='word_1_419' title='bbox 3363 3758 3489 3803; x_wconf 89' lang='lat' dir='ltr'><strong>ante</strong></span> <span class='ocrx_word' id='word_1_420' title='bbox 3536 3749 3636 3805; x_wconf 87' lang='lat' dir='ltr'><strong>ho-</strong></span> 
     </span>
    </p>
   </div>
   <div class='ocr_carea' id='block_1_67' title="bbox 369 3835 3635 3914">
    <p class='ocr_par' dir='ltr' id='par_1_67' title="bbox 369 3835 3635 3914">
     <span class='ocr_line' id='line_1_67' title="bbox 369 3835 3635 3914; baseline -0.001 -16"><span class='ocrx_word' id='word_1_421' title='bbox 369 3843 677 3914; x_wconf 88' lang='lat' dir='ltr'><strong>aspiciunt:</strong></span> <span class='ocrx_word' id='word_1_422' title='bbox 708 3843 802 3899; x_wconf 89' lang='lat' dir='ltr'><strong>sed</strong></span> <span class='ocrx_word' id='word_1_423' title='bbox 830 3858 927 3913; x_wconf 89' lang='lat' dir='ltr'><strong>per</strong></span> <span class='ocrx_word' id='word_1_424' title='bbox 960 3843 1186 3913; x_wconf 89' lang='lat' dir='ltr'><strong>abrupta</strong></span> <span class='ocrx_word' id='word_1_425' title='bbox 1219 3852 1273 3898; x_wconf 88' lang='lat' dir='ltr'><strong>et</strong></span> <span class='ocrx_word' id='word_1_426' title='bbox 1299 3841 1418 3897; x_wconf 88' lang='lat' dir='ltr'><strong>avia</strong></span> <span class='ocrx_word' id='word_1_427' title='bbox 1457 3840 1787 3906; x_wconf 90' lang='lat' dir='ltr'><strong>incedentes,</strong></span> <span class='ocrx_word' id='word_1_428' title='bbox 1819 3839 1946 3894; x_wconf 89' lang='lat' dir='ltr'><strong>dum</strong></span> <span class='ocrx_word' id='word_1_429' title='bbox 1974 3835 2019 3898; x_wconf 90' lang='lat' dir='ltr'>C</span> <span class='ocrx_word' id='word_1_430' title='bbox 2051 3837 2256 3891; x_wconf 91' lang='lat' dir='ltr'><strong>minum</strong></span> <span class='ocrx_word' id='word_1_431' title='bbox 2307 3835 2458 3893; x_wconf 86' lang='lat' dir='ltr'><strong>visus</strong></span> <span class='ocrx_word' id='word_1_432' title='bbox 2483 3877 2499 3902; x_wconf 96' lang='lat'><strong>,</strong></span> <span class='ocrx_word' id='word_1_433' title='bbox 2548 3838 2691 3907; x_wconf 89' lang='lat' dir='ltr'><strong>quod</strong></span> <span class='ocrx_word' id='word_1_434' title='bbox 2738 3838 2956 3908; x_wconf 89' lang='lat' dir='ltr'><strong>placere</strong></span> <span class='ocrx_word' id='word_1_435' title='bbox 3004 3836 3077 3892; x_wconf 89' lang='lat' dir='ltr'><strong>sit</strong></span> <span class='ocrx_word' id='word_1_436' title='bbox 3128 3838 3263 3893; x_wconf 89' lang='lat' dir='ltr'><strong>satis</strong></span> <span class='ocrx_word' id='word_1_437' title='bbox 3314 3839 3635 3909; x_wconf 87' lang='lat' dir='ltr'><strong>abundeque</strong></span> 
     </span>
    </p>
   </div>
   <div class='ocr_carea' id='block_1_68' title="bbox 366 3930 1947 4005">
    <p class='ocr_par' dir='ltr' id='par_1_68' title="bbox 366 3930 1947 4005">
     <span class='ocr_line' id='line_1_68' title="bbox 366 3930 1947 4005; baseline -0.005 -15"><span class='ocrx_word' id='word_1_438' title='bbox 366 3942 531 4005; x_wconf 87' lang='lat' dir='ltr'><strong>caput</strong></span> <span class='ocrx_word' id='word_1_439' title='bbox 574 3933 726 4003; x_wconf 89' lang='lat' dir='ltr'><strong>sequi</strong></span> <span class='ocrx_word' id='word_1_440' title='bbox 769 3932 1061 4005; x_wconf 83' lang='lat' dir='ltr'><strong>refugiunt,</strong></span> <span class='ocrx_word' id='word_1_441' title='bbox 1110 3932 1166 3987; x_wconf 88' lang='lat' dir='ltr'><strong>in</strong></span> <span class='ocrx_word' id='word_1_442' title='bbox 1190 3941 1341 3988; x_wconf 90' lang='lat' dir='ltr'><strong>vasta</strong></span> <span class='ocrx_word' id='word_1_443' title='bbox 1389 3930 1687 4002; x_wconf 77' lang='lat' dir='ltr'><strong>praecipitia</strong></span> <span class='ocrx_word' id='word_1_444' title='bbox 1734 3930 1947 3985; x_wconf 85' lang='lat' dir='ltr'><strong>demer-</strong></span> 
     </span>
    </p>
   </div>
   <div class='ocr_carea' id='block_1_69' title="bbox 367 4022 1945 4099">
    <p class='ocr_par' dir='ltr' id='par_1_69' title="bbox 367 4022 1945 4099">
     <span class='ocr_line' id='line_1_69' title="bbox 367 4022 1945 4099; baseline -0.003 -18"><span class='ocrx_word' id='word_1_445' title='bbox 367 4036 587 4099; x_wconf 88' lang='lat' dir='ltr'><strong>guntur.</strong></span> <span class='ocrx_word' id='word_1_446' title='bbox 642 4023 745 4081; x_wconf 85' lang='lat' dir='ltr'><strong>Vos</strong></span> <span class='ocrx_word' id='word_1_447' title='bbox 773 4035 975 4091; x_wconf 89' lang='lat' dir='ltr'><strong>autem,</strong></span> <span class='ocrx_word' id='word_1_448' title='bbox 1010 4025 1206 4080; x_wconf 80' lang='lat' dir='ltr'><strong>fratres</strong></span> <span class='ocrx_word' id='word_1_449' title='bbox 1249 4023 1580 4089; x_wconf 87' lang='lat' dir='ltr'><strong>charissimi,</strong></span> <span class='ocrx_word' id='word_1_450' title='bbox 1621 4022 1714 4093; x_wconf 91' lang='lat' dir='ltr'><strong>qui</strong></span> <span class='ocrx_word' id='word_1_451' title='bbox 1758 4031 1945 4077; x_wconf 87' lang='lat' dir='ltr'><strong>sancto</strong></span> 
     </span>
    </p>
   </div>
   <div class='ocr_carea' id='block_1_70' title="bbox 367 4112 1945 4187">
    <p class='ocr_par' dir='ltr' id='par_1_70' title="bbox 367 4112 1945 4187">
     <span class='ocr_line' id='line_1_70' title="bbox 367 4112 1945 4187; baseline -0.004 -15"><span class='ocrx_word' id='word_1_452' title='bbox 367 4118 555 4187; x_wconf 92' lang='lat' dir='ltr'><strong>utique</strong></span> <span class='ocrx_word' id='word_1_453' title='bbox 580 4115 787 4186; x_wconf 88' lang='lat' dir='ltr'><strong>Spiritu</strong></span> <span class='ocrx_word' id='word_1_454' title='bbox 831 4116 1124 4180; x_wconf 90' lang='lat' dir='ltr'><strong>revelante,</strong></span> <span class='ocrx_word' id='word_1_455' title='bbox 1175 4114 1483 4186; x_wconf 71' lang='lat' dir='ltr'><strong>apostolica:</strong></span> <span class='ocrx_word' id='word_1_456' title='bbox 1529 4112 1674 4168; x_wconf 84' lang='lat' dir='ltr'><strong>sedis</strong></span> <span class='ocrx_word' id='word_1_457' title='bbox 1707 4112 1945 4167; x_wconf 87' lang='lat' dir='ltr'><strong>auctori-</strong></span> 
     </span>
    </p>
   </div>
   <div class='ocr_carea' id='block_1_71' title="bbox 366 4201 1945 4278">
    <p class='ocr_par' dir='ltr' id='par_1_71' title="bbox 366 4201 1945 4278">
     <span class='ocr_line' id='line_1_71' title="bbox 366 4201 1945 4278; baseline -0.003 -16"><span class='ocrx_word' id='word_1_458' title='bbox 366 4215 530 4262; x_wconf 87' lang='lat' dir='ltr'><strong>tatem</strong></span> <span class='ocrx_word' id='word_1_459' title='bbox 560 4222 725 4263; x_wconf 90' lang='lat' dir='ltr'><strong>sensu</strong></span> <span class='ocrx_word' id='word_1_460' title='bbox 750 4222 965 4278; x_wconf 88' lang='lat' dir='ltr'><strong>capere,</strong></span> <span class='ocrx_word' id='word_1_461' title='bbox 1010 4214 1067 4262; x_wconf 91' lang='lat' dir='ltr'><strong>et</strong></span> <span class='ocrx_word' id='word_1_462' title='bbox 1093 4205 1161 4260; x_wconf 91' lang='lat' dir='ltr'><strong>ad</strong></span> <span class='ocrx_word' id='word_1_463' title='bbox 1188 4204 1529 4276; x_wconf 88' lang='lat' dir='ltr'><strong>splendorem</strong></span> <span class='ocrx_word' id='word_1_464' title='bbox 1577 4202 1798 4257; x_wconf 89' lang='lat' dir='ltr'><strong>luminis</strong></span> <span class='ocrx_word' id='word_1_465' title='bbox 1825 4201 1945 4272; x_wconf 88' lang='lat' dir='ltr'><strong>ejus</strong></span> 
     </span>
    </p>
   </div>
   <div class='ocr_carea' id='block_1_72' title="bbox 360 4293 1946 4367">
    <p class='ocr_par' dir='ltr' id='par_1_72' title="bbox 360 4293 1946 4367">
     <span class='ocr_line' id='line_1_72' title="bbox 360 4293 1946 4367; baseline -0.003 -15"><span class='ocrx_word' id='word_1_466' title='bbox 360 4297 474 4367; x_wconf 89' lang='lat' dir='ltr'><strong>jam</strong></span> <span class='ocrx_word' id='word_1_467' title='bbox 500 4298 752 4353; x_wconf 89' lang='lat' dir='ltr'><strong>incedere</strong></span> <span class='ocrx_word' id='word_1_468' title='bbox 782 4296 1124 4354; x_wconf 89' lang='lat' dir='ltr'><strong>laudabiliter</strong></span> <span class='ocrx_word' id='word_1_469' title='bbox 1148 4295 1468 4360; x_wconf 89' lang='lat' dir='ltr'><strong>inchoastis,</strong></span> <span class='ocrx_word' id='word_1_470' title='bbox 1492 4309 1617 4349; x_wconf 91' lang='lat' dir='ltr'><strong>cum</strong></span> <span class='ocrx_word' id='word_1_471' title='bbox 1650 4293 1740 4347; x_wconf 89' lang='lat' dir='ltr'><strong>illa</strong></span> <span class='ocrx_word' id='word_1_472' title='bbox 1773 4307 1946 4362; x_wconf 88' lang='lat' dir='ltr'><strong>usque</strong></span> 
     </span>
    </p>
   </div>
   <div class='ocr_carea' id='block_1_73' title="bbox 365 4384 1944 4460">
    <p class='ocr_par' dir='ltr' id='par_1_73' title="bbox 365 4384 1944 4460">
     <span class='ocr_line' id='line_1_73' title="bbox 365 4384 1944 4460; baseline -0.003 -18"><span class='ocrx_word' id='word_1_473' title='bbox 365 4389 421 4443; x_wconf 92' lang='lat' dir='ltr'><strong>in</strong></span> <span class='ocrx_word' id='word_1_474' title='bbox 447 4387 611 4444; x_wconf 86' lang='lat' dir='ltr'><strong>linem</strong></span> <span class='ocrx_word' id='word_1_475' title='bbox 642 4403 855 4460; x_wconf 83' lang='lat' dir='ltr'><strong>sapere,</strong></span> <span class='ocrx_word' id='word_1_476' title='bbox 887 4404 1010 4444; x_wconf 92' lang='lat' dir='ltr'><strong>cum</strong></span> <span class='ocrx_word' id='word_1_477' title='bbox 1041 4388 1128 4442; x_wconf 89' lang='lat' dir='ltr'><strong>illa</strong></span> <span class='ocrx_word' id='word_1_478' title='bbox 1159 4402 1374 4459; x_wconf 88' lang='lat' dir='ltr'><strong>semper</strong></span> <span class='ocrx_word' id='word_1_479' title='bbox 1401 4385 1679 4441; x_wconf 89' lang='lat' dir='ltr'><strong>ambulare</strong></span> <span class='ocrx_word' id='word_1_480' title='bbox 1706 4384 1944 4451; x_wconf 89' lang='lat' dir='ltr'><strong>studete,</strong></span> 
     </span>
    </p>
   </div>
   <div class='ocr_carea' id='block_1_74' title="bbox 364 4477 1943 4552">
    <p class='ocr_par' dir='ltr' id='par_1_74' title="bbox 364 4477 1943 4552">
     <span class='ocr_line' id='line_1_74' title="bbox 364 4477 1943 4552; baseline 0.001 -19"><span class='ocrx_word' id='word_1_481' title='bbox 364 4479 433 4535; x_wconf 89' lang='lat' dir='ltr'><strong>ab</strong></span> <span class='ocrx_word' id='word_1_482' title='bbox 475 4478 565 4536; x_wconf 86' lang='lat' dir='ltr'><strong>illa</strong></span> <span class='ocrx_word' id='word_1_483' title='bbox 608 4479 825 4535; x_wconf 87' lang='lat' dir='ltr'><strong>deviare</strong></span> <span class='ocrx_word' id='word_1_484' title='bbox 871 4478 1025 4535; x_wconf 82' lang='lat' dir='ltr'><strong>nefas</strong></span> <span class='ocrx_word' id='word_1_485' title='bbox 1063 4480 1304 4552; x_wconf 88' lang='lat' dir='ltr'><strong>judicate</strong></span> <span class='ocrx_word' id='word_1_486' title='bbox 1350 4479 1420 4535; x_wconf 90' lang='lat' dir='ltr'><strong>ab</strong></span> <span class='ocrx_word' id='word_1_487' title='bbox 1467 4477 1588 4548; x_wconf 86' lang='lat' dir='ltr'><strong>ejus</strong></span> <span class='ocrx_word' id='word_1_488' title='bbox 1633 4478 1943 4548; x_wconf 89' lang='lat' dir='ltr'><strong>discrepare</strong></span> 
     </span>
    </p>
   </div>
   <div class='ocr_carea' id='block_1_75' title="bbox 364 4570 1943 4642">
    <p class='ocr_par' dir='ltr' id='par_1_75' title="bbox 364 4570 1943 4642">
     <span class='ocr_line' id='line_1_75' title="bbox 364 4570 1943 4642; baseline -0.002 -16"><span class='ocrx_word' id='word_1_489' title='bbox 364 4585 526 4626; x_wconf 89' lang='lat' dir='ltr'><strong>sensu</strong></span> <span class='ocrx_word' id='word_1_490' title='bbox 564 4585 633 4627; x_wconf 90' lang='lat' dir='ltr'><strong>ne</strong></span> <span class='ocrx_word' id='word_1_491' title='bbox 667 4571 736 4626; x_wconf 89' lang='lat' dir='ltr'><strong>ad</strong></span> <span class='ocrx_word' id='word_1_492' title='bbox 771 4570 1043 4627; x_wconf 91' lang='lat' dir='ltr'><strong>modicum</strong></span> <span class='ocrx_word' id='word_1_493' title='bbox 1069 4570 1289 4642; x_wconf 91' lang='lat' dir='ltr'><strong>quidem</strong></span> <span class='ocrx_word' id='word_1_494' title='bbox 1332 4578 1664 4626; x_wconf 88' lang='lat' dir='ltr'><strong>momentum</strong></span> <span class='ocrx_word' id='word_1_495' title='bbox 1715 4584 1943 4625; x_wconf 85' lang='lat' dir='ltr'><strong>consen-</strong></span> 
     </span>
    </p>
   </div>
   <div class='ocr_carea' id='block_1_76' title="bbox 364 4658 1947 4732">
    <p class='ocr_par' dir='ltr' id='par_1_76' title="bbox 364 4658 1947 4732">
     <span class='ocr_line' id='line_1_76' title="bbox 364 4658 1947 4732; baseline 0.001 -17"><span class='ocrx_word' id='word_1_496' title='bbox 364 4660 534 4718; x_wconf 90' lang='lat' dir='ltr'><strong>tiatis.</strong></span> <span class='ocrx_word' id='word_1_497' title='bbox 583 4658 730 4729; x_wconf 86' lang='lat' dir='ltr'><strong>Quos</strong></span> <span class='ocrx_word' id='word_1_498' title='bbox 775 4661 865 4716; x_wconf 91' lang='lat' dir='ltr'><strong>illa</strong></span> <span class='ocrx_word' id='word_1_499' title='bbox 902 4662 1096 4732; x_wconf 89' lang='lat' dir='ltr'><strong>recipit</strong></span> <span class='ocrx_word' id='word_1_500' title='bbox 1135 4670 1190 4717; x_wconf 91' lang='lat' dir='ltr'><strong>et</strong></span> <span class='ocrx_word' id='word_1_501' title='bbox 1225 4676 1324 4717; x_wconf 91' lang='lat' dir='ltr'><strong>vos</strong></span> <span class='ocrx_word' id='word_1_502' title='bbox 1360 4675 1575 4732; x_wconf 91' lang='lat' dir='ltr'><strong>quoque</strong></span> <span class='ocrx_word' id='word_1_503' title='bbox 1613 4661 1859 4731; x_wconf 90' lang='lat' dir='ltr'><strong>recipite,</strong></span> <span class='ocrx_word' id='word_1_504' title='bbox 1890 4668 1947 4716; x_wconf 92' lang='lat' dir='ltr'><strong>et</strong></span> 
     </span>
    </p>
   </div>
   <div class='ocr_carea' id='block_1_77' title="bbox 364 4749 1940 4823">
    <p class='ocr_par' dir='ltr' id='par_1_77' title="bbox 364 4749 1940 4823">
     <span class='ocr_line' id='line_1_77' title="bbox 364 4749 1940 4823; baseline 0.003 -20"><span class='ocrx_word' id='word_1_505' title='bbox 364 4764 503 4820; x_wconf 90' lang='lat' dir='ltr'><strong>quos</strong></span> <span class='ocrx_word' id='word_1_506' title='bbox 532 4749 622 4804; x_wconf 89' lang='lat' dir='ltr'><strong>illa</strong></span> <span class='ocrx_word' id='word_1_507' title='bbox 656 4752 881 4821; x_wconf 90' lang='lat' dir='ltr'><strong>respuit,</strong></span> <span class='ocrx_word' id='word_1_508' title='bbox 912 4751 1130 4823; x_wconf 82' lang='lat' dir='ltr'><strong>abigere</strong></span> <span class='ocrx_word' id='word_1_509' title='bbox 1157 4751 1258 4822; x_wconf 88' lang='lat' dir='ltr'><strong>ipsi</strong></span> <span class='ocrx_word' id='word_1_510' title='bbox 1282 4751 1422 4806; x_wconf 88' lang='lat' dir='ltr'><strong>sicut</strong></span> <span class='ocrx_word' id='word_1_511' title='bbox 1450 4752 1565 4822; x_wconf 89' lang='lat' dir='ltr'><strong>ipsa</strong></span> <span class='ocrx_word' id='word_1_512' title='bbox 1588 4760 1940 4808; x_wconf 89' lang='lat' dir='ltr'><strong>mementote.</strong></span> 
     </span>
    </p>
   </div>
   <div class='ocr_carea' id='block_1_78' title="bbox 363 4838 1941 4912">
    <p class='ocr_par' dir='ltr' id='par_1_78' title="bbox 363 4838 1941 4912">
     <span class='ocr_line' id='line_1_78' title="bbox 363 4838 1941 4912; baseline 0.003 -19"><span class='ocrx_word' id='word_1_513' title='bbox 363 4838 480 4895; x_wconf 85' lang='lat' dir='ltr'><strong>Non</strong></span> <span class='ocrx_word' id='word_1_514' title='bbox 510 4839 655 4895; x_wconf 90' lang='lat' dir='ltr'><strong>enim</strong></span> <span class='ocrx_word' id='word_1_515' title='bbox 693 4840 783 4896; x_wconf 89' lang='lat' dir='ltr'><strong>illa</strong></span> <span class='ocrx_word' id='word_1_516' title='bbox 824 4842 1029 4912; x_wconf 89' lang='lat' dir='ltr'><strong>respuit</strong></span> <span class='ocrx_word' id='word_1_517' title='bbox 1076 4841 1180 4897; x_wconf 90' lang='lat' dir='ltr'><strong>nisi</strong></span> <span class='ocrx_word' id='word_1_518' title='bbox 1221 4842 1465 4897; x_wconf 91' lang='lat' dir='ltr'><strong>membra</strong></span> <span class='ocrx_word' id='word_1_519' title='bbox 1511 4857 1631 4911; x_wconf 71' lang='lat' dir='ltr'><strong>qua:</strong></span> <span class='ocrx_word' id='word_1_520' title='bbox 1675 4841 1778 4897; x_wconf 87' lang='lat' dir='ltr'><strong>sibi</strong></span> <span class='ocrx_word' id='word_1_521' title='bbox 1836 4858 1941 4898; x_wconf 91' lang='lat' dir='ltr'><strong>non</strong></span> 
     </span>
    </p>
   </div>
   <div class='ocr_carea' id='block_1_79' title="bbox 362 4929 1943 4999">
    <p class='ocr_par' dir='ltr' id='par_1_79' title="bbox 362 4929 1943 4999">
     <span class='ocr_line' id='line_1_79' title="bbox 362 4929 1943 4999; baseline 0.002 -16"><span class='ocrx_word' id='word_1_522' title='bbox 362 4929 591 4996; x_wconf 67' lang='lat' dir='ltr'><strong>haerent,</strong></span> <span class='ocrx_word' id='word_1_523' title='bbox 623 4945 725 4987; x_wconf 90' lang='lat' dir='ltr'><strong>nec</strong></span> <span class='ocrx_word' id='word_1_524' title='bbox 771 4947 803 4987; x_wconf 86' lang='lat' dir='ltr'><strong>a</strong></span> <span class='ocrx_word' id='word_1_525' title='bbox 869 4947 929 4987; x_wconf 92' lang='lat' dir='ltr'><strong>se</strong></span> <span class='ocrx_word' id='word_1_526' title='bbox 966 4932 1156 4987; x_wconf 89' lang='lat' dir='ltr'><strong>recidit</strong></span> <span class='ocrx_word' id='word_1_527' title='bbox 1203 4931 1305 4986; x_wconf 88' lang='lat' dir='ltr'><strong>nisi</strong></span> <span class='ocrx_word' id='word_1_528' title='bbox 1349 4945 1486 4999; x_wconf 89' lang='lat' dir='ltr'><strong>quos</strong></span> <span class='ocrx_word' id='word_1_529' title='bbox 1526 4931 1579 4985; x_wconf 91' lang='lat' dir='ltr'><strong>in</strong></span> <span class='ocrx_word' id='word_1_530' title='bbox 1627 4931 1943 4987; x_wconf 87' lang='lat' dir='ltr'><strong>scandalum</strong></span> 
     </span>
    </p>
   </div>
   <div class='ocr_carea' id='block_1_80' title="bbox 364 5019 1946 5092">
    <p class='ocr_par' dir='ltr' id='par_1_80' title="bbox 364 5019 1946 5092">
     <span class='ocr_line' id='line_1_80' title="bbox 364 5019 1946 5092; baseline 0.003 -19"><span class='ocrx_word' id='word_1_531' title='bbox 364 5019 548 5074; x_wconf 89' lang='lat' dir='ltr'><strong>multis</strong></span> <span class='ocrx_word' id='word_1_532' title='bbox 571 5021 775 5091; x_wconf 84' lang='lat' dir='ltr'><strong>positos</strong></span> <span class='ocrx_word' id='word_1_533' title='bbox 802 5022 1231 5092; x_wconf 90' lang='lat' dir='ltr'><strong>comprehendit.</strong></span> <span class='ocrx_word' id='word_1_534' title='bbox 1288 5020 1429 5087; x_wconf 88' lang='lat' dir='ltr'><strong>Non,</strong></span> <span class='ocrx_word' id='word_1_535' title='bbox 1476 5022 1719 5091; x_wconf 87' lang='lat' dir='ltr'><strong>inquam,</strong></span> <span class='ocrx_word' id='word_1_536' title='bbox 1752 5022 1946 5077; x_wconf 91' lang='lat' dir='ltr'><strong>recidit</strong></span> 
     </span>
    </p>
   </div>
   <div class='ocr_carea' id='block_1_81' title="bbox 362 5111 1943 5185">
    <p class='ocr_par' dir='ltr' id='par_1_81' title="bbox 362 5111 1943 5185">
     <span class='ocr_line' id='line_1_81' title="bbox 362 5111 1943 5185; baseline 0.004 -22"><span class='ocrx_word' id='word_1_537' title='bbox 362 5111 444 5166; x_wconf 84' lang='lat' dir='ltr'><strong>vel</strong></span> <span class='ocrx_word' id='word_1_538' title='bbox 474 5112 617 5167; x_wconf 91' lang='lat' dir='ltr'><strong>eruit</strong></span> <span class='ocrx_word' id='word_1_539' title='bbox 661 5128 693 5169; x_wconf 89' lang='lat' dir='ltr'><strong>a</strong></span> <span class='ocrx_word' id='word_1_540' title='bbox 729 5128 807 5177; x_wconf 88' lang='lat' dir='ltr'><strong>se,</strong></span> <span class='ocrx_word' id='word_1_541' title='bbox 840 5114 943 5171; x_wconf 90' lang='lat' dir='ltr'><strong>nisi</strong></span> <span class='ocrx_word' id='word_1_542' title='bbox 996 5114 1299 5171; x_wconf 88' lang='lat' dir='ltr'><strong>membrum</strong></span> <span class='ocrx_word' id='word_1_543' title='bbox 1328 5113 1469 5185; x_wconf 92' lang='lat' dir='ltr'><strong>quod</strong></span> <span class='ocrx_word' id='word_1_544' title='bbox 1504 5113 1651 5168; x_wconf 88' lang='lat' dir='ltr'><strong>sanis</strong></span> <span class='ocrx_word' id='word_1_545' title='bbox 1683 5114 1943 5169; x_wconf 89' lang='lat' dir='ltr'><strong>membris</strong></span> 
     </span>
    </p>
   </div>
   <div class='ocr_carea' id='block_1_82' title="bbox 2050 3928 3735 4013">
    <p class='ocr_par' dir='ltr' id='par_1_82' title="bbox 2050 3928 3735 4013">
     <span class='ocr_line' id='line_1_82' title="bbox 2050 3928 3735 4013; baseline 0.004 -29"><span class='ocrx_word' id='word_1_546' title='bbox 2050 3928 2404 3999; x_wconf 89' lang='lat' dir='ltr'><strong>conspicitur.</strong></span> <span class='ocrx_word' id='word_1_547' title='bbox 2440 3928 2701 4000; x_wconf 87' lang='lat' dir='ltr'><strong>Optamus</strong></span> <span class='ocrx_word' id='word_1_548' title='bbox 2748 3931 3092 3987; x_wconf 89' lang='lat' dir='ltr'><strong>sanctitatem</strong></span> <span class='ocrx_word' id='word_1_549' title='bbox 3119 3940 3360 3988; x_wconf 90' lang='lat' dir='ltr'><strong>vestram</strong></span> <span class='ocrx_word' id='word_1_550' title='bbox 3403 3933 3458 3988; x_wconf 89' lang='lat' dir='ltr'><strong>in</strong></span> <span class='ocrx_word' id='word_1_551' title='bbox 3484 3932 3638 3989; x_wconf 87' lang='lat' dir='ltr'><strong>Chri—</strong></span> <span class='ocrx_word' id='word_1_552' title='bbox 3726 3998 3735 4013; x_wconf 31' lang='grc' dir='ltr'><em>ί</em></span> 
     </span>
    </p>
   </div>
   <div class='ocr_carea' id='block_1_83' title="bbox 2049 4014 3725 4074">
    <p class='ocr_par' dir='ltr' id='par_1_83' title="bbox 2049 4014 3725 4074">
     <span class='ocr_line' id='line_1_83' title="bbox 2049 4014 3725 4074; baseline 0.001 -1"><span class='ocrx_word' id='word_1_553' title='bbox 2049 4028 2135 4073; x_wconf 90' lang='lat' dir='ltr'><strong>sto</strong></span> <span class='ocrx_word' id='word_1_554' title='bbox 2161 4018 2299 4073; x_wconf 90' lang='lat' dir='ltr'><strong>bene</strong></span> <span class='ocrx_word' id='word_1_555' title='bbox 2324 4017 2523 4074; x_wconf 90' lang='lat' dir='ltr'><strong>valere.</strong></span> <span class='ocrx_word' id='word_1_556' title='bbox 3680 4014 3725 4037; x_wconf 50' lang='lat'><em>&quot;</em></span> 
     </span>
    </p>
   </div>
   <div class='ocr_carea' id='block_1_84' title="bbox 2215 4223 3466 4267">
    <p class='ocr_par' dir='ltr' id='par_1_84' title="bbox 2215 4223 3466 4267">
     <span class='ocr_line' id='line_1_84' title="bbox 2215 4223 3466 4267; baseline 0.003 -6"><span class='ocrx_word' id='word_1_557' title='bbox 2215 4223 2385 4263; x_wconf 72' lang='lat' dir='ltr'><strong>BULLA</strong></span> <span class='ocrx_word' id='word_1_558' title='bbox 2421 4224 2634 4265; x_wconf 73' lang='lat' dir='ltr'><strong>NICOLAI</strong></span> <span class='ocrx_word' id='word_1_559' title='bbox 2674 4224 2776 4265; x_wconf 76' lang='lat' dir='ltr'><strong>PRO</strong></span> <span class='ocrx_word' id='word_1_560' title='bbox 2814 4225 3153 4267; x_wconf 66' lang='lat' dir='ltr'><strong>HONASTEBIO</strong></span> <span class='ocrx_word' id='word_1_561' title='bbox 3188 4226 3466 4267; x_wconf 73' lang='lat' dir='ltr'><strong>FULDENSI.</strong></span> 
     </span>
    </p>
   </div>
   <div class='ocr_carea' id='block_1_85' title="bbox 2662 4301 3032 4375">
    <p class='ocr_par' dir='ltr' id='par_1_85' title="bbox 2662 4301 3032 4375">
     <span class='ocr_line' id='line_1_85' title="bbox 2662 4301 3032 4375; baseline 0.003 -19"><span class='ocrx_word' id='word_1_562' title='bbox 2662 4301 2839 4374; x_wconf 82' lang='lat' dir='ltr'><strong>(Anno</strong></span> <span class='ocrx_word' id='word_1_563' title='bbox 2880 4302 3032 4375; x_wconf 77' lang='lat'><strong>859.)</strong></span> 
     </span>
    </p>
   </div>
   <div class='ocr_carea' id='block_1_86' title="bbox 2045 4387 3635 4517">
    <p class='ocr_par' dir='ltr' id='par_1_86' title="bbox 2045 4387 3635 4517">
     <span class='ocr_line' id='line_1_86' title="bbox 2045 4387 3635 4517; baseline 0.002 -74"><span class='ocrx_word' id='word_1_564' title='bbox 2045 4387 2125 4444; x_wconf 87' lang='lat' dir='ltr'><strong>De</strong></span> <span class='ocrx_word' id='word_1_565' title='bbox 2136 4389 2295 4460; x_wconf 81' lang='lat' dir='ltr'><strong>hujus</strong></span> <span class='ocrx_word' id='word_1_566' title='bbox 2311 4392 2612 4447; x_wconf 77' lang='lat' dir='ltr'><strong>monasterii</strong></span> <span class='ocrx_word' id='word_1_567' title='bbox 2629 4400 2770 4447; x_wconf 77' lang='lat' dir='ltr'><strong>statu</strong></span> <span class='ocrx_word' id='word_1_568' title='bbox 2792 4391 2891 4515; x_wconf 57' lang='lat' dir='ltr'><strong>sisi</strong></span> <span class='ocrx_word' id='word_1_569' title='bbox 2909 4391 3193 4517; x_wconf 53' lang='lat' dir='ltr'><strong>identidem</strong></span> <span class='ocrx_word' id='word_1_570' title='bbox 3212 4392 3466 4447; x_wconf 85' lang='lat' dir='ltr'><strong>rationem</strong></span> <span class='ocrx_word' id='word_1_571' title='bbox 3489 4390 3635 4446; x_wconf 80' lang='lat' dir='ltr'><strong>reddi</strong></span> 
     </span>
     <span class='ocr_line' id='line_1_87' title="bbox 2712 4478 2948 4516; baseline 0 0"><span class='ocrx_word' id='word_1_572' title='bbox 2712 4478 2835 4516; x_wconf 84' lang='lat' dir='ltr'><strong>man</strong></span> <span class='ocrx_word' id='word_1_573' title='bbox 2874 4479 2905 4516; x_wconf 80' lang='grc' dir='ltr'><em>α</em></span> <span class='ocrx_word' id='word_1_574' title='bbox 2933 4501 2948 4516; x_wconf 93' lang='grc'><strong>.</strong></span> 
     </span>
    </p>
   </div>
   <div class='ocr_carea' id='block_1_87' title="bbox 2712 4478 2948 4516">
    <p class='ocr_par' dir='ltr' id='par_1_87' title="bbox 2712 4478 2948 4516">
     <span class='ocr_line' id='line_1_88' title="bbox 2712 4478 2948 4516; baseline 0 0"><span class='ocrx_word' id='word_1_575' title='bbox 2712 4478 2948 4516; x_wconf 71' lang='lat' dir='ltr'><strong>manant.</strong></span> 
     </span>
    </p>
   </div>
   <div class='ocr_carea' id='block_1_88' title="bbox 2220 4551 3459 4625">
    <p class='ocr_par' dir='ltr' id='par_1_88' title="bbox 2220 4551 3459 4625">
     <span class='ocr_line' id='line_1_89' title="bbox 2220 4551 3459 4625; baseline -0.002 -17"><span class='ocrx_word' id='word_1_576' title='bbox 2220 4554 2396 4625; x_wconf 56' lang='lat' dir='ltr'><strong>[apud</strong></span> <span class='ocrx_word' id='word_1_577' title='bbox 2421 4552 2724 4621; x_wconf 88' lang='lat' dir='ltr'><strong>Schannat,</strong></span> <span class='ocrx_word' id='word_1_578' title='bbox 2752 4552 2898 4609; x_wconf 81' lang='lat' dir='ltr'><strong>Hist.</strong></span> <span class='ocrx_word' id='word_1_579' title='bbox 2929 4551 3122 4621; x_wconf 83' lang='lat' dir='ltr'><strong>Fuld.,</strong></span> <span class='ocrx_word' id='word_1_580' title='bbox 3153 4568 3277 4625; x_wconf 87' lang='lat' dir='ltr'><strong>pag.</strong></span> <span class='ocrx_word' id='word_1_581' title='bbox 3309 4552 3459 4625; x_wconf 70' lang='lat'><strong>459.]</strong></span> 
     </span>
    </p>
   </div>
   <div class='ocr_carea' id='block_1_89' title="bbox 2118 4652 3627 4737">
    <p class='ocr_par' dir='ltr' id='par_1_89' title="bbox 2118 4652 3627 4737">
     <span class='ocr_line' id='line_1_90' title="bbox 2118 4652 3627 4737; baseline 0.001 -18"><span class='ocrx_word' id='word_1_582' title='bbox 2118 4662 2385 4722; x_wconf 76' lang='lat' dir='ltr'><strong>NICOLAUS</strong></span> <span class='ocrx_word' id='word_1_583' title='bbox 2430 4668 2714 4737; x_wconf 90' lang='lat' dir='ltr'><strong>episcopus</strong></span> <span class='ocrx_word' id='word_1_584' title='bbox 2758 4652 2946 4722; x_wconf 76' lang='lat' dir='ltr'><strong>servus</strong></span> <span class='ocrx_word' id='word_1_585' title='bbox 2990 4679 3267 4721; x_wconf 87' lang='lat' dir='ltr'><strong>servorum</strong></span> <span class='ocrx_word' id='word_1_586' title='bbox 3301 4664 3418 4731; x_wconf 88' lang='lat' dir='ltr'><strong>Dei,</strong></span> <span class='ocrx_word' id='word_1_587' title='bbox 3449 4664 3627 4720; x_wconf 78' lang='grc' dir='ltr'><strong>Τιιεο-</strong></span> 
     </span>
    </p>
   </div>
   <div class='ocr_carea' id='block_1_90' title="bbox 2050 4741 3629 4828">
    <p class='ocr_par' dir='ltr' id='par_1_90' title="bbox 2050 4741 3629 4828">
     <span class='ocr_line' id='line_1_91' title="bbox 2050 4741 3629 4828; baseline 0.001 -18"><span class='ocrx_word' id='word_1_588' title='bbox 2050 4769 2175 4810; x_wconf 75' lang='lat' dir='ltr'><strong>rom</strong></span> <span class='ocrx_word' id='word_1_589' title='bbox 2213 4755 2465 4828; x_wconf 86' lang='lat' dir='ltr'><strong>religioso</strong></span> <span class='ocrx_word' id='word_1_590' title='bbox 2501 4758 2681 4814; x_wconf 88' lang='lat' dir='ltr'><strong>abbati</strong></span> <span class='ocrx_word' id='word_1_591' title='bbox 2709 4741 3033 4813; x_wconf 75' lang='lat' dir='ltr'><strong>venerabilis</strong></span> <span class='ocrx_word' id='word_1_592' title='bbox 3071 4756 3385 4811; x_wconf 90' lang='lat' dir='ltr'><strong>monasterii</strong></span> <span class='ocrx_word' id='word_1_593' title='bbox 3414 4755 3629 4812; x_wconf 91' lang='lat' dir='ltr'><strong>Domini</strong></span> 
     </span>
    </p>
   </div>
   <div class='ocr_carea' id='block_1_91' title="bbox 2049 4845 3629 4920">
    <p class='ocr_par' dir='ltr' id='par_1_91' title="bbox 2049 4845 3629 4920">
     <span class='ocr_line' id='line_1_92' title="bbox 2049 4845 3629 4920; baseline 0.002 -20"><span class='ocrx_word' id='word_1_594' title='bbox 2049 4845 2366 4913; x_wconf 87' lang='lat' dir='ltr'><strong>Salvatoris,</strong></span> <span class='ocrx_word' id='word_1_595' title='bbox 2404 4856 2460 4904; x_wconf 91' lang='lat' dir='ltr'><strong>et</strong></span> <span class='ocrx_word' id='word_1_596' title='bbox 2487 4864 2583 4920; x_wconf 88' lang='lat' dir='ltr'><strong>per</strong></span> <span class='ocrx_word' id='word_1_597' title='bbox 2620 4859 2672 4904; x_wconf 90' lang='lat' dir='ltr'><strong>te</strong></span> <span class='ocrx_word' id='word_1_598' title='bbox 2706 4848 2762 4902; x_wconf 90' lang='lat' dir='ltr'><strong>in</strong></span> <span class='ocrx_word' id='word_1_599' title='bbox 2794 4847 2984 4903; x_wconf 91' lang='lat' dir='ltr'><strong>eodem</strong></span> <span class='ocrx_word' id='word_1_600' title='bbox 3028 4847 3323 4903; x_wconf 86' lang='lat' dir='ltr'><strong>venerabili</strong></span> <span class='ocrx_word' id='word_1_601' title='bbox 3358 4857 3629 4904; x_wconf 84' lang='lat' dir='ltr'><strong>monaste—</strong></span> 
     </span>
    </p>
   </div>
   <div class='ocr_carea' id='block_1_92' title="bbox 2047 4939 3021 5010">
    <p class='ocr_par' dir='ltr' id='par_1_92' title="bbox 2047 4939 3021 5010">
     <span class='ocr_line' id='line_1_93' title="bbox 2047 4939 3021 5010; baseline -0.001 -17"><span class='ocrx_word' id='word_1_602' title='bbox 2047 4939 2131 4993; x_wconf 91' lang='lat' dir='ltr'><strong>rio</strong></span> <span class='ocrx_word' id='word_1_603' title='bbox 2159 4940 2565 4995; x_wconf 89' lang='lat' dir='ltr'><strong>successoribus</strong></span> <span class='ocrx_word' id='word_1_604' title='bbox 2596 4940 2649 5001; x_wconf 87' lang='lat' dir='ltr'><strong>in</strong></span> <span class='ocrx_word' id='word_1_605' title='bbox 2679 4948 3021 5010; x_wconf 89' lang='lat' dir='ltr'><strong>perpetuum.</strong></span> 
     </span>
    </p>
   </div>
   <div class='ocr_carea' id='block_1_93' title="bbox 2119 5028 3630 5101">
    <p class='ocr_par' dir='ltr' id='par_1_93' title="bbox 2119 5028 3630 5101">
     <span class='ocr_line' id='line_1_94' title="bbox 2119 5028 3630 5101; baseline 0.002 -18"><span class='ocrx_word' id='word_1_606' title='bbox 2119 5028 2380 5097; x_wconf 87' lang='lat' dir='ltr'><strong>Quoniam</strong></span> <span class='ocrx_word' id='word_1_607' title='bbox 2419 5046 2631 5101; x_wconf 88' lang='lat' dir='ltr'><strong>semper</strong></span> <span class='ocrx_word' id='word_1_608' title='bbox 2675 5041 2800 5086; x_wconf 90' lang='lat' dir='ltr'><strong>sunt</strong></span> <span class='ocrx_word' id='word_1_609' title='bbox 2842 5030 3186 5086; x_wconf 89' lang='lat' dir='ltr'><strong>concedenda</strong></span> <span class='ocrx_word' id='word_1_610' title='bbox 3228 5046 3349 5101; x_wconf 73' lang='lat' dir='ltr'><strong>qua:</strong></span> <span class='ocrx_word' id='word_1_611' title='bbox 3391 5031 3630 5087; x_wconf 86' lang='lat' dir='ltr'><strong>rationa-</strong></span> 
     </span>
    </p>
   </div>
   <div class='ocr_carea' id='block_1_94' title="bbox 2046 5112 3628 5193">
    <p class='ocr_par' dir='ltr' id='par_1_94' title="bbox 2046 5112 3628 5193">
     <span class='ocr_line' id='line_1_95' title="bbox 2046 5112 3628 5193; baseline 0.001 -15"><span class='ocrx_word' id='word_1_612' title='bbox 2046 5122 2242 5179; x_wconf 90' lang='lat' dir='ltr'><strong>bilihus</strong></span> <span class='ocrx_word' id='word_1_613' title='bbox 2287 5132 2591 5193; x_wconf 90' lang='lat' dir='ltr'><strong>congruunt</strong></span> <span class='ocrx_word' id='word_1_614' title='bbox 2633 5122 2954 5188; x_wconf 88' lang='lat' dir='ltr'><strong>desideriis,</strong></span> <span class='ocrx_word' id='word_1_615' title='bbox 3001 5130 3215 5193; x_wconf 89' lang='lat' dir='ltr'><strong>oportet</strong></span> <span class='ocrx_word' id='word_1_616' title='bbox 3253 5131 3312 5178; x_wconf 92' lang='lat' dir='ltr'><strong>ut</strong></span> <span class='ocrx_word' id='word_1_617' title='bbox 3356 5112 3628 5179; x_wconf 74' lang='lat' dir='ltr'><strong>devo‘lioni</strong></span> 
     </span>
    </p>
   </div>
   <div class='ocr_carea' id='block_1_95' title="bbox 364 5202 3627 5286">
    <p class='ocr_par' dir='ltr' id='par_1_95' title="bbox 364 5202 3627 5286">
     <span class='ocr_line' id='line_1_96' title="bbox 364 5202 3627 5286; baseline 0.004 -29"><span class='ocrx_word' id='word_1_618' title='bbox 364 5204 417 5258; x_wconf 84' lang='lat' dir='ltr'><strong>in</strong></span> <span class='ocrx_word' id='word_1_619' title='bbox 462 5202 816 5262; x_wconf 71' lang='lat' dir='ltr'><strong>odensionem</strong></span> <span class='ocrx_word' id='word_1_620' title='bbox 866 5216 922 5261; x_wconf 92' lang='lat' dir='ltr'><strong>et</strong></span> <span class='ocrx_word' id='word_1_621' title='bbox 969 5207 1265 5277; x_wconf 89' lang='lat' dir='ltr'><strong>perniciem</strong></span> <span class='ocrx_word' id='word_1_622' title='bbox 1333 5206 1578 5261; x_wconf 84' lang='lat' dir='ltr'><strong>noscitur</strong></span> <span class='ocrx_word' id='word_1_623' title='bbox 1649 5205 1941 5261; x_wconf 80' lang='lat' dir='ltr'><strong>exstitisse.</strong></span> <span class='ocrx_word' id='word_1_624' title='bbox 1972 5217 2025 5277; x_wconf 87' lang='lat' dir='ltr'><strong>D</strong></span> <span class='ocrx_word' id='word_1_625' title='bbox 2050 5215 2349 5272; x_wconf 79' lang='lat' dir='ltr'><strong>conditoris</strong></span> <span class='ocrx_word' id='word_1_626' title='bbox 2384 5216 2486 5285; x_wconf 79' lang='lat' dir='ltr'><strong>piae</strong></span> <span class='ocrx_word' id='word_1_627' title='bbox 2524 5215 2945 5271; x_wconf 88' lang='lat' dir='ltr'><strong>constructionis</strong></span> <span class='ocrx_word' id='word_1_628' title='bbox 2990 5215 3285 5270; x_wconf 88' lang='lat' dir='ltr'><strong>auctoritas</strong></span> <span class='ocrx_word' id='word_1_629' title='bbox 3325 5215 3376 5269; x_wconf 92' lang='lat' dir='ltr'><strong>in</strong></span> <span class='ocrx_word' id='word_1_630' title='bbox 3407 5215 3627 5286; x_wconf 90' lang='lat' dir='ltr'><strong>privile-</strong></span> 
     </span>
    </p>
   </div>
   <div class='ocr_carea' id='block_1_96' title="bbox 368 5292 1946 5370">
    <p class='ocr_par' dir='ltr' id='par_1_96' title="bbox 368 5292 1946 5370">
     <span class='ocr_line' id='line_1_97' title="bbox 368 5292 1946 5370; baseline 0.004 -21"><span class='ocrx_word' id='word_1_631' title='bbox 368 5292 565 5351; x_wconf 81' lang='lat' dir='ltr'><strong>Verum</strong></span> <span class='ocrx_word' id='word_1_632' title='bbox 602 5298 669 5353; x_wconf 89' lang='lat' dir='ltr'><strong>ad</strong></span> <span class='ocrx_word' id='word_1_633' title='bbox 699 5299 1032 5370; x_wconf 89' lang='lat' dir='ltr'><strong>propositum</strong></span> <span class='ocrx_word' id='word_1_634' title='bbox 1066 5299 1368 5355; x_wconf 89' lang='lat' dir='ltr'><strong>redeamus.</strong></span> <span class='ocrx_word' id='word_1_635' title='bbox 1402 5298 1655 5370; x_wconf 85' lang='lat' dir='ltr'><strong>Suggerit</strong></span> <span class='ocrx_word' id='word_1_636' title='bbox 1682 5299 1946 5356; x_wconf 89' lang='lat' dir='ltr'><strong>sanctitas</strong></span> 
     </span>
    </p>
   </div>
   <div class='ocr_carea' id='block_1_97' title="bbox 362 5372 1949 5463">
    <p class='ocr_par' dir='ltr' id='par_1_97' title="bbox 362 5372 1949 5463">
     <span class='ocr_line' id='line_1_98' title="bbox 362 5372 1949 5463; baseline 0.004 -22"><span class='ocrx_word' id='word_1_637' title='bbox 362 5397 543 5444; x_wconf 86' lang='lat' dir='ltr'><strong>vestra</strong></span> <span class='ocrx_word' id='word_1_638' title='bbox 578 5388 969 5446; x_wconf 81' lang='lat' dir='ltr'><strong>Herimaunum</strong></span> <span class='ocrx_word' id='word_1_639' title='bbox 1006 5393 1318 5463; x_wconf 90' lang='lat' dir='ltr'><strong>episcopum</strong></span> <span class='ocrx_word' id='word_1_640' title='bbox 1348 5393 1596 5447; x_wconf 91' lang='lat' dir='ltr'><strong>morbum</strong></span> <span class='ocrx_word' id='word_1_641' title='bbox 1626 5372 1949 5458; x_wconf 82' lang='lat' dir='ltr'><strong>incurrisse,</strong></span> 
     </span>
    </p>
   </div>
   <div class='ocr_carea' id='block_1_98' title="bbox 364 5478 1948 5553">
    <p class='ocr_par' dir='ltr' id='par_1_98' title="bbox 364 5478 1948 5553">
     <span class='ocr_line' id='line_1_99' title="bbox 364 5478 1948 5553; baseline 0.003 -21"><span class='ocrx_word' id='word_1_642' title='bbox 364 5493 472 5547; x_wconf 90' lang='lat' dir='ltr'><strong>quo</strong></span> <span class='ocrx_word' id='word_1_643' title='bbox 499 5478 592 5533; x_wconf 92' lang='lat' dir='ltr'><strong>diu</strong></span> <span class='ocrx_word' id='word_1_644' title='bbox 630 5480 919 5551; x_wconf 89' lang='lat' dir='ltr'><strong>impeditus</strong></span> <span class='ocrx_word' id='word_1_645' title='bbox 944 5490 1027 5537; x_wconf 83' lang='lat' dir='ltr'><strong>est.</strong></span> <span class='ocrx_word' id='word_1_646' title='bbox 1055 5481 1361 5553; x_wconf 87' lang='lat' dir='ltr'><strong>episcopale</strong></span> <span class='ocrx_word' id='word_1_647' title='bbox 1389 5491 1538 5538; x_wconf 90' lang='lat' dir='ltr'><strong>recte</strong></span> <span class='ocrx_word' id='word_1_648' title='bbox 1571 5482 1799 5553; x_wconf 87' lang='lat' dir='ltr'><strong>implere</strong></span> <span class='ocrx_word' id='word_1_649' title='bbox 1830 5481 1948 5537; x_wconf 77' lang='lat' dir='ltr'><strong>otii-</strong></span> 
     </span>
    </p>
   </div>
   <div class='ocr_carea' id='block_1_99' title="bbox 363 5571 1939 5648">
    <p class='ocr_par' dir='ltr' id='par_1_99' title="bbox 363 5571 1939 5648">
     <span class='ocr_line' id='line_1_100' title="bbox 363 5571 1939 5648; baseline 0.006 -24"><span class='ocrx_word' id='word_1_650' title='bbox 363 5571 529 5625; x_wconf 91' lang='lat' dir='ltr'><strong>cium.</strong></span> <span class='ocrx_word' id='word_1_651' title='bbox 564 5571 769 5630; x_wconf 88' lang='lat' dir='ltr'><strong>Sensus</strong></span> <span class='ocrx_word' id='word_1_652' title='bbox 802 5576 970 5641; x_wconf 89' lang='lat' dir='ltr'><strong>enim,</strong></span> <span class='ocrx_word' id='word_1_653' title='bbox 999 5587 1058 5632; x_wconf 93' lang='lat' dir='ltr'><strong>ut</strong></span> <span class='ocrx_word' id='word_1_654' title='bbox 1083 5585 1262 5633; x_wconf 87' lang='lat' dir='ltr'><strong>vestra</strong></span> <span class='ocrx_word' id='word_1_655' title='bbox 1302 5577 1419 5648; x_wconf 89' lang='lat' dir='ltr'><strong>ipsa</strong></span> <span class='ocrx_word' id='word_1_656' title='bbox 1444 5578 1607 5633; x_wconf 86' lang='lat' dir='ltr'><strong>verba</strong></span> <span class='ocrx_word' id='word_1_657' title='bbox 1654 5592 1939 5648; x_wconf 90' lang='lat' dir='ltr'><strong>ponamus,</strong></span> 
     </span>
    </p>
   </div>
   <div class='ocr_carea' id='block_1_100' title="bbox 364 5661 1931 5741">
    <p class='ocr_par' dir='ltr' id='par_1_100' title="bbox 364 5661 1931 5741">
     <span class='ocr_line' id='line_1_101' title="bbox 364 5661 1931 5741; baseline 0.006 -24"><span class='ocrx_word' id='word_1_658' title='bbox 364 5661 649 5732; x_wconf 83' lang='lat' dir='ltr'><strong>aliquoties</strong></span> <span class='ocrx_word' id='word_1_659' title='bbox 685 5666 994 5738; x_wconf 82' lang='lat' dir='ltr'><strong>integritate</strong></span> <span class='ocrx_word' id='word_1_660' title='bbox 1036 5679 1305 5740; x_wconf 76' lang='lat' dir='ltr'><strong>privatus,</strong></span> <span class='ocrx_word' id='word_1_661' title='bbox 1354 5668 1600 5741; x_wconf 63' lang='lat' dir='ltr'><strong>quedam</strong></span> <span class='ocrx_word' id='word_1_662' title='bbox 1632 5669 1822 5725; x_wconf 90' lang='lat' dir='ltr'><strong>insano</strong></span> <span class='ocrx_word' id='word_1_663' title='bbox 1854 5670 1931 5726; x_wconf 76' lang='lat' dir='ltr'><strong>si—&#39;</strong></span> 
     </span>
    </p>
   </div>
   <div class='ocr_carea' id='block_1_101' title="bbox 2052 5305 3635 5378">
    <p class='ocr_par' dir='ltr' id='par_1_101' title="bbox 2052 5305 3635 5378">
     <span class='ocr_line' id='line_1_102' title="bbox 2052 5305 3635 5378; baseline 0.001 -18"><span class='ocrx_word' id='word_1_664' title='bbox 2052 5306 2156 5378; x_wconf 91' lang='lat' dir='ltr'><strong>giis</strong></span> <span class='ocrx_word' id='word_1_665' title='bbox 2196 5307 2515 5377; x_wconf 82' lang='lat' dir='ltr'><strong>praestandis</strong></span> <span class='ocrx_word' id='word_1_666' title='bbox 2558 5307 2779 5362; x_wconf 88' lang='lat' dir='ltr'><strong>minime</strong></span> <span class='ocrx_word' id='word_1_667' title='bbox 2824 5307 3138 5378; x_wconf 89' lang='lat' dir='ltr'><strong>denegetur.</strong></span> <span class='ocrx_word' id='word_1_668' title='bbox 3164 5305 3352 5378; x_wconf 81' lang='lat' dir='ltr'><strong>Igitur,</strong></span> <span class='ocrx_word' id='word_1_669' title='bbox 3384 5306 3510 5377; x_wconf 87' lang='lat' dir='ltr'><strong>quia</strong></span> <span class='ocrx_word' id='word_1_670' title='bbox 3540 5321 3635 5376; x_wconf 88' lang='lat' dir='ltr'><strong>po-</strong></span> 
     </span>
    </p>
   </div>
   <div class='ocr_carea' id='block_1_102' title="bbox 2051 5394 3629 5467">
    <p class='ocr_par' dir='ltr' id='par_1_102' title="bbox 2051 5394 3629 5467">
     <span class='ocr_line' id='line_1_103' title="bbox 2051 5394 3629 5467; baseline -0.001 -16"><span class='ocrx_word' id='word_1_671' title='bbox 2051 5395 2261 5458; x_wconf 84' lang='lat' dir='ltr'><strong>stulasti</strong></span> <span class='ocrx_word' id='word_1_672' title='bbox 2296 5410 2327 5449; x_wconf 90' lang='lat' dir='ltr'><strong>a</strong></span> <span class='ocrx_word' id='word_1_673' title='bbox 2360 5395 2516 5451; x_wconf 91' lang='lat' dir='ltr'><strong>nobis</strong></span> <span class='ocrx_word' id='word_1_674' title='bbox 2564 5407 2836 5467; x_wconf 88' lang='lat' dir='ltr'><strong>quatenus</strong></span> <span class='ocrx_word' id='word_1_675' title='bbox 2885 5396 3273 5452; x_wconf 90' lang='lat' dir='ltr'><strong>monasterium</strong></span> <span class='ocrx_word' id='word_1_676' title='bbox 3331 5394 3629 5450; x_wconf 84' lang='lat' dir='ltr'><strong>Salvatoris</strong></span> 
     </span>
    </p>
   </div>
   <div class='ocr_carea' id='block_1_103' title="bbox 2049 5476 3628 5559">
    <p class='ocr_par' dir='ltr' id='par_1_103' title="bbox 2049 5476 3628 5559">
     <span class='ocr_line' id='line_1_104' title="bbox 2049 5476 3628 5559; baseline -0.002 -18"><span class='ocrx_word' id='word_1_677' title='bbox 2049 5502 2081 5541; x_wconf 90' lang='lat' dir='ltr'><strong>a</strong></span> <span class='ocrx_word' id='word_1_678' title='bbox 2118 5476 2478 5544; x_wconf 80' lang='lat' dir='ltr'><strong>S.Boni&#39;facio</strong></span> <span class='ocrx_word' id='word_1_679' title='bbox 2526 5487 2929 5559; x_wconf 89' lang='lat' dir='ltr'><strong>archiepiscopo</strong></span> <span class='ocrx_word' id='word_1_680' title='bbox 2973 5494 3346 5543; x_wconf 83' lang='lat' dir='ltr'><strong>constructum</strong></span> <span class='ocrx_word' id='word_1_681' title='bbox 3401 5484 3456 5539; x_wconf 91' lang='lat' dir='ltr'><strong>in</strong></span> <span class='ocrx_word' id='word_1_682' title='bbox 3510 5484 3628 5538; x_wconf 89' lang='lat' dir='ltr'><strong>loco</strong></span> 
     </span>
    </p>
   </div>
   <div class='ocr_carea' id='block_1_104' title="bbox 2050 5571 3625 5650">
    <p class='ocr_par' dir='ltr' id='par_1_104' title="bbox 2050 5571 3625 5650">
     <span class='ocr_line' id='line_1_105' title="bbox 2050 5571 3625 5650; baseline -0.006 -18"><span class='ocrx_word' id='word_1_683' title='bbox 2050 5577 2141 5649; x_wconf 90' lang='lat' dir='ltr'><strong>qui</strong></span> <span class='ocrx_word' id='word_1_684' title='bbox 2185 5585 2410 5632; x_wconf 90' lang='lat' dir='ltr'><strong>vocatur</strong></span> <span class='ocrx_word' id='word_1_685' title='bbox 2439 5577 2692 5642; x_wconf 87' lang='lat' dir='ltr'><strong>Boconia,</strong></span> <span class='ocrx_word' id='word_1_686' title='bbox 2731 5591 2860 5650; x_wconf 88' lang='lat' dir='ltr'><strong>erga</strong></span> <span class='ocrx_word' id='word_1_687' title='bbox 2912 5577 3083 5648; x_wconf 88' lang='lat' dir='ltr'><strong>ripam</strong></span> <span class='ocrx_word' id='word_1_688' title='bbox 3114 5574 3357 5631; x_wconf 83' lang='lat' dir='ltr'><strong>ﬂuminis</strong></span> <span class='ocrx_word' id='word_1_689' title='bbox 3387 5571 3625 5626; x_wconf 79' lang='lat' dir='ltr'><strong>Fuldaha</strong></span> 
     </span>
    </p>
   </div>
   <div class='ocr_carea' id='block_1_105' title="bbox 2049 5664 3627 5739">
    <p class='ocr_par' dir='ltr' id='par_1_105' title="bbox 2049 5664 3627 5739">
     <span class='ocr_line' id='line_1_106' title="bbox 2049 5664 3627 5739; baseline -0.005 -15"><span class='ocrx_word' id='word_1_690' title='bbox 2049 5666 2313 5739; x_wconf 90' lang='lat' dir='ltr'><strong>privilegii</strong></span> <span class='ocrx_word' id='word_1_691' title='bbox 2349 5668 2491 5725; x_wconf 87' lang='lat' dir='ltr'><strong>sedis</strong></span> <span class='ocrx_word' id='word_1_692' title='bbox 2518 5665 2821 5737; x_wconf 75' lang='lat' dir='ltr'><strong>apostolica:</strong></span> <span class='ocrx_word' id='word_1_693' title='bbox 2862 5664 3206 5723; x_wconf 86' lang='lat' dir='ltr'><strong>adminiculis</strong></span> <span class='ocrx_word' id='word_1_694' title='bbox 3243 5664 3545 5727; x_wconf 87' lang='lat' dir='ltr'><strong>decoretur,</strong></span> <span class='ocrx_word' id='word_1_695' title='bbox 3573 5670 3627 5729; x_wconf 87' lang='lat' dir='ltr'><strong>et</strong></span> 
     </span>
    </p>
   </div>
   <div class='ocr_carea' id='block_1_106' title="bbox 2588 5808 2614 5827">
    <p class='ocr_par' dir='ltr' id='par_1_106' title="bbox 2588 5808 2614 5827">
     <span class='ocr_line' id='line_1_107' title="bbox 2588 5808 2614 5827; baseline 0 0"><span class='ocrx_word' id='word_1_696' title='bbox 2588 5808 2614 5827; x_wconf 52' lang='grc' dir='ltr'><strong>Ὦ</strong></span> 
     </span>
    </p>
   </div>
  </div>
