4070 6310
442 286 540 340 771

1785 280 2058 337 NICOLAI
2094 268 2294 334 PAPZE
2333 277 2355 333 l

3604 277 3715 333 772

442 403 502 449 ut
532 393 633 450 sub
655 392 1030 463 jurisdictione
1055 401 1255 448 sanctae
1285 398 1482 446 nostra:
1507 389 1616 455 cui,
1644 388 1753 444 Deo
1779 399 2017 453 auctore,
2049 393 2100 450 Α
2126 402 2194 442 ne
2235 387 2289 440 in
2332 385 2419 441 die
2470 385 2634 440 divini
2663 385 2931 441 examinis
2972 399 3074 456 pro
3115 394 3303 441 nostra
3335 385 3543 441 desidia
3581 397 3715 443 ante

444 485 779 542 deservimus
816 485 1045 540 ecclesia
1071 483 1440 547 constitutum,
1471 479 1671 536 nullius
1702 480 1921 535 alterius
1940 492 2029 533 ec-

446 574 626 630 clesia:
649 574 1116 646 jurisdictionibus
1146 573 1516 637 submittatur;
1548 587 1645 641 pro
1674 587 1779 640 qua
1804 571 1908 640 piis
1935 571 2027 625 de-

445 664 659 721 sideriis
689 665 946 729 faventes,
984 665 1090 719 hac
1134 672 1318 717 nostra
1359 663 1649 716 autoritate
1688 661 1741 714 id
1765 661 1909 730 quod
1935 674 2028 713 ex-

445 758 688 829 poscitur
711 757 919 812 effectui
950 757 1343 825 mancipamus,
1374 766 1429 810 et
1461 756 1580 810 ideo
1607 768 1823 810 omnem
1850 752 2029 821 cujus-

447 848 580 903 libet
604 848 848 903 ecclesixe
882 848 1219 903 sacerdotem
1248 847 1301 900 in
1334 844 1557 915 praefato
1590 845 1917 900 monasterio
1942 844 2027 898 di-

447 940 678 996 ctionem
709 940 1008 1010 quamlibet
1056 940 1257 995 habere
1306 948 1362 993 et
1406 940 1787 993 auctoritatem
1831 944 2029 1006 praeter

447 1031 628 1086 sedem
666 1029 1011 1099 apostolicam
1042 1030 1412 1099 prohibemus,
1438 1028 1511 1082 ita
1558 1037 1636 1093 ut,
1674 1028 1776 1082 nisi
1816 1028 1884 1081 ab
1930 1026 2026 1081 ab-

440 1121 570 1175 bate
606 1119 920 1174 monasterii
948 1119 1111 1173 fuerit
1148 1118 1432 1183 invitatus,
1465 1132 1566 1172 nec
1611 1117 1898 1171 missarum
1929 1115 2030 1169 ibi-

374 1198 377 1199 ⁷
446 1209 567 1263 dem
608 1208 1007 1264 solemnitatem
1040 1209 1308 1279 quispiam
1340 1202 1630 1278 praesumat
1674 1206 1893 1262 omnino
1935 1220 2027 1261 ce-

442 1299 680 1366 lebrare,
708 1310 768 1354 ut
804 1299 1069 1370 profecto,
1104 1304 1258 1367 juxta
1300 1299 1353 1353 id
1391 1298 1535 1369 quod
1573 1298 1872 1369 subjectum
1901 1311 2030 1367 apo-

443 1390 651 1446 stolicae
677 1390 936 1445 ﬁrmitate
978 1390 1245 1461 privilegii
1294 1390 1541 1445 consistit
1590 1391 1908 1443 inconcusse
1935 1386 2030 1442 do-

445 1489 616 1536 tatum
646 1490 982 1552 permaneat,
1031 1482 1164 1537 locis
1191 1491 1247 1537 et
1287 1482 1448 1536 rebus
1488 1491 1598 1536 tam
1629 1481 1708 1535 eis
1746 1494 1878 1550 quas
1910 1493 2029 1533 mo-

446 1571 616 1628 derno
654 1575 895 1643 tempore
926 1581 1075 1628 tenet
1102 1573 1188 1628 vel
1215 1572 1476 1642 possidet,
1507 1586 1668 1641 quam
1697 1585 1817 1641 quae.
1847 1570 2030 1624 divina

446 1664 623 1735 pietas
671 1665 902 1720 voluerit
952 1680 1149 1736 augere
1199 1681 1268 1720 ex
1315 1663 1506 1729 donis,
1550 1670 1605 1717 et
1646 1661 2028 1727 oblationibus,

445 1755 779 1823 decimisque
811 1754 1071 1821 ﬁdelium,
1115 1756 1318 1824 absque
1350 1753 1512 1808 ullius
1542 1766 1786 1823 persona:
1815 1759 2031 1807 contra-

446 1844 704 1911 dictione,
755 1846 1009 1901 tirmitate
1054 1853 1313 1916 perpetua
1354 1843 1682 1914 perfruatur.
1765 1840 2033 1898 Caeterum

447 1952 602 2002 vero,
634 1939 737 1992 hoc
764 1937 1148 2002 deliberantes,
1206 1936 1495 2013 statuimus
1534 1943 1595 1990 ut
1621 1932 1874 2004 congruis
1898 1941 2034 1986 tem-

446 2028 672 2098 poribus
701 2037 898 2082 nostrae
925 2026 1272 2082 sollicitudini
1311 2025 1690 2107 egclesiasticae
1732 2024 2029 2089 intimetur,

449 2117 683 2188 qualiter
709 2119 899 2191 religio
928 2121 1224 2176 monastica
1255 2119 1489 2191 regulari
1520 2120 1708 2174 habitu
1745 2118 2031 2188 dirigatur,

448 2208 846 2279 concordiaque
881 2210 1222 2265 convenienti
1258 2210 1627 2267 ecclesiastico
1665 2210 1845 2266 studio
1881 2224 2035 2263 man-

450 2298 680 2368 cipetur,
732 2315 801 2356 ne
851 2298 1011 2367 forte,
1052 2306 1197 2371 quod
1242 2302 1404 2368 absit,
1442 2301 1542 2357 sub
1582 2301 1741 2372 hujus
1769 2298 2034 2371 privilegii

449 2390 674 2446 obtentu
723 2392 937 2448 animus
994 2408 1322 2465 gressusque
1382 2394 1726 2449 rectitudinis
1766 2401 1959 2448 vestrze
2002 2406 2036 2447 a

448 2496 641 2536 norma
681 2482 908 2553 justitiae
955 2483 1136 2554 aliquo
1167 2483 1328 2540 modo
1373 2493 1785 2555 retorqueatur;
1834 2482 2036 2539 consti-

449 2575 653 2630 tuimus
680 2590 893 2646 quoque
923 2592 1021 2646 per
1045 2575 1206 2646 hujus
1233 2577 1437 2633 decreti
1473 2577 1645 2632 nostri
1672 2574 1943 2647 paginam,
1976 2580 2037 2629 ut

451 2668 760 2739 quicunque
810 2669 1097 2740 cujuslibet
1143 2670 1387 2727 ecclesiae
1436 2671 1653 2742 praesul,
1682 2670 1767 2726 vel
1794 2685 2037 2740 quacun-

450 2774 556 2832 que
581 2761 843 2832 dignitate
872 2764 1083 2833 prodita
1113 2778 1367 2834 persona,
1396 2764 1537 2819 hanc
1572 2763 1743 2819 nostri
1770 2761 2034 2833 privilegii

454 2852 724 2918 chartam,
774 2870 935 2924 quam
983 2856 1306 2910 auctoritate
1354 2855 1615 2925 principis
1668 2853 2033 2924 apostolorum

450 2940 769 3007 ﬁrmamus,
816 2950 1085 2998 temerare
1130 2944 1456 3009 tentaverit,
1511 2943 1798 2998 anathema
1847 2943 1949 3008 sit,
1981 2950 2037 2998 et
2081 2990 2087 2996 .

447 3031 587 3085 iram
632 3032 728 3087 Dei
750 3032 1054 3098 incurrens,
1080 3047 1110 3086 a
1139 3041 1282 3089 coetu
1312 3033 1553 3087 omnium
1599 3041 1908 3088 sanctorum
1940 3047 2034 3087 ex-

2128 490 2398 531 summum
2462 486 2729 545 pastorem
2782 475 3119 547 negligentiae
3189 484 3372 531 reatus
3412 478 3717 545 excruciet,

2127 566 2271 621 unde
2316 566 2475 621 modo
2524 567 2750 621 honoris
2804 566 3107 621 reverentia
3173 566 3514 621 sublimiores
3571 569 3723 623 inter

2131 665 2362 712 caateros
2399 655 2727 725 judicamur.
2762 656 2987 710 Pallium
3024 665 3205 710 autem
3242 655 3571 710 fraternitati
3610 666 3723 712 tua:

2129 748 2196 803 ad
2268 749 2557 803 missarum
2623 748 2884 803 solemnia
2946 748 3266 803 celebranda
3343 750 3718 804 concedimus.

2130 840 2283 907 Quod
2314 849 2493 895 tamen
2532 857 2639 895 non
2682 841 2838 895 aliter
2890 840 3144 895 Ecclesiae
3190 851 3294 895 tua:
3334 840 3633 911 privilegiis
3662 843 3724 896 in

2129 947 2228 987 suo
2261 940 2402 987 statu
2446 931 2790 986 manentibus
2822 932 2895 985 uti
2927 932 3206 1002 largimur,
3240 932 3343 985 nisi
3374 933 3726 987 solummodo

2131 1025 2186 1079 in
2217 1026 2303 1079 die
2330 1033 2527 1080 sancta:
2573 1039 2637 1078 ac
2685 1026 2993 1079 reverendae
3038 1023 3449 1079 resurrectionis
3500 1023 3725 1079 Domini

2130 1115 2303 1170 nostri
2330 1114 2455 1170 Jesu
2482 1114 2704 1180 Christi,
2738 1131 2831 1170 seu
2861 1116 2912 1169 in
2942 1115 3202 1170 natalitiis
3242 1123 3555 1170 sanctorum
3580 1131 3721 1185 apo-

2132 1208 2413 1273 stolorum,
2445 1217 2605 1277 atque
2648 1207 2791 1263 beati
2835 1204 3087 1277 Baptista:
3117 1205 3361 1272 Joannis,
3391 1222 3493 1261 nec
3522 1222 3632 1261 non
3664 1208 3725 1262 in

2131 1299 2499 1368 assumptione
2540 1300 2712 1353 beatae
2752 1296 2848 1352 Dei
2899 1298 3177 1369 genitricis
3216 1296 3419 1362 Mariae,
3465 1297 3633 1352 simul
3662 1298 3723 1353 in

2131 1389 2423 1445 Dominica:
2461 1388 2716 1442 navitatis
2773 1387 2985 1442 Domini
3041 1387 3137 1442 Dei
3188 1387 3359 1442 nostri
3406 1386 3514 1451 die,
3564 1386 3723 1457 pari-

2136 1490 2324 1551 terque
2345 1481 2398 1535 in
2424 1479 2780 1535 solemnitatis
2805 1478 3050 1534 ecclesia:
3082 1488 3186 1532 tua:
3206 1478 3313 1543 die,
3334 1493 3525 1533 verum
3551 1479 3725 1533 etiam

2133 1577 2191 1625 et
2238 1569 2292 1623 in
2346 1568 2702 1624 ordinationis
2742 1576 2845 1623 tuae
2902 1567 3149 1638 natalitio
3200 1567 3550 1622 concedimus
3607 1568 3721 1633 die,

2136 1662 2277 1716 sicut
2311 1677 2340 1715 ι
2372 1661 2530 1716 beato
2554 1661 2952 1730 praedecessore
2986 1670 3173 1715 nostro
3194 1660 3426 1714 Domino
3451 1659 3725 1731 Gregorio

2061 1743 2109 1804 B
2135 1748 2299 1822 hujus
2328 1750 2484 1806 almae
2507 1751 2650 1806 sedis
2674 1751 2905 1821 praesule
2934 1751 3203 1806 sancitum
3251 1759 3360 1806 est.
3392 1751 3450 1805 ln
3483 1760 3727 1806 secreta-

2134 1844 2277 1899 rium
2298 1857 2428 1898 vero
2455 1842 2680 1898 induere
2705 1851 2795 1898 tua
2828 1842 3138 1898 fraternitas
3171 1842 3394 1913 pallium
3419 1844 3638 1908 debeat,
3669 1851 3729 1898 et

2132 1938 2212 1993 sic
2250 1937 2319 1992 ad
2360 1937 2647 1992 missarum
2691 1937 2954 1992 solemnia
3001 1935 3302 2006 proﬁcisci;
3346 1945 3401 1990 et
3435 1936 3572 1990 nihil
3620 1937 3726 1993 sibi

2134 2028 2364 2099 amplius
2391 2044 2525 2084 ausu
2555 2028 2858 2083 temerariae
2888 2026 3318 2097 prmsumptionis
3342 2040 3621 2097 arrogare,
3655 2041 3725 2081 ne

2135 2119 2260 2175 dum
2286 2121 2338 2175 in
2365 2120 2621 2175 exteriori
2648 2119 2831 2174 habitu
2850 2118 3155 2173 inordinate
3173 2117 3374 2188 aliquid
3398 2118 3722 2187 arripiatur,

2134 2211 2384 2267 ordinate
2407 2211 2572 2265 etiam
2603 2225 2723 2279 qua:
2759 2209 2926 2264 licere
2959 2217 3211 2279 poterant
3245 2209 3584 2264 amittantur.
3610 2209 3723 2264 Cu-

2129 2303 2218 2375 jus
2246 2304 2498 2375 quoniam
2531 2304 2825 2360 indumenti
2862 2303 3036 2359 honor
3061 2303 3304 2358 modesta
3331 2312 3548 2358 actuum
3570 2304 3727 2358 viva-

2135 2384 2300 2452 citate
2340 2396 2640 2451 servandus
2680 2402 2782 2461 est,
2831 2395 3112 2450 hortamur
3138 2402 3199 2449 ut
3227 2401 3281 2449 et
3322 2403 3520 2450 cuncta
3553 2402 3720 2450 orna-

2136 2496 2317 2543 menta
2346 2488 2691 2554 conveniant,
2717 2494 2981 2557 quatenus
3011 2495 3234 2541 auctore
3254 2486 3364 2542 Deo
3398 2496 3578 2542 rector
3602 2486 3725 2541 ubi-

2137 2594 2241 2649 que
2268 2580 2442 2649 possis
2464 2593 2583 2633 esse
2605 2577 2950 2647 conspicuus.

2207 2670 2394 2740 Itaque
2415 2670 2524 2724 vita
2562 2678 2654 2725 tua
2684 2669 2808 2724 ﬁliis
2837 2670 2943 2725 tuis
2969 2671 3037 2725 sit
3072 2669 3278 2742 regula.
3307 2669 3363 2725 ln
3390 2670 3507 2739 ipsa
3537 2670 3583 2725 si
3611 2684 3722 2739 qua

2136 2762 2398 2818 fortitudo
2440 2761 2545 2818 illis
2586 2761 2780 2830 injecta
2836 2771 2949 2829 est,
3000 2763 3322 2833 dirigantur,
3367 2762 3420 2816 in
3459 2777 3524 2816 ea
3573 2761 3723 2831 quod

2139 2853 2421 2909 imitentur
2445 2854 2744 2924 aspiciant;
2782 2855 2832 2908 in
2857 2855 2972 2924 ipsa
3000 2868 3057 2909 se
3080 2868 3293 2924 semper
3318 2852 3723 2909 considerando

2136 2943 2441 3013 proﬁciant,
2474 2952 2532 2998 ut
2565 2954 2734 3009 tuum,
2766 2952 2890 3015 post
2916 2944 3082 2999 Deum
3104 2984 3120 3009 ,
3147 2944 3397 2999 videatur
3420 2959 3543 2999 esse
3573 2943 3725 3013 quod

2137 3030 2275 3087 bene
2300 3032 2550 3087 vixerint.
2577 3031 2689 3087 Cor
2712 3048 2841 3104 ergo
2881 3048 3054 3101 neque
3079 3047 3334 3102 prospera
3363 3046 3484 3102 quae
3517 3041 3729 3102 tempo-

449 3123 617 3177 torris
663 3123 901 3188 existat,
949 3132 1003 3178 et
1052 3123 1402 3178 nihilominus
1457 3120 1666 3193 praefati
1717 3121 2029 3177 monasterii
2059 3092 2105 3153 Ο
2141 3123 2327 3177 raliter
2364 3124 2735 3189 blandiuntur,
2776 3092 3281 3196 extollant,.neqite
3320 3092 3547 3180 adversa
3587 3092 3724 3196 deji-

452 3213 687 3284 dignitas
721 3229 752 3268 a
782 3214 939 3269 nobis
971 3215 1173 3270 indulta
1203 3216 1588 3285 perpetualiter
1624 3215 1876 3270 inviolata
1905 3230 2025 3284 per-

454 3314 675 3360 maneat
709 3305 1004 3376 apostolica
1037 3306 1361 3361 auctoritate
1389 3305 1637 3360 subnixa.

524 3397 801 3470 Scriptum
831 3413 926 3469 per
955 3413 1171 3452 manum
1200 3397 1345 3455 Petri
1373 3398 1601 3464 notarii,
1624 3397 1872 3453 scrinarii
1901 3414 2033 3454 sau-

451 3498 553 3545 ctae
582 3488 840 3545 Romamn
865 3489 1140 3547 Ecclesize.
1193 3490 1248 3544 in
1294 3504 1479 3546 mense
1518 3490 1699 3553 Junio,
1723 3488 1909 3545 indict.
1934 3506 2031 3559 vn,

450 3576 596 3635 Bene
624 3579 823 3635 valete.

524 3672 719 3726 Datum
747 3671 808 3725 ll
839 3671 963 3727 ldus
987 3670 1178 3726 Iunias
1223 3687 1323 3742 per
1350 3688 1570 3728 manum
1615 3672 1814 3728 Tiberii
1847 3674 2035 3743 primi-

449 3762 581 3818 cerii
604 3773 805 3818 sanctae
830 3763 973 3819 sedis
997 3764 1323 3833 apostolicae.
1351 3763 1653 3838 Imperante
1686 3766 1883 3821 domno
1911 3766 2038 3837 piis-

449 3852 588 3907 simo
617 3854 862 3925 Augusto
898 3853 1170 3911 Ludovico
1195 3871 1226 3909 a
1249 3855 1361 3911 Deo
1388 3866 1666 3922 coronato,
1697 3872 1914 3928 magno,
1939 3872 2035 3928 pa-

449 3939 609 3999 ciﬁco
639 3945 999 4015 imperatore;
1015 3945 1325 4002 inductione
1352 3947 1599 4016 septima.
1627 3947 1821 4003 Amen.

1204 4036 1292 4091 Ill.

532 4140 598 4179 AD
631 4140 973 4184 ADELOVINUK
1007 4143 1448 4186 SALZBURGENSEI
1485 4144 1960 4187 ARCHIBPISCOPUI.

1069 4220 1249 4291 (Anno
1276 4218 1428 4293 860.)

919 4311 1083 4367 Pollii
1112 4330 1266 4369 usum
1301 4315 1557 4369 concedit.

447 4402 624 4475 [Apud
669 4403 1069 4476 Kleinmayern,
1097 4403 1454 4461 Nachricluen
1488 4421 1603 4460 vom
1630 4403 1896 4460 Zustande
1938 4405 2035 4461 der

552 4494 828 4567 Gegenden
856 4496 965 4550 und
1003 4496 1158 4553 Sladt
1185 4496 1429 4554 Juvavia.
1452 4529 1526 4539 —
1549 4497 1778 4570 Anhang

516 4585 785 4642 NICOLAUS
806 4586 1110 4657 episcopus,
1153 4603 1344 4645 servus
1391 4604 1672 4645 servorum
1705 4588 1823 4655 Dei,
1871 4603 2027 4644 reve-

444 4679 753 4735 rentissimo
775 4687 831 4735 et
851 4680 1193 4735 sanctissimo
1216 4679 1480 4736 confratri
1501 4690 1693 4737 nostro
1717 4681 2029 4738 Anstovuvo
2081 4668 2084 4671 λ

443 4769 695 4841 episcopo
724 4780 927 4827 sancta:
943 4768 1262 4827 Juvavensis
1292 4770 1568 4828 Ecclesiae.

514 4862 715 4918 Diebus
741 4863 863 4918 vitae
903 4879 1014 4918 sua:
1058 4864 1433 4920 tantummodo
1464 4864 1631 4920 solem
1662 4864 1892 4935 geluque
1929 4880 2027 4936 pro

443 4956 622 5028 gregis
640 4956 722 5010 sui
745 4957 987 5012 custodia
1011 4957 1097 5011 die
1120 4973 1184 5013 ac
1208 4964 1367 5013 nocte
1387 4956 1531 5013 ferre
1556 4960 1796 5013 contenti
1823 4965 1950 5012 sunt
1975 4969 2025 5024 α,

444 5057 501 5100 ut
530 5061 703 5116 neque
735 5060 801 5101 ex
829 5047 909 5103 eis
951 5056 1042 5102 aut
1070 5051 1302 5103 errando
1337 5058 1543 5120 pereat,
1576 5057 1671 5103 aut
1727 5048 1919 5104 ferinis
1950 5048 2027 5103 la-

444 5134 590 5192 niata
621 5139 893 5195 morsibus
920 5142 1163 5211 rapiatur
1208 5142 1382 5197 oculis
1423 5156 1641 5213 semper
1682 5142 2027 5213 vigilantibus

442 5232 917 5302 circumspectant,
944 5243 1146 5302 quanto
1190 5235 1386 5289 sudore
1417 5248 1726 5304 quantaque
1751 5250 1882 5290 cura
1925 5235 2023 5290 de-

442 5325 632 5378 bemus
656 5337 776 5378 esse
818 5325 1123 5395 pervigiles,
1155 5342 1254 5381 nos
1289 5326 1382 5396 qui
1422 5336 1673 5395 pastores
1720 5316 2023 5381 animarum

441 5414 692 5479 dicimur,
722 5415 1060 5469 attendamus
1083 5426 1137 5470 et
1167 5425 1475 5486 susceptum
1502 5415 1739 5472 ofﬁcium
1766 5416 2023 5471 exhibere

439 5522 566 5578 erga
590 5508 886 5562 custodiam
922 5508 1322 5563 Dominicarum
1357 5510 1540 5564 ovium
1582 5526 1685 5565 non
1726 5524 2022 5575 cessemus,

2137 3214 2313 3281 ciant;
2360 3214 2453 3269 sed
2499 3215 2758 3286 quidquid
2803 3215 2934 3270 illud
2978 3214 3159 3281 fuerit,
3207 3216 3405 3270 virtute
3446 3217 3725 3286 patientiae
3804 3208 3813 3211 Ἴ

2137 3307 2471 3362 dcvincatur.
2496 3305 2710 3362 Nullum
2744 3308 2884 3378 apud
2932 3316 2986 3362 te
3031 3308 3206 3363 locum
3254 3308 3461 3372 odium,
3513 3307 3721 3362 nullum

2136 3397 2291 3453 favor
2334 3400 2658 3455 indiscretus
2699 3399 2961 3455 inveniat.
3006 3400 3317 3455 Districtum
3355 3408 3402 3454 te
3450 3399 3577 3453 mali
3622 3416 3721 3456 eoo

2135 3500 2425 3562 gnoscant;
2475 3492 2745 3547 insontem
2793 3492 2933 3563 apud
2978 3500 3031 3546 te
3070 3491 3389 3561 culpabilem
3444 3492 3725 3562 suggestio

2136 3587 2278 3640 mala
2330 3601 2436 3641 non
2483 3585 2683 3651 faciat;
2735 3595 3022 3641 nocentem
3063 3586 3235 3657 gratia
3286 3600 3393 3639 non
3446 3592 3721 3640 excuset:

2138 3678 2430 3732 remissum
2462 3686 2513 3731 te
2539 3676 2975 3746 delinquentibus
3001 3692 3107 3731 non
3138 3675 3412 3739 ostendas,
3457 3690 3526 3729 ne
3575 3673 3724 3744 quod

2135 3768 2282 3823 ultus
2312 3783 2420 3823 non
2462 3766 2650 3833 fueris,
2693 3766 2994 3837 perpetrari
3024 3766 3328 3836 permittas.
3357 3764 3437 3819 Sit
3488 3765 3543 3819 in
3586 3773 3639 3818 te
3666 3771 3723 3819 et

2134 3857 2261 3913 boni
2291 3856 2525 3931 pastoris
2551 3854 2799 3921 dulcedo,
2831 3856 2901 3909 sit
2925 3865 2978 3909 ct
2992 3855 3192 3924 judicis
3223 3870 3407 3909 severa
3423 3852 3718 3915 districtio,

2134 3964 2300 4005 unum
2323 3950 2467 4018 quod
2508 3948 2826 4001 innocenter
2852 3946 3095 4000 viventes
3134 3943 3332 4008 foveat,
3380 3943 3524 3997 aliud
3574 3942 3721 4011 quod

2134 4040 2406 4111 inquietos
2449 4038 2719 4094 feriendos
2742 4053 2772 4092 a
2800 4037 3064 4111 pravitate
3092 4044 3418 4106 compescat.
3452 4033 3558 4089 Sed
3584 4048 3722 4103 quo~

2134 4131 2279 4186 niam
2318 4144 2705 4198 nonnunquam
2752 4127 3162 4198 prazpositorum
3193 4125 3339 4179 zelus
3377 4125 3503 4179 dum
3531 4122 3720 4176 distri-

2133 4231 2254 4278 ctus
2278 4220 2544 4275 malorum
2570 4218 2683 4273 vult
2708 4218 2903 4272 vindex
2929 4217 3185 4281 existere,
3215 4214 3412 4269 transit
3434 4214 3490 4267 in
3517 4214 3716 4268 crude-

2135 4312 2342 4369 litatem
2374 4311 2668 4381 correptio,
2702 4310 2836 4364 iram
2866 4309 3070 4380 judicio
3105 4307 3338 4372 refrena,
3382 4315 3438 4361 et
3481 4321 3716 4360 censura

2137 4405 2432 4476 disciplina:
2462 4404 2540 4459 sic
2567 4412 2740 4467 utere,
2780 4412 2841 4455 ut
2887 4409 2941 4454 et
2970 4399 3155 4469 culpas
3199 4398 3381 4461 ferias,
3430 4406 3488 4452 et
3512 4413 3543 4452 a
3576 4396 3715 4451 dile-

2057 4465 2112 4527 Β
2135 4497 2312 4553 ctione
2332 4510 2689 4567 personarum
2716 4508 2851 4562 quas
2877 4491 3103 4561 corrigis
3130 4505 3236 4544 non
3272 4488 3515 4545 recedas.
3546 4486 3713 4542 Mise-

2136 4590 2401 4646 ricordem
2452 4596 2525 4652 te,
2574 4594 2735 4656 prout
2766 4585 2938 4639 virtus
2985 4583 3208 4654 patitur,
3247 4581 3576 4652 pauperibus
3616 4594 3715 4634 ex-

2134 4681 2292 4747 hibe;
2324 4678 2597 4749 oppressis
2643 4675 2885 4731 defensio
2926 4682 3016 4728 tua
3056 4674 3369 4736 subveniat;
3401 4672 3715 4742 opprimena

2137 4775 2278 4831 tibus
2323 4773 2567 4828 modesta
2618 4770 2760 4825 ratio
2819 4766 3192 4831 contradicat;
3257 4764 3456 4819 nullius
3518 4763 3713 4817 faciem

2135 4878 2323 4925 contra
2339 4866 2607 4936 justitiam
2638 4864 2874 4933 accipias
2904 4860 3213 4934 [aspicias];
3245 4859 3450 4915 nullum
3476 4875 3709 4929 quer-em

2131 4970 2240 5017 tem
2256 4959 2399 5029 iusta
2422 4958 2708 5028 despicias.
2729 4956 2983 5012 Custodia
3005 4955 3057 5009 in
3090 4964 3142 5009 te
3166 4954 3435 5024 mquitatis
3453 4954 3711 5019 excellat,

2130 5063 2319 5108 utnec
2370 5052 2593 5106 divitem
2643 5048 2882 5119 potentia
2932 5062 3029 5103 sua
3078 5048 3281 5117 aliquid
3328 5047 3469 5117 apud
3511 5063 3608 5102 vos
3643 5062 3713 5102 ex

2131 5144 2280 5199 rabie
2333 5142 2511 5217 [extra
2575 5139 2738 5212 viam]
2799 5140 3024 5194 suadeat
3074 5139 3301 5194 rationis
3346 5140 3569 5203 audere,
3612 5157 3713 5194 nec

2129 5251 2421 5307 pauperem
2468 5235 2536 5289 de
2582 5249 2641 5289 se
2697 5247 2793 5287 sua
2838 5231 3112 5286 humilitas
3154 5231 3318 5286 faciat
3365 5232 3655 5302 desperare
3692 5251 3709 5285 :

2130 5335 2396 5397 quatenus
2426 5327 2534 5381 Deo
2572 5324 2864 5379 miserante
2888 5322 3035 5377 utilis
3076 5322 3255 5392 possis
3296 5323 3551 5389 existere,
3579 5339 3714 5392 qua-

2130 5419 2234 5473 lem
2265 5433 2418 5472 sacra
2442 5415 2600 5471 lectio
2618 5414 2873 5486 praecepit
2897 5412 3084 5470 dicens
3115 5433 3128 5468 :
3164 5415 3379 5485 Oportet
3405 5415 3705 5483 episcopum

2129 5510 2625 5583 irreprchensibilem
2656 5526 2785 5563 esse.
2816 5507 2926 5565 Sed
2958 5508 3044 5563 his
3072 5508 3324 5563 omnibus
3360 5510 3437 5561 uti
3470 5506 3707 5561 salubri-

512 5634 535 5662 ι
569 5622 728 5696 Deest
755 5621 975 5692 aliquid.
994 5622 1179 5696 _Epist.
1210 5622 1308 5688 87,
1336 5624 1402 5678 ad
1425 5623 1775 5681 Rembertum
1802 5639 1816 5680 :
1852 5624 1912 5681 Si
1940 5634 2172 5696 pastores
2208 5626 2378 5680 ovium
2407 5622 2567 5679 solem
2594 5622 2811 5693 geluque
2836 5638 2930 5691 pro
2951 5612 3127 5693 ‘gregit
3168 5618 3253 5676 sui
3272 5619 3511 5675 custodia
3534 5619 3619 5673 die
3647 5636 3709 5673 ac

443 5690 585 5746 nocte
615 5694 751 5762 ferre
779 5690 1004 5749 contenti
1030 5690 1169 5757 sunt,
1199 5706 1273 5759 ut,
1306 5702 1411 5748 etc.
