4070 6310
286 270 391 332 ’175

1486 274 1844 333 EPISTOL/E
1884 278 1972 333 ET
2008 279 2345 339 DECRETA.

3461 287 3563 341 774

285 401 373 494 ⁸⁸(
391 387 613 496 pueri?"
629 386 675 496 si
696 388 1017 496 Paﬁ‘fmm
1039 388 1364 496 c‘hariff'lem
1391 388 1681 496 93"?"‘53
1706 404 1870 496 ‘1"an
1899 397 1946 453 Α
1977 423 2058 479 bis
2082 423 2467 493 patriarcham,
2491 426 2606 480 sine
2630 423 2856 480 Romani
2879 424 3126 481 consultu
3154 424 3437 496 pontificis.
3464 423 3569 480 ibi-

283 483 374 552 qui
426 489 659 536 sacculus
694 479 876 543 fuerit,
909 495 937 534 a
968 489 1118 536 recto
1167 480 1458 551 aliquando
1507 481 1720 535 tramite
1761 495 1869 535 non

286 570 511 626 recedit.
549 570 707 633 Ecce,
749 570 919 625 frater
958 571 1306 639 charissime,
1358 571 1500 627 inter
1550 571 1717 626 multa
1765 570 1871 626 alia

284 671 369 716 Sta
399 671 524 716 sunt
553 661 863 723 sacerdotii.
893 663 991 716 ista
1022 671 1146 718 sunt
1168 657 1348 734 pallii';
1388 680 1509 735 qua:
1534 663 1579 719 si
1606 664 1871 731 studiose,

286 754 620 815 servaveris,
673 754 814 823 quod
857 752 990 809 foris
1044 740 1318 826 accepisse
1368 758 1695 825 ostenderis,
1730 759 1875 816 intus

287 843 529 901 habebis.
547 843 745 899 Sancta
763 846 1000 902 Trinitas
1024 846 1419 905 fraternitatem
1436 840 1670 907 vestram
1688 853 1875 923 gratia:

288 954 401 992 sum
437 939 770 1008 protectione
800 941 1116 997 circumdet.
1146 943 1323 1012 Atque
1350 944 1421 998 ita
1456 943 1509 997 in
1551 944 1764 1001 timoris
1791 945 1874 1000 sui

286 1029 373 1083 via
401 1028 619 1101 dirigat,
650 1039 707 1084 ut
734 1040 855 1101 post
879 1032 1039 1103 hujus
1054 1034 1174 1089 vita:
1189 1035 1608 1090 amaritudinem
1636 1036 1877 1092 adzeter-

286 1136 414 1175 nam
452 1123 613 1180 simul
640 1122 977 1181 dulcedinem
1013 1127 1295 1196 pervenire
1321 1142 1645 1184 mereamus.
1675 1129 1869 1185 Amen.

360 1219 633 1297 scriptum
663 1232 761 1288 per
789 1233 1007 1272 manum
1033 1217 1270 1284 Soronii,
1300 1219 1801 1291 notariiregionarii
1824 1229 1879 1277 et

286 1312 556 1370 scriniarii
589 1318 791 1366 sanetae
820 1309 1081 1366 Romanze
1110 1310 1389 1378 Ecclesiae,
1424 1312 1480 1367 in
1501 1325 1691 1368 mense
1714 1311 1873 1380 Maio,

287 1404 585 1463 indictione
614 1419 731 1459 VIII.

628 1596 697 1640 AD
733 1598 1038 1640 HICUAELEM
1079 1601 1461 1642 IMPERATOREH
1484 1598 1532 1641 ⁸.

884 1674 902 1746 (
928 1673 1082 1728 Anno
1118 1674 1286 1747 860.)

290 1764 641 1840 Conqueritur
685 1766 942 1840 synodum
981 1765 1445 1840 Constantinopoli
1488 1766 1714 1840 injussu
1743 1765 1882 1820 sedis

362 1836 660 1907 apostolica:
688 1836 872 1907 ausum
913 1836 1074 1905 fuisse
1104 1837 1373 1906 lgnatiunt
1400 1836 1600 1907 honore
1633 1837 1841 1906 prirare
1866 1877 1882 1902 ,

362 1906 410 1962 et
432 1910 485 1973 in
507 1908 805 1978 ejuslocum
825 1906 1074 1960 Photium
1095 1908 1420 1962 substituere.
1447 1906 1684 1961 Ostendit
1706 1909 1884 1961 multis

297 2035 301 2038 ,
364 1980 654 2032 rationibus
682 1979 877 2032 laicum
907 1979 977 2030 ad
1007 1978 1321 2047 pontificalis
1360 1978 1625 2047 dignitatis
1659 1979 1884 2046 gradum

363 2050 706 2103 conscendere
752 2066 854 2103 non
893 2045 1060 2118 posse.
1105 2045 1496 2102 Promotionem
1550 2045 1728 2102 I’Ito’tii
1779 2065 1883 2101 non

364 2119 469 2173 vult
498 2120 854 2188 comprobare,
882 2119 982 2171 nisi
1006 2120 1151 2191 prius
1173 2135 1332 2172 causa
1346 2136 1385 2191 _a
1400 2119 1592 2191 legatis
1617 2119 1886 2191 examinec

363 2199 472 2251 tur,
510 2200 556 2242 et
587 2192 655 2243 ad
688 2206 742 2243 se
771 2191 971 2258 integra
1012 2188 1295 2256 deferatur.
1336 2188 1436 2242 llis
1470 2188 1709 2258 adjuugit
1755 2205 1886 2242 non-

363 2260 506 2313 nulla
531 2260 596 2331 de
615 2261 903 2331 imaginum
927 2259 1260 2331 alterations;
1282 2269 1455 2330 estque
1475 2259 1695 2331 epistola
1711 2259 1883 2331 prima

363 2331 521 2400 missa
543 2330 607 2383 ab
631 2328 1058 2400 apostolica__sede
1077 2329 1146 2382 ad
1177 2328 1543 2400 imperatorem
1572 2328 1884 2385 illic/faelem

363 2347 521 2384 missa
543 2347 607 2383 ao
631 2347 661 2382 a
702 2347 917 2383 ostouca
940 2347 1058 2382 seae
1077 2347 1145 2382 aa
1177 2347 1531 2400 imperatorem

360 2417 454 2472 per
474 2347 805 2454 Itodoafb‘um
834 2410 880 2453 et
910 2396 1226 2453 Zachariam
1248 2401 1531 2471 episcopos.

417 2512 595 2585 [Apud
626 2511 819 2577 Mansi,
848 2510 1009 2566 Cone.
1039 2521 1169 2566 tom.
1195 2511 1314 2577 XV,
1344 2511 1448 2569 col.
1482 2512 1637 2568 1624
1651 2511 1764 2585 67.]

364 2604 634 2660 Nicouus
659 2603 974 2675 epiSCOpus,
1007 2617 1196 2658 servus
1222 2619 1503 2660 servorum
1535 2604 1652 2670 Dei,
1683 2604 1883 2661 dilecto

290 2696 403 2752 ﬁlio
428 2695 690 2750 MICIIAELI
721 2694 955 2765 glorioso
977 2695 1289 2764 imperatori
1319 2694 1653 2751 Grmcorum.
1718 2728 1721 2731 -

364 2785 733 2857 Principatum
774 2785 957 2856 itaque
991 2786 1187 2840 divina:
1220 2786 1506 2856 potestatis
1532 2828 1546 2852 ,
1592 2785 1736 2856 quod
1765 2801 1884 2843 om-

290 2878 441 2933 nium
471 2876 716 2933 cenditor
738 2875 924 2931 electis
953 2876 1066 2931 suis
1092 2875 1350 2946 apostolis
1377 2875 1606 2948 largitus
1632 2885 1715 2933 est
1735 2917 1752 2942 ,
1793 2892 1885 2932 su-

289 2986 389 3041 per
413 2970 641 3025 solidam
670 2968 833 3024 ﬁdem
867 2967 1235 3039 apostolorum
1274 2967 1534 3038 principis
1584 2967 1761 3037 (Petri
1799 2967 1883 3021 vi-

292 3063 530 3133 delicet)
557 3060 882 3116 soliditatem
914 3061 1271 3127 constituens,
1302 3060 1418 3131 ejus
1446 3060 1744 3133 egregium,
1773 3061 1883 3117 into

290 3154 521 3224 primam
554 3151 734 3207 sedem
770 3151 1107 3208 deliberavit.
1138 3150 1274 3207 Nam
1303 3167 1435 3208 voce
1472 3151 1738 3209 dominica
1784 3152 1885 3223 ipsi

291 3246 497 3301 dictum
525 3243 739 3299 fuerat:
775 3241 853 3296 Tu
881 3260 934 3298 es
959 3241 1149 3298 Petrus
1174 3284 1188 3310 ,
1230 3254 1277 3300 et
1316 3260 1473 3315 super
1511 3246 1648 3299 hanc
1683 3255 1886 3316 petram

292 3337 567 3406 mdiﬁcabo
595 3334 868 3391 ecclesiam
907 3353 1076 3391 meant
1104 3350 1122 3389 :
1151 3347 1199 3391 et
1230 3348 1394 3408 porlte
1431 3336 1589 3406 inferi
1618 3355 1723 3394 non
1748 3356 1887 3408 pra:-

292 3427 537 3482 valebunt
575 3426 824 3480 adversus
864 3441 979 3480 eam
1012 3425 1237 3497 (Matth.
1268 3427 1401 3499 xvr).
1433 3426 1629 3483 Petrus
1655 3428 1889 3498 denique

295 3536 325 3574 a
354 3518 610 3573 firmitate
636 3527 822 3587 petra},
853 3532 973 3588 qua:
999 3517 1246 3573 Christus
1271 3528 1374 3584 est,
1406 3528 1734 3575 structuram
1761 3520 1886 3574 uni-

294 3608 520 3663 versalis
557 3607 815 3663 Ecclesia:
856 3607 1264 3676 inconcussam,
1297 3620 1353 3666 ct
1378 3609 1501 3665 lidei
1529 3611 1724 3666 robore
1760 3610 1892 3666 soli-

296 3701 504 3765 datam,
532 3699 601 3754 ita
627 3699 875 3770 precibus
897 3699 1010 3755 suis
1037 3701 1249 3755 munire
1276 3718 1380 3756 non
1403 3711 1602 3768 cessat,
1624 3711 1683 3755 ut
1703 3716 1886 3756 erran-

298 3791 432 3845 tium
472 3789 746 3845 vesaniam
776 3799 938 3846 recta:
966 3790 1087 3845 lidei
1118 3806 1306 3846 norma
1332 3792 1627 3849 reformare
1648 3793 1888 3861 festinet,

295 3898 505 3939 necnon
531 3883 794 3951 intrepide
817 3898 934 3938 eam
962 3884 1362 3941 consolidantes
1393 3900 1740 3943 remunerare
1765 3902 1892 3956 pro-

297 3987 494 4032 curet:
528 3987 794 4046 quatenus
837 3988 1005 4047 porta:
1049 3977 1208 4033 inferi
1233 4018 1249 4044 ,
1299 3977 1657 4050 malignorum
1684 3980 1894 4049 .utique

297 4071 585 4141 spirituum
616 4071 1012 4141 suggestiones,
1039 4081 1201 4140 atque
1231 4071 1610 4126 lmreticorum
1633 4071 1889 4142 impetus,

299 4177 407 4216 non
445 4159 774 4231 praevaleant
813 4158 1053 4229 ejusdem
1094 4160 1349 4217 Ecclesia:
1387 4160 1651 4216 unitatem
1698 4162 1895 4216 refrin-

298 4272 447 4328 gere.
476 4255 815 4327 Quapropter
855 4256 966 4311 Deo
1003 4255 1356 4326 omnipotenti
1402 4255 1726 4326 multiplices
1757 4255 1895 4311 refe-

298 4350 471 4404 rimus
498 4356 700 4418 grates,
724 4346 816 4417 qui
846 4355 1026 4402 vestro
1049 4347 1253 4417 pectori
1274 4347 1377 4402 hoc
1400 4346 1681 4402 infundere
1704 4347 1895 4418 digna-

301 4448 390 4493 tus
425 4447 538 4503 est,
584 4445 642 4492 ut
681 4435 920 4493 fautores
943 4437 1200 4493 Ecclesia:
1230 4438 1323 4492 Dei
1352 4434 1527 4492 effecti
1546 4478 1561 4503 ,
1588 4437 1893 4493 concordiae

299 4530 477 4601 ipsius.
504 4528 819 4585 desideretis
848 4528 1063 4595 favere,
1100 4542 1169 4585 ne
1203 4529 1395 4600 quavis
1419 4527 1662 4599 rubigine
1691 4528 1894 4585 erroris
1925 4511 1972 4568 ο

299 4630 654 4677 consumatur
674 4620 1016 4690 pulchritudo
1039 4620 1186 4686 fidei,
1213 4630 1269 4675 et
1288 4620 1568 4692 frangatur
1591 4620 1893 4675 intellectus

300 4712 613 4784 apostolicae
656 4712 984 4768 traditionis.
1025 4712 1109 4767 Ad
1147 4713 1305 4783 cujus
1348 4714 1548 4767 etenim
1591 4712 1765 4784 (sicut
1792 4711 1893 4782 ipsi

301 4809 455 4865 scitis
480 4809 499 4880 )
539 4809 902 4878 integritatem
926 4807 1325 4864 observationis
1352 4806 1629 4863 multoties
1649 4821 1891 4863 conven-

305 4909 393 4954 tus
428 4898 602 4954 factus
623 4898 786 4954 fuerit
812 4907 1121 4954 sanctorum
1150 4898 1393 4962 Patrum,
1423 4913 1452 4951 a
1483 4898 1678 4967 quibus
1714 4906 1770 4951 et
1802 4897 1894 4952 de-

302 4994 590 5049 liberatum
633 5008 699 5048 ac
745 4995 1092 5050 observatum
1137 4993 1359 5060 existit,
1410 4993 1645 5063 qualiter
1688 4995 1895 5065 absque

305 5088 562 5142 Romana:
591 5083 757 5152 sedis,
785 5084 1124 5156 Romanique
1148 5085 1418 5156 pontiticis
1444 5102 1709 5141 consensu
1730 5127 1744 5151 ,
1778 5087 1895 5140 nul—
1936 5140 1943 5143 _

304 5181 410 5235 lius
472 5178 805 5248 insurgentis
864 5179 1269 5235 deliberationis
1329 5181 1593 5234 terminus
1651 5180 1891 5235 daretur.

304 5273 473 5345 Igitur
493 5287 523 5327 a
544 5271 700 5328 vobis
721 5270 1191 5341 Constantinopoli
1206 5281 1591 5342 congregatum
1606 5272 1893 5328 concilium

307 5366 391 5437 (ut
424 5366 619 5421 vestris
659 5364 904 5435 apicibus
940 5365 1141 5420 nostris
1173 5365 1477 5420 iutimatum
1506 5374 1591 5421 est
1624 5366 1847 5422 auribus
1877 5367 1896 5436 )

308 5458 469 5530 hujus
501 5458 707 5514 tenoris
728 5460 923 5515 seriem
950 5458 1374 5530 parvipendens,
1413 5460 1482 5516 ab
1519 5460 1782 5515 institutis
1809 5475 1901 5515 su-

307 5550 566 5621 pradictis
601 5565 820 5605 manum
849 5549 1296 5606 considerationis
1327 5565 1439 5606 sua:
1472 5550 1749 5607 reflectere
1789 5565 1898 5606 non

310 5641 628 5712 trepidavit;
658 5643 794 5697 adeo
820 5650 879 5696 ut
898 5642 1159 5713 lgnatium
1182 5656 1346 5712 supra
1362 5641 1475 5712 jam
1495 5644 1785 5699 nominata:
1808 5659 1899 5699 ur-

1974 516 2093 571 dem
2150 526 2325 573 coetus
2379 520 2704 575 conveniens
2753 519 2974 590 proprio
3024 522 3290 589 privasset
3336 521 3561 574 honore.

1974 598 2125 673 Quod
2154 623 2314 677 quam
2338 608 2409 663 sit
2437 610 2855 680 reprehensione
2883 610 3126 681 dignum,
3174 618 3340 665 testes
3369 609 3442 664 illi
3473 608 3565 679 qui

1974 700 2023 756 ei
2046 700 2277 769 oppositi
2308 699 2541 764 fuerant,
2575 700 2925 757 manifestant
2954 718 2968 754 :
3006 700 3134 771 quia
3167 700 3304 756 tales
3337 716 3473 770 tlilOS
3512 700 3567 755 in

1975 790 2200 862 epistola
2221 802 2397 847 vestra
2424 792 2668 863 legimus,
2702 792 2961 848 canonica
2985 794 3249 848 institutio
3270 794 3517 862 prohibet
3546 807 3564 847 :

1977 894 2033 938 et
2064 882 2329 938 invidiose
2352 884 2506 937 datos
2534 882 2820 937 manifeste
2848 883 3035 947 claret,
3060 884 3312 952 quoniam
3334 897 3432 937 nec
3451 881 3567 951 ipse

1976 975 2197 1047 proprio
2219 990 2313 1029 ore
2339 974 2707 1029 manil’estavit
2741 974 2760 1045 (
2783 983 2843 1027 ut
2869 974 3183 1029 directionis
3207 981 3400 1028 vestra:
3426 988 3568 1028 asse-

1978 1078 2105 1124 runt
2132 1069 2327 1124 littera:
2347 1079 2366 1139 )
2397 1067 2487 1121 illa
2515 1084 2635 1138 qum
2660 1068 2711 1122 ei
2739 1067 3163 1138 objiciebantur,
3193 1082 3371 1136 neque
3408 1081 3568 1122 accu-

1977 1171 2189 1218 satores
2214 1161 2357 1216 illius
2385 1161 2676 1216 secundum
2708 1175 2986 1216 sacrorum
3015 1175 3282 1215 canonum
3322 1160 3566 1221 instituta

1979 1254 2365 1323 probaverunt.
2395 1250 2661 1307 Cancrum
2691 1251 2777 1306 bis
2796 1250 2958 1305 etiam
2986 1250 3067 1305 sic
3092 1249 3289 1317 injuste
3313 1249 3567 1320 peractis,

1979 1342 2048 1399 ad
2089 1341 2492 1398 detestabiliora
2530 1339 3039 1396 inconsiderationis
3066 1355 3187 1409 suae
3217 1347 3435 1403 votum,
3474 1354 3571 1394 su-

1976 1434 2282 1506 pradictam
2316 1432 2498 1503 populi
2528 1442 2802 1488 catervam
2836 1430 3117 1502 dirigendo
3142 1471 3156 1496 ,
3202 1432 3267 1486 de
3306 1431 3567 1486 laicorum

1980 1525 2166 1580 habitu
2196 1524 2288 1594 qui
2315 1525 2364 1580 ei
2391 1532 2646 1593 praeesset
2672 1523 2821 1594 eligit
2845 1532 3136 1593 pastorem.
3164 1522 3209 1577 0
3241 1537 3404 1592 quam
3431 1538 3574 1593 prae-

1982 1617 2294 1686 sut'nptuosa
2325 1619 2631 1672 temeritas!
2668 1617 2756 1672 ille
2776 1617 3109 1687 praeponitur
3126 1615 3253 1671 ovili
3276 1616 3457 1670 divino
3479 1613 3572 1685 qui

1912 1743 1959 1803 Β
1987 1713 2157 1768 nescit
2187 1713 2363 1767 adhuc
2388 1711 2653 1766 dominari
2686 1711 2900 1780 spiritui
2926 1724 3043 1765 suo.
3074 1708 3210 1762 Nam
3233 1708 3323 1777 qui
3358 1709 3575 1778 ignorat

1988 1808 2274 1878 disponere
2317 1808 2480 1862 vitam
2516 1821 2671 1862 suam
2714 1820 2812 1876 per
2840 1803 3039 1875 gradus
3066 1802 3321 1857 Ecclesia:
3352 1801 3576 1856 minime

1986 1901 2203 1964 ductus,
2235 1901 2508 1969 quomodo
2533 1897 2806 1968 corrigere
2829 1895 3004 1966 quibit
3027 1895 3191 1948 vitam
3225 1893 3454 1948 alienam
3485 1908 3578 1948 su-

1985 1992 2098 2048 bito
2132 1993 2377 2047 electus?
2406 1991 2654 2046 Latuisse
2681 2004 2778 2044 vos
2807 2004 2913 2043 non
2949 1986 3254 2051 credimus,
3285 1987 3415 2056 quid
3449 2000 3553 2055 apo

1985 2085 2249 2141 stolarum
2281 2083 2454 2155 egerit
2483 2090 2658 2137 costus
2689 2088 2815 2150 post
2858 2086 3140 2148 acceptum
3169 2080 3366 2133 donum
3404 2076 3577 2132 sancti

1987 2174 2242 2245 Spiritus.
2289 2174 2427 2229 Ecce
2457 2173 2658 2228 etenim
2689 2172 2788 2241 ipsi
2818 2164 3035 2226 visione'
3049 2170 3259 2224 Domini
3282 2211 3296 2234 ,
3332 2178 3394 2224 et
3431 2168 3577 2224 locu-

1986 2268 2133 2323 tione
2156 2265 2297 2321 illius
2327 2266 2568 2329 assidua,
2593 2262 2943 2333 ejusdemque
2970 2262 3370 2319 resurrectione
3400 2262 3578 2317 laetifi-

1984 2360 2133 2426 cati,
2166 2368 2327 2429 atque
2365 2358 2535 2427 gratia
2575 2355 2834 2426 spiritalis
2889 2356 3183 2410 descensus
3228 2353 3579 2422 consolidati,

1985 2464 2092 2507 non
2138 2457 2600 2521 prmsumpserunt
2650 2447 2718 2502 de
2759 2445 2948 2502 electis
2986 2445 3326 2516 septuaginta
3369 2445 3581 2500 duobus

1985 2542 2186 2614 eligere
2216 2550 2324 2595 tam
2355 2540 2615 2594 audacter
2643 2539 3045 2603 duodecimum,
3072 2537 3163 2607 qui
3186 2536 3336 2592 Iuda:
3362 2550 3573 2606 przeva-

1986 2632 2236 2689 ricatoris
2263 2630 2536 2700 suppleret
2570 2629 2747 2684 locum
2781 2647 2794 2682 :
2825 2630 2919 2684 sed
2954 2644 3052 2699 per
3081 2628 3284 2699 gradus
3317 2629 3581 2699 quosdam

1986 2721 2087 2794 (ut
2112 2721 2183 2775 ita
2206 2719 2418 2775 dicatur
2441 2718 2459 2790 )
2483 2719 2550 2773 de
2574 2718 2991 2788 septuagenario
3010 2715 3331 2787 binarioque
3351 2732 3579 2772 numero

1984 2811 2262 2881 elegerunt
2279 2809 2436 2875 duos,
2464 2807 2662 2878 Joseph
2690 2807 2781 2877 qui
2810 2807 3105 2862 vocabatur
3129 2805 3335 2873 Justus,
3362 2816 3418 2863 et
3437 2805 3580 2865 Mat-

1985 2902 2157 2958 thiam
2197 2901 2349 2973 (Act.
2380 2899 2443 2971 ι).
2487 2899 2554 2954 Ει
2584 2899 2665 2955 sic
2690 2914 2758 2955 ex
2789 2898 2897 2963 his,
2927 2912 3088 2968 quem
3118 2897 3273 2953 alteri
3299 2913 3581 2970 praepone-

1987 3003 2109 3051 rent
2134 2994 2353 3049 interim
2383 2992 2698 3063 ignorantes
2722 3030 2737 3058 ,
2778 2974 3019 3045 divinum
3063 3004 3293 3045 examen
3340 2988 3583 3061 postula—

1912 3104 1958 3168 ρ
1990 3103 2137 3152 vere,
2157 3087 2527 3155 electioneque
2542 3084 2688 3149 data,
2711 3085 2800 3153 qui
2822 3083 3074 3138 humanis
3089 3084 3368 3140 obtutibus
3382 3081 3583 3152 justior

1989 3178 2293 3244 videbatur,
2339 3191 2523 3231 coram
2549 3172 2859 3229 Divinitatis
2900 3181 3191 3244 conspectu
3231 3172 3455 3228 inferior
3494 3178 3583 3228 est

1987 3270 2259 3326 inventus.
2299 3267 2467 3341 Igitur
2501 3267 2643 3322 illius
2668 3267 3103 3338 congregationis
3135 3276 3363 3322 conatus
3386 3308 3400 3331 ,
3445 3264 3581 3320 nihil

1988 3363 2180 3418 borum
2211 3360 2488 3416 studentes
2517 3372 2775 3413 exercere
2796 3398 2811 3424 ,
2850 3357 2951 3413 visi
2980 3365 3104 3412 sunt
3133 3373 3163 3412 a
3192 3369 3342 3413 recto
3366 3358 3581 3413 itineris

1990 3452 2208 3508 tramite
2236 3450 2555 3516 declinasse,
2583 3464 2705 3503 cum
2740 3448 3127 3502 in‘custodiam
3162 3448 3424 3503 Dominici
3459 3463 3581 3519 gre-

1913 3590 1924 3596 -
1989 3546 2072 3617 gis
2099 3559 2205 3600 non
2232 3543 2435 3607 taliter,
2466 3550 2526 3596 ut
2552 3540 2748 3602 decuit,
2783 3539 3107 3593 studuerunt
3135 3548 3409 3609 pastorem
3441 3555 3581 3608 pra:-

1987 3648 2211 3706 ponere.
2251 3631 2309 3685 lu
2357 3631 2548 3686 notitia
2587 3628 2853 3699 siquidem
2891 3628 3232 3683 saecularium
3272 3628 3576 3683 litterarum

1990 3741 2151 3782 nemo
2180 3723 2426 3794 magistri
2456 3722 2674 3777 nomine
2698 3722 2891 3777 merito
2913 3728 3187 3786 censetur,
3215 3720 3316 3774 nisi
3343 3735 3439 3789 per
3462 3734 3581 3791 gra-

1990 3819 2092 3874 dus
2128 3815 2534 3886 disciplinarum
2574 3814 2874 3883 procedens
2908 3812 3071 3868 fuerit
3118 3813 3326 3868 doetus.
3376 3812 3577 3868 Verum

1993 3911 2097 3965 iste
2126 3907 2348 3962 Pbotius
2386 3905 2637 3960 videlicet
2686 3912 2846 3959 antea
2885 3905 3074 3959 doctor
3111 3905 3355 3975 prorupit
3414 3918 3577 3973 quam

1993 4000 2182 4055 doctus
2207 3996 2510 4060 exstiterit;
2539 3996 2690 4066 prius
2726 3995 2983 4064 magister
3023 3994 3191 4049 videri
3228 3994 3375 4064 cupit
3416 4010 3580 4065 quam

1993 4087 2289 4160 discipulus
2304 4087 2476 4142 audiri
2506 4105 2518 4140 :
2548 4087 2699 4156 prius
2720 4086 2932 4140 auditor
2944 4100 3064 4140 esse
3085 4085 3290 4152 debuit,
3307 4100 3370 4141 ae
3386 4085 3582 4141 deinde

1993 4181 2287 4237 institutor.
2340 4179 2446 4234 Sed
2486 4180 2574 4233 hic
2610 4179 2848 4234 doctoris
2882 4196 2913 4235 e
2952 4179 3228 4235 contrario
3268 4183 3582 4237 cathedram

1992 4273 2218 4343 eligens,
2240 4272 2435 4326 docere
2459 4271 2610 4342 prius
2633 4270 2814 4342 elegit,
2844 4287 2909 4326 ac
2939 4271 3133 4327 deinde
3159 4272 3325 4343 C(Bpit
3354 4272 3538 4328 doceri
3565 4288 3581 4326 :

1991 4366 2144 4438 prius
2181 4365 2526 4420 sanctilieare
2561 4364 2802 4429 curavit,
2845 4379 2909 4419 ac
2944 4348 3157 4419 domum
3204 4364 3536 4419 sanctificari
3563 4377 3599 4419 ει

1994 4457 2146 4527 prius
2171 4454 2476 4509 illuminare
2508 4453 2698 4519 voluit,
2727 4463 2783 4508 et
2809 4454 3153 4523 postmodum
3181 4452 3494 4507 illuminari.

2070 4547 2198 4603 Haec
2241 4547 2426 4616 itaque
2461 4546 2761 4601 catholicus
2807 4545 2940 4600 ordo
2973 4546 3223 4617 prohibet
3256 4561 3268 4598 :
3304 4553 3359 4599 et
3394 4554 3587 4601 sancta

1996 4651 2181 4695 nostra
2218 4638 2462 4694 Romana
2512 4637 2753 4693 Ecclesia
2802 4636 2963 4691 talem
3005 4636 3321 4691 electionem
3375 4649 3589 4706 semper

1995 4730 2272 4803 prohibuit
2315 4744 2415 4801 per
2464 4737 2836 4785 antecessores
2884 4735 3101 4781 nostros
3142 4725 3419 4781 catholica
3461 4727 3588 4786 fidei

1997 4821 2265 4878 doctores.
2284 4818 2526 4887 Quorum
2546 4834 2645 4874 nos
2671 4828 2913 4874 tenorem
2936 4817 3310 4883 observantes,
3339 4818 3587 4875 instituta

1997 4917 2238 4985 ipsorum
2270 4926 2393 4966 esse
2433 4909 2761 4965 inviolabilia
2798 4922 3103 4964 censemus.
3141 4907 3467 4966 Sardicense
3494 4911 3589 4967 de-

2000 5005 2164 5074 nique
2192 5001 2504 5065 concilium,
2531 5010 2592 5053 ut
2614 4999 2680 5055 de
2705 4998 2860 5053 laieis
2887 5012 2995 5052 non
3021 4997 3587 5070 eligereturantistes,

2000 5097 2057 5151 in
2093 5094 2303 5150 decimo
2329 5092 2491 5146 tertio
2519 5089 2697 5161 capite
2729 5104 2827 5159 per
2852 5090 3033 5144 omnia
3072 5090 3351 5161 prohibuit
3389 5092 3461 5165 ita
3508 5093 3591 5149 in-

2001 5186 2194 5259 quiens
2228 5202 2241 5237 :
2279 5183 2336 5238 Si
2365 5183 2504 5238 forte
2531 5191 2625 5236 aut
2654 5181 2824 5246 dives,
2850 5188 2944 5235 aut
2966 5181 3323 5237 scholasticus
3350 5183 3416 5238 de
3444 5188 3588 5249 loto,

2003 5284 2096 5332 aut
2117 5292 2184 5332 ex
2211 5273 2652 5329 administratore
2676 5272 2962 5342 episcopus
2985 5271 3149 5327 fuerit
3176 5270 3499 5341 postulatus,
3532 5284 3591 5326 at

2003 5383 2110 5441 non
2139 5366 2292 5436 prius
2327 5364 2636 5429 ordinetur,
2682 5361 2785 5417 nisi
2822 5370 2949 5418 ante
2989 5362 3204 5418 lectoris
3238 5376 3493 5428 munere,
3536 5371 3593 5416 et

1997 5459 2175 5514 ofﬁcio
2203 5456 2456 5523 diaconii,
2492 5465 2588 5510 aut
2613 5454 2935 5527 presbyterii
2967 5452 3133 5511 fuerit
3159 5455 3501 5526 perfunctus,
3532 5459 3591 5506 ut

1997 5565 2095 5621 per
2120 5547 2361 5619 singulos
2385 5547 2584 5618 gradus
2606 5587 2622 5614 ,
2666 5547 2712 5602 si
2741 5547 2934 5619 dignus
2969 5546 3174 5615 fuerit,
3220 5545 3478 5610 ascendat
3521 5543 3592 5598 ad

1994 5642 2211 5700 culmen
2235 5640 2596 5712 episcopatus.
2629 5640 2696 5696 Et
2723 5638 2949 5710 reliqua.

382 5772 407 5801 ι
444 5759 538 5841 Est
567 5760 681 5815 hzcc
717 5758 942 5828 epistola
971 5759 1179 5833 integra
1215 5760 1406 5842 Latine
1444 5761 1497 5817 in
1528 5777 1624 5818 vut
1654 5761 1861 5832 synodo
1898 5759 2251 5827 meumenica,
2280 5759 2489 5818 actione
2518 5757 2576 5826 4,
2606 5774 2671 5815 ex
2702 5757 2971 5814 Anastasii
2993 5756 3259 5813 versione.
