4070 6310
501 290 607 345 775
1708 320 1735 331 υ

1841 277 2092 338 NICOLA

2202 278 2362 335 ΑΡΑε
2406 280 2426 335 ι
3676 255 3757 342 ὲτ

575 405 901 462 leestinus
925 403 1111 460 itidem
1138 401 1512 458 sanctissimus
1545 400 1732 455 doctor
1756 436 1771 462 ,
1802 405 1858 452 et
1889 404 2087 451 nostrae
2112 397 2165 456 Α
2190 411 2477 466 personam
2501 396 2682 451 divino
2713 376 2877 452 cultui
2904 396 3163 464 deditam,
3185 406 3241 452 et
3265 396 3333 453 de
3361 372 3630 453 laicorum
3651 415 3801 454 con-

506 498 770 553 llomanae
820 496 966 551 sedis
1026 494 1222 565 praesul
1266 492 1554 563 egregius,
1605 491 1660 544 in
1705 489 1925 543 decreto
1977 502 2088 540 sua:

508 587 804 644 sanationis
831 588 847 657 (
870 588 1021 656 epist.
1050 599 1114 649 ll,
1143 600 1260 652 cap.
1295 582 1358 637 2‘1
1388 582 1406 653 )
1438 595 1689 636 asserens
1715 579 1885 634 dicit:
1919 577 2089 630 Audi—

509 682 688 735 vimus
729 677 988 748 quasdam
1026 675 1261 745 propriis
1291 674 1581 729 destitutas
1617 671 1920 726 rectoribus
1954 666 2089 723 civi-

513 779 674 834 tates,
699 767 978 836 episcopos
999 765 1101 819 sibi
1123 773 1309 833 petere
1328 762 1463 817 velle
1483 762 1549 816 de
1571 761 1747 824 laicis,
1773 768 2091 826 tantumque

511 856 787 928 fastigium
831 862 940 908 tam
989 853 1094 907 vile
1124 852 1350 908 credere
1373 891 1388 917 ,
1436 859 1495 905 ut
1540 850 1643 905 hoc
1683 848 1826 911 illis,
1861 846 1952 915 qui
1986 860 2091 899 non

514 950 624 1004 Deo
648 988 662 1009 ,
702 945 793 1001 sed
832 943 1027 1000 saeculo
1059 943 1458 1005 militaverunt,
1502 940 1772 995 aestiment
1803 952 1901 992 uos
1937 949 2096 1006 posse

513 1035 759 1093 conferre
790 1053 803 1088 :
833 1048 937 1088 non
965 1033 1137 1088 solum
1161 1031 1300 1086 male
1318 1032 1385 1086 de
1403 1031 1518 1085 suis
1534 1027 1765 1093 clericis,
1789 1026 1843 1080 in
1864 1039 2095 1095 quorum

512 1127 877 1189 contemptum
911 1118 1015 1173 hoc
1048 1115 1290 1181 faciunt,
1313 1113 1635 1184 iudicantes,
1690 1111 1787 1166 sed
1827 1110 1892 1165 de
1934 1109 2092 1165 nobis

510 1212 747 1285 pessime
765 1251 782 1277 ,
813 1225 948 1280 quos
971 1209 1200 1264 credunt
1224 1207 1329 1261 hoc
1354 1220 1513 1275 posse
1546 1203 1725 1259 facere
1749 1201 2046 1259 sentientes
2075 1218 2090 1254 :

514 1304 659 1374 quod
700 1317 975 1371 nunquam
1006 1300 1298 1365 auderent,
1340 1299 1385 1354 si
1431 1313 1538 1354 non
1580 1295 1938 1367 quorumdam
1983 1293 2094 1349 illic

511 1395 599 1450 his
645 1394 986 1449 consentiens
1031 1392 1299 1447 sententia
1334 1391 1635 1445 cohiberet.
1677 1388 1754 1444 lta
1799 1387 1935 1442 nihil
1975 1400 2098 1456 quae

512 1482 850 1552 frequentius
878 1489 1005 1536 sunt
1033 1480 1249 1536 decreta
1292 1478 1622 1549 proﬁciunt,
1664 1486 1725 1533 ut
1763 1478 1902 1542 hoc,
1940 1475 2096 1546 quasi

514 1586 791 1641 nunquam
829 1570 895 1625 de
935 1570 1038 1624 hac
1079 1577 1233 1638 parte
1270 1567 1532 1636 scriptum
1573 1565 1760 1629 fuerit,
1797 1564 2096 1635 ignoretur.

516 1665 659 1733 Quid
680 1663 923 1735 proderit
941 1677 1037 1732 per
1057 1661 1264 1731 singula
1286 1660 1513 1715 clericos
1533 1658 1797 1728 stipendia
1815 1656 2098 1720 militasse,

2189 488 2495 542 versatione
2513 488 2810 543 venientem
2835 505 2848 541 :
2874 504 2992 557 quae
3016 496 3195 543 tamen
3216 480 3439 544 eatenus
3455 488 3798 559 indulgenda

2190 581 2535 644 credidimus,
2563 590 2622 634 ut
2648 581 2754 635 illis
2776 581 3044 647 ccclesiis,
3070 581 3268 650 quibus
3298 579 3645 635 iufeStatioue
3672 581 3803 635 bel-

2191 667 2398 737 lorum,
2437 672 2521 727 vel
2552 672 2694 727 nulla
2735 673 2983 740 penitus,
3028 671 3114 727 vel
3161 672 3354 743 exigua
3402 681 3797 726 remanserunt

2193 761 2489 815 ministeria
2514 801 2528 824 ,
2580 768 2938 828 renoventur;
2977 771 3243 831 quatenus
3279 761 3364 817 his
3403 762 3515 816 Deo
3546 763 3798 833 propitio

2193 850 2453 904 restitutis
2482 851 2535 904 in
2561 850 2943 907 ecclesiasticis
2978 853 3232 921 gradibus
3261 853 3653 923 subrogandis,
3696 869 3798 907 ca-

2194 954 2393 993 nonum
2434 946 2777 1009 paternorum
2806 950 2958 996 vetus
2984 940 3155 996 forma
3184 953 3468 998 servetur:
3498 959 3566 998 ne
3595 955 3797 999 contra

2195 1045 2290 1084 eos
2317 1029 2421 1083 ulla
2446 1029 2655 1085 ratione
2682 1030 2992 1099 prmvaleat,
3017 1034 3157 1102 quod
3187 1050 3286 1103 pro
3311 1037 3611 1092 occidentis
3638 1038 3794 1094 ἀείδ-

2195 1130 2315 1176 ctus
2338 1122 2573 1176 remedio
2594 1124 2922 1192 providetur.
2948 1122 3064 1178 Non
3084 1126 3343 1181 adversus
3363 1128 3499 1181 scita
3517 1127 3791 1197 majorum

2197 1230 2335 1269 nova
2374 1214 2458 1270 lex
2498 1216 2845 1285 proponitur,
2875 1217 3087 1271 ueteris
3113 1210 3357 1271 ecclesiis
3383 1219 3449 1273 ab
3478 1205 3582 1273 hac
3621 1235 3793 1274 occa-

2197 1306 2349 1360 sione
2372 1305 2727 1369 cessantibus,
2758 1320 2894 1373 quas
2921 1320 3025 1359 non
3049 1302 3211 1360 simili
3233 1304 3385 1361 clade
3416 1318 3658 1362 vastatas
3676 1310 3795 1378 pri-

2197 1397 2395 1453 stinam
2444 1397 2498 1451 in
2542 1396 2805 1452 faciendis
2837 1398 3267 1454 ordinationibus
3305 1401 3559 1455 convenit
3601 1412 3791 1456 tenere

2198 1487 2522 1542 sententiain
2533 1526 2545 1539 .

2269 1576 2386 1644 Quo
2425 1577 2596 1647 magis
2634 1576 2735 1632 hac
2767 1579 3167 1648 opportunitate
3203 1581 3556 1645 commoniti,
3600 1582 3791 1636 obser-

2199 1669 2436 1722 vantiam
2465 1669 2890 1724 venerandorum
2920 1684 3187 1725 canonum
3224 1673 3547 1740 propensius
3571 1671 3791 1741 delega—-

513 1766 571 1813 et
596 1771 810 1813 omnem
833 1755 1007 1827 egisse
1033 1754 1087 1808 in
1114 1752 1406 1809 Dominicis
1430 1750 1626 1806 castris
1651 1756 1863 1805 ἱεῑξιῑθιῐι
1880 1789 1896 1813 9
1935 1746 1980 1802 εί
2006 1746 2098 1816 qui
2124 1758 2175 1818 B
2200 1772 2322 1812 mus
2346 1775 2360 1811 :
2387 1757 2717 1828 singulorum
2736 1757 2998 1826 graduum
3019 1759 3376 1814 conscientias
3406 1760 3783 1823 admonentes,

513 1850 602 1906 his
621 1847 894 1920 praefuturi
924 1855 1072 1912 sunt,
1098 1862 1165 1902 ex
1186 1846 1339 1901 laicis
1369 1844 1752 1916 requiruntur?
1771 1842 1873 1910 Qui
1897 1857 2092 1897 vacan-

517 1949 598 1996 tes
634 1940 867 2007 saeculo,
906 1948 962 1994 et
994 1952 1207 1994 omnem
1249 1938 1673 1993 ecclesiasticum
1711 1937 1954 1992 ordinem
1997 1951 2094 1990 ne-

2196 1864 2266 1904 ne
2295 1848 2352 1903 in
2384 1848 2597 1904 illicitos
2620 1863 2970 1918 prorumpere
2994 1848 3283 1903 moliantur
3302 1863 3585 1916 excessus,
3612 1865 3681 1905 ne
3705 1850 3787 1905 fas

2194 1954 2316 1996 esse
2336 1938 2571 1995 confidat
2586 1939 2867 2009 quisquam
2890 1937 3232 2009 pontificum,
3252 1938 3518 2008 bigamos,
3543 1947 3636 1993 aut
3657 1955 3785 1994 con-

514 2032 770 2097 scientes,
797 2029 935 2085 saltu
956 2042 1298 2098 prtepropero
1316 2028 1551 2082 alienum
1574 2027 1835 2081 honorem
1851 2026 2098 2081 ambiunt
2187 2029 2335 2102 jugia
2362 2030 2678 2092 sortientes,
2710 2036 2805 2083 aut
2827 2030 2894 2083 ab
2916 2029 3034 2083 aliis
3059 2028 3311 2084 derelicta
3331 2069 3345 2093 ,
3376 2029 3491 2083 sive
3514 2030 3786 2098 quoslibet

517 2120 873 2177 immoderata
893 2117 1187 2188 cupiditate
1213 2105 1595 2172 transcendere
1620 2134 1632 2169 :
1657 2124 1711 2171 et
1731 2116 1786 2171 in
1810 2115 1952 2170 aliud
1971 2115 2095 2170 vitae

515 2226 686 2283 genus
735 2210 940 2266 calcata
989 2207 1296 2264 reverentia
1354 2206 1739 2264 ecclesiastica:
1800 2207 2095 2279 disciplinae

516 2304 771 2359 transire.

587 2393 809 2448 Talibus
837 2393 1042 2464 itaque,
1073 2390 1266 2448 fratres
1286 2392 1618 2458 charissimi,
1647 2392 1737 2462 qui
1756 2391 1896 2463 juris
1924 2392 2093 2447 nostri

511 2485 608 2557 (id
634 2494 719 2541 est
750 2483 1057 2556 canonum)
1088 2484 1446 2556 gubernacula
1476 2486 1807 2541 custodimus
1828 2525 1843 2550 ,
1874 2500 2093 2540 necesse

511 2586 598 2634 est
617 2578 933 2644 obviemus;
961 2576 1156 2647 hisque
1182 2576 1573 2632 fraternitatem
1597 2584 1831 2631 vestram
1852 2576 2092 2646 epistolis

509 2685 940 2734 commonemus,
973 2684 1039 2723 ne
1068 2669 1188 2739 quis
1225 2668 1420 2723 laicum
1449 2668 1517 2723 ad
1544 2668 1942 2725 ordinationem
1987 2668 2094 2722 cle-

510 2758 714 2814 ricatus
751 2757 1028 2823 admittat,
1059 2766 1114 2812 et
1142 2757 1284 2812 sinat
1311 2757 1427 2812 fieri
1472 2777 1486 2812 :
1525 2758 1668 2813 unde
1692 2767 1747 2812 et
1772 2757 1919 2811 illum
1951 2757 2093 2811 deci-

509 2851 655 2922 piat,
684 2858 737 2905 et
765 2851 864 2905 sibi
889 2865 1081 2905 causas
1107 2859 1368 2921 generet,
1399 2851 1596 2921 quibus
1632 2866 1754 2906 reus
1786 2851 2094 2906 constitutis

511 2935 872 2995 decretalibus
894 2938 1005 2993 fiat.
1028 2938 1139 2993 Leo
1157 2939 1385 3009 denique
1406 2942 1781 2996 sanctissimus
1803 2942 2019 3027 doctor,
2038 2950 2093 2996 et

511 3031 821 3100 apostolicae
844 3031 1205 3101 Romanaque
1227 3032 1372 3087 sedis
1391 3034 1632 3102 pontifex
1651 3035 1920 3107 egregius,
1941 3035 2094 3105 cujus

2193 2130 2316 2192 post
2342 2120 2733 2191 paenitentiam,
2765 2119 2849 2175 vel
2878 2120 2994 2175 sine
3015 2119 3231 2184 litteris,
3264 2118 3346 2174 vel
3372 2133 3603 2189 corpore
3625 2122 3780 2174 vitia-

2195 2224 2314 2281 tos,
2344 2214 2432 2269 vel
2470 2213 2920 2276 conditionarios,
2963 2220 3057 2267 aut
3092 2212 3287 2276 curize,
3332 2211 3786 2282 publicarumque

2193 2323 2374 2364 rerum
2399 2306 2629 2361 nexibus
2653 2305 2975 2375 implicatos,
3002 2312 3097 2359 aut
3120 2304 3319 2373 passim
3348 2302 3497 2358 nulla
3525 2305 3786 2375 temporis

2193 2396 2542 2466 congruentis
2584 2395 2991 2465 exspectatione
3029 2394 3333 2459 discussos,
3370 2393 3573 2448 divinis
3614 2394 3787 2449 strvi-

2193 2495 2345 2542 turos
2364 2487 2634 2557 applicare
2663 2484 3008 2549 ministeriis;
3040 2499 3213 2553 neque
3232 2499 3330 2554 pro
3356 2498 3455 2539 suo
3478 2483 3639 2538 libitu
3660 2484 3787 2552 jura

2193 2576 2445 2631 studeant
2480 2575 2653 2629 aliena
2694 2574 3024 2643 pervadere,
3057 2573 3261 2644 absque
3297 2574 3441 2629 sedis
3469 2576 3789 2644 apostolica:

2184 2667 2345 2738 justte
2370 2668 2739 2738 dispositionis
2760 2668 3035 2722 mandato.

2262 2759 2633 2815 Przedecessor
2684 2760 2868 2830 itaque
2927 2769 3112 2816 noster
3157 2760 3317 2831 hujus
3373 2761 3529 2816 alma:
3598 2762 3783 2828 sedis,

2192 2852 2464 2906 Adrianus
2493 2850 2746 2906 videlicet
2794 2853 3168 2908 sanctissimus
3214 2854 3433 2923 prmsul,
3476 2855 3528 2908 in
3582 2855 3791 2924 episto-

2193 2941 2245 2995 la
2278 2956 2440 3011 quam
2477 2940 2996 3013 Constantinopolim
3032 2959 3130 3013 pro
3174 2944 3495 2999 venerandis
3531 2945 3789 3015 imagini—

2196 3031 2295 3086 bus
2344 3031 2709 3086 destinaverat
2755 3031 2925 3102 (epist.
2957 3032 2991 3087 5
3042 3033 3172 3087 circ.
3216 3032 3373 3105 fin.),
3424 3034 3497 3088 ita
3546 3035 3788 3090 instituit

511 3122 632 3177 laus
673 3123 727 3177 in
766 3130 964 3191 quarta
1004 3122 1209 3193 synodo
1245 3122 1642 3194 magniﬁcatur,
1684 3125 1786 3179 hoc
1828 3126 2000 3195 ipsum
2041 3127 2094 3181 in
2123 3112 2167 3173 C
2199 3128 2260 3172 ut
2309 3118 2540 3189 amplius
2585 3120 2654 3175 de
2698 3118 2854 3175 laicis
2896 3119 3201 3175 nullatenus
3250 3122 3303 3174 in
3356 3122 3548 3177 eadem
3598 3131 3786 3179 vestra

514 3211 887 3269 Decretalibus
941 3212 1055 3267 suis
1109 3212 1420 3281 prohibuit,
1476 3229 1595 3285 cap.
1647 3215 1717 3269 35
1763 3216 1781 3287 (
1828 3217 1979 3286 epist.
2029 3216 2098 3272 88

517 3305 586 3359 ad
600 3303 787 3358 Anast.
814 3301 1049 3357 Thessal.
1076 3302 1295 3375 episc.):
1327 3300 1385 3358 In
1410 3305 1737 3372 civitatibus,
1765 3321 1992 3376 quarum
2013 3321 2099 3361 re-

518 3404 700 3453 ctores
724 3394 980 3461 obierint,
1008 3395 1070 3450 de.
1096 3394 1489 3451 substituendis
1502 3396 1768 3467 episcopis
1791 3398 1904 3452 hzcc
1925 3395 2099 3463 forma

516 3494 784 3551 servetur,
808 3494 867 3541 ut
890 3486 936 3541 is
958 3486 1050 3556 qui
1070 3485 1402 3542 ordinandus
1424 3494 1526 3553 est,
1557 3487 1719 3542 etiam
1742 3487 1787 3542 si
1809 3488 1963 3542 bona:
1977 3487 2098 3542 vitae

516 3578 824 3634 testimonio
854 3576 1127 3644 fulciatur,
1156 3592 1263 3632 non
1290 3576 1479 3644 laicus,
1512 3570 1617 3633 non
1648 3579 1967 3651 neophytus,
1998 3595 2097 3636 nec

515 3671 768 3727 secunda:
793 3668 1037 3741 conjugis
1062 3669 1133 3725 sit
1153 3670 1404 3736 maritus,
1431 3679 1486 3725 et
1511 3670 1739 3740 reliqua.

588 3763 836 3819 Gelasius
865 3772 1045 3818 autem
1075 3763 1368 3834 supradicti
1390 3764 1656 3831 doctoris,
1682 3765 1879 3822 Leonis
1906 3766 2096 3822 videli-

514 3865 622 3921 cet,
644 3856 854 3911 meritis
875 3871 981 3911 non
1006 3855 1201 3925 impar,
1233 3856 1605 3912 sanctissimus
1626 3857 1883 3914 Romana:
1906 3859 2096 3915 Eccle-

517 3947 612 4003 sia:
644 3946 872 4016 praesul,
901 3963 1006 4002 non
1037 3946 1210 4001 solum
1235 3947 1516 4018 episcopos
1544 3949 1608 4004 de
1635 3948 1791 4006 laicis
1820 3951 1936 4006 fieri
1974 3967 2098 4021 pro-

518 4035 719 4100 hibuit,
750 4037 843 4091 sed
864 4035 1027 4090 etiam
1054 4035 1423 4107 presbyteros,
1446 4053 1512 4093 ne
1540 4038 1663 4093 talia
1685 4049 2095 4109 praesumerent,

521 4128 726 4182 vetavit
748 4128 802 4182 in
828 4129 1183 4186 decretalibus
1203 4130 1337 4198 suis,
1366 4145 1484 4202 cap.
1509 4132 1543 4187 5
1571 4134 1743 4204 (epist.
1774 4132 1854 4204 6),
1905 4134 1983 4189 ita
2011 4135 2099 4190 in—

2199 3209 2798 3279 Constantinopolitana
2844 3210 3088 3265 Ecclesia
3130 3210 3477 3266 ordinaretur
3505 3212 3783 3269 antistes:

2198 3299 2354 3371 cujus
2406 3310 2613 3355 textum
2661 3301 2708 3357 si
2739 3299 2882 3356 scire
2920 3300 3105 3365 vultis,
3142 3301 3196 3355 in
3221 3301 3453 3356 concilio
3481 3304 3628 3373 quod
3665 3304 3783 3374 ejus

2199 3402 2441 3465 tempore
2462 3394 2518 3449 in
2540 3394 2853 3465 supradicta
2876 3393 3011 3449 urbe
3050 3393 3384 3450 celebratum
3405 3404 3513 3462 est,
3543 3396 3786 3452 invenire

2198 3487 2448 3559 potestis.

2271 3578 2368 3635 llis
2397 3580 2579 3650 itaque
2628 3578 2902 3651 paulisper
2943 3578 3237 3650 praellbatis
3278 3578 3331 3633 in
3362 3579 3662 3649 supradicti
3706 3579 3782 3634 vi-

2199 3669 2248 3726 ri
2268 3669 2678 3725 consecratione
2700 3684 3025 3725 consensum
3066 3669 3401 3740 apostolatus
3444 3669 3620 3724 nostri
3646 3684 3760 3739 pra:

2200 3763 2330 3818 bere
2374 3777 2483 3817 non
2529 3776 2816 3831 possumus
2847 3790 2864 3825 -,
2915 3760 3087 3816 donec
3133 3774 3232 3830 per
3279 3760 3477 3815 missos
3521 3769 3780 3825 nostros,

2197 3868 2336 3923 quos
2387 3854 2457 3908 ad
2510 3868 2607 3908 vos
2662 3852 3074 3917 destinavimus,
3127 3860 3323 3906 cuncta
3383 3866 3506 3921 qua:
3556 3852 3613 3906 in
3663 3850 3779 3919 jam

2198 3945 2591 4016 praenominata
2639 3946 2834 4014 saepius
2863 3944 2995 3999 urbe
3037 3944 3105 3998 de
3145 3942 3530 3999 ecclesiasticis
3580 3942 3780 4006 causis,

2199 4054 2296 4093 seu
2340 4037 2619 4093 ordinibus
2658 4046 2878 4107 peracta
2916 4046 3041 4092 sunt
3068 4076 3083 4102 ,
3118 4037 3205 4093 vel
3253 4045 3485 4108 agentur
3509 4076 3525 4100 ,
3581 4038 3781 4092 nostris

2199 4126 2444 4183 intimata
2492 4127 2695 4183 fuerint
2749 4126 2989 4183 auribus.
3025 4127 3093 4181 Et
3136 4135 3195 4182 ut
3242 4126 3295 4181 in
3318 4126 3570 4181 omnibus
3601 4136 3779 4181 rectus

516 4218 749 4289 quiens:
784 4218 843 4273 Si
870 4234 1000 4275 vero
1026 4221 1091 4276 de
1118 4221 1272 4278 laicis
1302 4223 1570 4294 quispiam
1598 4224 1981 4282 ecclesiasticis
2016 4235 2102 4283 est
2196 4220 2328 4275 ordo
2370 4218 2575 4274 servari
2621 4227 2807 4290 queat,
2838 4218 3105 4284 volumus,
3146 4233 3181 4273 ο
3233 4216 3473 4273 clemens
3516 4215 3777 4287 Auguste.

518 4309 888 4380 aggregandus
908 4308 1119 4379 ofﬁciis,
1150 4320 1301 4368 tanto
1319 4313 1598 4371 sollicitius
1624 4316 1678 4371 in
1707 4316 1955 4387 singulis,
1979 4303 2118 4388 quae.
2201 4320 2261 4367 ut
2318 4311 2578 4384 lgnatius,
2630 4325 2792 4381 quem
2853 4311 2996 4366 sedis
3045 4309 3366 4380 supradicta:
3418 4308 3779 4380 gubernacula

517 4397 768 4467 superius
792 4400 1183 4470 comprehensa
1212 4410 1360 4469 sunt,
1387 4403 1689 4473 huiusmodi
1711 4407 1865 4463 decet
1886 4409 2093 4464 exami-
2124 4472 2165 4476 _
2200 4404 2422 4476 propria
2469 4412 2875 4474 spontaneaque
2920 4403 3192 4458 voluntate
3229 4400 3559 4464 deseruisse,
3596 4408 3654 4454 et
3698 4407 3779 4452 to-

518 4502 650 4542 nare
674 4502 984 4558 personam,
1024 4499 1286 4561 quantum
1315 4472 1465 4550 inter
1481 4498 1838 4564 mundanam,
1880 4499 2099 4570 religio—
2123 4472 2180 4533 Β
2202 4472 2320 4552 tius
2340 4472 2513 4567 plebis
2544 4472 2871 4566 congregato
2913 4493 3142 4549 concilio
3180 4492 3482 4563 depositum
3527 4506 3653 4547 esse
3692 4507 3779 4545 ve

516 4592 741 4649 samque
773 4580 960 4645 vitam,
991 4591 1206 4637 constat
1228 4598 1347 4640 esse
1370 4585 1730 4644 discriminis:
1761 4589 1885 4660 quia
1911 4592 2098 4663 utique

520 4671 895 4726 convenientia
914 4671 1159 4729 ecclesiae
1183 4673 1481 4731 ministeria
1504 4679 1799 4747 reparanda
1825 4690 1968 4745 sunt.
1993 4698 2099 4739 non

520 4759 1022 4818 inconvenientibus
1043 4755 1250 4819 meritis
1269 4764 1563 4838 ingerenda
1588 4786 1600 4822 :
1629 4775 1885 4841 tantoque
1906 4773 2096 4844 magis,

520 4849 663 4918 quod
707 4852 879 4907 sacris
925 4860 1107 4923 aptum
1156 4855 1328 4924 possit
1365 4869 1486 4913 esse
1521 4858 1755 4915 servitiis
1780 4901 1796 4925 ,
1828 4861 1881 4915 in
1912 4876 2098 4919 eorum

522 4940 869 5008 quaerendum
897 4952 982 4999 est
1010 4944 1273 5004 institutis
1297 4984 1313 5015 ,
1349 4957 1554 5018 quanto
1590 4950 1657 5006 de
1692 4960 1930 5022 tempore
1949 4988 1964 5019 ,
1994 4969 2101 5024 quo

520 5026 741 5083 fuerant
770 5032 886 5088 haec
908 5037 1237 5106 assequenda
1256 5079 1272 5104 ,
1302 5039 1631 5109 decerpitur,
1668 5048 1727 5094 ut
1752 5056 1961 5097 morum
2003 5044 2100 5098 ha-

521 5116 654 5172 bere
671 5110 929 5175 doceatur
941 5122 1043 5179 hoc
1057 5126 1316 5195 probitas,
1333 5127 1474 5198 quod
1494 5129 1754 5199 prolixior
1771 5132 2103 5187 consuetudo

523 5224 630 5294 non
661 5212 888 5269 contulit
914 5234 927 5269 :
961 5232 1027 5272 ne
1054 5233 1151 5289 per
1171 5221 1507 5277 occasionem
1531 5222 1837 5293 supplendse
1865 5224 2102 5294 penuriae

522 5292 815 5387 clericalis,
846 5305 976 5361 vitia
1000 5309 1177 5378 potius
1203 5310 1398 5367 divinis
1425 5292 1655 5368 cultibus
1684 5292 1959 5379 intulisse,
1991 5330 2100 5369 non

519 5394 774 5466 legitima:
798 5394 1017 5453 familiae
1046 5409 1359 5470 reputemur
1392 5417 1713 5472 procurasse
1752 5406 2102 5475 compendia,

521 5499 751 5554 quorum
781 5488 1213 5557 promotionibus
1231 5507 1391 5563 super
1412 5494 1541 5549 anni
1564 5504 1737 5551 metas
1765 5510 1858 5552 sex
1885 5511 2101 5552 menses

523 5571 693 5630 nihilo
716 5574 896 5633 minus
918 5578 1292 5651 subrogamus.

594 5667 880 5740 Quoniam,
917 5672 1058 5730 sicut
1081 5673 1284 5732 dictum
1320 5684 1425 5741 est,
1463 5675 1664 5733 distare
1684 5678 1930 5734 convenit
1961 5679 2100 5737 inter

2208 4587 2339 4641 stris
2367 4583 2608 4655 apicibus
2651 4584 2809 4638 nobis
2852 4583 3106 4638 intimare
3151 4581 3406 4647 curastis,
3450 4580 3505 4635 in
3553 4594 3779 4651 conspe-

2204 4684 2350 4732 ctum
2376 4675 2558 4729 veniat
2581 4683 2890 4730 nostrorum
2920 4674 3234 4738 missorum,
3275 4682 3334 4728 et
3375 4672 3616 4728 universi
3658 4688 3781 4729 con-

2205 4766 2337 4833 cilii,
2370 4766 2566 4820 vestris
2593 4765 2810 4834 quidem
2860 4765 3229 4836 imperialibus
3274 4765 3562 4830 institutis,
3597 4772 3781 4834 quate-

2207 4874 2311 4914 nus
2363 4858 2749 4928 perquiratur,
2806 4859 3162 4928 quamobrem
3214 4859 3481 4928 spreverit
3527 4859 3777 4913 traditam

2206 4947 2308 5004 sibi
2338 4946 2573 5017 plebem,
2611 4956 2665 5002 et
2692 4949 2940 5003 instituta
2990 4958 3395 5005 antecesserunt
3448 4959 3777 5016 nostrorum,

2207 5036 2623 5109 sanctorumque
2670 5041 3031 5110 pontiﬁcum,
3077 5040 3276 5097 Leonis
3308 5040 3564 5096 videlicet
3610 5056 3778 5111 papas,

2208 5142 2371 5205 atque
2421 5134 2733 5201 Benedicti,
2773 5136 3211 5205 parvipendendo
3271 5135 3683 5205 contempserit,
3729 5143 3782 5189 et

2208 5225 2262 5280 in
2309 5226 2413 5279 hoc
2443 5224 2710 5295 agendum
2753 5225 2939 5279 subtili
2988 5226 3240 5280 examine
3284 5238 3315 5279 a
3351 5233 3554 5281 nostra:
3582 5224 3784 5295 jussio-

2188 5314 2292 5370 ~nis
2338 5314 2532 5386 legatis
2579 5315 2928 5384 depositionis
2966 5314 3082 5384 ejus
3122 5331 3355 5372 censura
3389 5316 3735 5387 perquiratur
3765 5333 3779 5370 :

2206 5417 2473 5478 quatenus
2519 5408 2856 5478 inquirentes
2907 5410 3150 5466 invenire
3199 5419 3423 5482 queant,
3467 5421 3652 5466 utrum
3698 5426 3787 5467 ca-

2205 5498 2433 5554 nonicos
2476 5507 2631 5554 tenor
2680 5499 2734 5552 in
2802 5500 2993 5554 eadem
3047 5501 3370 5557 observatas
3422 5501 3639 5573 fuerit,
3708 5503 3789 5556 vel

2206 5604 2313 5644 non
2347 5628 2362 5653 ,
2407 5589 2750 5644 manifestum
2812 5590 3055 5646 existat:
3101 5606 3165 5646 ac
3199 5591 3393 5647 deinde
3434 5606 3556 5646 cum
3601 5603 3790 5647 nostra

2204 5680 2516 5752 prtesulatui
2550 5681 2910 5753 significatum
2950 5681 3143 5749 fuerit,
3203 5683 3333 5753 quid
3385 5683 3452 5739 de
3514 5698 3579 5739 eo
3624 5699 3783 5755 agen-
