4070 6310
267 348 375 407 ΤΠ

1452 343 1813 405 ΕΡΙΒΤΟΜΕ
1854 343 1942 402 ET
1982 339 2322 398 DECﬁETA.

3441 344 3611 426 77s

268 462 398 521 dum
440 459 537 527 sit,
583 458 880 533 apostolica
922 459 1209 518 sanctione
1254 456 1622 517 dimniemus:
1654 468 1717 515 ut
1764 472 1857 514 ve-
1883 465 1930 523 Α
1961 457 2314 515 crederentur
2345 495 2362 522 ,
2412 453 2659 526 profecto
2703 463 2781 521 ει,
2814 456 3055 526 ipsarum
3098 456 3363 529 reliquia,
3407 473 3546 530 quo-

267 563 385 610 stra
415 551 656 608 Ecclesia
687 566 813 623 qua:
864 551 1033 609 tantis
1057 551 1298 622 quotidie
1334 551 1578 622 quatitur
1605 551 1855 607 anxieta-

235 664 245 671 τ
273 645 438 710 tibus,
466 643 788 699 inviolabilis
809 643 1062 714 deinceps
1081 652 1137 699 et
1174 645 1493 701 inconcussa
1518 652 1855 714 permaneat.

346 735 423 790 De
480 732 806 804 imaginibus
854 742 1070 799 autem,
1117 749 1413 804 earumque
1456 734 1855 803 observationi-

271 824 397 891 bus,
423 823 547 879 licet
577 822 725 878 nulla
761 824 1059 880 necessitas
1102 834 1249 880 esset
1298 826 1559 892 scribere,
1609 841 1678 881 eo
1714 825 1860 896 quod

270 924 582 969 nostrorum
634 922 1040 970 antecessorum
1099 915 1489 972 venerabilium
1542 917 1856 986 pontiﬁcum

268 1015 461 1061 sancta
485 1004 792 1060 sollicitudo
839 1006 1111 1062 catholico
1155 1009 1350 1065 ardore
1392 1024 1677 1075 succensa,
1725 1010 1860 1065 mul-

274 1105 328 1151 ta
354 1106 409 1151 et
449 1096 605 1152 valde
633 1097 786 1152 utilia
814 1097 1070 1154 Ecclesia:
1098 1100 1195 1155 Dei
1242 1101 1527 1171 profutura
1578 1101 1812 1158 instituit
1839 1120 1853 1157 :

272 1200 455 1246 tamen
499 1190 623 1259 quia
671 1190 928 1260 frequens
976 1192 1191 1247 iteratio
1260 1194 1656 1250 informationis
1718 1195 1861 1251 solet

272 1282 723 1339 venerabiliorem
780 1282 1137 1339 intentionem
1170 1283 1396 1340 reddere
1430 1284 1673 1341 audienti
1718 1302 1733 1340 :
1773 1284 1857 1340 id-

270 1389 446 1445 eoque
490 1375 556 1429 de
592 1374 799 1430 eisdem
848 1388 946 1444 pro
989 1375 1361 1430 conservanda
1401 1377 1611 1431 unitate
1661 1375 1860 1446 populo

273 1469 368 1524 Dei
418 1466 618 1538 aliquid
671 1481 943 1537 exponere
996 1482 1267 1523 curamus.
1328 1467 1622 1523 Pristinam
1676 1469 1862 1539 itaque

273 1568 584 1615 sanctorum
633 1557 853 1612 Patrum
894 1558 1262 1622 traditionem,
1292 1572 1458 1628 quam
1490 1573 1521 1613 a
1557 1558 1861 1629 praedeces-

272 1652 487 1708 soribus
536 1651 737 1706 nostris
791 1650 1118 1707 beatissimis
1152 1661 1206 1706 et
1233 1650 1549 1708 orthodoxis
1592 1650 1863 1721 pontiﬁci-

273 1745 395 1807 bus,
439 1743 529 1814 qui
571 1750 694 1813 post
748 1742 965 1799 beatum
1013 1742 1235 1798 Petrum
1288 1742 1345 1798 in
1401 1741 1519 1812 ejus
1563 1743 1860 1813 apostolica

1959 568 2082 608 rum
2109 568 2240 609 caro
2258 552 2665 623 corruptionem
2693 550 2864 607 sensit
2901 549 2955 604 in
2995 549 3202 605 tumulo
3226 564 3326 622 pro
3351 558 3546 607 neutro

1959 644 2128 716 (quod
2163 644 2324 715 absit)
2363 644 2551 700 haberi
2577 643 2927 698 deberentur.
2957 639 3341 697 Verumtamen
3392 641 3440 697 si
3473 641 3543 697 ad

1959 749 2149 793 eorum
2168 735 2501 790 consortium
2530 734 2717 797 venire
2743 740 3019 803 optamus,
3047 731 3292 803 profecto
3316 732 3408 793 hic
3427 746 3555 789 om-

1958 826 2055 881 nia
2086 824 2141 879 in
2168 824 2376 889 honore
2402 832 2737 888 sanctorum,
2774 823 2829 878 id
2865 832 2954 879 est
2991 831 3123 897 tam.
3142 823 3401 895 reliquias
3433 838 3544 881 non

1959 918 2133 975 solum
2175 932 2487 988 corporum,
2518 914 2613 972 sed
2646 924 2706 971 et
2732 916 3217 982 vestimentorum,
3256 930 3351 971 seu
3380 915 3546 972 etiam

1960 1010 2223 1079 imagines
2246 1009 2425 1065 vultus
2444 1009 2661 1064 illorum
2680 1008 2737 1063 in
2760 1008 2999 1077 quolibet
3027 1006 3148 1065 loco
3167 1007 3429 1078 depictas,
3454 1023 3549 1069 ce-

1960 1103 2251 1161 leberrimo
2281 1102 2486 1165 honore
2523 1101 2772 1157 venerari
2804 1100 3094 1165 debemus,
3135 1100 3549 1177 reminiscentes

1960 1193 2113 1261 illud,
2134 1192 2277 1264 quod
2299 1192 2467 1248 Isaias
2509 1192 2744 1262 speciem
2788 1191 3044 1261 subjectae
3079 1200 3343 1247 creatura:
3380 1208 3441 1250 se
3467 1194 3547 1249 vi-

1960 1287 2105 1344 disse
2125 1295 2374 1352 testatur,
2402 1285 2592 1345 dicens
2618 1303 2633 1339 :
2671 1284 2786 1341 Vidi
2809 1284 3089 1341 Dominum
3109 1286 3331 1341 subeam
3357 1285 3545 1351 seden-

1961 1385 2064 1432 tem
2085 1394 2239 1448 super
2266 1377 2458 1441 solium
2497 1384 2781 1441 euersum,
2818 1386 2867 1430 et
2886 1394 2949 1431 ea
2974 1392 3091 1447 quae
3117 1376 3213 1431 sub
3246 1378 3361 1449 ipso
3396 1387 3547 1433 erant

1960 1463 2517 1541 unplebant'tentplum
2546 1468 2683 1537 (Isa.
2714 1469 2814 1540 vr),
2839 1478 2944 1526 etc.

2028 1561 2255 1621 Accedit
2304 1561 2491 1631 itaque
2539 1560 2716 1616 Moses
2767 1567 2825 1615 et
2884 1560 3100 1626 Aaron,
3175 1551 3256 1614 ut'
3299 1559 3548 1615 viderent

1963 1653 2221 1709 thronum
2267 1652 2361 1708 ubi
2420 1660 2648 1709 steterat
2690 1651 2854 1719 Deus,
2900 1661 2957 1708 et
2999 1657 3121 1706 erat
3173 1650 3273 1707 sub
3317 1650 3544 1721 pedibus

1961 1740 2080 1811 ejus
2109 1750 2363 1811 tanquam
2408 1755 2545 1812 opus
2585 1740 2778 1812 lapidis
2822 1739 3063 1811 sapphiri
3089 1780 3105 1807 ,
3157 1749 3213 1795 et
3268 1739 3415 1795 velut
3453 1740 3548 1794 ﬁr-

272 1833 403 1890 sede
460 1834 799 1900 resederunt,
846 1833 1003 1889 nobis
1044 1833 1435 1891 observandam
1495 1834 1856 1905 suscepimus,
1890 1829 1935 1889 B
1961 1843 2295 1891 momentum
2318 1832 2443 1890 cceli
2472 1834 2531 1888 in
2557 1832 2805 1889 claritate
2823 1833 3071 1904 fulgoris,
3098 1841 3154 1887 et
3175 1832 3395 1887 stabant
3419 1833 3551 1888 che-

272 1937 333 1982 et
382 1927 645 1983 hactenus
688 1926 1066 1982 immntilatam
1117 1928 1232 1982 haec
1273 1934 1460 1981 sancta
1510 1925 1774 1982 catholica
1803 1934 1859 1982 et

271 2019 569 2091 apostolica
611 2026 759 2075 tenet
808 2035 873 2075 ac
928 2017 1164 2074 defendit
1208 2017 1467 2075 Ecclesia.
1500 2016 1727 2087 Oportet
1769 2032 1860 2073 er-

273 2129 343 2186 go
377 2123 486 2167 tota
514 2113 711 2168 mentis
746 2112 1071 2176 intentione,
1117 2110 1425 2181 summique
1472 2110 1726 2166 desiderii
1768 2122 1861 2165 co-

275 2203 497 2258 namine
542 2201 881 2257 venerandas
906 2208 1015 2256 tam
1063 2200 1277 2257 Domini
1318 2199 1490 2257 nostri
1524 2199 1655 2255 Jesu
1702 2198 1863 2254 Chri-

273 2294 368 2359 sti,
406 2307 567 2362 qnam
598 2307 710 2347 suae
754 2291 1113 2351 sanctissimae
1141 2291 1441 2363 genitricis,
1482 2298 1537 2346 et
1576 2291 1860 2347 beatorum

275 2381 668 2452 apostolorum,
725 2389 889 2451 atque
943 2381 1185 2438 omnium
1236 2390 1549 2439 sanctorum
1597 2381 1861 2452 imagines

273 2475 523 2529 venerari
574 2484 631 2529 et
678 2474 856 2531 colere
906 2488 922 2529 :
969 2483 1032 2531 ut
1084 2490 1150 2530 eo
1191 2490 1299 2545 quo
1356 2474 1601 2530 valemus
1657 2476 1861 2530 annixu

274 2572 468 2618 contra
488 2564 868 2619 haereticorum
901 2565 1194 2629 vesaniam,
1220 2564 1312 2636 qui
1332 2564 1400 2621 ab
1428 2579 1616 2619 earum
1639 2576 1862 2620 venera-

276 2656 424 2712 tione
449 2657 698 2728 populum
723 2658 1032 2727 prohibent,
1063 2658 1317 2713 resistere
1342 2657 1676 2715 Studeamus.

346 2746 482 2802 Nam
513 2749 566 2803 in
601 2764 735 2820 pace
772 2747 1030 2805 Ecclesia:
1066 2749 1377 2804 constitutis
1412 2749 1488 2804 nil
1528 2747 1858 2803 contrarium

276 2856 400 2897 esse
439 2850 637 2911 potest,
687 2840 731 2897 si
775 2852 1088 2898 sanctorum
1125 2839 1329 2913 etligies
1359 2840 1593 2912 propriae
1630 2839 1860 2908 depictte

277 2930 529 2986 ﬁdelibus
589 2940 823 3002 augeant
911 2931 1229 2987 incrementi
1309 2946 1573 2986 amorem.
1649 2929 1861 2985 Revera

278 3025 408 3095 quia
438 3024 564 3079 dum
615 3039 801 3079 eorum
839 3023 1022 3079 vultus
1061 3024 1352 3094 aspicitur,
1390 3010 1458 3079 et
1499 3022 1680 3094 operis
1719 3022 1863 3077 actio

278 3114 575 3180 recolitur,
623 3116 784 3181 Deus,
852 3115 1007 3184 cujus
1052 3115 1318 3170 habitatio
1363 3114 1418 3169 in
1466 3115 1546 3169 eis
1598 3127 1720 3169 esse
1774 3111 1859 3168 di-

1960 1924 2138 1981 rubim
2159 1940 2230 1982 ex
2257 1939 2392 1980 auro
2429 1925 2650 1980 mundo.
2676 1924 2806 1990 Quae
2832 1924 3013 1981 omnia
3034 1964 3049 1989 ,
3077 1924 3372 1980 secundum
3400 1924 3547 1994 quod

1960 2014 2217 2081 Salomon
2253 2024 2443 2085 postea
2467 2014 2521 2071 in
2571 2013 2767 2084 templo
2794 2014 3072 2081 instruxit,
3116 2015 3170 2068 in
3205 2022 3388 2069 monte
3421 2028 3549 2071 cum

1959 2106 2189 2165 Domino
2216 2108 2466 2179 loquens,
2496 2107 2787 2178 imaginata
2815 2115 2871 2162 et
2893 2108 3217 2177 pmsignata
3239 2108 3394 2173 vidit.

2031 2197 2159 2255 Haec
2203 2207 2261 2254 et
2309 2198 2394 2254 his
2438 2197 2638 2255 similia
2681 2196 3052 2268 prmeedentes
3072 2196 3264 2256 Patres
3297 2198 3542 2266 sciendo.

1959 2294 2151 2350 iconas
2175 2291 2478 2349 Salvatoris
2524 2292 2694 2349 nostri
2720 2291 2850 2349 Iesu
2899 2291 3122 2358 Christi,
3151 2292 3379 2367 ejusque
3416 2307 3544 2351 san-

1957 2385 2215 2443 ctissime
2233 2383 2528 2440 Genitricis
2557 2397 2881 2454 semperque
2899 2383 3159 2456 Virginis,
3190 2385 3544 2456 omniumque

1959 2488 2273 2543 sanctorum
2293 2478 2348 2532 in
2369 2476 2667 2548 parietibus
2684 2476 3059 2543 ecclesiarum,
3083 2478 3378 2541 secundum
3401 2477 3549 2547 quod

1960 2579 2172 2641 tempus
2191 2568 2351 2625 hodie
2372 2568 2584 2640 probat,
2599 2568 2978 2639 depinxerunt,
2992 2575 3046 2623 et
3059 2568 3280 2639 pingere
3297 2582 3399 2638 pro
3414 2583 3549 2625 con-

1958 2663 2109 2735 gruis
2131 2661 2265 2718 locis
2284 2661 2432 2717 omni
2457 2660 2744 2717 dilectione
2766 2675 2934 2731 usque
2960 2660 3013 2715 in
3036 2675 3277 2731 prmsens
3299 2674 3403 2716 non
3425 2675 3550 2731 pro-

1959 2753 2269 2810 hibuerunt.
2295 2751 2437 2820 Quid
2479 2751 2791 2809 Christiano
2815 2752 3101 2811 verissimo
3126 2759 3303 2819 nocet,
3327 2753 3374 2811 si
3405 2752 3552 2823 quod

1959 2851 2175 2899 amatet
2197 2843 2386 2914 diligit,
2401 2859 2509 2899 non
2530 2842 2597 2899 ad
2622 2843 2955 2901 adorandum
2976 2841 3212 2910 deiﬁcet,
3232 2844 3330 2909 sed
3350 2843 3419 2899 ad
3445 2852 3555 2899 tre-

1959 2934 2213 2992 mendum
2243 2934 2574 2999 terribiliter,
2604 2933 2660 2989 in
2680 2934 2886 3005 pariete
2914 2933 2998 2990 vel
3022 2935 3166 3007 ligno
3190 2934 3476 3007 depingit?

2032 3025 2254 3093 Verum,
2279 3026 2407 3097 quid
2452 3024 2638 3091 olllcit,
2672 3025 2717 3081 si
2747 3025 3038 3097 aspicimus
3082 3026 3349 3095 imagines
3376 3024 3549 3105 Chri-

1964 3119 2033 3177 sti
2050 3109 2117 3175 in
2145 3118 2345 3189 templo
2388 3116 2666 3184 Ecclesiae,
2701 3126 2759 3174 et
2792 3117 2845 3174 in
2891 3132 3092 3181 arcano
3120 3117 3302 3177 cordis
3320 3132 3551 3188 praeme-

278 3207 585 3279 gnoscitur,
638 3204 877 3276 perfecte
927 3205 1194 3260 laudatur.
1240 3202 1403 3262 Certe
1449 3205 1493 3260 si
1534 3201 1710 3268 Deus,
1766 3202 1859 3273 qui
1889 3191 1934 3256 C
1967 3215 2206 3270 diiamur
2223 3229 2347 3270 eum
2385 3223 2693 3279 nmmum,
2742 3210 2897 3283 cujus
2936 3211 3228 3283 imaginem
3254 3211 3557 3281 cernimus}.

277 3306 363 3355 est
418 3297 705 3353 invisibilis
760 3305 818 3352 et
862 3298 1230 3368 incorporeus,
1285 3313 1392 3352 non
1447 3312 1545 3367 per
1587 3295 1863 3369 propriam

1967 3307 2130 3363 citius
2156 3306 2405 3364 vivorum
2431 3316 2488 3363 et
2510 3315 2851 3363 mortuorum
2876 3303 3119 3375 judicern
3138 3304 3499 3369 adventuram
3526 3304 3550 3356 ?

279 3389 641 3447 substantiam
673 3387 911 3454 deitatis,
952 3389 1046 3444 sed
1075 3403 1172 3459 per
1209 3387 1511 3458 subjectam
1558 3397 1863 3444 creaturam

1969 3396 2108 3465 Quid
2156 3397 2281 3455 ﬁdei
2308 3405 2509 3455 nostra!
2556 3398 2905 3462 contradicit,
2926 3397 3071 3467 quod
3111 3397 3167 3452 in
3210 3387 3402 3455 ωηιτο
3450 3408 3553 3450 εει-ι

281 3477 592 3535 mortalium
645 3479 897 3549 apparuit
965 3478 1135 3534 oculis
1203 3488 1259 3534 et
1320 3479 1666 3535 credentibus
1720 3492 1867 3533 sum-
1968 3504 2135 3545 mem
2159 3505 2321 3561 super
2357 3490 2550 3556 auare,
2576 3487 2694 3558 eius
2734 3490 2962 3561 ﬁguram
2990 3488 3135 3558 quod
3164 3486 3400 3547 Verbum
3430 3500 3559 3545 cam

283 3585 433 3625 tuum
465 3576 612 3625 esset
655 3568 872 3623 culmen
921 3568 1185 3624 honoris:
1225 3583 1394 3639 quare
1420 3569 1617 3623 animae
1654 3577 1868 3623 sancto-
1968 3581 2173 3639 factum
2208 3592 2312 3648 εει,
2362 3591 2417 3638 ει
2472 3581 2735 3639 habitavit
2782 3582 2837 3635 ίη
2882 3578 3060 3645 nobis,
3118 3578 3311 3635 auium
3354 3586 3560 3634 nostra;

281 3673 405 3713 rum
434 3699 449 3723 ,
496 3673 617 3728 qua:
668 3667 953 3713 manentes
998 3658 1054 3712 in
1101 3673 1330 3727 corpore
1380 3658 1564 3714 vultus
1615 3657 1863 3715 uniuscu-

1970 3672 2277 3730 affectando
2293 3673 2625 3736 desiderant,
2659 3668 2815 3739 cujus
2839 3670 3016 3741 imago
3063 3668 3298 3727 nominis
3339 3666 3560 3725 titulum

230 3756 245 3762 ’
276 3749 481 3822 jusque
523 3750 778 3806 habuisse
801 3761 1124 3816 noscuntur,
1149 3752 1442 3806 secundum
1463 3750 1870 3821 dispositionem
1970 3748 2227 3831 ηιξηιαι,
2277 3771 2334 3819 ει
2373 3763 2502 3834 quia
2544 3777 2645 3833 per
2690 3769 2940 3829 naturam
2985 3758 3182 3813 Filium
3242 3757 3556 3822 adoramus,

282 3842 383 3898 Dei
407 3843 659 3914 dicitipsi
686 3844 950 3914 placentia
975 3852 1226 3914 operatas
1248 3857 1389 3907 esse,
1415 3858 1523 3898 non
1543 3851 1874 3898 venerentur
1972 3872 2145 3929 quam
2196 3870 2294 3927 per
2334 3853 2680 3925 adoptionem
2729 3866 2925 3907 nomen
2970 3865 3166 3905 novum
3206 3848 3469 3919 scriptum
3499 3848 3563 3923 in

284 3949 318 3990 a
343 3934 502 3990 nobis
528 3950 723 4006 magno
750 3935 999 3991 honore?
1033 3935 1145 3991 Cur
1171 3949 1359 3991 eorum
1383 3948 1731 3991 exsecremur
1755 3933 1871 3989 elli~
1972 3948 2201 4015 calculo,
2235 3948 2321 4003 γει
2348 3946 2580 4019 gemmis
2622 3960 2732 4002 ηοη
2760 3945 3047 4002 adoremus
3075 3944 3100 3999 2
3136 3942 3326 3998 Anam
3372 3942 3558 4013 mque

282 4027 424 4099 gies,
448 4041 546 4097 per
578 4042 716 4097 quos
736 4028 1054 4097 agnovimus
1075 4025 1196 4082 ﬁdei
1227 4026 1556 4081 verita-tem?

1971 4048 2244 4107 sanetum,
2273 4039 2329 4095 in
2349 4052 2459 4110 quo
2493 4038 2602 4094 Deo
2628 4036 2989 4108 omnipotenti
3012 4034 3404 4093 sacriﬁciorum
3432 4042 3563 4091 vota

355 4129 624 4200 Apparuit
682 4144 877 4199 nempe
928 4128 1072 4184 Deus
1130 4127 1359 4184 Abrahae
1428 4127 1568 4198 patri
1645 4138 1870 4194 nostro,
1973 4132 2352 4205 persolvimus,
2382 4131 2521 4200 lapis
2548 4141 2633 4186 est
2674 4129 2998 4186 naturaliter
3040 4127 3364 4195 communis,
3419 4126 3561 4187 nihil

284 4236 394 4276 non
427 4220 480 4274 in
512 4234 699 4285 carne,
724 4234 901 4290 neque
938 4220 991 4274 in
1013 4220 1215 4285 anima,
1261 4218 1357 4275 sed
1401 4218 1456 4273 in
1505 4216 1687 4288 specie
1711 4218 1874 4272 trium
1974 4223 2228 4281 dinei-ens
2279 4224 2348 4280 ab
2395 4222 2517 4279 aliis
2553 4220 2773 4288 tabulis,
2814 4236 2937 4293 quae
2979 4221 3218 4292 parietes
3265 4227 3481 4285 uestros
3503 4226 3561 4275 et

285 4313 572 4369 virorum:
603 4311 800 4384 quibus
846 4311 935 4366 ille
978 4311 1122 4367 aliud
1167 4324 1419 4377 cernens,
1469 4317 1526 4366 et
1565 4309 1709 4366 aliud
1753 4322 1877 4365 esse
1973 4317 2282 4388 pavimenta
2321 4315 2607 4372 adornant.
2659 4312 2796 4382 Quia
2840 4327 2973 4370 vero
3023 4320 3295 4371 sacratum
3338 4318 3425 4375 est
3460 4309 3562 4373 Dei

287 4404 622 4477 inteliigens,
679 4421 881 4477 pronus
934 4406 990 4460 in
1047 4415 1195 4461 terra
1248 4404 1513 4468 adoravit,
1574 4412 1630 4459 et
1683 4401 1871 4457 dixit:
1974 4408 2266 4478 adjutorio,
2297 4415 2352 4463 et
2376 4406 2811 4464 benedictionem
2837 4405 3099 4476 suscepit,
3129 4402 3270 4459 unde
3294 4410 3351 4458 et
3372 4415 3563 4469 mensa

278 4490 530 4567 Domine,
558 4501 603 4555 si
644 4500 816 4556 inveni
862 4501 1088 4572 gratiam
1139 4502 1196 4555 in
1249 4500 1417 4554 oculis
1471 4499 1612 4564 tuis,
1651 4496 1874 4568 afferam
1900 4560 1944 4572 _
1977 4508 2163 4557 sancta
2195 4499 2446 4565 elﬁcitur,
2494 4497 2652 4568 panis
2695 4497 3058 4566 iterum,.qu_i
3107 4510 3269 4566 super
3310 4508 3437 4551 eum
3472 4490 3559 4547 of-

284 4560 590 4663 nquamput
627 4560 885 4645 laventur"
907 4591 1060 4661 pedes
1101 4591 1253 4645 vestri
1294 4589 1453 4661 (Cen.
1483 4560 1607 4660 xv);
1627 4560 1872 4645 Credidit
1897 4560 1951 4623 D
1976 4592 2169 4659 fertur,
2214 4591 2375 4663 panis
2405 4560 2511 4647 est-
2535 4589 2755 4661 quidem
2794 4560 3141 4653 communis;
3173 4560 3298 4641 vsed
3342 4582 3561 4654 quando

285 4683 435 4739 illico
455 4682 727 4738 Abraham
764 4684 893 4745 Deo,
920 4690 977 4736 et
1023 4690 1329 4752 reputatum
1356 4690 1442 4737 est
1483 4680 1559 4736 illi
1608 4680 1676 4735 ad
1708 4677 1871 4749 justi-
1977 4684 2094 4756 ipse
2121 4691 2466 4741 sacramento
2496 4690 2744 4742 sacratus
2792 4679 2976 4743 fuerit,
3018 4672 3466 4757 corpustristi
3507 4672 3564 4727 in

285 4775 446 4837 tiam,
471 4783 528 4828 et
555 4775 765 4829 amicus
803 4774 898 4829 Dei
940 4774 1240 4843 appellatus
1277 4781 1381 4827 est.
1420 4772 1687 4843 Apparuit
1718 4771 1873 4826 deni-
1977 4777 2205 4833 veritate
2228 4775 2310 4842 ﬁt,
2338 4784 2395 4832 et
2441 4776 2659 4832 dicitur.
2708 4773 2801 4829 Sic
2826 4780 2883 4829 et
2909 4771 3095 4835 vinum
3148 4766 3420 4831 modicum
3464 4765 3564 4820 ali-

283 4882 393 4939 que
425 4846 597 4923 Iacob
636 4882 737 4939 per
762 4865 1020 4936 subjecta:
1046 4874 1311 4921 creatura:
1340 4864 1599 4934 speciem,
1628 4862 1773 4918 unde
1817 4870 1874 4919 et

284 4960 428 5017 dixit
459 4982 471 5014 :
510 4960 626 5015 Vidi
669 4960 951 5021 Dominum
983 4959 1121 5029 facie
1149 4958 1218 5012 ad
1236 4956 1448 5026 faciem,
1480 4965 1530 5011 et
1557 4954 1703 5010 salva
1727 4955 1872 5025 facta

284 5061 365 5107 est
387 5051 567 5105 anima
593 5066 708 5106 utea
742 5048 896 5122 (Gen.
931 5048 1127 5122 xxx").
1171 5048 1309 5103 Ecce
1338 5049 1690 5119 incorporeus
1728 5046 1872 5103 Deus

283 5156 341 5202 et
366 5145 657 5202 invisibilis
700 5161 799 5215 per
847 5143 1081 5214 speciem
1124 5141 1379 5211 subjecta:
1413 5149 1682 5197 creaturae
1711 5140 1784 5195 ita
1814 5155 1874 5196 se

285 5236 604 5295 mortalium
652 5235 823 5292 voluit
870 5235 1040 5291 videri
1092 5233 1391 5298 obtutibus,
1427 5241 1488 5288 ut
1529 5230 1876 5288 credentibus

286 5327 435 5387 esset
464 5329 531 5385 ad
557 5330 787 5401 gratiam
823 5347 836 5383 :
869 5343 968 5383 cur
992 5326 1148 5383 nobis
1175 5334 1484 5383 sanctorum
1512 5325 1717 5390 icones,
1739 5338 1877 5394 quos

292 5438 595 5495 corporeos
645 5431 701 5479 et
753 5420 994 5479 visibiles
1015 5420 1183 5477 fuisse
1212 5419 1505 5485 credimus,
1550 5418 1597 5474 si
1649 5416 1770 5473 illos
1817 5425 1876 5472 ut

289 5531 419 5572 vere
456 5514 661 5574 Christi
691 5529 1012 5571 veneremur
1043 5514 1270 5578 amicos,
1324 5519 1581 5582 poterunt
1635 5514 1757 5567 esse
1805 5508 1872 5567 ad

290 5608 548 5681 culpam?
596 5604 732 5663 Nam
789 5608 835 5663 si
890 5622 1077 5663 eorum
1117 5603 1318 5676 elligies
1345 5603 1709 5663 exsecrabiles
1753 5614 1876 5659 esse

424 5742 606 5817 Locus
632 5745 944 5807 mendosus.

754 5880 1025 5946 PATBOL.
1062 5879 1301 5942 CXIX.

1977 4867 2132 4948 quid_
2159 4867 2323 4939 digna
2369 4866 2662 4923 existentia
2712 4871 2839 4921 ante
2885 4860 3342 4921 benedictionem.
3350 4870 3400 4948 ξ
3434 4866 3564 4948 post

1976 4944 2468 5016 sanctiﬁcationem
2501 4956 2760 5026 Spiritus.
2792 4952 3011 5023 sanguis
3057 4949 3261 5009 Christi
3304 4944 3558 5017 sllicitum

1973 5050 2093 5122 Ipsa
2141 5050 2289 5107 enim
2341 5049 2523 5107 crucis
2575 5049 2755 5118 imago
2799 5054 3090 5114 antequam
3140 5040 3402 5111 suscipiat
3446 5038 3564 5109 ejus

1975 5143 2165 5203 forma:
2212 5142 2467 5215 ﬁguram,
2512 5140 2719 5212 lignum
2755 5137 2825 5193 ab
2863 5135 3117 5192 omnibus
3144 5145 3430 5195 commune
3456 5138 3562 5187 est.

1978 5235 2294 5308 Suscipiens
2328 5242 2512 5290 autem
2539 5230 2860 5289 omnimodo
2900 5226 3265 5285 venerandam
3299 5221 3564 5297 similitu-

1976 5329 2185 5393 dinem,
2216 5340 2373 5383 sacra
2408 5332 2514 5390 est,
2552 5330 2610 5379 et
2652 5321 2993 5379 daemonibus
3034 5315 3312 5384 terribilis,
3343 5321 3565 5387 propter

1979 5419 2122 5489 quod
2147 5418 2201 5472 in
2225 5432 2290 5473 ea
2312 5416 2684 5487 ﬁguratusest
2704 5409 2975 5471 Christus.
3227 5467 3232 5470 _
3451 5474 3457 5479 ,

2050 5507 2178 5564 llzec
2223 5506 2375 5563 brevi
2419 5504 2561 5576 stle
2608 5511 3040 5563 transcurrentes
3064 5541 3079 5568 ,
3122 5515 3246 5559 cum
3280 5502 3448 5567 multa
3488 5493 3567 5548 di-

1980 5612 2105 5658 cere
2133 5597 2521 5669 quivissemus,
2548 5602 2744 5653 vestrae
2776 5592 3058 5652 serenitati
3080 5587 3561 5661 transcripsimus;

3018 5857 3099 5920 25
