4070 6310
620 296 724 352 779
962 260 969 265 ’
1989 301 2143 360 meo

2251 305 2259 361 Ι
2298 306 2501 368 ΡΛΡΑΕ
2540 313 2562 368 Ι

3766 337 3857 394 78‘)

613 406 740 478 quia
773 407 1045 463 Adrianus
1085 410 1457 466 sanctissimus
1503 412 1703 482 praesul
1741 423 2055 495 antecessor
2102 431 2199 472 no-
2227 423 2274 481 Α
2374 420 2602 492 Explicit
2643 428 2861 498 epistola
2883 431 2947 486 ab
2980 435 3268 504 apostolica
3292 438 3414 494 sede
3433 440 3506 493 ad
3527 440 3855 511 imperatorem

613 509 729 556 ster
780 501 946 557 multa
975 502 1043 558 de
1088 503 1175 559 bis
1207 505 1257 558 in
1287 504 1549 573 epistolis,
1580 523 1703 578 qua:
1748 510 2011 566 hactenus
2051 516 2195 583 apud

611 592 1258 666 Constantinopolitanmn
1308 584 1575 656 habentur
1601 602 1920 671 Ecclesium,
1951 607 2199 663 scribens

607 684 957 750 contradidit,
991 686 1043 740 in
1091 687 1285 756 quibus
1321 690 1585 760 quidquid
1612 692 1772 762 hujus
1825 696 1903 750 rei
1960 699 2198 753 necessi—

610 786 696 830 tas
728 777 993 848 coegerit,
1041 778 1283 835 invenire
1314 782 1582 852 poteritis.
1636 784 1863 858 Oportet
1905 790 2050 843 enim
2097 805 2194 845 ve-

606 878 778 923 strum
834 869 1111 939 imperiale
1144 872 1331 938 decus,
1376 875 1518 944 quod
1550 875 1601 930 iu
1643 878 1896 935 omnibus
1935 880 2196 936 ecclesia-

603 957 756 1013 sticis
804 957 1129 1016 utilitatibus
1183 963 1368 1033 vigere
1423 965 1751 1034 audivimus,
1804 978 1863 1024 ut
1909 972 2191 1042 antiquum

602 1062 830 1113 morem,
864 1065 1028 1121 quem
1066 1062 1248 1113 nostra
1283 1055 1525 1112 Ecclesia
1573 1060 1784 1126 habuit,
1820 1064 2016 1119 vestris
2060 1074 2191 1121 tem-

600 1138 825 1207 poribus
887 1151 1197 1200 restaurare
1252 1147 1587 1218 dignemini,
1640 1163 1909 1222 quatenus
1965 1157 2138 1214 vicem
2170 1201 2185 1223 ,

596 1242 759 1296 quam
800 1240 987 1288 nostra
1040 1236 1197 1291 sedes
1227 1252 1325 1306 per
1370 1241 1655 1312 cpisc0pos
1685 1245 1881 1302 vestris
1910 1247 1961 1302 in
2016 1252 2188 1320 parti-

596 1322 696 1376 bus
739 1324 1066 1382 constitutos
1115 1328 1304 1384 habuit
1347 1372 1362 1395 ,
1416 1333 1670 1391 videlicet
1727 1336 2184 1398 Thessalonicen-

591 1427 727 1479 sem,
772 1415 862 1484 qui
919 1417 1176 1474 ﬂuuiana:
1221 1423 1367 1477 sedis
1418 1425 1609 1481 vicem‘
1652 1442 1751 1498 per
1778 1429 2001 1501 Epirum
2035 1444 2184 1491 vete-

592 1520 742 1572 rem,
800 1507 1132 1581 Epirtitnquc
1180 1528 1406 1581 novam,
1456 1526 1619 1588 atque
1670 1520 1954 1591 illiricum,
2000 1525 2180 1584 Mace-

587 1596 832 1665 doniam,
884 1600 1241 1671 Thessaliam,
1287 1605 1570 1676 Achaiam,
1624 1612 1839 1669 Daciam
1884 1618 2186 1687 ripensem,

588 1686 915 1760 Daciamque
964 1694 1414 1752 mediterraneam
1442 1740 1457 1762 ,
1511 1700 1787 1767 Mmsiam,
1827 1705 2171 1774 Dardaniam,

2302 510 2613 572 Michaelem
2634 534 2735 588 per
2777 520 3167 591 Rhadoaldum,
3196 538 3245 582 et
3278 528 3593 587 Zachariam
3621 537 3855 610 episcopos

2299 618 2480 659 musa.

2910 818 2975 856 ιι)
3010 819 3270 861 1³110⁸1⁸1υῆ.

2898 913 3077 985 (Anno
3123 918 3276 993 860.)

2295 995 2542 1054 ﬂexerunt
2564 1008 2950 1089 latrinae/(usam
2981 1004 3153 1089 Pliotii
3176 1013 3228 1064 in
3250 1014 3527 1071 adventum
3548 1018 3851 1089 legatorum)

2359 1081 2538 1155 estqge
2557 1076 2775 1155 epistola
2813 1079 2986 1154 prima
3009 1081 3079 1130 ad
3112 1085 3354 1155 Publium
3385 1105 3478 1155 per
3505 1076 3851 1147 liltridoaltlniu

2359 1150 2407 1192 et
2451 1139 2777 1201 Zachariam
2813 1139 3105 1219 episcopos
3152 1139 3659 1227 (Scaudianum-zeum
3712 1166 3856 1217 declio

2362 1224 2506 1265 nuta.

2637 1305 2813 1380 [Apud
2843 1311 3031 1377 Mansi,
3057 1314 3206 1378 ibid.,
3236 1315 3337 1370 col.
3372 1316 3521 1391 l68.]

2358 1392 2547 1450 Omnis
2600 1398 2807 1455 utilitas
2851 1413 2905 1457 et
2956 1404 3233 1474 profectus
3286 1409 3592 1464 animarum
3639 1414 3849 1471 catholi-

2282 1504 2344 1544 ca
2401 1490 2504 1549 [ide
2569 1496 2810 1551 munitur
2854 1508 2911 1553 et
2955 1501 3243 1557 dilectione
3314 1504 3593 1574 Evangelii
3643 1516 3849 1567 tuetur:

2281 1598 2401 1652 qua:
2428 1600 2622 1643 omnes
2670 1588 2811 1643 intra
2876 1606 2934 1645 se
2988 1593 3272 1649 conclusos
3320 1595 3493 1649 salvat
3529 1605 3585 1652 et
3618 1609 3759 1653 extra
3795 1617 3853 1658 se

2279 1676 2484 1745 positos
2514 1693 2643 1735 suos
2676 1695 2782 1735 non
2810 1683 3107 1738 existimat.
3136 1683 3289 1740 Unde
3334 1685 3650 1743 directionis
3672 1700 3853 1747 vestra:

585 1777 890 1848 pmwalim’
917 1782 976 1837 Β.
1007 1782 1166 1841 pem)
1195 1789 1568 1858 apostolorum
1621 1794 1848 1866 principi
1896 1768 2169 1855 contra“;
2204 1784 2253 1845 Β
2281 1768 2511 1837 sumptis
2551 1769 2794 1839 apicibus
2848 1773 3110 1866 la-tilieati
3145 1790 3353 1838 sumus,
3384 1776 3509 1845 quia
3539 1793 3633 1833 vos
3675 1781 3851 1836 catho-

586 1885 713 1926 cere
753 1871 929 1930 nullus
958 1888 1249 1945 prtcsmnat
1280 1897 1295 1943 ;
1347 1895 1468 1949 qua:
1504 1892 1910 1942 antecessorum
1960 1898 2172 1945 nostro-

582 1974 706 2013 rum
737 1963 1091 2032 temporibus,
1113 1966 1321 2023 scilicet
1344 1970 1590 2037 Damasi,
1624 1971 2169 2047 Sirieii,|nuocentii,

578 2047 1183 2121 Ilonii‘acii,CtBlestlni,
1214 2056 1375 2124 Sixti,
1400 2059 1619 2127 Leonis,
1653 2062 2167 2139 llilarii,Simplieii,

577 2138 819 2207 Felicis,
858 2150 1044 2222 atque
1100 2144 1399 2204 llormisda:
1454 2160 1769 2208 sanctorum
1827 2158 2166 2245 pontiﬁcum,

576 2231 754 2288 sacris
783 2232 1233 2304 dispositionibus
1283 2240 1603 2311 augebatur.
1648 2244 1892 2312 Quorum
1936 2231 2168 2322 deuitpie

576 2326 946 2387 institutiones
981 2331 1049 2387 ab
1089 2333 1170 2389 eis
1194 2332 1303 2391 illis
1337 2337 1388 2390 in
1428 2338 1675 2407 partibus
1710 2342 2009 2399 destinatas
2069 2361 2171 2417 per

574 2430 794 2479 nostros
822 2423 1038 2492 missos,
1066 2440 1123 2481 ut
1155 2429 1232 2485 rei
1267 2431 1551 2488 veritatem
1577 2451 1906 2508 cognoscere
1929 2444 2160 2511 queatis,

574 2524 771 2572 vestra:
806 2519 1088 2588 Augustali
1113 2526 1368 2593 potentiae
1393 2526 1629 2598 dirigere
1653 2533 1983 2589 curavinms.

631 2604 907 2663 Prmterea
923 2608 1327 2669 Calabritanum
1358 2618 1765 2686 patrimonium,
1800 2633 1855 2679 et
1891 2623 2156 2693 Siculum,

567 2712 794 2768 qumque
838 2710 1040 2756 nostra:
1091 2703 1353 2761 Ecclesia:
1391 2723 1649 2767 concessa
1699 2712 1939 2783 fuerunt,
1998 2725 2053 2773 et
2093 2733 2157 2775 ea

566 2790 895 2856 possidenda
912 2793 1168 2859 obtinuit,
1192 2805 1245 2853 et
1266 2800 1601 2870 disponendo
1630 2821 1728 2875 per
1747 2823 1874 2864 suos
1917 2808 2149 2866 familia-

567 2897 661 2936 res
692 2897 881 2954 regere
919 2887 1150 2953 studuit,
1190 2893 1388 2947 vestris
1433 2896 1875 2956 concessionilms
1922 2901 2153 2957 reddan-

564 2981 677 3038 tur,
724 2974 983 3043 quoniam
1015 2977 1389 3036 irrationabile
1418 2991 1504 3037 est
1534 2993 1592 3038 ut
1618 2986 1992 3044 ecclesiastica
2026 3006 2151 3061 pos-

564 3062 759 3128 sessio,
790 3064 935 3121 unde
973 3065 1272 3123 luminaria
1323 3080 1378 3126 et
1404 3073 1851 3134 concinnationcs
1893 3079 2150 3137 Ecclesia:

2278 1858 2443 1914 licunt
2470 1862 2523 1914 in
2560 1862 2642 1918 eis
2666 1864 3037 1934 cognorimus.
3071 1864 3204 1920 Nam
3239 1866 3308 1920 ibi
3331 1867 3633 1936 prudentia:
3668 1881 3850 1929 vestra:

2276 1955 2564 2011 utilitatem
2598 1955 2986 2024 intelleximus,
3017 1958 3245 2031 ideoque
3274 1960 3472 2016 omitas
3510 1962 3709 2032 gratias
3740 1959 3849 2021 Deo

2273 2049 2637 2119 omnipotenti
2684 2051 2992 2117 retulimus,
3023 2052 3148 2122 quia
3178 2064 3422 2109 vestrum
3478 2055 3620 2109 scire
3667 2056 3730 2111 de
3761 2072 3848 2112 ca-

2276 2140 2474 2196 tholico
2506 2139 2655 2195 fonte
2700 2157 2926 2198 manare
2973 2144 3182 2214 experti
3232 2159 3439 2199 sumus.
3494 2143 3604 2201 Sed
3653 2155 3847 2202 rectum

2272 2249 2368 2290 vos
2397 2234 2649 2290 ordinem
2672 2235 2896 2291 minime
2917 2237 3248 2292 continuisse
3276 2237 3546 2294 doluimus
3574 2257 3588 2293 :
3619 2255 3683 2294 eo
3711 2241 3851 2310 quod

2270 2340 2375 2379 non
2399 2340 2497 2396 per
2522 2326 2722 2397 gradus
2744 2327 2999 2381 Ecclesia:
3022 2327 3215 2383 ductus
3256 2332 3325 2383 ad
3361 2338 3567 2384 tantum
3594 2329 3851 2386 honorem

2267 2417 2336 2471 de
2387 2418 2507 2473 laici
2564 2419 2714 2490 [edit.
2756 2417 2908 2472 Rom.
2939 2419 3141 2492 laicali]
3169 2421 3353 2475 habitu
3388 2438 3486 2478 vos
3507 2423 3850 2492 prosiluistis,

2266 2522 2390 2563 cum
2440 2519 2717 2580 oporteret
2768 2519 3005 2565 vestram
3062 2512 3403 2580 prudentiam
3459 2514 3533 2568 ita
3589 2516 3851 2571 canonice

2263 2602 2543 2658 vixisseiu
2576 2603 2812 2660 clericali
2857 2607 3070 2672 ordine,
3126 2616 3183 2660 ut
3210 2608 3345 2663 nihil
3391 2618 3546 2664 extra
3588 2612 3850 2667 canonica

2261 2693 2506 2749 instituta
2532 2705 2773 2766 agentes,
2799 2704 3048 2767 tempore
3069 2714 3579 2768 congruo,asceusu
3609 2700 3851 2773 legitimo

2261 2787 2672 2843 constituet-eris
2702 2789 2960 2845 Ecclesia:
2989 2799 3194 2860 pastor.
3245 2790 3354 2847 Vos
3389 2792 3573 2863 itaque
3598 2796 3699 2850 hoc
3721 2811 3848 2865 per-

2258 2874 2538 2931 mittentes
2595 2876 3067 2951 [prarmittcntes],
3120 2888 3308 2934 contra
3363 2891 3565 2937 statuta
3621 2883 3852 2941 Patrum

2256 2964 2431 3035 egisse
2479 2965 2829 3022 manifestum
2871 2968 3076 3023 existit.
3129 2968 3265 3024 Nam
3314 2970 3639 3028 Sardicense
3665 2978 3849 3030 conci-

2257 3055 2388 3111 lium
2434 3072 2534 3128 per
2568 3059 2752 3115 omnia
2799 3068 2963 3117 tanta:
2996 3063 3319 3118 temeritatis
3366 3067 3851 3137 praesumptionem

563 3151 654 3204 υρί
686 3150 801 3207 ﬁeri
830 3154 1047 3221 deum",
1076 3165 1291 3213 terrena
1316 3162 1508 3230 quavis
1528 3173 1798 3234 potestate
1819 3169 2146 3226 subtraham
2175 3141 2222 3206 C
2257 3148 2422 3201 vetuit
2454 3146 2596 3218 (catt.
2648 3148 2763 3221 l5),
2806 3152 3012 3219 pariter
3055 3161 3106 3209 et
3159 3162 3472 3209 sanctormu
3526 3160 3850 3226 pontiﬁcum

565 3248 684 3306 tur;
726 3242 822 3298 sed
870 3244 1050 3299 domui
1102 3247 1198 3302 Dei
1252 3250 1502 3307 restituta
1552 3256 1805 3312 meritum
1854 3261 2145 3320 redditoris

565 3333 951 3405 multiplicent,
974 3347 1029 3392 et
1056 3339 1406 3412 suscipientis
1435 3353 1617 3400 votum
1638 3348 1906 3419 spiritalis
1929 3352 2143 3411 deside-

557 3424 625 3479 rii
664 3424 832 3482 lucris
870 3440 1211 3487 exerceat-ur.
1256 3431 1402 3488 Inter
1440 3435 1574 3503 ista,
1600 3447 1658 3493 et
1703 3444 1954 3513 superius
2000 3446 2143 3505 dicta

555 3517 901 3576 volumusut
952 3524 1293 3579 consecratio
1336 3523 1681 3599 Syracusano
1734 3536 2143 3610 archiepiscopo

555 3615 739 3661 nostra
784 3624 814 3663 a
854 3611 984 3666 sede
1030 3612 1397 3684 impendatur,
1439 3628 1507 3674 ut
1534 3621 1752 3678 traditio
1778 3626 1848 3681 ab
1884 3630 2143 3697 apostolis

548 3699 799 3757 instituta
830 3704 1139 3764 nullatenus
1157 3710 1362 3767 nostris
1384 3709 1533 3785 [edit.
1569 3712 1723 3772 Rom.
1755 3719 1975 3793 vestris]
2004 3731 2138 3778 tem-

545 3793 771 3862 poribus
796 3795 1045 3854 violelur.
2134 3852 2137 3855 ι

616 3884 1016 3946 Destinarimus
1062 3901 1240 3950 autem
1294 3906 1487 3955 vestrm
1536 3903 1817 3959 serenitati
1876 3921 2135 3963 reveren-

544 3976 801 4035 dissimos
823 3989 879 4036 et
906 3984 1280 4043 sanctissimos
1318 3991 1623 4064 episcopos,
1657 3995 2029 4054 Rhadoaldum
2056 4001 2135 4056 v-i—

544 4067 741 4126 delicet
788 4084 992 4130 sanctae
1041 4075 1356 4137 Portnensis
1404 4084 1674 4150 Ecclesia),
1716 4096 1880 4159 atque
1926 4091 2133 4147 Zacha-

547 4157 685 4214 ri..m
742 4160 1040 4233 Anagnina:
1093 4179 1296 4226 sancta:
1340 4173 1620 4241 Ecclesiae,
1661 4157 1946 4249 fungentes
1979 4181 2129 4251 lega-

544 4251 691 4306 tione
739 4257 1076 4324 apostolatus
1125 4263 1317 4327 nostri,
1350 4280 1490 4334 qnos
1537 4277 1595 4322 nt
1628 4269 1922 4329 honor-ilice
1952 4276 2127 4330 susci-

541 4343 727 4412 piatis,
783 4355 1017 4402 restram
1063 4353 1473 4422 amplitudinem
1507 4359 1902 4430 deprecamur:
1931 4367 2127 4435 quibus

534 4434 702 4491 etiam
752 4436 1010 4509 frequens
1054 4443 1383 4515 colloquium
1434 4449 1683 4506 tribuatis
1718 4470 1730 4505 :
1768 4461 1824 4508 et
1880 4434 1961 4509 eis
2003 4471 2126 4525 qute

533 4528 603 4582 de
642 4530 1018 4589 ecclesiastico
1054 4545 1199 4591 statu
1250 4539 1804 4610 irreprehcnsibiliter
1859 4547 2119 4613 dixerint,

531 4620 758 4678 credere
817 4626 1283 4698 nou_ambigatis.
1328 4630 1391 4685 Et
1453 4648 1575 4688 cmn
1615 4636 1669 4691 in
1720 4648 1987 4694 conventu
2031 4656 2121 4697 ec-

529 4708 711 4766 clesia:
760 4716 1003 4769 sederint
1029 4731 1128 4787 pro
1155 4720 1544 4778 ecclesiasticis
1571 4726 2004 4795 ditlinitionibus,
2038 4732 2118 4787 ni-

533 4801 606 4855 hil
657 4817 687 4857 a
744 4805 941 4872 vobis,
1009 4809 1091 4863 vel
1136 4810 1207 4865 ab
1261 4813 1383 4868 aliis
1438 4813 1683 4885 alicujus
1714 4821 2119 4897 contrarietatis

528 4894 792 4966 impetum
843 4902 1105 4957 sentiant.
1155 4903 1221 4959 Et
1265 4921 1389 4960 cum
1444 4906 1525 4964 fas
1562 4908 1668 4964 illis
1712 4910 1875 4967 fuerit
1927 4894 2113 4970 rever-

532 4989 707 5054 tendi,
737 5001 950 5047 vestros
993 4997 1287 5054 concedite
1314 4999 1557 5065 missos;
1614 5010 1669 5056 et
1713 5003 1866 5067 tales,
1921 5006 2012 5074 qui
2058 5007 2114 5061 in

528 5080 879 5139 dromonibus
915 5090 1171 5158 congruis
1226 5091 1613 5156 essenomam
1666 5096 1986 5161 incolumes,
2029 5101 2111 5153 l'a-

527 5178 689 5225 vente
718 5172 850 5235 Deo,
875 5180 1238 5245 apostolorum
1282 5182 1537 5251 precibus
1583 5185 1837 5241 studeant
1883 5186 2104 5251 referre.

524 5272 794 5333 quatenus
838 5282 935 5337 pro
982 5272 1234 5328 omnibus
1280 5274 1479 5330 vestris
1525 5276 1683 5332 bonis
1731 5277 2110 5334 devotionibus

517 5355 723 5423 gratias
768 5357 879 5413 Deo
925 5362 1281 5431 omnipotenti
1327 5363 1497 5431 Patri,
1546 5377 1710 5438 atque
1740 5368 1857 5439 ejus
1914 5371 2103 5443 unige-

514 5445 633 5499 nito
676 5446 815 5503 Filio
868 5450 1094 5505 Domino
1140 5460 1335 5509 nostro
1364 5453 1490 5513 Jesn
1522 5458 1758 5525 Christo,
1784 5470 1840 5516 et
1875 5460 2099 5532 Spiritui

513 5548 702 5595 sancto
735 5542 981 5595 devotius
1017 5559 1181 5615 agere
1229 5546 1523 5612 valeamus.
1579 5552 1664 5605 cui
1705 5562 1790 5607 est
1828 5554 2002 5611 honor
2044 5564 2100 5612 et

458 5677 467 5681 -
512 5632 682 5703 gloria
731 5635 784 5687 in
824 5638 1019 5688 saecula
1075 5636 1417 5693 seculorum.
1467 5642 1654 5698 Amen.
1721 5644 1854 5702 Data
1908 5644 2097 5704 incnse

517 5722 863 5794 Septetnbrio
891 5724 978 5778 die
1001 5725 1093 5792 ἐῢ,
1124 5723 1413 5783 indictione
1448 5746 1520 5784 tr.

2248 3237 2511 3295 Romana:
2553 3240 2719 3304 sedis,
2752 3242 3030 3299 C(Bleslitti
3083 3244 3319 3302 doctoris
3357 3248 3586 3319 egregii,
3640 3247 3852 3305 Leonis

2246 3331 2601 3398 sanctissimi,
2650 3331 2804 3400 cujus
2830 3332 2950 3389 laus
2983 3335 3035 3388 in
3081 3345 3272 3405 quarta
3324 3339 3532 3409 synodo
3560 3339 3709 3394 clara
3734 3341 3851 3396 exi-

2244 3422 2343 3477 stit
2365 3440 2380 3477 :
2408 3438 2504 3478 seu
2521 3422 2721 3479 Gelasii
2741 3424 3009 3491 doctrina,
3026 3436 3085 3480 et
3110 3428 3319 3483 meritis
3342 3446 3493 3497 atque
3512 3429 3848 3497 beatissimi,

2245 3513 2439 3570 horum
2470 3513 2722 3571 videlicet
2751 3516 3016 3587 instituta,
3053 3518 3154 3573 hoc
3191 3519 3610 3588 prohibuerunt,
3670 3531 3729 3575 ut
3762 3533 3850 3575 ta-

2243 3605 2311 3662 lis
2348 3606 2623 3665 ordiuatio
2669 3609 2783 3664 ﬁeri
2838 3622 2943 3664 non
3001 3621 3441 3681 prmsumeretur.
3492 3613 3850 3684 Quapropter

2240 3707 2438 3755 vestrae
2458 3700 2852 3756 consecrationi
2878 3702 3186 3758 consentire
3215 3703 3373 3757 modo
3388 3719 3492 3758 non
3517 3720 3850 3774 possumus,

2239 3791 2415 3846 donec
2461 3793 2657 3856 nostri,
2709 3792 2799 3862 qui
2852 3809 2881 3847 a
2927 3793 3084 3848 nobis
3121 3796 3646 3865 Consmntinopolim
3712 3809 3851 3853 sont

2239 3885 2453 3951 directi,
2482 3893 2849 3951 revertantur,
2884 3888 3117 3955 qualiter
3156 3904 3254 3957 per
3290 3904 3388 3943 eos
3434 3904 3849 3962 cognoscamus

2238 3990 2434 4037 vestrae
2457 3981 2852 4037 observationis
2872 3991 3049 4045 actus,
3078 3991 3133 4037 et
3161 3982 3547 4038 ecclesiastica:
3576 3985 3850 4040 utilitatis

2236 4073 2623 4137 constantiam,
2653 4080 2834 4142 etquo
2855 4073 3034 4128 studio
3064 4072 3210 4127 circa
3256 4074 3539 4129 catholica:
3584 4074 3713 4129 tidei
3749 4077 3849 4130 de-

2247 4164 2546 4221 fensionem
2574 4175 2786 4220 vosmet
2816 4164 3139 4220 exerceatis.
3188 4164 3253 4219 Et
3300 4173 3451 4231 tunc,
3501 4166 3549 4220 si
3602 4166 3847 4236 dignum

2233 4255 2417 4320 fuerit,
2468 4263 2529 4310 ut
2587 4265 2751 4310 tauttc
2803 4255 2950 4311 sedis
3016 4254 3322 4326 praesulem,
3396 4270 3496 4311 ceu
3542 4257 3844 4322 convenit,

2232 4348 2640 4413 ltonorabimus,
2683 4358 2735 4404 ct
2781 4347 3017 4403 fraterna
3069 4338 3357 4404 dilectione
3406 4348 3845 4418 amplectentur.

2234 4440 2369 4494 Data
2410 4455 2598 4496 mense
2645 4439 3006 4513 Septentbt'io,
3034 4440 3120 4496 die
3145 4440 3234 4502 25,
3252 4440 3441 4495 iudicl.
3469 4455 3548 4494 IS.

2968 4553 3056 4609 Vl.

2346 4662 2414 4701 AD
2463 4662 2743 4719 ευεείῖοιιοε
2782 4662 2833 4700 IN
2870 4660 3044 4702 θεαῖκο
3077 4660 3271 4701 αλιιοιι
3305 4661 3714 4705 εοκετιτιιτοε.

2830 4739 3009 4807 (Anno
3030 4736 3182 4809 860.)

2226 4837 2299 4884 De
2346 4829 2679 4898 Ingellrude,
2737 4829 2957 4884 Bosouis
3007 4831 3208 4885 comitis
3248 4847 3412 4884 uxore
3457 4830 3735 4901 fugitiva;
3774 4842 3843 4885 ιιι

2226 4936 2231 4939 ι
2255 4902 2401 4956 illum
2429 4902 2895 4966 excommuniceut,
2917 4902 2964 4955 si
2979 4902 3049 4954 ad
3072 4902 3240 4955 cirum
3258 4902 3427 4956 redire
3449 4914 3799 4957 contemnat.

2571 4993 2746 5066 [Apud
2778 4992 3140 5058 Mansi,ibid.,
3161 4991 3265 5047 col.
3294 4991 3448 5064 5:26.]

2268 5086 2558 5149 ,Ntcocaus
2586 5087 2891 5156 episcopus,
2920 5099 3110 5139 servus
3160 5098 3440 5139 servorum
3493 5082 3613 5147 Dei,
3664 5099 3845 5139 reve-

2213 5177 2526 5233 rentissimo
2566 5192 2629 5231 ac
2653 5175 2999 5230 sanctissimo
3033 5183 3084 5229 et
3124 5173 3387 5228 eonfratri
3421 5183 3613 5230 nostro
3645 5173 3845 5229 Hisc-

2214 5285 2358 5325 tttuo
2380 5268 2805 5337 archiepiscopo,
2840 5275 2895 5320 et
2932 5267 3185 5321 OlllllllrllS
3232 5264 3672 5336 archiepiscopis
3726 5278 3844 5320 seu

2209 5363 2479 5433 episcopis
2509 5362 2561 5415 in
2591 5376 2757 5431 regno
2776 5360 2953 5414 Caroli
2978 5360 3305 5415 constitutis.

2258 5454 2556 5509 VCanonica
2594 5453 2890 5507 auctoritas
2919 5451 3023 5505 hoc
3048 5449 3196 5505 omni
3245 5450 3297 5503 in
3349 5449 3468 5504 loco
3500 5449 3845 5519 przcdicare

2204 5564 2313 5604 non
2340 5555 2539 5605 cessat.
2567 5544 2872 5617 utpopulus
2894 5544 3081 5599 ditiuo
3124 5541 3294 5599 cultui
3343 5541 3702 5611 mancipatus
3749 5544 3813 5596 ir

2205 5639 2643 5711 rt-prcltensibilis
2691 5637 2892 5691 existat
2934 5654 2946 5690 :
2997 5651 3106 5705 quo
3148 5635 3293 5690 enim
3345 5634 3622 5689 mediante
3695 5620 3847 5689 ﬁeri

2205 5738 2395 5795 melius
2420 5734 2674 5801 noluerit,
2707 5749 2869 5803 quam
2904 5731 3114 5787 illorum
3141 5729 3527 5797 sollicitudine,
3555 5729 3661 5801 qui
3719 5744 3846 5802 pa-
