4070 6310
234 350 342 414 ’181

236 564 585 635 Quapropter
640 573 876 620 vestram
931 580 1344 621 commonemus
1405 565 1823 632 fraternitatem,

239 653 355 707 imo
378 665 433 709 et
457 654 824 720 sanctitatem,
864 664 923 710 ut
947 669 1182 712 vestram
1203 657 1479 713 dimcesim
1503 673 1608 713 non
1631 657 1827 713 sinatis

233 746 409 816 pollui
437 744 764 803 fornicartis.
797 747 936 803 Ecce
977 744 1299 819 jampridem
1347 748 1645 805 direximus
1672 748 1826 805 vobis

235 840 309 896 de
338 854 506 895 uxore
534 839 763 896 Bosonis
783 840 1017 905 comitis,
1041 855 1163 911 quae
1190 840 1382 896 relicto
1408 839 1527 895 viro
1556 839 1715 910 fugit,
1764 848 1827 895 ut

235 945 362 984 eam
390 943 645 985 revocare
682 929 951 986 fecissetis
980 931 1100 985 viro
1148 945 1269 995 suo,
1327 930 1424 985 sed
1470 929 1616 1001 quod
1663 944 1825 985 occa-

235 1021 394 1075 sione
441 1028 723 1092 mergente
757 1021 979 1076 minime
1018 1019 1224 1075 factum
1255 1019 1649 1091 conspicimus;
1679 1019 1827 1075 unde

234 1110 425 1166 forsan
467 1125 565 1167 vos
618 1110 972 1183 negligentes,
1032 1126 1133 1167 nos
1198 1111 1446 1181 judicare
1507 1123 1820 1180 possumus.

236 1201 581 1273 Quapropter
626 1202 969 1272 prmeipimus
995 1201 1150 1258 vobis
1180 1201 1502 1257 auctoritate
1529 1201 1821 1272 apostolica

231 1291 377 1359 fulti,
413 1300 690 1363 quatenus
716 1308 837 1349 eam
858 1292 1072 1350 faciatis
1094 1293 1295 1348 reverti
1325 1291 1398 1348 ad
1428 1292 1707 1363 proprium
1735 1292 1818 1345 vi-

232 1398 377 1447 rum,
401 1396 659 1438 concessa
686 1382 786 1438 sibi
816 1381 1162 1454 negligentia,
1182 1395 1288 1451 qua
1316 1381 1368 1436 in
1397 1395 1521 1437 eum
1550 1381 1815 1451 deliquit;

233 1484 292 1529 et
318 1473 360 1528 si
383 1471 538 1527 vobis
582 1471 900 1527 inobediens
928 1471 1318 1543 contempserit
1367 1472 1648 1543 repedare,
1692 1486 1818 1528 cor-

231 1577 366 1632 pore
391 1569 447 1618 et
473 1561 734 1634 sanguine
759 1562 973 1617 Domini
1004 1562 1173 1617 nostri
1201 1559 1331 1629 Jesu
1361 1560 1586 1629 Christi,
1628 1568 1686 1618 et
1729 1577 1821 1618 so-

232 1656 432 1709 cietate
480 1654 723 1710 omnium
769 1652 1006 1709 fidelium
1057 1653 1220 1709 citius
1268 1661 1379 1709 tam
1438 1653 1606 1720 illam,
1650 1669 1818 1726 quam

234 1752 463 1801 caeteros
490 1745 582 1816 qui
605 1745 724 1816 ejus
746 1744 977 1801 facinori
1006 1744 1191 1801 favere
1214 1744 1562 1809 videbuntur,
1591 1758 1815 1802 excom-

1428 357 1788 416 EPISTOLZE
1828 358 1915 414 ET
1954 356 2292 417 DECllETA.

237 480 453 528 storum
489 469 612 528 loco
660 483 848 527 curam
891 470 1155 529 Dominici
1200 471 1378 545 gregis
1421 474 1825 544 susceperunt?
1853 480 1903 536 Α

3406 372 3510 428 ’[δὶ

2672 481 2764 536 IX.

2143 582 2211 621 AD
2246 583 2593 626 HUNTFRIDUI
2633 586 2937 629 ιιοιιικκειξι
2974 588 3288 631 ιιηεοορυι.

2270 658 2677 731 Fragmentum.
2702 693 2773 704 —
2799 662 2978 735 (Anno
3010 664 3160 734 861.)

1964 748 2031 804 In
2068 751 2508 822 persecutionibus
2544 754 2816 880 epgcopu:
2848 755 3140 812 Ecclesium
3172 772 3326 812 suam
3366 771 3475 814 non

2641 842 2786 880 ctera
2816 867 2830 880 .

2641 842 2755 881 8881·
2755 842 2809 880 at
2816 867 2830 881 ι

2504 917 2723 991 [Mansi,
2760 920 2914 993 ibid.]

1998 1007 2305 1066 Sciscitaris
2340 1008 2525 1081 itaque
2563 1025 2664 1082 per
2687 1010 3072 1082 Guldagarium
3105 1013 3501 1085 presbyterum,

1924 1110 2106 1157 utrum
2133 1116 2257 1158 cum
2304 1117 2334 1157 a
2368 1102 2717 1160 Nortmannis
2764 1105 2831 1160 de
2877 1106 3150 1176 episcopio
3198 1107 3504 1178 depellaris,

1925 1192 2125 1249 debeas
2148 1193 2216 1250 de
2246 1203 2443 1250 ctetero
2479 1195 2535 1249 in
2572 1196 2903 1252 monasterio
2945 1200 3279 1255 conversari.
3312 1198 3369 1255 ln
3397 1215 3509 1272 quo

1924 1284 2089 1352 scias,
2135 1285 2458 1344 charissima
2503 1285 2694 1354 frater,
2743 1288 2885 1359 quod
2938 1290 2982 1345 si
3026 1291 3391 1360 perniciosum
3421 1301 3509 1350 est

1921 1381 2196 1443 proretam
2244 1374 2300 1430 in
2348 1378 2739 1447 tranquillitate
2782 1380 2961 1437 navim
3003 1381 3275 1450 deserere,
3304 1393 3511 1455 quanto

1924 1465 2097 1536 magis
2136 1465 2191 1520 in
2215 1464 2486 1524 ﬂuctibus.
2520 1468 2624 1526 Ubi
2666 1485 2774 1526 non
2802 1470 3056 1538 dicimus,
3083 1474 3227 1545 quod
3256 1490 3511 1546 persecu-

1923 1561 2103 1610 torum
2142 1570 2250 1611 non
2281 1555 2568 1627 fugiamus,
2606 1559 2841 1623 maxime
2874 1575 3230 1632 paganorum,
3258 1563 3506 1630 insidias,

1922 1659 2047 1701 cum
2084 1645 2151 1701 ad
2190 1654 2403 1718 tempus
2440 1648 2699 1717 saeviunt,
2738 1660 2797 1707 et
2837 1652 2907 1708 ob
2934 1652 3334 1709 multitudinem
3375 1655 3508 1711 deli-

1921 1745 2134 1795 ctorum
2174 1745 2485 1796 nostrorum
2523 1742 2754 1798 nocendi
2796 1740 3108 1801 facultatem
3137 1744 3393 1801 divinitus
3420 1762 3507 1803 as‘

232 1836 514 1891 municare
558 1836 855 1904 festinetis,
902 1845 964 1891 ut
1004 1837 1198 1893 domus
1261 1837 1356 1892 Dei
1403 1837 1599 1893 talibus
1642 1846 1818 1895 recte-
1845 1841 1892 1900 B
1920 1840 2264 1901 sequuntur:
2300 1835 2604 1904 praesertim
2647 1850 2774 1891 cum
2816 1837 2899 1892 eis
2943 1836 3162 1907 prodire
3209 1837 3353 1894 ultro
3394 1854 3508 1895 non

231 1928 386 1983 ribus
421 1927 715 1999 dirigatur,
774 1928 966 1999 quales
1012 1928 1314 1985 catholicus
1355 1927 1501 1985 .ordo
1550 1927 1818 2000 delegisse
1920 1923 2248 1993 debeamus;
2285 1934 2343 1981 et
2368 1925 2569 1983 multos
2595 1928 2891 1999 prophetas
2921 1936 2979 1983 et
3002 1928 3294 2001 apostolos,
3325 1929 3507 2001 ipsum

229 2019 596 2091 cognoscitur.
614 2019 876 2091 Optamus
892 2020 1239 2076 sanctitatem
1259 2018 1817 2077 vcstramiuChristo
1917 2029 2132 2087 quoque
2171 2016 2460 2073 Dominum
2511 2018 2822 2090 huiusmodi
2882 2018 3097 2092 fugisse
3140 2020 3504 2083 insecutores.

228 2110 371 2166 bene
392 2110 597 2168 valere.
978 2180 1062 2236 γη

751 2287 820 2326 λι)
842 2286 1087 2345 ολιιοιωι
1118 2285 1314 2327 REGE“.

836 2361 1013 2434 (Anno
1038 2360 1188 2432 860.)

152 2504 159 2513 ,
229 2454 408 2509 Monet
452 2470 571 2508 eum
622 2452 897 2525 diligenter
946 2470 1232 2524 procurare
1279 2463 1353 2525 ut_
1391 2452 1673 2508 Lotltarius
1713 2451 1812 2525 ln-

297 2525 589 2597 geltmdem
641 2522 883 2597 amorem
946 2522 1251 2597 adulteram
1316 2522 1576 2597 Bosonis“
1608 2524 1811 2578 comitis

297 2593 454 2665 regno
479 2610 575 2649 suo
601 2594 821 2666 ejiciat;
866 2604 913 2648 et
954 2597 1023 2647 ad
1066 2596 1235 2647 virum
1282 2610 1436 2648 suum
1466 2593 1637 2647 redire
1671 2609 1813 2646 cont-

292 2667 475 2737 pellat.

648 2782 651 2785 .
738 2735 913 2809 [Apud
940 2734 1131 2801 Mansi,
1157 2733 1314 2805 ibid.]

296 2827 568 2884 NICOLAUS
592 2827 899 2899 episcOpus,
924 2841 1114 2883 servus
1141 2841 1422 2882 servorum
1450 2825 1565 2893 Dei,
1592 2824 1810 2883 σηοω

227 2920 466 2993 glorioso
496 2920 609 2991 regi
634 2919 867 2990 spiritali
900 2918 1009 2973 lilio
1034 2926 1242 2973 nostro.

299 3008 545 3063 Vestram
576 3007 784 3078 regiam
811 3005 1129 3077 dignitatem
1173 3005 1439 3061 concedet
1478 3007 1544 3062 de
1592 3006 1809 3077 pietatis

224 3100 375 3155 fonte
412 3096 641 3168 iustitiae
687 3099 1064 3155 discretionem
1108 3098 1350 3155 haurire.
1406 3097 1576 3154 Nemo
1626 3099 1809 3169 itaque

1810 2136 1815 2167 ς
1917 2104 2049 2163 luce.
2078 2106 2283 2164 clarius
2329 2115 2564 2165 constet.
2598 2108 2706 2166 Sed
2740 2109 2886 2181 quod
2925 2111 3195 2184 praecipue
3242 2127 3358 2178 nos,
3408 2114 3505 2185 qui

1920 2203 2179 2267 tanquam
2220 2197 2421 2255 arietes
2465 2199 2724 2263 ducatum
2752 2200 3010 2273 gregibus
3033 2201 3343 2272 praebemus
3391 2203 3504 2259 imo

1913 2286 2011 2356 qui
2037 2294 2095 2342 et
2119 2288 2314 2344 horum
2341 2278 2603 2359 pastores
2619 2304 2832 2358 sumus,
2860 2291 2983 2360 Deo.
3000 2301 3225 2351 auctore
3270 2310 3393 2352 cum
3420 2295 3503 2353 eis

1917 2375 1972 2432 in
2005 2378 2260 2449 periculis
2300 2395 2400 2451 pro
2426 2381 2634 2437 viribus
2660 2382 2951 2454 persistere
2984 2399 3085 2454 pro
3122 2393 3276 2442 certo
3303 2400 3501 2443 conve-

1916 2467 2052 2522 niat.
2120 2468 2188 2525 Et
2234 2485 2358 2527 cum
2410 2471 2777 2544 tranquillitas
2839 2473 3023 2529 divina
3068 2474 3233 2531 fuerit
3276 2477 3499 2547 pietate.

1917 2561 2199 2630 sopitaque
2250 2560 2544 2619 furentium
2593 2562 2893 2630 infestatio,
2938 2580 3064 2622 mox
3106 2581 3327 2639 gregem
3377 2583 3503 2638 per-

1916 2651 2154 2718 quirere,
2180 2660 2238 2708 et
2274 2652 2327 2708 in
2354 2669 2523 2709 unum
2552 2654 2829 2727 colligere,
2866 2666 2925 2713 et
2953 2657 3072 2727 ejus
3095 2658 3309 2714 animos
3338 2659 3501 2715 cccle-

1916 2740 2016 2799 slis
2059 2742 2250 2811 patria:
2295 2756 2430 2812 pace
2477 2743 2818 2813 potissimum
2873 2738 3165 2807 securitate
3208 2750 3501 2821 praedicata

1916 2847 2130 2889 sursum
2186 2834 2397 2905 erigere
2445 2834 2725 2893 debemus.
2765 2837 2833 2893 Et
2870 2839 3055 2894 tandiu
3103 2854 3267 2912 super
3310 2855 3500 2895 eorum

1916 2926 2127 2987 cautela
2154 2936 2371 2997 oportet
2396 2942 2499 2986 nos
2536 2944 2656 2985 esse
2687 2930 2967 2998 sollicitos,
3002 2941 3066 2988 ut
3091 2934 3137 2989 si
3164 2933 3258 2989 Dei
3293 2934 3501 3006 judicio

1914 3018 2198 3087 praesentis
2235 3020 2494 3090 temporis
2519 3022 2803 3079 commoda
2830 3008 3079 3081 fortassis
3107 3025 3386 3092 amittunt,
3416 3024 3502 3081 fu-

1916 3117 2055 3165 tura:
2100 3110 2227 3169 vita:
2278 3126 2338 3168 se
2380 3120 2600 3183 sperent
2657 3114 3100 3189 gaudiaabsque
3149 3118 3504 3191 ambiguitate

219 3189 423 3259 iustius
455 3189 669 3260 Operari
718 3186 900 3252 debet,
934 3203 1096 3257 quam
1125 3187 1212 3243 cui
1259 3187 1548 3243 commissa
1596 3188 1807 3244 videtur

1912 3199 2190 3271 percipere
2218 3201 2569 3273 sempiterna.

224 3281 400 3352 legum
432 3280 831 3336 ordinabilitas.
852 3280 993 3336 Ecce
1010 3280 1210 3336 etenim
1242 3295 1398 3351 rcges
1431 3280 1648 3351 regibus
1678 3296 1803 3335 sua-

224 3372 354 3427 dere
378 3370 607 3444 [favere]
636 3370 830 3426 solent.
876 3369 983 3426 Sed
1008 3371 1282 3437 convenit,
1313 3379 1372 3425 ut
1400 3371 1487 3426 his
1512 3386 1635 3441 qtae
1661 3372 1803 3427 ratio

223 3464 641 3535 docetjustitize,
669 3463 898 3521 invicem
930 3462 1201 3521 alternent
1230 3482 1243 3519 :
1273 3478 1395 3534 quae
1423 3476 1449 3505 ι
1490 3475 1670 3519 autem
1704 3466 1805 3519 im-

222 3559 486 3630 probitas,
516 3557 721 3614 vicaria
746 3557 868 3615 vice
894 3558 1218 3619 subtrahere
1245 3573 1351 3612 non
1374 3567 1612 3612 cessent.
1650 3556 1807 3614 Unde

224 3660 459 3706 vestram
481 3651 834 3705 exhortamur
861 3650 1065 3720 regiam
1096 3648 1545 3716 magnitudinem,
1571 3649 1647 3703 uti
1684 3663 1803 3702 cor-

220 3741 410 3813 rigatis
437 3740 749 3796 Lotharium
776 3756 981 3812 regem,
1016 3748 1264 3810 nepotem
1290 3749 1550 3803 vestrum,
1590 3756 1660 3795 ne
1691 3749 1802 3794 tan-

221 3842 335 3887 tum
363 3831 631 3903 piaculum
652 3832 932 3902 permittat
961 3845 1183 3886 manere
1220 3831 1273 3885 in
1318 3845 1483 3901 regno
1515 3846 1614 3885 suo
1643 3848 1658 3885 :
1700 3831 1803 3905 hoc

220 3930 426 3978 estnon
463 3922 767 3977 consentiat
790 3920 1069 3992 fugitivam
1092 3933 1314 3975 uxorem
1347 3919 1575 3976 Bosonis
1587 3921 1803 3976 comitis

220 4013 404 4068 tandiu
434 4028 736 4078 remanere,
782 4022 843 4068 ut
875 4028 981 4068 non
1008 4013 1263 4068 reddatur
1285 4013 1402 4069 viro
1423 4027 1543 4079 suo,
1574 4013 1803 4070 remissa

218 4103 434 4173 quidem
485 4102 834 4175 negligentia,
890 4119 1054 4174 quam
1102 4103 1154 4158 ei
1200 4102 1347 4158 fecit.
1386 4102 1655 4158 Caeterum
1706 4119 1803 4160 vos

218 4197 390 4252 etiam
417 4211 635 4252 monere
664 4196 935 4262 volumus,
958 4205 1018 4251 ut
1053 4196 1096 4251 si
1124 4196 1176 4251 in
1207 4204 1392 4253 vestro
1418 4211 1585 4269 regno
1626 4197 1801 4253 conti-

218 4285 361 4358 gerit
388 4285 661 4351 devenire,
712 4285 963 4342 similiter
1011 4285 1325 4357 peragatis;
1364 4286 1619 4357 quoniam
1635 4286 1801 4357 jussi-

217 4391 339 4431 mus
366 4376 618 4431 oumibus
644 4376 1064 4446 archiepiscopis
1091 4391 1187 4432 seu
1235 4375 1503 4447 episcopis
1530 4376 1678 4446 regni
1705 4391 1797 4431 vc-

215 4467 339 4531 Stri,
366 4476 424 4519 ut
451 4481 591 4530 eam,
626 4467 826 4521 indulta
852 4467 1151 4537 sibienlpa,
1179 4467 1225 4524 si
1250 4468 1484 4523 noluerit
1512 4468 1708 4523 reverti
1734 4468 1799 4523 ad

215 4558 585 4627 supradictum
623 4558 794 4612 virum
841 4575 1020 4623 suum,
1065 4560 1543 4616 excommunicent
1589 4575 1619 4614 a
1669 4575 1793 4615 cor-
1826 4539 1956 4625 Div

215 4665 348 4719 pore
383 4662 439 4704 et
484 4650 746 4721 sanguine
807 4649 1018 4705 Domini
1069 4652 1240 4706 nostri
1293 4651 1422 4708 Jesu
1495 4650 1721 4717 Christi,
1744 4658 1799 4707 et

214 4742 476 4798 societate
526 4742 768 4796 omnium
817 4742 1377 4811 fidelium;quoniam
1429 4744 1707 4810 condecet,
1738 4751 1799 4799 ut

215 4834 273 4888 in
297 4847 462 4903 regno
493 4840 674 4888 vestro
720 4840 927 4897 tantum
966 4833 1165 4887 malum
1217 4850 1341 4903 non.
1365 4836 1575 4891 oriatur
1602 4877 1616 4901 ,
1650 4844 1704 4891 et
1750 4836 1794 4891 si

213 4933 392 4977 ortum
436 4920 619 4987 fuerit,
662 4924 823 4978 citius
870 4924 1264 4992 exstinguuntur.
1305 4924 1455 4980 Adeo
1498 4935 1557 4980 nt
1606 4942 1794 4981 omnes

213 5010 618 5065 consentientes
648 5008 789 5063 malo
837 5008 1027 5078 ipsius,
1074 5010 1386 5081 supradicta
1421 5014 1792 5067 exconnnuui-

212 5099 425 5155 ratione
448 5099 709 5153 nodamus
739 5098 1085 5173 [nectamus].
1115 5099 1378 5171 Optamus
1410 5101 1792 5159 excellentiam

210 5197 452 5245 vestram
486 5190 541 5245 in
570 5190 790 5246 Christo
818 5192 955 5246 bene
979 5191 1180 5248 valere.

944 5282 1072 5338 Vill.

488 5392 628 5432 ACTA
654 5392 883 5433 CONCKLH
914 5391 1109 5431 BONA?"
1139 5393 1258 5431 ANNI
1298 5392 1542 5434 DCCCLXI.
1588 5425 1615 5435 .-

431 5466 507 5520 De
556 5456 763 5524 Joanne
819 5468 1118 5522 Ravennate
1172 5467 1577 5537 archiepiscopo.

209 5562 369 5636 (Vide
401 5562 719 5631 Patruloglm
744 5572 885 5636 tom.
904 5560 1039 5636 _CV_I,
1070 5560 1171 5636 cal.
1218 5559 1339 5624 787,
1394 5558 1688 5631 appendice
1725 5559 1793 5615 ad

742 5633 1046 5704 pontiﬁcale
1080 5634 1249 5704 Ague.

282 5787 302 5807 -
335 5768 515 5823 Locus
541 5768 925 5821 subobscnrus.
1732 5818 1752 5830 ,
1766 5821 1792 5834 ,,

279 5843 306 5883 ιι
331 5839 582 5911 Civilium
612 5838 871 5895 bellorum
902 5835 1153 5903 motibus,
1185 5843 1237 5892 ct
1262 5835 1689 5907 deprtedatorum
1713 5834 1793 5891 in-

1990 3419 2061 3459 Δί)
2099 3421 2482 3465 τηιετωυιιυι
2519 3420 2973 3468 Αηςιιιειιεςορωι
3009 3428 3402 3472 τηηιιειεεει.
3492 3438 3503 3487 :1

2498 3500 2518 3572 (
2543 3501 2701 3558 Anno
2726 3501 2894 3575 86f.)
3490 3508 3507 3556 ἲ

2077 3591 2239 3646 Illum
2264 3602 2313 3647 et
2340 3594 2539 3648 clerum
2562 3593 2676 3664 ejus
2701 3594 2922 3651 absolvit
2949 3612 2984 3650 α
3000 3598 3329 3666 iuramento.

1936 3682 1959 3753 {
1983 3682 2135 3752 Apud
2166 3683 2477 3739 lloutheim.
2501 3724 2516 3749 ,
2560 3684 2702 3738 Hist.
2734 3684 2883 3740 Eccl.
2917 3684 3144 3744 Trevier.
3167 3727 3183 3753 ,
3211 3699 3342 3745 tom.
3370 3688 3410 3743 Ι.
3436 3689 3461 3763 ]

1973 3795 2361 3850 Auctoritatem
2388 3794 2773 3850 venerabilium
2800 3796 3259 3866 praedecessorum
3280 3805 3495 3855 nostro-

1903 3904 2024 3943 rum
2050 3887 2243 3953 secuti,
2270 3896 2326 3942 et
2352 3887 2670 3944 nominatim
2696 3889 2993 3945 beatissimi
3025 3899 3258 3960 papmct
3284 3900 3492 3964 marty-

1904 3979 1981 4033 ris
2012 3976 2305 4033 Alexandri
2333 3977 2504 4048 quinti
2534 3994 2564 4033 a
2591 3979 2750 4035 beato
2771 3978 2955 4045 Petro,
2980 3982 3051 4035 ab
3071 3981 3320 4037 omnibus
3340 3978 3495 4050 iura-

1904 4070 2102 4127 mentis
2139 4078 2195 4124 ct
2236 4068 2605 4141 cujuscunque
2637 4071 2782 4126 modi
2806 4072 3254 4144 obligationibus,
3294 4076 3494 4147 quibus

1904 4162 1978 4216 illi
2005 4172 2143 4227 sese,
2173 4161 2344 4217 coacti
2373 4162 2628 4217 violentia
2650 4161 2956 4233 impiorum,
2981 4163 3373 4237 obligaverunt,
3398 4169 3496 4224 ah-

1904 4252 2197 4320 solvimus;
2238 4262 2294 4309 et
2321 4268 2388 4309 ne
2410 4254 2499 4309 illa
2526 4262 2830 4323 serventur,
2862 4259 3165 4326 vetuimus,
3202 4268 3311 4316 tam
3353 4276 3495 4332 prae-

1902 4341 2073 4397 fatum
2104 4343 2569 4413 archiepiscopum
2598 4346 3002 4413 Trevirensem,
3028 4363 3191 4418 quam
3216 4349 3333 4420 ejus
3354 4366 3490 4422 prac-

1903 4432 2172 4501 positum,
2204 4440 2258 4486 et
2286 4447 2476 4487 omnes
2500 4433 2592 4503 qui
2625 4446 2751 4490 tunc
2778 4439 3037 4507 temporis
3064 4439 3248 4508 capti,
3291 4453 3352 4493 se
3384 4439 3494 4495 illis

1963 4539 2121 4594 ioqno
2150 4523 2308 4579 modo
2330 4523 2726 4594 obligaverunt,
2754 4541 2931 4598 neque
2955 4528 3117 4582 ullam
3146 4543 3240 4583 eos
3263 4529 3493 4599 proinde

1908 4612 2183 4668 infamiam
2206 4655 2221 4681 ,
2263 4623 2356 4669 aut
2383 4615 2710 4672 calumniam
2729 4658 2744 4683 ,
2789 4627 2883 4673 aut
2910 4633 2942 4672 a
2967 4619 3080 4673 suis
3108 4620 3265 4675 bonis
3300 4632 3495 4690 seque-

1906 4707 2223 4768 strationem
2249 4722 2509 4780 unquam,
2537 4716 2759 4765 auctore
2780 4710 2892 4765 Deo
2910 4718 2965 4765 et
2983 4709 3186 4766 sanctis
3204 4712 3490 4782 apostolis,

1904 4809 1958 4857 et
1998 4802 2200 4857 nostris
2242 4803 2730 4873 praedecessoribus
2776 4788 3045 4859 sustinere
3089 4805 3487 4874 permittimus;

1904 4895 2041 4947 sicut
2071 4908 2167 4963 per
2201 4895 2519 4963 prephetam
2562 4894 2821 4950 Dominus
2849 4894 2980 4949 dicit
3018 4912 3031 4949 :
3066 4893 3304 4950 Dissolve
3340 4896 3491 4952 colli-

1900 4983 2132 5049 gationes
2158 4983 2456 5051 impietatis.
2490 4983 2629 5049 Quin
2653 4984 2814 5037 etiam
2838 4983 3062 5053 praefato
3092 4982 3245 5039 fratri
3279 4996 3490 5051 nos:ro,

1904 5074 2133 5143 filiisque
2160 5072 2499 5129 'l‘revirensis
2527 5073 2803 5140 Ecclesiae,
2835 5075 3082 5144 illiusque
3111 5075 3488 5134 defensoribus

1902 5165 2017 5221 haec
2043 5167 2096 5221 in
2126 5166 2395 5222 mandatis
2419 5167 2610 5222 damus
2639 5175 2698 5221 ut
2736 5152 3000 5236 spirit'uaIi
3042 5166 3202 5224 simul
3238 5176 3293 5224 et
3319 5177 3492 5225 mate-

1904 5258 2023 5312 riali
2051 5258 2231 5327 gladio
2261 5267 2369 5313 tam
2398 5259 2489 5315 diu
2519 5257 2780 5330 malignos
2811 5258 2931 5315 illos
2962 5259 3286 5332 illorumque
3310 5259 3489 5319 lautas

1902 5365 1989 5404 res
2017 5351 2389 5422 insequantur,
2421 5365 2702 5425 quousque
2729 5367 2852 5408 cum
2873 5352 3178 5425 integritate
3190 5356 3488 5426 possessio.

1903 5457 2001 5498 nes
2024 5444 2105 5497 vel
2136 5458 2469 5515 quaecunque
2499 5458 2586 5499 res
2613 5443 2993 5500 ecclesiasticae
3011 5486 3025 5511 ,
3063 5446 3167 5502 hoc
3198 5445 3371 5511 facto,
3401 5447 3487 5501 vel

1900 5549 2222 5606 quocunque
2251 5543 2409 5604 pacto
2439 5535 2731 5603 distracta),
2764 5550 2859 5593 seu
2891 5537 3112 5607 direptae
3149 5545 3297 5603 sunt,
3331 5551 3488 5591 revo-

1898 5634 2092 5683 centur
2112 5628 2159 5680 ι».

1894 5753 2059 5829 ξυνίει,
2086 5759 2306 5816 adactus
2332 5759 2708 5831 Tltictlgandus
2736 5777 2837 5815 una
2867 5776 2989 5815 cum
3014 5760 3282 5831 ciet-esum
3304 5753 3485 5831 iurata

1903 5833 2027 5901 lide,
2058 5832 2206 5903 gravi
2249 5841 2392 5890 metu
2429 5828 2663 5903 extorta,
2711 5847 2829 5887 sese
2868 5832 2989 5886 host
3012 5833 3110 5887 bus
3152 5828 3485 5883 devinxerat.
