4070 6310
533 329 631 387 188

1057 552 1125 591 ιι)
1161 549 1333 591 ornes
1366 547 1605 589 manus.

1148 625 1339 695 (Anno
1372 622 1534 692 862.)

532 719 606 771 lla
622 727 701 775 eet
727 716 1044 774 Orierualent
1075 715 1365 769 Ecclesium
1392 714 1506 768 sine
1533 710 1643 769 ulla
1671 726 1768 768 auo
1810 726 2066 769 consensa
2092 728 2128 765 a

611 789 796 860 regalis
825 787 962 860 sedis
990 787 1290 857 apostolica:
1326 781 1594 858 Ignatium
1625 783 1950 855 depositum,
1977 780 2128 837 Plio-

608 858 739 914 tium
767 858 1126 914 substitutum.

854 971 1043 1046 [Apud
1070 971 1262 1038 Mansi,
1295 968 1459 1027 Cone.
1486 980 1620 1045 tom.
1652 969 1806 1043 ΧΨ]

607 1083 874 1141 Νιεοιισε
896 1083 1197 1154 episcOpus,
1218 1096 1409 1137 servus
1431 1095 1709 1137 servorum
1738 1079 1853 1147 Dei,
1877 1078 2132 1135 omnibus

542 1175 791 1231 ﬁdelibus
817 1181 1021 1229 sanctis
1047 1173 1139 1229 Dei
1172 1172 1445 1227 Ecclesiae.

556 1266 565 1271 ”
611 1267 764 1335 Quod
793 1265 956 1336 igitur
978 1263 1218 1335 generali
1250 1262 1438 1317 notitia
1469 1269 1647 1317 exstat
1681 1260 1947 1316 universa:
1982 1257 2130 1330 plebi

538 1359 636 1421 Dei
686 1358 964 1427 vulgatum
992 1395 1007 1422 ,
1058 1355 1281 1412 minime
1324 1364 1519 1409 vestrae
1574 1352 1854 1408 sanctitati
1900 1351 2133 1407 habetur

508 1450 894 1522 incognitum,
925 1446 1161 1518 qualiter
1187 1445 1464 1517 praeterito
1500 1442 1614 1513 jam
1662 1452 1905 1514 tempore
1942 1451 2130 1498 sancta

508 1539 1152 1612 éConstantinopolitana:
1196 1537 1347 1593 urbis
1376 1535 1636 1600 Ecclesia,
1681 1536 1790 1590 imo
1814 1533 2131 1590 Graecorum

536 1635 773 1710 inclytus
817 1636 1114 1707 imperator
1146 1649 1269 1690 cum
1312 1631 1768 1688 christianissima
1818 1629 1973 1702 plebe
2015 1643 2131 1686 suae

537 1726 730 1785 ditioni
761 1727 1005 1798 subjecta
1030 1740 1131 1799 pro
1150 1723 1475 1802 quibusdam
1502 1722 2048 1795 praevaricationibus
2071 1722 2127 1777 in

1892 316 2159 377 NCOLAI
2201 316 2404 374 ΡᾹΡᾸεί
2442 316 2463 372 ι

2154 440 2207 507 Α
2234 436 2412 503 nobis,
2437 444 2494 493 et
2519 436 2785 493 universae
2829 434 3084 493 Ecclesiae
3130 444 3328 494 nostra:
3373 437 3705 496 omnimodis
3729 442 3824 498 ba-

3718 329 3824 388 788

2236 533 2396 592 betur
2421 532 2756 588 contrarium
2785 549 2798 584 :
2827 533 2953 601 quia
2982 540 3172 587 contra
3217 546 3409 588 sacros
3435 548 3677 590 canones
3732 541 3826 608 qui

2234 625 2443 694 absque
2461 625 2744 681 verissima
2778 624 3097 694 probatione
3122 625 3394 679 neminem
3423 625 3700 691 damnari,
3729 643 3829 683 nec

2233 715 2465 775 alterum
2522 717 2675 787 prius
2724 717 2779 771 in
2823 718 2939 788 ejus
2980 714 3099 771 loco
3142 716 3427 789 subrogari
3470 719 3827 788 praecipiunt,

2231 806 2494 879 knatium
2536 808 2904 880 patriarcham
2949 808 3299 864 damnarunt.
3340 809 3410 865 Et
3447 809 3672 875 iterum,
3704 828 3825 867 cun

2231 898 2442 955 dicente
2464 898 2692 955 Domino
2719 916 2734 953 :
2761 898 2884 957 Non
2905 898 2972 953 ait
2999 898 3467 970 discipuluanan
3484 902 3824 972 magistrum,

2232 1005 2396 1060 neque
2434 1005 2612 1045 aereus
2650 1005 2807 1059 super
2834 989 3104 1047 dominum
3147 1005 3307 1045 suum
3351 988 3567 1058 (Matth.
3598 992 3682 1062 ι),
3710 1008 3822 1048 me-

2231 1089 2478 1138 moratus
2503 1081 2733 1137 antistes
2761 1080 2999 1151 lgnatius
3046 1095 3076 1134 a
3124 1081 3225 1136 sibi
3256 1081 3541 1149 subjectis,
3565 1092 3624 1138 et
3666 1084 3803 1139 mini

2231 1174 2361 1229 atris
2373 1172 2453 1228 sui
2466 1172 2694 1237 ordinis,
2708 1172 2911 1243 proprii
2927 1171 3126 1241 gradus
3146 1173 3399 1229 sustinuit
3419 1172 3825 1244 prmjtulicium:

2229 1276 2287 1324 et
2329 1276 2519 1322 contra
2567 1267 2788 1322 doctore
2834 1266 3056 1337 egregio
3102 1264 3271 1321 Paulo
3316 1266 3519 1323 dilecto
3553 1267 3826 1340 discipulo

2228 1375 2330 1416 suo
2379 1359 2666 1414 Timotheo
2710 1358 3095 1430 praecipiente,
3142 1366 3205 1413 ut
3246 1359 3451 1414 nemini
3482 1360 3596 1417 cito
3633 1377 3829 1419 manus

2230 1451 2564 1522 imponeret;
2590 1458 2647 1505 et
2677 1449 2799 1505 Non
2828 1449 3165 1519 neopltylum,
3193 1447 3388 1519 inquit,
3427 1460 3485 1505 ut
3529 1451 3592 1505 in
3643 1468 3816 1521 asper-

2231 1542 2371 1598 biam
2413 1541 2583 1597 elatus
2614 1542 2668 1595 in
2688 1541 2959 1612 judicium
2984 1541 3184 1596 incidat
3209 1541 3411 1598 diaboli
3436 1542 3493 1611 (I
3533 1541 3678 1599 Tim.
3706 1546 3828 1615 ut);

2228 1633 2479 1691 Photium
2510 1633 2695 1691 subito
2722 1648 2793 1689 ex
2828 1632 3007 1691 laicali
3036 1633 3226 1690 militia
3259 1643 3495 1692 tractum
3526 1635 3831 1694 indiscrete

2230 1729 2485 1786 ordinare
2507 1738 2970 1800 praesumpserant
2987 1731 3322 1802 episcopum.
3350 1732 3484 1800 Qua:
3503 1748 3675 1789 causa
3697 1750 3829 1791 oon—

538 1820 731 1879 eadem
769 1818 1011 1876 Ecclesia
1055 1816 1367 1888 pullulatis,
1394 1830 1462 1872 ac
1502 1813 1669 1870 variis
1698 1812 2131 1871 dissensionibus
2157 1803 2203 1864 Β
2232 1828 2316 1877 ιη
2346 1820 2595 1877 ordinem
2642 1822 2885 1892 divinam
2935 1823 3347 1891 nequam-un
3372 1865 3388 1891 ,
3429 1826 3590 1883 νειάε
3639 1839 3831 1885 mm

538 1912 594 1970 in
619 1911 812 1968 eodem
836 1907 1036 1981 pepulo
1062 1921 1227 1977 super
1259 1906 1457 1963 Photio
1490 1904 1774 1968 invasere,
1819 1912 1876 1958 et
1919 1901 2129 1975 lgnatio

458 2038 467 2045 κ
535 2001 847 2075 patriarcha
874 1999 1125 2071 nequiter
1144 1996 1375 2065 obortis,
1403 1997 1613 2068 legatos
1631 1994 1881 2067 proprios
1899 1995 1968 2051 ad
1984 1995 2127 2051 hanc

536 2102 783 2149 sanctam
810 2130 827 2157 ,
865 2096 923 2146 et
946 2088 1191 2146 omnium
1224 2086 1580 2144 ecclesiarum
1609 2095 1839 2140 matrem
1860 2084 2129 2141 miserunt

536 2183 859 2249 Ecclesiam,
887 2180 1281 2238 discretissima
1310 2178 1562 2235 videlicet
1584 2178 1946 2248 postulatione
1987 2190 2123 2237 con-

537 2274 780 2332 calentes
799 2313 817 2340 ,
842 2274 939 2343 qui
984 2270 1319 2329 diﬁinitionis
1344 2268 1581 2326 calculus
1612 2284 1776 2341 super
1816 2267 2125 2338 hujustnodi

535 2363 1074 2435 prmt’arica'tionibus
1120 2370 1310 2418 nostro
1332 2359 1540 2432 judicio
1576 2358 1868 2416 deberetur
1897 2359 2120 2430 imponi.

540 2458 742 2516 Sancta
788 2454 999 2512 scilicet
1043 2468 1111 2510 ac
1157 2452 1363 2510 salubri
1406 2451 1735 2508 discretione
1765 2451 2009 2523 perducti
2044 2450 2125 2507 ab

535 2549 640 2604 bac
686 2545 971 2617 principali
1018 2543 1295 2617 Ecclesia,
1323 2557 1484 2614 quam
1524 2542 1790 2598 veraciter
1819 2541 2126 2614 intelligunt

533 2652 563 2692 a
595 2636 814 2694 Christo
845 2636 1126 2694 Salvatore
1150 2635 1459 2708 percepisse
1487 2636 1571 2690 sui
1594 2634 1929 2706 principatus
1953 2634 2122 2705 privi-

535 2730 696 2800 legia,
729 2744 835 2785 non
883 2727 1157 2786 immerito
1195 2728 1268 2784 ob
1302 2725 1718 2784 aediﬁcationem
1763 2727 2036 2800 religionis
2070 2737 2127 2784 et

535 2822 1003 2893 recuperationem
1043 2821 1195 2892 pacis
1220 2827 1382 2892 atque
1405 2820 1707 2876 concordiae
1734 2820 1834 2875 sub
1861 2821 2123 2877 canonica

533 2898 851 2969 dillinitione
876 2911 978 2968 sibi
1020 2911 1137 2967 dari
1166 2919 1455 2981 poscentes
1479 2908 1708 2978 judicia.
1758 2909 1999 2978 Quorum
2036 2925 2125 2966 sa—

2228 1910 2586 1983 apostolatni,
2614 1913 2975 1970 etqmirersze
3004 1916 3100 1984 (ut
3141 1914 3349 1971 dictum
3390 1916 3513 1987 est)
3566 1917 3832 1973 Ecclesia

2227 2012 2428 2059 nostrae
2455 2004 2782 2060 omnimodis
2811 2015 2995 2061 manet
3021 2005 3315 2061 contraria.
3358 2006 3519 2064 Unde
3557 2009 3829 2079 generali~

2227 2104 2314 2150 ter
2349 2104 2607 2166 agnoscat
2638 2111 2816 2151 omnis
2863 2097 3104 2153 Ecclesia
3155 2107 3501 2166 sanctorum,
3542 2100 3675 2170 quia
3722 2115 3832 2158 nec

2230 2197 2413 2241 nostra
2459 2184 2561 2241 fuit
2602 2187 2956 2254 conscientia,
3006 2202 3106 2243 nec
3145 2186 3344 2259 jussio,
3387 2204 3494 2245 nec
3540 2190 3824 2255 voluntas,

2228 2290 2392 2346 super
2444 2275 2621 2332 Pholii
2667 2278 3086 2349 subrogatione,
3133 2279 3218 2335 vel
3266 2279 3459 2351 Ignatii
3493 2282 3831 2351 patriarcha!

2227 2367 2564 2438 depositione
2594 2385 2608 2421 :
2643 2378 2698 2423 et
2743 2384 2909 2440 super
2951 2371 3325 2442 hujuscemodi
3354 2375 3832 2444 prrvaricationi-

2225 2456 2327 2513 bus
2355 2458 2596 2513 omnium
2640 2467 2943 2515 vestrorum
2988 2465 3260 2517 sanctitati
3299 2464 3686 2522 satisfaciendo
3724 2481 3831 2521 ve-

2226 2548 2443 2605 rissime
2470 2549 2888 2617 denuntiarmts;
2942 2552 3087 2623 quia
3110 2563 3233 2623 post
3262 2552 3604 2611 verissimam
3647 2557 3831 2611 nostri

2226 2639 2497 2695 examinis
2534 2640 3002 2707 deliberationem,
3052 2658 3153 2698 ncc
3198 2642 3451 2699 Photiqu
3501 2646 3830 2716 recipimus,

2226 2746 2331 2787 nec
2388 2731 2652 2803 lgnatinm
2707 2732 3074 2801 patriarcham
3132 2734 3493 2800 damnamus,
3547 2751 3649 2790 nec
3695 2735 3831 2805 jus-

2227 2823 2397 2878 simus
2420 2863 2435 2886 ,
2480 2838 2579 2879 nec
2627 2824 3032 2891 consensimus,
3074 2840 3176 2882 nec
3222 2835 3398 2882 ratam
3442 2827 3832 2899 hujuscemodi

2226 2912 2648 2980 ordinationem,
2679 2913 2765 2968 vel
2796 2914 3143 2970 indiscretam
3174 2916 3566 2987 depositionem
3590 2933 3834 2974 manere

534 3004 844 3061 luberrimae
870 3002 1120 3074 petitioni
1142 3002 1421 3067 cedentes,
1456 3001 1716 3072 dirigere,
1769 3010 1828 3056 ut
1870 3001 2123 3058 omnibus
2217 3000 2560 3070 iudicamus,
2591 3018 2765 3073 neque
2797 3003 3007 3059 ﬁrmam
3048 3005 3253 3076 absque
3284 3005 3449 3076 justas
3482 3005 3833 3063 deﬁnitionis

536 3097 733 3163 claret,
760 3096 889 3154 illuc
913 3095 1220 3153 studuimus
1250 3108 1323 3148 ex
1365 3093 1533 3149 latere
1568 3092 1920 3162 pontiﬁcatus
1951 3094 2121 3149 nostri

2226 3092 2512 3148 libramine
2560 3093 2668 3149 ullo
2712 3094 2876 3149 modo
2919 3095 3351 3160 consentiemus,
3395 3111 3496 3153 nec
3544 3096 3832 3169 lgnatium

531 3161 769 3260 legatos,
797 3187 890 3257 qui
935 3194 1120 3242 nostra
1166 3187 1460 3257 apostolica
1515 3161 1841 3247 auctoritate
1888 3192 2119 3258 muniti,
2147 3161 2195 3227 (ἶ
2225 3186 2475 3242 videlicet
2520 3187 2889 3256 patriarchatn
2940 3186 3080 3242 inter
3127 3189 3405 3258 depositos
3456 3161 3783 3259 reputamus
3808 3230 3833 3254 ,

534 3288 721 3338 errata
763 3278 1121 3349 corrigerent,
1161 3280 1450 3350 depravata
1490 3297 1718 3352 quaeque
1745 3283 1814 3338 ad
1846 3284 2123 3340 rectitudi-

2222 3293 2397 3349 neque
2428 3279 2839 3349 rcputabimus;
2882 3280 2979 3334 sed
3014 3294 3116 3336 nec
3142 3278 3394 3336 Pboium
3430 3281 3484 3335 in
3520 3281 3827 3353 episcopali

536 3371 938 3428 nistrarnitem
978 3370 1356 3442 perducerent.
1388 3369 1567 3442 Super
1593 3373 1786 3431 Photio
1815 3388 2032 3445 quoque
2065 3384 2123 3430 et
2219 3370 2409 3426 Ordine
2442 3385 2869 3426 annumcramus
2920 3386 3021 3427 nec
3050 3373 3549 3429 annumerabitnus.

536 3463 746 3536 lgnatio
788 3462 1101 3533 patriarcha
1153 3461 1235 3518 rei
1280 3470 1451 3534 gestio
1502 3463 1790 3520 veritatem
1837 3465 2123 3536 diligenter

530 3557 908 3627 inquinerutt,
957 3565 1255 3625 nostroque
1302 3555 1662 3627 apostolatui,
1707 3556 1821 3614 Deo
1861 3568 2118 3624 auctore,

530 3647 775 3720 legitime
810 3644 1121 3703 dillinieuda
1163 3644 1235 3700 ad
1258 3645 1531 3717 liquidum
1579 3646 1834 3703 nuntiare
1879 3640 2120 3704 studuis-

531 3749 691 3805 sent,
716 3747 987 3810 quatenus
1035 3736 1322 3793 missorum
1350 3746 1660 3793 nostrorum
1711 3737 1866 3795 fieret
1911 3748 2118 3794 tantum

532 3832 930 3903 inquisitio,.et
975 3844 1107 3885 vera
1148 3830 1499 3897 examinatio,
1530 3831 1686 3886 nobis
1717 3839 1896 3888 tamen
1938 3847 2119 3887 rema-

530 3931 686 3995 neret
716 3930 988 3977 reservata
1025 3919 1294 3987 dilIinitio,
1324 3928 1508 3977 unum
1538 3936 1665 3976 vera
1688 3929 1856 3985 esset,
1885 3938 1955 3977 an
1984 3922 2119 3979 falsa

529 4028 694 4084 super
737 4012 931 4087 lgnatii
964 4011 1288 4082 patriarcha;
1318 4011 1638 4071 criminibus
1668 4012 1959 4068 accusatio.
2012 4011 2120 4070 Sed

531 4104 727 4175 legatis
771 4103 1009 4170 nostris,
1038 4102 1128 4173 qui
1161 4118 1323 4174 super
1351 4105 1457 4160 hoc
1486 4120 1652 4176 opere
1700 4105 1850 4161 missi
1908 4104 2121 4164 fuerant

528 4196 956 4260 revertentibus,
1003 4195 1337 4265 imperialem
1375 4196 1445 4252 ab
1485 4196 1690 4253 eisdem
1719 4196 1964 4264 partibus
2005 4198 2119 4268 cpio

527 4289 722 4351 stolam
747 4295 934 4343 nostro
954 4287 1274 4357 apostolatui
1294 4303 1391 4358 per
1417 4287 1585 4359 ipsius
1605 4287 1840 4360 legatum
1853 4288 2118 4345 directam

526 4378 883 4441 nihilominus
934 4378 1257 4446 recepimus.
1317 4377 1376 4433 In
1424 4384 1578 4448 cujus
1633 4379 1777 4435 serie
1821 4387 1878 4434 et
1924 4394 2115 4437 eorum

525 4470 836 4529 actionibus
866 4466 1219 4540 cognovimus
1238 4508 1254 4534 ,
1290 4470 1415 4538 quia
1441 4468 1795 4526 dissensionis
1818 4477 1876 4525 et
1902 4469 2118 4526 invidia:

525 4563 668 4623 inter
702 4559 825 4617 illos
856 4558 1330 4615 crebrescentibus
1371 4560 1526 4629 malis
1555 4561 1765 4631 absque
1790 4560 1899 4616 ullo
1927 4570 2116 4625 nostro

524 4667 818 4717 consensu,
865 4649 949 4705 vel
997 4657 1180 4705 nostra
1209 4650 1432 4705 omnino
1476 4651 1837 4718 conscientia,
1864 4650 2117 4709 Photium

528 4745 821 4802 indiscrete
869 4743 1275 4814 subrogaruu‘t,
1319 4751 1374 4798 et
1426 4742 1696 4814 lgnatium
1746 4744 2117 4814 patriarcham

525 4838 911 4907 deposuerunt.
958 4834 1111 4907 Quod
1145 4836 1332 4907 utique
1359 4836 1876 4895 indiseretissimum
1909 4836 2116 4894 factum

528 5034 1009 5112 Baowun.‘t_lnnnl.
1036 5036 1219 5112 Trev.,_
1240 5037 1482 5112 ηδε-ηπ,
1510 5056 1564 5094 n.
1598 5041 1720 5096 124.
1763 5039 1803 5096 Α
1845 5042 2001 5112 cujus
2022 5043 2113 5112 ju-

527 5107 759 5182 Iamenti
785 5106 1000 5182 vinculo
1025 5110 1303 5182 eo_S‘solvit
1327 5109 1578 5167 Nicotaus
1598 5122 1745 5182 pont.
1770 5106 2113 5182 praesentiad

526 5172 1018 5254 cpiscOposGallia:
1047 5179 1096 5231 di
1106 5188 1251 5234 recta
1277 5181 1554 5254 decretali,
1578 5172 1740 5254 quam
1766 5172 1994 5254 Decreto
2015 5199 2114 5239 suo

528 5243 758 5304 inseruit
786 5243 1076 5303 Gratianus
1101 5264 1249 5304 caus.
1284 5251 1382 5316 l5,
1415 5243 1679 5321 qumst'b',
1706 5251 1766 5308 C.
1808 5252 1862 5307 2.
1899 5252 2113 5320 Quanto

525 5327 708 5375 autem
729 5332 809 5391 eo,
830 5326 1070 5391 tempore
1091 5321 1174 5375 his
1195 5321 1249 5376 in
1274 5322 1522 5391 partibus
1550 5324 1602 5380 in
1625 5331 1771 5381 motu
1801 5324 2000 5380 fuerint
2022 5340 2115 5380 rae

525 5393 669 5463 trinae
695 5399 753 5446 et
779 5386 1205 5456 depraedationes
1226 5432 1242 5458 ,
1277 5386 1347 5466 ea
1374 5409 1442 5450 eo
1471 5393 1630 5452 facile
1663 5395 1936 5466 colligitur
1970 5396 2113 5465 quod

527 5465 582 5518 in
631 5466 896 5528 conventu
927 5472 1086 5528 quem
1134 5477 1276 5519 anno
1326 5465 1431 5519 860
1479 5465 1828 5521 Continentim
1877 5467 2113 5522 habuere

526 5550 553 5586 r
589 5547 681 5603 gcs
707 5526 933 5587 Carolus
950 5526 1157 5588 Calvus
1193 5543 1248 5588 et
1284 5535 1580 5591 ludovicus
1616 5536 1971 5592 Germanicus
2007 5538 2113 5591 fra-

525 5613 981 5680 uestrorumque
1014 5618 1184 5680 nepos
1210 5605 1529 5671 Lotharius,
1568 5610 1713 5680 inter
1752 5608 1956 5678 reliqua
1994 5608 2113 5680 haec

524 5674 731 5728 sancite
761 5672 959 5727 fuerint
987 5693 998 5726 :
1038 5693 1057 5723 ι
1094 5672 1368 5743 Volumus,
1397 5685 1456 5729 ut
1484 5678 1726 5732 ecclesiae
1749 5688 1802 5731 tl
1828 5672 1891 5733 ca
1921 5694 1967 5732 te
1994 5677 2109 5743 Dei,

526 5753 585 5799 ut
619 5744 856 5815 episcopi
891 5753 945 5797 tt
992 5745 1083 5798 Dei
1113 5741 1357 5801 homines
1379 5786 1393 5812 ,
1421 5746 1602 5801 clerici
1641 5759 1692 5802 et
1731 5749 2011 5815 monachi,
2056 5741 2112 5804 et

2294 3461 2481 3531 Igitur,
2510 3462 2843 3518 dilectissuni
2874 3461 3108 3529 fratres,
3134 3465 3410 3519 sanctitati
3443 3473 3672 3529 vesti-ie,
3714 3467 3825 3537 qni

2222 3550 2522 3606 catholicas
2583 3551 3115 3619 Alexandrinorum,
3172 3553 3675 3619 Antiochenortnn,
3722 3557 3825 3615 vel

2226 3640 2721 3713 Hierosolymorum
2766 3643 3080 3715 gubernatis
3106 3644 3413 3705 Ecclesiae.
3460 3660 3555 3701 seu
3594 3646 3824 3701 cunctis

2221 3734 2581 3790 orientalilnts
2636 3736 2996 3807 metropolitis
3030 3744 3193 3808 atque
3219 3735 3511 3807 episcopis.
3534 3735 3657 3791 lucc
3696 3736 3824 3791 ch-

2224 3824 2338 3881 rius
2400 3829 2822 3898 expressiusque
2888 3828 3298 3900 signiﬁcamus,
3344 3828 3599 3900 quoniam
3653 3827 3825 3885 sedes

2222 3918 2520 3989 apostolica
2575 3919 2722 3975 nullo
2776 3930 2939 3989 pacto
2986 3920 3347 3976 venerabilem
3394 3921 3662 3992 lguatium
3716 3936 3824 3989 pa-

2225 4011 2520 4066 triarcham
2562 4012 2839 4082 dignitatis
2879 4012 3113 4083 propriae
3153 4012 3439 4083 privilegio
3473 4012 3667 4067 nudari
3698 4022 3823 4069 tam

2224 4103 2525 4174 improvide
2572 4094 2837 4174 patitor:
2889 4105 2985 4160 sed
3048 4106 3220 4176 magis
3265 4105 3481 4173 repulso
3527 4118 3558 4157 a
3604 4112 3825 4160 sancta

2223 4195 2504 4252 catholica:
2529 4205 2584 4251 et
2612 4195 2919 4266 apostolicae
2963 4211 3122 4251 sacro
3162 4195 3422 4251 Ecclesia:
3451 4197 3662 4251 viscere
3684 4208 3826 4264 per.

2222 4303 2417 4344 rasere
2466 4287 2749 4360 conjugis,
2801 4297 2862 4343 ut
2905 4289 2979 4344 ita
3029 4289 3357 4352 dixerimus,
3405 4288 3506 4343 viri
3551 4289 3825 4354 viventis,

2222 4381 2608 4439 scclcsti‘ssimo
2633 4380 2884 4436 videlicet
2911 4379 3121 4444 Photio,
3153 4380 3555 4434 sanctissimum
3574 4378 3826 4446 patriar-

2223 4473 2675 4545 chanflgnatium
2719 4472 2773 4527 in
2815 4471 2896 4527 sui
2929 4471 3221 4526 sacerdotii
3262 4470 3524 4539 dignitate
3559 4465 3825 4531 manere:

2225 4565 2367 4621 sicut
2390 4563 2518 4621 olim
2553 4563 2888 4628 decreverit;
2939 4562 3135 4618 iterum
3176 4575 3391 4633 quoque
3441 4560 3706 4616 canonico
3746 4576 3825 4616 ac

2225 4654 2383 4724 legali
2408 4654 2659 4710 examine
2679 4653 2888 4724 judicat
2914 4661 2969 4707 et
2990 4652 3255 4708 decernit.
3293 4651 3362 4707 Et
3404 4660 3465 4705 ut
3509 4665 3604 4706 vos
3648 4650 3825 4719 huius

2224 4747 2370 4802 sedis
2399 4745 2737 4815 privilegium
2765 4745 2868 4798 rite
2896 4752 3202 4807 servantes,
3251 4740 3366 4813 pari
3408 4742 3671 4809 reiigione
3713 4757 3821 4797 ca-

2222 4832 2425 4902 tholici,
2446 4834 2565 4905 pari
2588 4834 2753 4890 etiam
2776 4834 3056 4890 uobiscum
3083 4847 3245 4904 super
3266 4833 3591 4889 venerabilis
3615 4833 3819 4904 lgnatii

2221 5052 2435 5102 nonnm,
2464 5037 2568 5093 tale
2599 5035 3030 5093 mamliburdium
3052 5044 3105 5089 et
3128 5035 3387 5091 honorem
3409 5035 3650 5092 habeant
3670 5037 3821 5093 sicut

2221 5116 2461 5179 tempore
2489 5118 2796 5163 nostrorum
2835 5120 3241 5163 antecessartun
3282 5107 3655 5162 habuerunt...
3705 5109 3817 5179 Sed

2220 5180 2287 5233 de
2314 5178 2432 5235 istis
2464 5180 2667 5249 rapinis
2694 5188 2750 5234 ct
2774 5178 3294 5248 depncdatiouibus,
3330 5192 3467 5247 quas
3499 5179 3613 5249 jam
3655 5178 3818 5248 quasi

2218 5265 2317 5320 pro
2349 5250 2463 5319 lege
2493 5248 2642 5304 multi
2674 5265 2769 5320 per
2794 5249 3234 5303 consuettnlinem
3268 5256 3474 5320 tenent,
3499 5251 3569 5320 ab
3599 5248 3703 5303 hoc
3725 5252 3819 5304 die

2219 5319 2275 5376 et
2301 5321 2554 5391 deinceps
2594 5324 2659 5374 de
2698 5319 2793 5374 Dei
2840 5321 3014 5373 hanno
3052 5330 3105 5373 et
3149 5328 3336 5373 uestro
3374 5319 3667 5375 habuimus
3690 5360 3708 5381 ,
3752 5328 3817 5373 ut

2221 5407 2381 5447 nemo
2411 5393 2512 5447 hoc
2539 5390 2772 5461 amplius
2795 5398 3105 5461 pnusnntat;
3135 5391 3229 5445 sed
3250 5392 3637 5459 unusquisque
3671 5393 3817 5445 intta

2219 5464 2451 5533 patriam
2479 5476 2601 5517 cum
2635 5477 2767 5531 pace
2798 5470 2855 5517 et
2890 5461 3007 5516 sine
3026 5461 3377 5533 oppresgione
3410 5475 3713 5530 pauperum
3755 5470 3817 5533 et

2219 5531 2762 5588 circununancntiutn
2811 5532 3102 5595 COIIaiSlal,
3142 5541 3198 5585 et
3245 5532 3300 5586 in
3347 5532 3592 5591 hostem.
3639 5541 3698 5584 et
3739 5531 3816 5586 ad

2220 5604 2497 5675 placitum,
2524 5604 2616 5659 sed
2640 5602 2706 5657 ad
2729 5612 2934 5657 curtum
2957 5602 3178 5657 veniens
3196 5602 3265 5657 de
3294 5612 3393 5657 suo
3417 5600 3779 5675 Sietvarintus
3795 5640 3813 5664 ,

2219 5673 2275 5728 et
2303 5678 2370 5729 de
2398 5676 2559 5729 domo
2585 5689 2679 5728 sua
2714 5683 2946 5736 moveat,
2979 5683 3038 5727 ut
3070 5690 3194 5728 cum
3231 5688 3365 5743 pace
3388 5673 3599 5733 venire.
3625 5682 3683 5727 et
3708 5684 3814 5725 no—

2221 5747 2429 5803 biscum
2457 5755 2626 5813 stare,
2650 5756 2701 5800 ct
2737 5746 2803 5801 ad
2829 5745 3046 5800 domum
3076 5761 3228 5802 suam
3262 5743 3438 5800 redire
3460 5744 3723 5814 pessius.
