4070 6310
264 337 368 402 783

1469 345 1827 413 EPISTOLA‘I
1867 359 1954 412 ET
1995 359 2332 417 DECRETA.

3431 370 3535 424 786

265 463 592 535 patriarcha:
624 465 908 518 sacerdotii
943 469 1372 538 recnperatioue,
1406 481 1460 524 et
1498 470 1673 524 Photii
1722 487 1845 541 per»
1877 467 1923 534 Α
1957 476 2280 545 parvitatem
2311 479 2696 550 omnipotentis
2724 481 2816 537 Dei
2843 481 3212 538 misericordia
3243 497 3536 539 connume-

263 557 472 612 vasoris
494 556 810 626 expttlsionc
837 561 1025 614 calent
1056 564 1324 626 sentiatis,
1352 564 1643 633 apostolica
1671 577 1852 618 aucto-

265 650 426 704 ritate
454 650 605 705 vobis
634 639 961 720 injuitgimus
1010 662 1172 722 atque
1196 655 1467 723 jubcmus.
1504 657 1570 710 Et
1607 665 1666 710 nt
1697 656 1852 724 hujus

263 739 583 809 pra-solatus
602 741 770 795 nostri
793 742 1040 812 paginam
1067 744 1118 798 in
1135 747 1348 800 cunctis
1369 763 1431 816 pa
1443 747 1642 802 roehiis
1659 749 1852 804 vestris

264 831 330 886 ad
357 831 599 886 omnium
625 832 838 888 faciatis
866 836 1111 890 notitiam
1137 838 1443 907 pervenire,
1471 849 1632 908 atque
1656 842 1722 894 de
1750 842 1850 895 bac

265 939 324 977 re
365 921 521 991 juxta
573 925 883 994 apostolicae
933 928 1076 982 sedis
1131 929 1501 985 deﬁnitionem
1552 931 1849 1000 praedicare

263 1017 469 1072 curetis
530 1017 682 1082 aliis,
747 1019 986 1088 ipsisque
1037 1021 1286 1076 simil-iter
1339 1023 1853 1078 ittcommutalriliter

265 1108 495 1163 teneatis
542 1118 770 1178 paterno
817 1126 968 1165 more
1012 1113 1372 1183 prwcipiutus.
1405 1114 1540 1183 Quid
1570 1126 1850 1186 praetcrea,

266 1197 460 1252 fratres
497 1198 823 1264 citatissimi,
854 1209 904 1254 ct
948 1200 1040 1255 ﬁlii
1083 1203 1439 1269 dilectissimi,
1479 1205 1654 1260 eidem
1686 1205 1852 1275 impe-

266 1289 432 1341 ratori
481 1287 829 1354 Grzecorunt,
865 1300 919 1345 ct
970 1293 1236 1348 universa:
1281 1295 1610 1366 generaliter
1652 1307 1851 1352 sancta:

263 1377 873 1447 Coustautinopolitatne
937 1381 1192 1437 Ecclesia:
1249 1399 1410 1456 super
1477 1386 1850 1455 hujuscemodi

266 1470 824 1540 przevaricationibus,
859 1481 913 1527 ct
948 1475 1014 1528 de
1050 1475 1150 1535 his,
1183 1492 1280 1546 pro
1307 1479 1503 1546 quibus
1539 1495 1709 1549 nuper
1737 1479 1852 1535 illas

269 1561 321 1614 in
350 1572 532 1631 partes
570 1571 781 1617 nostros
804 1581 924 1618 cum
973 1567 1282 1636 apostolicis
1308 1570 1550 1640 epistolis
1578 1572 1853 1626 direxera-

266 1672 387 1709 nttts
426 1657 618 1711 missos
663 1657 836 1729 (sicut
868 1661 1120 1716 omnibus
1158 1663 1310 1717 vobis
1350 1663 1697 1719 manifestum
1739 1668 1852 1737 est)

270 1747 644 1814 respondendo
671 1749 837 1803 nostri
865 1752 1198 1820 apostolatus
1228 1756 1509 1809 remandat
1536 1758 1852 1823 auctoritas,

1957 582 2080 620 rare
2115 567 2366 636 dignatus
2404 578 2527 626 cst:
2563 587 2661 640 pro
2690 573 2887 644 quibus
2928 581 3135 628 tantum
3179 574 3532 630 consistimus

1953 663 2158 733 pavidi,
2189 673 2448 732 quantunt
2490 666 2898 722 consideramus
2939 668 2991 722 itt
3034 677 3238 724 aeterno
3282 669 3536 724 examine

1954 771 2052 828 pro
2082 757 2334 813 omnibus
2361 765 2416 811 et
2445 772 2556 827 pra:
2581 759 2852 825 omnibus,
2891 760 2982 829 qui
3013 759 3213 816 Christi
3241 768 3534 816 censentur

1955 848 2192 910 nomine,
2250 848 2513 904 rationem
2561 851 2838 906 reddituri.
2903 851 2969 906 Et
3023 853 3149 924 quia
3213 852 3540 910 universitas

1952 941 2287 995 credentium
2335 941 2403 995 ab
2455 941 2553 998 hac
2599 951 2784 998 sancta
2831 943 3072 998 Romana
3101 943 3366 1007 Ecclesia,
3415 960 3538 1016 qua:

1953 1043 2118 1103 caput
2139 1033 2379 1087 omnium
2423 1043 2506 1090 est
2532 1035 2908 1101 ecclesiarum,
2941 1036 3244 1092 doctrinam
3275 1036 3535 1106 exquirit,

1957 1127 2320 1198 integritatem
2364 1127 2484 1183 ﬁdei
2530 1127 2796 1198 deposcit,
2843 1129 3132 1184 criminum
3193 1129 3518 1186 solutionem

1956 1218 2046 1288 qui
2096 1218 2241 1289 digni
2294 1229 2438 1282 sunt,
2483 1225 2538 1272 et
2578 1217 2754 1287 gratia
2803 1217 2896 1272 Dei
2949 1219 3209 1289 redempti
3261 1226 3538 1272 exorant:

1958 1319 2167 1379 Oportet
2201 1325 2318 1373 nos,
2348 1308 2544 1380 quibus
2574 1308 2861 1364 commissa
2891 1317 2993 1374 cst,
3027 1308 3287 1364 sollicitos
3308 1323 3450 1371 esse,
3477 1319 3535 1362 et

1957 1403 2022 1457 ad
2048 1402 2466 1473 speculationem
2502 1401 2766 1455 Dominici
2793 1401 2974 1470 gregis
3012 1409 3219 1454 tantum
3245 1399 3544 1454 ferventius

1958 1497 2235 1562 anhelare,
2291 1505 2550 1565 quantum
2591 1496 2734 1550 hunc
2791 1494 2932 1549 avidi
2987 1493 3113 1566 [edit
3170 1492 3350 1557 licini,
3397 1494 3542 1548 avidi

1957 1588 2092 1661 lupi]
2122 1590 2189 1644 ad
2216 1587 2582 1643 dilaniandum
2615 1589 2741 1642 hinc
2769 1587 2890 1642 inde
2918 1587 3119 1657 patenti
3149 1601 3243 1642 ore
3274 1585 3542 1659 [patentia

1957 1680 2076 1753 ora]
2110 1681 2401 1750 exquirunt
2436 1698 2448 1734 ε
2489 1681 2630 1750 quod
2655 1689 2710 1736 et
2748 1680 3014 1734 audiendo
3059 1679 3461 1750 cognoscimus,
3489 1688 3546 1732 et

1960 1771 2290 1841 experiendo
2331 1771 2764 1841 contprobatnus.
2795 1770 2859 1824 Et
2898 1785 3032 1839 quos
3061 1785 3155 1838 per
3205 1767 3540 1839 corporalem

265 1838 508 1890 omnium
550 1851 852 1894 vestrorum
884 1845 1154 1898 sanctitati
1199 1846 1583 1901 satisfaciendo
1632 1849 1684 1902 in
1733 1852 1858 1904 sub-
1891 1843 1933 1905 Β
1963 1838 2348 1932 oblonginqua
2379 1838 2642 1915 terrarum
2668 1860 2860 1929 spatia,
2885 1838 2978 1914 aut
3009 1867 3277 1913 tumentes
3303 1838 3542 1911 marinos

269 1930 624 1997 sequentibus
670 1931 831 2003 relegi
855 1930 1130 2001 jubemus.
1162 1935 1292 1992 Data
1327 1953 1509 1993 mense
1540 1938 1734 1996 Martio
1763 1941 1850 1996 die

275 2019 363 2086 18,
398 2020 582 2078 indici.
621 2041 674 2079 Χ.

1003 2098 1118 2153 Xll.

887 2204 954 2242 ΔΙ)
993 2205 1251 2245 ιίιοτιυδι.

897 2278 1072 2350 (Anno
1097 2278 1248 2349 862.)

271 2385 438 2442 Diluit
463 2399 768 2461 argumenta
799 2389 996 2454 Pltotii,
1028 2393 1116 2461 qui
1146 2392 1379 2459 exemplo
1408 2394 1698 2456 Ambrosii,
1743 2395 1854 2448 Ne—

340 2460 493 2532 ctarii
533 2470 599 2532 et_
625 2460 832 2532 Tarasii
879 2479 933 2515 se
963 2460 1145 2514 merito
1169 2479 1232 2515 er.
1261 2463 1517 2516 [uicorum
1558 2468 1728 2532 gradu
1785 2467 1854 2518 ad

339 2528 681 2597 episcopalem
705 2531 1012 2600 dignitatem
1037 2533 1325 2600 pervenisse
1365 2528 1678 2602 affirmabat,
1705 2552 1853 2588 eunt-

339 2615 440 2677 que
461 2611 570 2652 tam
586 2602 733 2677 quod
757 2603 924 2677 laicus
944 2612 1224 2677 essel.,_ttu_u
1245 2603 1383 2677 quod
1415 2602 1658 2677 lgnatius
1683 2607 1856 2659 adhuc

343 2671 546 2742 vireret,
579 2671 772 2736 iniuste
800 2672 870 2725 ad
901 2688 1018 2726 eum
1049 2671 1322 2742 dignitatis
1351 2671 1575 2742 gradum
1609 2691 1856 2728 conscen-

341 2739 484 2794 disse
512 2739 859 2796 demonstrat.

782 2851 956 2924 [Apud
987 2853 1175 2917 Mansi,
1197 2854 1303 2908 ibid
1312 2854 1352 2927 .1

345 2939 614 2999 NICOLAUS
645 2944 961 3015 episcopus,
1011 2961 1201 3002 servus
1241 2963 1522 3003 servorum
1563 2947 1677 3014 Dei,
1731 2965 1854 3020 pru-

270 3031 592 3088 dentissimo
614 3035 730 3090 viro
755 3035 984 3092 Puorto.

344 3127 636 3198 Postquam
679 3127 837 3184 beato
865 3129 1028 3186 Petro
1072 3131 1300 3201 principi
1345 3133 1708 3203 apostolorum
1752 3133 1854 3188 Do-

271 3221 474 3286 minus,
500 3238 563 3277 ac
585 3222 911 3294 Redemptor
935 3237 1118 3281 noster
1141 3226 1298 3282 Jcsus
1319 3227 1568 3283 Christus
1591 3245 1656 3282 ex
1689 3237 1852 3282 utero
1884 3204 1928 3266 (ἶ

271 3313 511 3386 Virginis
564 3332 663 3387 pro
725 3327 906 3373 nostra
953 3321 1356 3392 redemptione,
1418 3331 1472 3378 ut
1524 3332 1645 3378 erat
1696 3337 1854 3378 verus

271 3404 416 3462 Deus
471 3417 596 3466 ante
639 3411 858 3477 szccttla,
886 3427 1048 3468 verus
1088 3413 1250 3468 homo
1279 3415 1331 3469 in
1379 3415 1486 3471 ﬁne
1531 3416 1856 3470 smeulormn

271 3511 537 3568 apparere
589 3499 840 3568 dignatus
883 3510 998 3567 est,
1047 3501 1243 3570 ligandi
1309 3513 1470 3574 atque
1517 3505 1757 3560 solvendi
1806 3506 1858 3560 in

273 3588 420 3645 cutio
442 3597 498 3643 et
526 3589 578 3644 in
605 3599 751 3645 terra
778 3600 1096 3662 potestatem
1126 3595 1336 3662 tribuit,
1367 3607 1420 3651 et
1460 3594 1658 3668 januas
1707 3596 1855 3667 regni

271 3681 514 3738 ctelestis
574 3686 898 3740 reserandas
944 3689 1254 3744 concessit.
1309 3705 1471 3759 supra
1527 3692 1858 3747 soliditatem

276 3773 399 3830 ﬁdei
431 3791 583 3830 suam
607 3787 850 3832 sanctam
880 3779 1132 3847 dignatus
1158 3789 1239 3834 est
1264 3781 1504 3838 stabilire
1541 3783 1859 3849 Ecelcsiam,

272 3869 573 3924 secundum
615 3869 759 3926 illius
798 3873 1092 3928 veridicum
1127 3889 1311 3928 vocem
1358 3875 1588 3930 dicentis
1635 3891 1648 3928 :
1697 3877 1862 3930 Amen

277 3958 397 4011 dico
427 3959 539 4022 tibi,
568 3969 626 4013 tu
655 3976 707 4014 es
744 3959 955 4027 Petrus,
996 3972 1044 4018 et
1089 3980 1244 4032 super
1281 3964 1416 4018 hanc
1459 3975 1660 4034 petram
1695 3966 1865 4035 (ediﬁ-

277 4049 407 4101 cabo
429 4048 716 4106 Ecclesium
739 4067 906 4106 nteant
926 4067 944 4105 :
961 4063 1009 4106 et
1032 4063 1196 4123 portre
1217 4054 1375 4124 inferi
1388 4071 1490 4109 non
1512 4055 1863 4124 prtrvalebunt

273 4138 526 4193 adversus
549 4156 697 4205 eam;
724 4150 771 4195 et
795 4142 888 4197 tibi
907 4144 1043 4196 dabo
1075 4144 1242 4200 claves
1288 4148 1433 4216 regni
1472 4133 1774 4202 cwlormn':
1814 4158 1864 4202 et

272 4221 621 4301 quodcunque
647 4232 889 4303 ligaveris
921 4252 1078 4304 super
1098 4247 1312 4301 terram,
1343 4240 1438 4294 erit
1470 4240 1691 4309 ligatum
1727 4252 1775 4295 et
1804 4242 1859 4295 in

276 4320 420 4375 caelis
445 4335 463 4372 :
495 4332 540 4377 et
561 4324 906 4394 quodcunque
945 4326 1158 4381 solveris
1203 4345 1361 4398 super
1406 4339 1620 4395 terram,
1650 4332 1745 4384 erit
1773 4347 1862 4386 so-

276 4412 448 4467 lutum
477 4425 524 4468 et
550 4415 604 4468 in
627 4415 768 4470 cretis
803 4416 1019 4486 (Matth.
1056 4421 1191 4489 xvi).
1223 4422 1304 4475 Ad
1349 4437 1511 4491 quam
1545 4422 1862 4491 promissio-

275 4521 401 4561 nem
431 4515 632 4562 sanctze
657 4510 965 4578 apostolica:
1002 4511 1355 4568 institutionis
1381 4522 1642 4569 caemento
1681 4529 1860 4584 coepe-

276 4612 407 4658 runt
461 4601 620 4671 hujus
677 4604 1023 4660 fundamenta
1078 4621 1143 4661 ex
1201 4607 1452 4676 pretiosis
1511 4621 1860 4662 succrescere

277 4691 548 4760 lapidibus
573 4700 648 4758 et,
673 4703 942 4748 annuente
970 4695 1148 4749 divina
1177 4695 1485 4762 clementia,
1503 4713 1599 4766 per
1623 4697 1859 4754 studium

276 4790 630 4847 structorum,
661 4792 715 4838 et
735 4785 1046 4854 apostolicae
1072 4787 1410 4842 auctoritatis
1440 4788 1858 4843 sollicitudinem

277 4887 451 4944 usque
481 4875 546 4928 ad
575 4876 785 4931 culmen
810 4865 1170 4934 insolabiliter
1192 4881 1448 4949 perducta
1475 4881 1862 4950 perpetualiter

276 4979 535 5019 mansura
585 4967 704 5021 sine
754 4967 986 5023 sinistra:
1043 4984 1188 5022 aurae
1233 4969 1462 5039 impulsu
1519 4971 1859 5026 consistere:

275 5052 434 5124 cujus
456 5054 747 5124 primatum
784 5058 950 5125 (sicut
989 5059 1242 5113 omnibus
1290 5061 1611 5115 orthodoxis
1640 5061 1862 5116 manife-

276 5155 425 5203 stum
456 5157 540 5204 est
571 5149 723 5214 viris,
752 5159 805 5205 et
840 5161 898 5205 ttt
945 5152 998 5206 in
1049 5154 1420 5224 superioribus
1472 5155 1860 5225 prmmodicum

277 5237 610 5294 declaratum
637 5241 740 5312 est)
765 5241 954 5296 beatus
978 5241 1171 5298 Petrus
1199 5243 1448 5313 princeps
1473 5242 1860 5312 apostolorum,

273 5338 337 5386 et
379 5327 585 5398 janitor
631 5332 783 5404 regni
827 5333 1066 5390 caelestis
1114 5336 1308 5390 merito
1363 5335 1681 5403 promeruit.
1735 5334 1863 5391 Post

276 5435 443 5490 quem
473 5429 528 5476 et
554 5420 716 5490 hujus
751 5423 940 5479 vicarii
974 5425 1341 5480 sincerissime
1372 5424 1485 5480 Deo
1516 5424 1858 5492 famulantes,

278 5521 534 5570 carentes
568 5515 890 5572 nebularum
922 5519 1299 5584 densitatibus,
1333 5536 1454 5589 quae
1489 5528 1638 5575 recto
1665 5519 1734 5574 ab
1771 5519 1861 5576 iti—

279 5620 410 5662 nere
449 5607 716 5677 impedire
745 5611 1006 5677 assolent,
1058 5611 1272 5681 dignius
1317 5621 1690 5682 perceperunt,
1724 5620 1779 5666 et
1809 5612 1864 5668 in

280 5712 412 5753 cura
443 5700 724 5772 regiminis
754 5718 914 5772 quam
950 5719 1050 5773 pro
1077 5699 1366 5759 dominicis
1392 5704 1583 5761 ovibus
1608 5719 1862 5775 suscepe-

285 5799 428 5862 rant,
455 5793 684 5853 sollicite
717 5810 1148 5868 pcrmansernnt.
1189 5797 1334 5854 luter
1369 5814 1503 5870 quos
1541 5807 1592 5854 et
1623 5807 1864 5856 nostram

1958 1951 2191 2016 ﬂuetus,
2251 1953 2536 2021 nequimus
2590 1952 2815 2005 visitare
2877 1950 3223 2020 praesentiam
3276 1966 3288 2001 :
3349 1946 3539 2000 saltem

1956 2047 2126 2102 series
2165 2046 2376 2114 apicum
2413 2044 2565 2114 quasi
2611 2046 2731 2098 viva
2772 2056 2904 2098 voce
2947 2042 3244 2105 declarent,
3275 2048 3335 2094 ιιι
3368 2053 3470 2094 nec
3505 2055 3536 2092 τι

1957 2138 2115 2193 nobis
2163 2135 2360 2190 silentii
2409 2136 2726 2203 extptiratur
2769 2133 2956 2203 culpa,
3010 2148 3109 2188 nec
3157 2132 3423 2188 audituris
3473 2131 3539 2183 de

1960 2230 2262 2297 ignorantia
2320 2228 2611 2283 excusandi
2667 2228 2935 2282 tribuatur
2988 2225 3213 2280 l‘aCultas
3259 2242 3271 2277 :
3319 2224 3450 2294 'qttia
3487 2233 3542 2278 et

1959 2318 2083 2374 illud
2115 2335 2146 2371 a
2180 2318 2332 2372 nobis
2377 2319 2673 2373 cavendum
2722 2327 2825 2381 est,
2877 2317 3017 2388 quod
3072 2333 3168 2387 per
3215 2316 3540 2387 Prophetatu

1959 2410 2156 2464 dicitur
2189 2427 2200 2463 :
2238 2408 2403 2463 Canes
2449 2409 2580 2462 muti
2611 2425 2714 2463 non
2746 2407 2971 2464 valentes
2995 2408 3191 2462 latrare
3234 2406 3370 2479 (lsa.
3405 2406 3542 2475 1.1x).

1957 2501 2091 2556 Nam
2124 2512 2178 2555 et
2213 2501 2501 2571 Apostolus
2529 2502 2604 2557 ait
2648 2515 2663 2554 :
2713 2500 2862 2555 Insta
2891 2511 3210 2571 opportune,
3238 2501 3539 2570 importune

1959 2594 2045 2666 (ll
2077 2593 2212 2650 Tim.
2249 2593 2343 2665 tv).
2370 2594 2595 2650 Constat
2634 2594 2779 2648 enim
2816 2603 3062 2648 sanctam
3112 2592 3411 2646 Romanam
3439 2591 3540 2645 Ec-

1957 2687 2176 2742 clesium
2207 2703 2304 2756 per
2334 2688 2546 2742 beatum
2572 2685 2793 2740 Petrum
2817 2687 3116 2757 principem
3146 2685 3538 2756 apostolorum,

1957 2777 2046 2845 qui
2077 2775 2352 2830 Dominico
2392 2791 2486 2833 ore
2533 2777 2819 2846 primatum
2869 2776 3224 2831 ecclesiarum
3267 2776 3544 2844 suscipere

1963 2866 2281 2936 promeruit,
2329 2866 2570 2921 omnium
2619 2865 2975 2919 ecclesiarum
3019 2874 3180 2935 caput
3221 2879 3364 2930 esse,
3395 2873 3452 2918 et
3475 2865 3543 2918 ah

1958 2975 2023 3013 ea
2059 2957 2458 3024 rectitttdinem,
2488 2967 2650 3026 atque
2675 2957 2922 3014 ordinem
2977 2957 3030 3010 in
3063 2957 3272 3011 cunctis
3292 2954 3543 3010 utilitati-

1960 3051 2082 3113 bus,
2111 3057 2163 3103 et
2192 3046 2575 3102 ecclesiasticis
2605 3046 3054 3112 institutionibus,
3085 3061 3223 3117 quas
3247 3045 3539 3100 secundum

1963 3142 2252 3198 canoniras
2279 3151 2333 3196 et
2361 3139 2663 3211 synodicas,
2695 3149 3117 3210 sanctorumque
3163 3139 3384 3194 Patrum
3417 3153 3544 3193 sau-

1963 3232 2173 3288 etiones
2198 3229 2580 3284 inviolabiliter
2599 3237 2762 3298 atque
2788 3227 3237 3300 irrel‘ragabiliter
3258 3228 3542 3289 retineret,

1963 3322 2270 3394 exquirere,
2320 3335 2387 3374 ac
2427 3319 2645 3376 sectari.
2690 3320 2756 3374 Et
2801 3320 2922 3375 ideo
2968 3334 3307 3391 consequens
3345 3328 3430 3375 est
3469 3330 3546 3383 ut,

1962 3413 2106 3483 quod
2159 3412 2231 3467 ab
2284 3409 2444 3478 hujus
2483 3411 2628 3465 sedis
2675 3410 2975 3478 rectoribus
3018 3409 3172 3480 plena
3224 3416 3546 3465 auctoritate

1964 3505 2226 3569 sattcitnr,
2277 3503 2475 3559 nullius
2525 3502 2934 3559 consuetudinis
2983 3503 3346 3572 prapediente
3388 3518 3548 3559 occa—

1963 3594 2117 3650 sione
2176 3593 2424 3664 proprias
2475 3601 2686 3647 tantum
2747 3593 3024 3660 sequendo
3085 3593 3412 3659 voluntates,
3459 3609 3546 3648 re-

1964 3692 2279 3747 moveatur,
2323 3682 2416 3738 sed
2459 3682 2668 3737 lirmius
2707 3690 2870 3750 atque
2887 3669 3234 3736 ’inconcusse
3280 3689 3546 3738 teneatur.

1964 3772 2098 3828 Nam
2125 3774 2178 3829 in
2209 3775 2310 3829 hoc
2335 3787 2442 3843 quo
2474 3783 2660 3828 noster
2687 3773 3022 3844 apostolatus
3049 3783 3284 3828 vestram
3314 3775 3549 3843 pruden-

1965 3871 2094 3926 tiam
2123 3869 2476 3934 commonuit,
2501 3869 2628 3939 quia
2653 3885 2717 3924 ex
2743 3869 2919 3923 laicali
2940 3869 3129 3925 ordine
3150 3869 3266 3924 sine
3286 3866 3546 3923 canonica

1965 3958 2353 4029 approbatione
2419 3958 2485 4013 ad
2534 3959 2934 4029 patriarchatus
2982 3959 3300 4028 dignitatem
3373 3957 3552 4014 subito

1967 4051 2351 4107 transcendere
2404 4060 2595 4106 contra
2653 4050 2872 4106 Patrum
2927 4041 3390 4122 promulgatioues
3443 4067 3548 4106 non

1970 4142 2294 4206 recusastis,
2344 4141 2438 4197 sed
2477 4150 2680 4197 temere
2731 4151 2894 4213 atque
2926 4142 3270 4213 impudenter
3303 4144 3370 4197 ad
3415 4143 3547 4198 tanti

1968 4235 2189 4292 honoris
2213 4234 2425 4290 culmen
2455 4234 2713 4290 accedere
2742 4234 3186 4306 pt'IDStlmpSiSliS,
3211 4243 3551 4289 assumentes

1966 4326 2120 4381 vobis
2145 4325 2299 4395 quasi
2331 4341 2363 4378 a
2393 4325 2736 4380 sanctissimo
2765 4325 2885 4380 viro
2909 4324 3161 4380 Nectario
3183 4325 3546 4390 occasionem,

1966 4432 2125 4488 quem
2153 4424 2341 4472 sancta
2371 4416 2608 4472 secunda
2654 4417 2893 4488 synodus
2933 4431 3038 4471 non
3071 4417 3140 4471 ob
3176 4415 3317 4470 aliud
3356 4416 3426 4469 ad
3467 4431 3554 4471 sa-

1967 4507 2295 4563 cerdotalem
2325 4507 2546 4578 eligere,
2573 4514 2736 4576 atque
2763 4507 3016 4562 ordinare
3053 4522 3119 4562 ex
3159 4506 3332 4561 laicali
3360 4505 3551 4561 ordine

1890 4575 1942 4636 Ῑ)
1971 4598 2140 4654 voluit
2161 4575 2502 4669 dignitatem,
2526 4596 2632 4652 nisi
2650 4575 2787 4668 quia
2813 4612 3022 4668 magnae
3052 4595 3392 4652 necessitatis
3420 4610 3552 4651 con-

1967 4688 2186 4744 tritione
2226 4688 2574 4754 anxiabatur,
2599 4702 2665 4743 eo
2694 4687 2836 4759 quod
2864 4687 2917 4741 in
2947 4698 3132 4742 sancta
3172 4685 3556 4743 Constantino.

1963 4780 2202 4853 politana
2229 4781 2495 4847 Ecclesia,
2518 4780 2696 4836 nullus
2716 4780 3038 4836 clericorum
3067 4779 3293 4834 inveniri
3316 4787 3555 4849 poterat,

1965 4874 2057 4944 qui
2087 4873 2337 4944 pessima:
2373 4876 2644 4930 haereseos
2683 4871 2929 4927 nimbosa
2956 4869 3185 4942 caligine
3236 4884 3343 4925 non
3391 4869 3558 4925 fuerit

1967 4966 2258 5037 impeditus
2284 4984 2296 5019 :
2329 4974 2386 5022 et
2411 4966 2480 5021 ob
2511 4966 2613 5020 hoc
2641 4979 2707 5018 ne
2732 4963 2820 5018 ditt
2842 4963 2954 5033 jam
2997 4963 3142 5018 dicta
3184 4961 3426 5018 Ecclesia
3463 4962 3563 5018 sub

1968 5060 2318 5116 destitutione
2344 5058 2578 5129 pastoris
2616 5058 2769 5127 quasi
2797 5057 3016 5112 viduata
3067 5066 3333 5121 maneret,
3358 5055 3559 5126 prazdi~

1969 5159 2117 5208 ctum
2175 5148 2488 5204 Nectarium
2543 5158 2970 5218 expugnatorem
3031 5147 3456 5212 haereticorum,
3511 5157 3562 5207 et

1969 5239 2310 5298 defensorem
2337 5278 2353 5306 ,
2397 5246 2560 5308 atque
2614 5239 3029 5309 gubernatorem
3075 5239 3436 5296 ecclesiarum
3498 5235 3566 5290 ad

1967 5333 2392 5392 ecclesiasticam
2455 5347 2643 5399 curam
2691 5340 2748 5387 et
2800 5331 3114 5403 dignitatem
3166 5331 3556 5390 sacerdotalem

1963 5427 2077 5498 jant
2134 5427 2280 5487 dicta
2324 5424 2559 5482 secunda
2613 5424 2853 5496 synodus
2911 5425 3115 5495 elegit;
3205 5427 3299 5482 sed
3351 5435 3412 5482 ut
3458 5426 3559 5482 hoc
3601 5414 3612 5422 ⁴

1970 5521 2168 5576 iterum
2217 5518 2372 5573 ﬁeret
2421 5531 2528 5572 non
2571 5515 2930 5581 conﬁrmavit,
2979 5532 3154 5586 neque
3212 5520 3414 5582 sanxit,
3463 5527 3561 5571 aut

1971 5609 2223 5669 instituit.
2256 5609 2322 5664 Et
2367 5607 2489 5665 ideo
2527 5608 2653 5664 licet
2681 5617 2867 5664 contra
2915 5607 3156 5676 Patrum,
3198 5618 3360 5679 atque
3390 5623 3558 5662 carto-

1972 5703 2124 5758 nicas
2150 5698 2534 5765 institutiones,
2551 5699 2694 5769 quod
2714 5713 2812 5769 per
2831 5699 3172 5756 necessitatis
3195 5698 3310 5754 ﬁeri
3332 5705 3560 5752 eventus

1973 5793 2376 5868 comprobatur,
2406 5808 2512 5851 non
2542 5792 2594 5848 in
2623 5792 2947 5849 auctoritate
2991 5789 3280 5848 tenendum
3310 5797 3422 5856 est;
3465 5787 3559 5842 sed
