4070 6310
614 378 723 437 787

1940 371 2207 429 NICOLAI

2310 368 2454 424 \thE
2504 368 2523 422 1
3808 369 3901 428 7‘88

616 513 687 553 ne
714 497 911 552 iterum
935 495 1061 552 talis
1080 495 1362 566 proveniat
1387 492 1703 556 necessitas,
1731 489 1903 561 magis
1926 488 2203 558 magisque
2235 490 2278 545 Α
2313 501 2493 549 scere,
2529 485 2746 540 tandem
2794 491 3081 554 superatus
3124 484 3190 538 ad
3232 483 3625 539 sacerdotalem
3653 481 3731 537 ab
3764 485 3901 538 omni

616 589 921 647 cavendum
970 606 987 643 :
1039 587 1164 657 quia
1205 600 1364 642 omne
1411 585 1556 654 quod
1596 583 1665 638 ab
1710 583 1830 638 aliis
1881 578 2204 652 reprehendi

619 682 839 753 poterit,
860 678 1268 736 convenientius
1292 693 1357 732 ac
1406 676 1686 731 decentius
1709 673 1922 729 videtur
1948 671 2204 732 existere,

617 773 663 828 si
692 781 980 840 antequam
1011 767 1181 823 fomes
1221 765 1659 837 reprehensionis
1696 770 1992 825 accrescat,
2023 774 2209 814 emen-

616 861 855 917 dationis
881 874 1009 917 cura
1036 859 1291 915 succedat
1320 858 1459 931 [pro,
1492 858 1756 921 succidat,
1802 850 1923 927 IL].

603 949 610 965 '
686 949 768 1006 De
790 950 998 1006 Tarasii
1028 950 1294 1022 siquidem
1332 949 1690 1020 promotione,
1723 947 1814 1016 qui
1863 943 2113 1001 similiter
2138 956 2206 998 ex

608 1041 795 1099 daicali
818 1049 960 1097 emta
1005 1040 1073 1096 ad
1099 1040 1501 1112 patriarchatus
1525 1038 1798 1107 extemplo
1825 1036 2036 1093 culmen
2074 1050 2204 1104 pro-

619 1142 800 1189 motus
823 1141 928 1198 est,
954 1147 1118 1203 quam
1140 1144 1195 1186 et
1222 1147 1319 1187 vos
1340 1130 1495 1200 quasi
1522 1130 1578 1184 in
1604 1128 1983 1183 auctoritatem
2011 1131 2207 1180 vestra:

604 1220 948 1280 defensionis
975 1239 1253 1279 assumere
1296 1222 1482 1287 vultis,
1523 1223 1567 1278 si
1611 1228 1871 1284 sanctam,
1900 1234 2021 1288 qua:
2065 1216 2207 1287 apud

615 1306 716 1369 vos
744 1322 987 1385 tempore
1012 1313 1346 1370 sanctissimi
1369 1313 1469 1367 viri
1491 1310 1693 1368 domini
1721 1307 1954 1383 [domui]
1981 1306 2207 1363 Adriani

598 1419 771 1475 'papae
822 1404 1095 1461 celebrata
1143 1413 1262 1470 est,
1309 1404 1571 1475 synodum
1625 1401 1936 1473 diligentius
1981 1398 2206 1455 scrutati

615 1480 854 1561 fueritis,
887 1504 1051 1567 atque
1085 1495 1345 1551 attentius
1373 1493 1736 1556 intenderitis,
1766 1491 2049 1547 invenietis
2079 1487 2208 1559 quid

618 1586 675 1641 in
698 1601 763 1643 ea
784 1587 925 1642 idem
956 1587 1334 1643 sanctissimus
1370 1587 1453 1641 vir
1480 1585 1758 1642 consultus
1787 1582 2121 1647 decreverit;
2152 1590 2207 1636 et

619 1679 785 1748 quod,
817 1679 943 1735 dum
970 1679 1088 1748 ejus
1118 1679 1547 1735 consecrationis
1573 1678 1998 1749 reprehenderet
2030 1683 2204 1737 actus,

617 1779 675 1824 et
707 1786 997 1827 maerorem
1022 1787 1082 1827 se
1108 1787 1206 1842 pro
1231 1779 1343 1827 tam
1380 1770 1762 1843 prtesumptiva
1790 1769 2024 1824 factione
2049 1767 2208 1822 uimi-

2308 575 2503 645 pepulo
2528 582 2582 629 ct
2606 574 2751 629 clero
2777 574 3037 629 divinitus
3061 583 3140 628 est
3164 574 3481 645 dignitatem
3517 573 3759 636 electus,
3798 583 3851 627 et
3875 590 3900 627 a

2307 668 2697 723 catechumeno
2717 681 2814 736 per
2846 665 3087 736 singulos
3118 666 3319 737 gradus
3344 664 3765 721 ecclesiasticos
3788 680 3904 734 pro.

2308 762 2556 818 ﬁciscens
2580 761 2788 834 [melius
2807 802 2823 827 ,
2845 759 3156 832 proﬁciens,
3184 759 3309 834 [1.],
3328 768 3523 817 octavo
3543 761 3638 815 die
3660 761 3739 815 ab
3765 760 3899 815 omni

2307 851 2717 918 catholicorum,
2751 851 2932 908 divina
2979 861 3252 908 annuente
3291 852 3598 917 clementia,
3627 867 3898 905 consensu

2307 952 2389 1000 est
2413 952 2762 999 consecratus
2792 943 3096 1014 episcopus.
3120 943 3383 999 Attendat
3406 943 3569 1014 igitur
3596 943 3899 1014 prudentia:

2307 1036 2503 1093 vestrae
2539 1036 2776 1103 dilectio,
2818 1045 2874 1092 et
2909 1036 3101 1091 intimo
3149 1035 3329 1091 cordis
3376 1034 3683 1107 prospiciat
3730 1034 3897 1099 oculo,

2310 1129 2353 1187 si
2382 1130 2648 1187 debentur
2678 1145 2764 1197 ea,
2792 1146 2913 1200 qute
2939 1144 3037 1200 per
3061 1128 3445 1185 miraculorum
3474 1130 3632 1201 signa
3660 1126 3900 1181 fidelibus

2308 1223 2653 1295 proveniunt,
2682 1224 2771 1279 his
2804 1223 3034 1294 aequari,
3075 1238 3196 1293 qua:
3222 1222 3442 1294 proprio
3483 1229 3706 1275 tantum
3756 1220 3897 1273 ﬁbitu

2309 1317 2377 1372 ad
2406 1316 2685 1389 dignitatis
2722 1316 2948 1388 gloriam
2995 1300 3403 1386 percipiendam
3426 1322 3775 1384 peraguntur
3808 1325 3823 1363 :
3854 1320 3899 1365 et

2310 1406 2391 1463 sic
2443 1406 2511 1461 ad
2557 1406 2903 1462 auctoritatis
2955 1414 3150 1459 vestra:
3187 1403 3599 1459 excusationem
3652 1400 3896 1471 prmfatos

2310 1496 2570 1551 assumite
2590 1497 2756 1551 viros.
2776 1496 2915 1552 Ecce
2938 1504 3157 1567 prepter
3178 1494 3558 1551 necessitatem
3581 1503 3641 1547 et
3671 1492 3896 1561 ittOpiattt

2311 1590 2630 1647 clericorum
2678 1589 3008 1656 Nectarius;
3069 1606 3200 1645 ecce
3242 1600 3466 1659 propter
3522 1586 3895 1642 ecclesiastica

2312 1684 2584 1755 dogmata,
2613 1691 2668 1739 et
2692 1683 3074 1739 haereticorum
3108 1682 3584 1754 expugnationem,
3615 1678 3717 1748 qui
3751 1693 3894 1731 vene-

2313 1776 2510 1830 raudas
2532 1776 2800 1845 deponere
2822 1775 3082 1846 imagines
3104 1780 3592 1843 prmsumpserunt,
3612 1769 3889 1830 Tarasius;

617 1875 741 1919 rum
784 1860 1061 1934 [nimium]
1093 1862 1360 1917 sustinere
1408 1860 1779 1930 proﬁteretur.
1820 1857 1962 1913 Dicit
2007 1858 2151 1911 enim
2185 1870 2199 1910 :

2313 1882 2439 1923 ecce
2466 1882 2563 1937 per
2592 1866 2975 1922 miraculorum
3004 1865 3157 1936 signa
3181 1861 3502 1918 Ambrosius
3539 1859 3613 1915 ad
3642 1859 3893 1929 regendas

618 1948 776 2018 Quod
803 1950 907 2005 nisi
938 1950 990 2005 in
1022 1950 1293 2021 erigendis
1336 1949 1662 2022 imaginibus
1692 1947 1989 2002 ferventius
2017 1955 2206 2001 contra

617 2038 835 2096 illarum
874 2039 1230 2110 depositores,
1279 2047 1444 2109 atque
1490 2037 1915 2102 conculcatores,
1949 2043 2008 2090 ut
2050 2049 2210 2089 verus

618 2130 778 2186 miles
803 2129 1006 2187 Christi
1042 2131 1350 2195 resisteres,
1402 2143 1742 2200 nequaquam
1786 2134 1981 2182 vestra:
2019 2140 2210 2181 conse-

618 2223 1178 2282 crationiassensum
1229 2223 1617 2294 praeberemus,
1649 2228 1740 2274 aut
1780 2220 1834 2274 in
1877 2218 2067 2272 ordine
2110 2232 2208 2287 pa-

619 2316 952 2372 triarchatus
979 2326 1216 2372 vestram
1237 2315 1583 2370 dilectionem
1615 2312 2015 2381 susciperemus
2050 2325 2064 2365 :
2090 2322 2209 2378 qua:

608 2416 830 2464 tantum
880 2406 1189 2464 declaratur
1258 2406 1567 2462 inordinate
1615 2411 1886 2476 promota,
1946 2410 2206 2472 quantum

606 2499 1005 2572 comprobatur
1050 2507 1239 2555 contra
1294 2496 1589 2569 apostolica
1648 2497 1868 2551 decreta
1914 2492 2211 2549 enormiter

606 2599 966 2662 praesumpta.
1000 2590 1383 2646 Beatissimum
1409 2603 1627 2661 quoque
1660 2585 2005 2642 Ambrosium
2034 2582 2122 2656 [de
2144 2582 2205 2638 S.

618 2683 800 2739 Ambr.
834 2681 997 2739 Paul.
1026 2684 1080 2738 in
1112 2686 1225 2754 ejus
1270 2681 1438 2757 Vita],
1481 2681 1844 2739 clarissimam
1881 2687 1939 2734 et
1975 2677 2209 2748 splendi-

618 2772 899 2829 dissimam
935 2774 1210 2828 lucernam
1246 2772 1523 2840 Ecclesiae,
1555 2772 1644 2843 qui
1681 2786 1749 2825 ex
1794 2767 2205 2830 catechumeno,

620 2861 805 2917 divino
826 2862 1089 2934 praesagio
1116 2862 1190 2918 ad
1235 2862 1595 2932 cpisc0palcm
1632 2876 1730 2931 per
1764 2859 2049 2915 continuos
2087 2872 2211 2927 gra-

620 2955 723 3011 dus
748 2965 1028 3026 promotus
1070 2964 1155 3011 est
1186 2955 1526 3026 dignitatem,
1557 2969 1657 3009 cur
1684 2952 1840 3007 nobis
1882 2965 1981 3022 pro
2026 2956 2209 3004 vestro

619 3045 887 3100 tutamine
913 3045 1207 3115 Opponitis,
1243 3052 1299 3099 et
1329 3043 1398 3097 ad
1425 3051 1663 3097 vestram
1706 3042 1947 3097 illicitam
1991 3054 2211 3111 promo-

621 3139 828 3193 tionem
858 3138 1185 3192 antefertis?
1219 3136 1311 3206 qui
1347 3151 1454 3191 non
1483 3135 1741 3190 instinctu
1781 3133 2084 3197 hominum,
2111 3131 2208 3186 sed

2311 1958 2582 2014 Ecclesias
2607 1957 2841 2029 promoti
2867 1965 3011 2011 sunt.
3042 1954 3117 2009 De
3141 1954 3296 2009 vobis
3325 1960 3528 2018 autem,
3558 1950 3766 2020 quibus
3789 1964 3890 2018 pcr—

2308 2048 2492 2117 plures
2515 2046 2865 2103 auctoritates
2899 2045 3277 2111 conciliorum,
3314 2050 3481 2114 atque
3506 2042 3736 2097 decreta
3778 2055 3885 2093 san-

2311 2138 2674 2193 ctissimorum
2723 2135 3036 2208 pontiﬁcum
3092 2134 3375 2198 resistunt,
3420 2131 3548 2202 quid
3618 2129 3767 2184 aliud
3821 2137 3888 2181 est

2311 2226 2672 2292 sentiendum,
2703 2225 2805 2280 nisi
2838 2224 3170 2294 inopinatam
3210 2238 3240 2275 a
3274 2221 3426 2275 vobis
3448 2219 3887 2276 consuetudinem

2312 2317 2615 2373 adolevisse
2642 2317 3010 2373 credendum?
3038 2316 3098 2371 Et
3129 2315 3425 2371 scentulum
3451 2322 3774 2369 sanctoqu
3799 2310 3886 2364 l‘a-

2311 2420 2453 2464 trum
2492 2409 2815 2465 sententiam
2839 2423 2944 2462 non
2987 2408 3158 2462 solum
3188 2406 3315 2477 quia
3359 2420 3427 2460 ex
3475 2403 3659 2457 laicali
3715 2401 3891 2456 ordine

2311 2506 2497 2554 contra
2523 2498 2814 2554 canonicas
2842 2496 3197 2552 auctoritates
3229 2495 3297 2549 ad
3321 2492 3617 2565 regendam
3641 2491 3891 2546 Constan-

2312 2587 2720 2659 tin0politanam
2768 2586 3065 2641 Ecclesium
3115 2584 3294 2640 subito
3340 2581 3767 2642 transvolastis,
3802 2579 3885 2632 sci

2311 2679 2475 2733 etiam
2529 2678 2654 2748 quia
2707 2677 2922 2733 vivente
2974 2676 3125 2741 viro,
3171 2684 3225 2729 et
3274 2672 3529 2729 incolumi
3576 2672 3889 2742 persistente

2314 2767 2587 2840 (videlicet
2623 2766 3035 2838 religiosissime
3084 2766 3292 2839 lgnatio
3333 2764 3676 2835 patriarcha)
3717 2762 3884 2817 catbe-

2313 2860 2465 2913 dram
2489 2857 2632 2915 illius
2658 2858 2886 2930 (scilicet
2906 2856 3552 2927 Constantinopolitanam
3576 2854 3906 2920 Ecelcsiam}.

2313 2958 2373 3004 ut
2401 2951 2644 3006 moechus
2673 2950 3035 3021 subripuistis,
3074 2959 3128 3005 et
3161 2949 3411 3005 invadere
3432 2947 3879 3019 prmsumpsistis:

2316 3051 2703 3113 postpoucntes
2752 3042 2902 3109 illud,
2944 3042 3086 3113 quod
3124 3042 3387 3112 scriptum
3427 3049 3510 3095 est
3550 3058 3564 3092 :
3604 3037 3764 3105 Quod
3804 3036 3882 3090 liii

2317 3151 2418 3187 non
2476 3135 2553 3188 vis
2610 3134 2746 3204 ﬁeri,
2788 3133 2882 3187 alii
2938 3151 3000 3188 ne
3045 3133 3229 3203 [oreris
3271 3131 3484 3201 (Matth.
3519 3130 3619 3203 vlt)
3649 3148 3661 3184 :
3692 3138 3745 3184 et
3778 3129 3879 3181 ideo

622 3224 806 3284 divina
836 3227 1143 3293 vocatione,
1179 3240 1277 3298 per
1309 3225 1691 3282 miraculorum
1723 3224 1965 3294 prodigia
2003 3222 2209 3278 electus
2239 3198 2283 3260 (ἶ
2317 3236 2511 3282 vestrae
2549 3227 2947 3283 consecrationi
2995 3226 3265 3296 mquitatis
3303 3223 3591 3278 libramina
3635 3231 3875 3281 tenentes,

620 3318 734 3373 est!
774 3316 911 3372 Nam
942 3330 1066 3373 cum
1114 3316 1168 3372 in
1199 3315 1440 3371 infantiae
1490 3316 1643 3371 cuuis
1687 3314 1788 3371 sub
1817 3313 2045 3370 nutricis
2078 3328 2208 3369 cura

623 3408 900 3463 dormiens
928 3406 1156 3465 sollicite
1180 3414 1521 3471 verteretur,
1555 3413 1742 3476 aperto
1788 3419 1917 3460 ecce
1959 3418 2055 3459 ore
2083 3419 2207 3460 exa-

622 3514 749 3555 men
776 3514 937 3570 apum
983 3499 1165 3555 subito
1211 3498 1403 3561 adfuit,
1443 3498 1585 3568 quod
1626 3495 1820 3551 faciem
1865 3494 2003 3565 ejus,
2029 3503 2084 3551 et
2112 3510 2209 3551 ora

603 3592 940 3663 'complevit,
991 3593 1065 3647 ita
1114 3600 1175 3647 ut
1221 3591 1554 3664 ingrediendi
1603 3588 2003 3662 [ingrediendi,
2049 3596 2211 3659 atque

603 3683 957 3757 egrediendij
995 3684 1143 3741 vices
1209 3684 1633 3754 frequentarent.
1683 3683 1835 3749 Quod
1883 3690 2039 3752 pater
2085 3695 2208 3736 cum

598 3781 822 3841 'matre,
844 3773 929 3829 vel
977 3772 1084 3829 filia
1120 3772 1487 3835 deambulans,
1527 3788 1596 3827 ne
1629 3772 1974 3842 abigerentnr
2011 3771 2081 3825 ab
2115 3786 2211 3825 an-

552 3860 553 3863 “
621 3864 770 3930 cil'a,
802 3882 923 3936 qua:
947 3883 1136 3922 curam
1165 3867 1437 3922 uutriendi
1462 3866 1683 3921 infantis
1711 3873 2043 3935 susceperat,
2077 3879 2207 3934 pro-

598 3955 863 4012 ‘bibehat.
911 3957 1154 4013 Sollicita
1204 3958 1348 4013 enim
1393 3966 1533 4024 erat,
1567 3972 1635 4012 ne
1676 3956 1871 4012 infanti
1914 3963 2204 4021 nocerent;

624 4047 1012 4115 exspectabant
1061 4059 1242 4104 tamen
1283 4048 1463 4119 patrio
1516 4046 1711 4103 aﬁ‘eettt
1761 4062 1869 4116 quo
1926 4046 2035 4101 fine
2078 4044 2207 4100 illud

588 4140 591 4141 '
622 4134 944 4190 miraculum
978 4137 1343 4195 clauderetur.
1372 4139 1443 4191 At
1472 4139 1577 4192 illae
1605 4147 1729 4209 post
1767 4137 2079 4206 aliquandiu
2108 4152 2206 4190 vo-

602 4222 918 4279 olitantesin
954 4224 1154 4281 tantam
1187 4228 1331 4283 aeris
1369 4228 1707 4282 altitudinem
1750 4227 2040 4282 sublevatur
2060 4236 2209 4294 sunt,

624 4324 686 4369 ut
747 4315 999 4371 immanis
1040 4318 1212 4373 oculis
1259 4319 1481 4372 minime
1526 4318 1842 4373 viderentur
1872 4333 1886 4370 :
1919 4334 2025 4388 quo
2066 4318 2208 4373 facto

622 4408 847 4462 territus
872 4417 1025 4478 pater
1051 4408 1130 4462 ait
1163 4425 1177 4462 :
1217 4408 1274 4464 Si
1305 4410 1502 4464 vixerit
1532 4409 1830 4465 infantulus
1858 4411 1978 4476 iste,
2007 4411 2209 4482 aliquid

602 4501 802 4571 'magni
834 4500 913 4555 eri
922 4510 958 4554 t.

692 4592 826 4647 Post
866 4592 981 4647 btet:
1035 4606 1167 4647 vero
1214 4592 1429 4648 adultus
1476 4608 1611 4663 puer
1645 4594 1956 4651 liberalibus
1996 4593 2205 4650 artibus

620 4684 863 4739 imbutus
894 4683 1258 4739 Mediolanum
1303 4685 1566 4754 perrexit,
1594 4685 1683 4740 ubi
1720 4686 2020 4742 Auxentius
2049 4686 2207 4740 Aria-

620 4789 815 4828 norum
850 4776 1138 4846 cpiscopus
1170 4776 1485 4831 cathedram
1528 4793 1635 4833 non
1674 4779 1963 4848 regendam
1995 4779 2089 4835 sed
2125 4779 2207 4834 di.

618 4863 929 4922 laniandum
961 4869 1181 4925 tenebat
1215 4869 1598 4941 episcopalem.
1633 4869 1752 4937 Quo
1772 4871 2043 4937 defuncto,
2075 4871 2205 4926 dum

582 5018 589 5025 ι
622 4953 691 5009 ad
730 4954 1050 5014 electionem
1087 4961 1325 5031 episcopi
1368 4962 1644 5031 pepularis
1683 4963 1836 5017 ﬁeret
1871 4964 1923 5017 in
1962 4962 2203 5018 Ecclesia

622 5048 984 5119 conglobatio,
1008 5067 1134 5107 ecce
1158 5054 1379 5123 quidam
1411 5053 1591 5109 infans
1629 5055 1987 5121 acclamabat,
2019 5055 2207 5109 dicens

621 5141 967 5198 Ambrosium
998 5147 1310 5217 episcopum
1354 5166 1370 5202 :
1413 5148 1479 5202 ad
1516 5164 1681 5218 quam
1726 5163 1911 5203 vocem
1950 5158 2002 5203 et
2031 5148 2209 5203 omnis

625 5231 716 5286 illa
742 5235 1030 5289 conventio
1058 5237 1309 5293 similiter
1354 5239 1690 5295 acclatnahat
1719 5239 2062 5295 Ambrosium
2090 5240 2206 5310 cpi-

598 5338 869 5392 scopum.
900 5323 1055 5392 Quod
1097 5343 1203 5384 non
1230 5330 1483 5385 humanis
1526 5330 1581 5386 id
1623 5329 1739 5386 ﬁeri
1772 5331 2099 5386 credendum
2126 5340 2209 5386 est

620 5414 1009 5481 voluntatibus,
1044 5418 1138 5474 sed
1163 5421 1380 5486 divinis,
1411 5421 1481 5476 ad
1514 5422 1865 5478 salvationem
1891 5432 1946 5477 et
1975 5424 2208 5493 ereptio-

621 5518 749 5563 nem
775 5506 1012 5563 ﬁdelium
1040 5511 1107 5565 de
1132 5512 1430 5567 adversarii
1455 5517 1623 5569 nostri
1649 5514 1914 5577 faucibus,
1950 5516 2039 5584 qui
2084 5526 2207 5570 tan~

618 5612 785 5669 quam
812 5596 898 5654 leo
927 5600 1165 5671 rugiens,
1189 5604 1385 5671 quaerit
1407 5619 1565 5674 quem
1590 5604 1812 5660 devoret
1840 5604 1931 5676 (II
1958 5605 2099 5659 l‘etr.
2129 5607 2204 5677 ν),

619 5688 1089 5758 inspirationibus.
1124 5690 1227 5759 Qui
1257 5692 1381 5746 dum
1410 5709 1469 5749 se
1494 5694 1678 5751 multis
1725 5712 1789 5750 ac
1816 5697 1982 5751 variis
2006 5696 2203 5752 voluis-

619 5779 1399 5857 setoccultareargumentis,
1443 5792 1495 5839 et
1537 5799 1566 5838 a
1605 5793 1753 5839 tanto
1787 5787 1993 5841 honore
2019 5784 2206 5843 delite-
2240 5844 2243 5849 ,

2316 3333 2596 3373 assensum
2646 3319 2888 3388 prwbere
2910 3318 3059 3388 (quia
3100 3315 3405 3372 enormitcr
3448 3322 3506 3371 et
3544 3323 3729 3369 contra
3761 3327 3872 3366 san-

2313 3418 2526 3466 ctorum
2578 3408 2799 3465 Patrum
2850 3409 3216 3464 institutiones
3260 3397 3482 3477 peracta
3530 3406 3631 3477 est)
3675 3403 3874 3458 minime

2311 3500 2710 3572 prmsumimus.
2758 3500 2913 3568 Quod
2952 3515 3082 3555 vero
3125 3499 3308 3554 dicitis
3358 3513 3540 3569 neque
3580 3495 3872 3552 Sardiceuse

2314 3591 2627 3659 concilium,
2656 3608 2831 3662 neque
2869 3589 3163 3646 decretalia
3203 3605 3301 3644 vos
3337 3587 3542 3644 habere
3585 3580 3863 3642 sanctorum

2311 3682 2649 3752 pontiﬁcum,
2678 3680 2762 3734 vel
2795 3681 3062 3753 recipere,
3111 3695 3217 3736 non
3269 3678 3425 3735 facile
3463 3678 3627 3735 nobis
3677 3675 3861 3732 facultas

2312 3774 2565 3830 credendi
2617 3773 2924 3829 tribuitur:
2970 3773 3209 3827 maxime
3257 3788 3380 3828 cum
3415 3771 3741 3826 Sardiceuse
3764 3783 3863 3824 con-

2311 3867 2517 3932 cilium,
2549 3866 2690 3936 quod
2718 3879 2883 3936 penes
2908 3881 3003 3920 vos
3032 3865 3083 3919 in
3126 3864 3323 3920 \estris
3358 3864 3678 3934 regionibus
3719 3869 3864 3914 actum

2311 3966 2412 4022 est,
2447 3965 2500 4012 et
2529 3957 2705 4012 omnis
2731 3955 2969 4011 Ecclesia
2994 3956 3208 4026 recipit,
3231 3971 3337 4026 qua
3384 3956 3591 4009 ratione
3636 3964 3864 4009 convene-

2312 4058 2415 4110 rat,
2447 4056 2507 4101 ut
2537 4047 2638 4103 hoc
2663 4056 2849 4102 sancta
2874 4046 3465 4116 Constantiuopolitana
3492 4046 3730 4102 Ecclesia
3754 4039 3861 4110 abji-

2312 4148 2479 4197 ceret.
2507 4147 2583 4203 et,
2614 4148 2674 4192 ut
2697 4141 2916 4210 dignum
2939 4147 3045 4206 est,
3069 4155 3177 4195 non
3207 4140 3500 4197 retineret?

2388 4229 2684 4284 Decretalia
2748 4239 2946 4291 autem,
3001 4244 3122 4297 qua:
3196 4244 3226 4281 a
3295 4229 3496 4283 sanctis
3550 4223 3864 4299 pontificibus

2310 4321 2498 4391 prima:
2545 4320 2690 4375 sedis
2723 4319 2978 4374 Romanae
3008 4318 3264 4374 Ecclesia!
3290 4328 3414 4373 sunt
3453 4319 3720 4383 instituta,
3741 4312 3863 4380 cuius

2313 4414 2657 4477 auctoritate,
2685 4421 2848 4481 atque
2882 4412 3160 4466 sanctione
3184 4426 3374 4465 omnes
3397 4410 3609 4481 synodi,
3635 4420 3690 4463 et
3710 4412 3864 4462 saneta

2311 4506 2538 4560 concilia
2580 4506 2925 4567 roborantur,
2961 4512 3018 4558 et
3045 4501 3393 4558 stabilitatem
3418 4512 3660 4567 sumunt,
3685 4516 3771 4555 cur
3788 4511 3864 4550 vos

2313 4612 2418 4651 non
2450 4598 2650 4651 habere
2688 4595 2772 4649 vel
2816 4595 3107 4650 observare
3140 4594 3354 4649 dicitis?
3400 4594 3505 4648 nisi
3538 4595 3666 4663 quia
3707 4598 3863 4644 vestrm

2311 4687 2636 4743 ordinatioui
2660 4686 3053 4752 contradicunt,
3081 4694 3139 4740 ct
3175 4701 3243 4740 ex
3292 4686 3427 4740 laico
3466 4685 3648 4740 subito
3679 4682 3738 4738 ad
3767 4676 3858 4735 cul-

2312 4790 2434 4833 men
2458 4778 2857 4849 patriarchatus
2881 4776 3215 4832 transvolare
3237 4777 3534 4832 resistunt?
3554 4785 3737 4830 contra
3762 4767 3861 4825 illud

2312 4868 2668 4941 apostolicum
2695 4867 2945 4923 :Nemini
2975 4869 3078 4921 cito
3102 4884 3317 4921 manum
3348 4865 3660 4936 imposueris
3686 4864 3732 4933 (1
3753 4861 3856 4915 Tim.

2314 4964 2389 5035 v).
2413 4963 2567 5031 Quod
2611 4964 2655 5019 si
2686 4978 2749 5018 ea
2792 4977 2897 5017 non
2949 4961 3179 5025 habetis,
3217 4961 3285 5016 de
3318 4960 3567 5029 neglectu
3611 4970 3765 5029 atque
3800 4953 3860 5006 in-

2292 5054 2460 5111 'euria
2491 5054 2625 5109 estis
2651 5051 2941 5125 arguendi;
2986 5053 3032 5105 si
3077 5051 3315 5117 habetis,
3341 5059 3397 5105 et
3424 5065 3530 5104 non
3574 5043 3856 5103 observatis.

2296 5147 2379 5200 de
2406 5146 2708 5200 temeritate
2750 5145 2881 5199 estis
2912 5142 3239 5212 corripiendi
3282 5152 3337 5196 et
3378 5142 3711 5211 increpandi.
3740 5130 3858 5203 Quod

2294 5237 2581 5292 'violenter
2604 5252 2699 5291 vos
2732 5236 2799 5289 ad
2841 5234 3231 5290 sacerdotalem
3260 5234 3578 5305 dignitatem
3622 5234 3857 5303 promotos

2314 5329 2637 5387 asseveratis
2664 5337 2827 5398 atque
2846 5327 3243 5398 protestamini,
3263 5336 3455 5382 vestra:
3474 5317 3858 5381 consecrationis

2320 5430 2563 5492 tempore
2589 5435 2698 5474 non
2740 5419 2812 5472 ita
2852 5432 2973 5473 esse
3016 5417 3342 5472 declaratur.
3371 5414 3473 5482 Qui
3520 5426 3792 5485 postquam
3816 5408 3855 5460 in

2294 5513 2720 5587 'patriarchatus
2748 5513 2943 5568 throno
2976 5510 3199 5566 stabiliti
3240 5509 3391 5573 estis,
3423 5525 3529 5564 non
3582 5518 3640 5564 ut
3667 5502 3854 5579 paterin

2314 5608 2441 5663 ﬁliis
2486 5607 2734 5671 blandus,
2773 5605 2868 5660 sed
2911 5612 2971 5657 ut
3010 5602 3273 5657 immitem
3320 5602 3401 5656 in.
3427 5601 3753 5671 depositione
3786 5610 3853 5649 ar-

2317 5698 2780 5768 chiepiscoporum
2806 5707 2861 5751 et
2883 5696 3255 5767 episcoporum
3286 5711 3383 5767 per
3414 5697 3750 5752 severitatem
3782 5701 3852 5743 τοῦ

2314 5789 2747 5857 demenstrastis,
2777 5796 2829 5846 ct
2872 5788 2925 5844 in
2958 5788 3302 5845 damnatione
3334 5788 3640 5845 innocentis
3682 5779 3850 5859 lgoatii.
