4070 6310
314 267 419 326 Ἱῗθ

1525 268 1884 326 ΕΡΙΞΤΟΙΑΕ
1923 268 2008 324 ET
2049 267 2384 326 DECRETA.

3483 267 3590 324 790

317 397 481 454 quem
512 398 607 437 vos
635 388 690 435 ttt
722 381 1022 453 depositum
1063 382 1298 446 ltabetis,
1349 382 1704 438 immoderate
1740 398 1896 436 esar-
1927 387 1972 444 Λ
2005 383 2278 436 tummodo
2323 380 2676 451 deposuionis
2713 381 2918 436 exitum
2969 397 3064 452 per
3105 389 3316 442 nostros
3376 383 3583 444 audire,

313 475 466 530 sistis
499 494 512 530 :
552 476 605 530 in
636 477 790 547 cujus
837 476 1188 546 depositione,
1225 477 1326 530 nisi
1374 477 1524 546 prius
1549 477 1899 532 veracissime

314 567 460 623 illius
501 569 915 636 cognoverimus
967 570 1478 639 transgressionem,
1529 579 1612 624 vet
1662 569 1895 639 culpam,

313 661 463 715 inter
485 661 758 731 depositus
785 661 932 715 illum
956 677 1062 715 non
1114 678 1462 716 numeramus
1489 677 1662 730 neque
1684 661 1900 716 damna-

314 763 438 803 mus
462 789 480 815 ,
508 750 632 819 quia
673 751 828 805 valde
850 750 1148 805 cavendum
1187 761 1270 805 est
1303 766 1370 804 ne
1401 751 1517 806 sine
1542 767 1707 805 causa
1749 751 1898 805 iuno-

314 837 466 892 ccus'
508 842 826 907 damnetur;
885 849 939 896 et
965 842 1103 894 sicut
1138 841 1285 894 illum
1333 843 1384 895 in
1428 841 1658 911 pristino
1699 843 1899 896 honore

315 945 653 995 mansurum,
683 933 726 986 si
772 933 820 986 ei
865 933 1222 987 damnationis
1251 934 1481 987 crimina
1515 951 1617 988 non
1650 948 1899 1002 compro-

313 1018 533 1086 bantur,
581 1033 770 1079 sancta
818 1024 1060 1080 Romana
1104 1027 1301 1082 retinet
1336 1028 1611 1095 Ecclesia,
1661 1028 1740 1083 sic
1782 1043 1897 1092 vos,

315 1115 410 1183 qui
445 1116 658 1173 incaute
685 1127 739 1173 et
782 1129 968 1174 contra
1000 1127 1254 1190 paternas
1303 1123 1622 1178 traditiones
1666 1125 1898 1194 promoti

315 1206 471 1267 estis.
505 1207 555 1261 in
586 1210 987 1278 patriarcbatus
1011 1211 1202 1266 ordine
1237 1226 1339 1266 non
1368 1213 1592 1282 recipit;
1637 1223 1691 1268 et
1725 1230 1900 1285 neque

314 1307 442 1351 ante
467 1298 668 1368 justam
699 1303 1099 1358 damnationem
1126 1304 1315 1376 lguatii
1357 1305 1700 1376 patriarcbze
1731 1307 1782 1360 in
1810 1323 1900 1359 or-

315 1390 440 1445 dine
473 1394 794 1448 sacerdotali
825 1397 976 1450 vobis
1015 1396 1201 1470 [forte,
1234 1415 1351 1464 vos,
1387 1395 1481 1473 Πζ]
1523 1418 1740 1457 manere
1767 1419 1900 1458 con-

315 1480 500 1533 sentit.
557 1481 709 1546 Quod
760 1499 864 1538 nou
924 1486 1045 1541 ideo
1101 1497 1281 1543 vestra
1329 1491 1626 1547 arbitretur
1683 1493 1898 1550 dilectio

314 1582 505 1624 contra
539 1587 635 1626 vos
673 1573 887 1630 invidiae
929 1592 1116 1645 causa,
1155 1591 1251 1634 aut.
1295 1597 1489 1637 exesos
1529 1599 1624 1639 vos
1653 1585 1898 1641 habendo

322 1660 374 1714 id
399 1678 576 1732 agere,
607 1674 769 1734 atque
798 1667 1093 1740 incongrue
1121 1681 1312 1728 contra
1341 1685 1573 1730 vestram
1598 1678 1894 1732 ordinatio-

2000 474 2082 529 vel
2112 491 2462 544 cognoscere,
2491 475 2632 531 sicut
2663 493 2803 530 nunc
2835 475 3098 537 volumus,
3145 475 3337 530 missos
3367 475 3584 530 voleba-

2001 582 2148 630 nms;
2193 567 2392 634 quibus
2457 569 2752 622 secundum
2809 567 3000 621 borum
3060 565 3374 620 relationem
3427 566 3582 634 longa

1999 655 2212 720 exsilia,
2247 665 2303 711 et
2331 657 2611 712 diuturnas
2655 657 3026 728 pediculorum
3071 656 3431 712 comestinnes
3459 657 3502 710 si
3535 657 3586 709 iu

1976 746 2092 800 'tali
2121 747 2414 802 intentione
2440 746 2811 816 persisterent,
2841 747 3160 812 quilmsdam
3193 746 3585 806 nuntiantibus,

2000 840 2140 908 quod
2177 841 2277 893 illis
2327 855 2360 894 a
2413 840 2568 895 nobis
2615 839 2910 908 injunctum
2963 840 3062 892 l'uit
3107 838 3242 891 clam
3283 837 3431 891 vobis
3463 851 3584 889 cum

2001 929 2320 998 sequacibus
2364 931 2554 986 vestris
2623 931 2998 986 resistentibus
3049 928 3306 998 perficere
3366 927 3586 980 minime

2001 1028 2312 1087 potuerunt,
2339 1031 2433 1076 aut
2465 1022 2853 1092 depositionem
2875 1021 2983 1090 jam
3022 1021 3149 1076 dicti
3183 1021 3369 1091 lguatii
3403 1032 3582 1074 utrum

1993 1110 2137 1180 justa
2190 1130 2256 1167 au
2310 1113 2505 1183 mjusla
2564 1116 2763 1181 fuerit,
2811 1117 3054 1171 invenire
3119 1115 3422 1169 valuerunt.
3468 1115 3584 1180 Qua

2001 1207 2213 1276 cognita
2243 1209 2536 1263 secundum
2565 1209 2646 1263 sui
2696 1211 2910 1264 malum
2952 1209 3211 1262 canonica
3259 1215 3421 1276 atque
3448 1223 3583 1276 apu-

2001 1299 2192 1354 stulica
2245 1301 2294 1353 in
2347 1316 2412 1353 eo
2469 1303 2696 1357 ttettsura
2755 1302 3158 1357 cxteutlcretur.
3217 1301 3347 1354 Data
3399 1315 3584 1356 mense

2004 1390 2218 1456 Martio,
2251 1392 2336 1454 die
2369 1393 2449 1457 l8,
2481 1393 2666 1448 iudict.
2701 1409 2754 1447 χ.

2734 1482 2863 1538 ΧΠΙ.

2367 1593 2432 1629 ΑΙ)
2472 1592 2775 1630 MlClJAEIII.“
2813 1592 3223 1630 IMPERATORI-25%..

2605 1666 2794 1734 (Auno
2829 1666 2984 1741 8627.),

318 1766 440 1804 nem
474 1756 828 1811 cxardescere
857 1774 870 1823 ;
899 1737 990 1812 sed
1021 1762 1164 1815 ducti
1194 1763 1310 1817 zelo
1332 1773 1568 1834 paterna:
1597 1769 1898 1824 traditionis
1930 1737 1975 1800 Β
2005 1749 2164 1834 Πίυζε,
2203 1753 2476 1834 ἷζΡίδῖίῖίπυι
2515 1771 2608 1823 Pe”
2645 1754 2870 1808 L-eu'm"
2913 1759 3217 1834 “.‘ecrellsg
3263 1756 3585 1822 ίθηῑθατὶίιίωη

318 1841 560 1899 volentes
605 1855 850 1901 sanctam
899 1848 1549 1919 Constantinopolitanam
1583 1858 1902 1926 Ecclesium,

318 1949 440 2000 qua:
465 1951 561 2004 pro
588 1952 666 1990 sm
700 1939 990 1995 stabilitate
1029 1951 1192 2012 atque
1225 1943 1476 2002 ﬁrmitate
1503 1962 1731 2004 censura
1780 1966 1905 2006 san-

319 2033 531 2079 ctornm
568 2027 786 2083 Patrum
825 2030 900 2096 ad
941 2031 1079 2087 Itane
1107 2045 1351 2091 sanctam
1385 2039 1686 2096 Romanam
1718 2043 1904 2101 Eccle-

319 2117 459 2169 siam
483 2117 640 2172 soiito
678 2135 827 2176 more
879 2125 1170 2194 percurrit,
1224 2127 1340 2183 siue
1389 2131 1620 2198 macula,
1655 2132 1772 2187 sine
1823 2151 1903 2191 re—

314 2215 701 2284 prehensione,
773 2233 866 2276 aut
932 2223 1112 2295 aliqua
1178 2227 1614 2296 transgressione
1680 2227 1900 2283 illzesam

319 2305 638 2372 consiSfere,
669 2317 722 2362 et
743 2325 826 2376 ea,
853 2328 973 2382 qua:
1012 2315 1396 2371 ecclesiasticis
1426 2319 1625 2388 regulis
1659 2318 1898 2384 obviam,

319 2409 570 2451 resecare
605 2416 617 2451 :
651 2409 705 2454 et
754 2405 983 2462 maxime
1029 2406 1163 2474 boc,
1205 2410 1347 2478 quod
1385 2411 1532 2464 omni
1579 2410 1902 2467 auctoritate

317 2489 580 2544 canonice
609 2489 917 2568 [canonica]
957 2499 1272 2566 revincitur,
1301 2509 1355 2555 et
1385 2501 1476 2556 tali
1507 2504 1899 2561 consecrationi

317 2580 652 2646 contraitur,
712 2585 853 2653 quod
892 2586 1003 2655 jam
1057 2605 1154 2659 per
1200 2590 1414 2662 longam
1454 2595 1898 2649 consuetudinem

319 2672 474 2736 quasi
498 2675 818 2745 regulariter
847 2690 1027 2735 actum
1071 2683 1379 2749 defenditis,
1422 2686 1748 2742 omnimodis
1788 2704 1900 2742 am-

317 2767 605 2850 putare..A
638 2784 740 2837 qua
790 2770 935 2840 (quia
985 2789 1083 2829 vos
1136 2775 1277 2830 sicut
1327 2793 1425 2831 nos
1479 2778 1772 2850 diligimus)
1805 2795 1900 2850 per

317 2854 742 2925 increpationem
767 2865 976 2931 paterni
1001 2866 1224 2922 all'ectus
1246 2850 1637 2938 providentiam
1660 2880 1896 2926 vestram

318 2946 507 3010 procul
543 2949 706 3003 dubio
745 2951 990 3008 volumus
1039 2971 1316 3021 revocare,
1353 2958 1625 3013 imitantes
1664 2962 1897 3030 Aposto-

320 3033 428 3087 luut
457 3037 723 3094 dicentem
756 3060 767 3094 :
806 3041 1004 3096 Filium
1026 3063 1175 3116 quem
1199 3047 1367 3117 diligit
1389 3050 1895 3120 patcr,ﬂugellaudo

321 3131 543 3200 castigat
569 3143 617 3185 et
643 3135 856 3204 corripit
882 3135 1068 3207 (Hebr.
1107 3139 1228 3210 xu).

393 3218 469 3274 De
505 3225 980 3282 consuetudinibus
1007 3229 1224 3298 quidem
1243 3271 1257 3292 ,
1288 3245 1424 3301 quas
1449 3231 1602 3287 nobis
1629 3247 1900 3302 opponere

318 3311 420 3367 visi
444 3314 596 3381 estis,
626 3319 925 3376 scribentes
949 3336 1047 3392 per
1072 3323 1313 3380 diversas
1348 3324 1626 3386 ecclesias,
1660 3327 1901 3384 diversas

321 3415 443 3457 esse
481 3409 931 3476 consuetudines,
981 3411 1024 3465 si
1072 3411 1177 3468 illis
1221 3415 1481 3470 canonica
1527 3430 1634 3470 non
1687 3415 1902 3471 obsistit

321 3494 632 3560 auctoritas,
667 3513 768 3567 pro
803 3514 907 3568 qua
939 3500 1018 3556 eis
1048 3503 1270 3559 obviare
1298 3505 1610 3571 debeamus,
1655 3505 1728 3559 nil
1758 3505 1901 3576 judi-

310 3589 532 3654 ’camus,
563 3588 649 3642 vel
687 3590 766 3646 eis
807 3593 1108 3648 resistimus
1151 3612 1164 3648 :
1219 3605 1398 3651 tamen
1436 3612 1628 3653 cavere
1657 3597 1901 3654 volumus

321 3692 391 3732 ne
429 3680 544 3735 INEC
571 3691 748 3737 vestra
778 3687 1108 3740 consuetudo
1147 3703 1266 3758 qure
1311 3691 1551 3744 oumium
1588 3701 1898 3747 sanctorum

319 3771 544 3828 Patrum
574 3776 1001 3846 promulgatione
1032 3781 1388 3847 convincitur,
1420 3792 1478 3837 ut
1515 3798 1580 3838 ex
1618 3783 1755 3840 laico
1793 3800 1901 3841 non

323 3863 504 3920 subito
543 3867 824 3924 ordinetur
861 3870 1170 3941 episcopus,
1216 3874 1360 3930 vires
1390 3863 1661 3946 accipiat;
1709 3885 1802 3931 aut
1846 3878 1900 3933 in

323 3967 502 4012 vestra
541 3961 766 4015 ecclesia
796 3963 967 4034 magis
1002 3964 1243 4035 pullulet,
1275 3982 1492 4036 operam
1522 3968 1652 4023 dare
1681 3969 1902 4026 minime

322 4062 618 4106 cessamus.
676 4050 846 4118 Quam
902 4054 1065 4108 etiam
1117 4065 1295 4111 nostra
1352 4059 1644 4127 apostolica
1671 4050 1902 4118 "tantum

274 4204 281 4211 κ
323 4139 492 4212 abigit
519 4158 771 4211 censura,
828 4157 1088 4217 quantum
1140 4150 1281 4206 banc
1319 4159 1521 4208 temere
1567 4157 1906 4226 recognoscit.

322 4243 708 4305 praesumptam

395 4324 469 4381 De
498 4327 676 4382 missis
702 4328 965 4399 siquidem
1003 4334 1221 4398 nostris,
1257 4351 1392 4406 quos
1421 4339 1618 4408 petitos
1648 4339 1700 4394 in
1731 4343 1901 4397 servi-

322 4415 396 4470 tio
437 4417 581 4472 beati
627 4419 771 4475 Petri
822 4425 1080 4495 principis
1116 4430 1480 4498 apostolorum
1529 4449 1627 4504 pro
1673 4436 1903 4492 utilitate

321 4515 521 4562 sam-ta:
562 4508 1159 4582 Constantinopoli!ante
1191 4519 1443 4576 Ecclesia:
1472 4534 1657 4578 contra
1694 4525 1904 4595 deposi-

321 4605 468 4651 torcs
512 4597 820 4669 imaginum,
869 4605 950 4658 vel
1001 4605 1134 4662 alias
1173 4611 1520 4666 necessitates
1567 4613 1900 4684 ingrucutcs,

322 4701 531 4740 necnon
562 4697 616 4741 et
643 4704 741 4758 pro
792 4707 952 4746 causa
983 4694 1317 4752 solummodo
1345 4701 1696 4770 depositionis
1731 4720 1899 4774 saepe-

322 4775 414 4829 l'ati
438 4776 535 4830 viri
565 4777 753 4846 Ignatii
787 4781 1122 4852 inquiremla,
1151 4786 1267 4841 illas
1294 4789 1346 4841 itt
1375 4801 1557 4862 partes
1583 4794 1899 4861 direximus,

319 4866 584 4923 silendum
614 4886 718 4924 nou
743 4883 823 4926 est
852 4891 863 4926 :
897 4874 987 4942 qui
1019 4891 1138 4928 cum
1165 4877 1264 4943 eis,
1289 4879 1428 4935 sicut
1449 4882 1632 4937 dicunt
1656 4901 1752 4954 per
1777 4901 1902 4940 ceu-

321 4969 430 5012 tum
469 4961 675 5016 dierum
712 4964 904 5032 spatia,
931 4968 1194 5036 omnium,
1219 4971 1319 5025 nisi
1349 4988 1566 5028 suorum
1597 4976 1901 5048 alloquendi

320 5049 548 5105 facultas
580 5051 766 5108 fuisset
809 5055 1092 5128 denegata,
1128 5069 1185 5114 ut
1229 5063 1535 5130 apostolica:
1565 5067 1708 5122 sedis
1751 5069 1900 5124 missi

320 5162 423 5198 non
450 5145 608 5216 digne
637 5150 872 5218 suscepti
901 5160 1045 5214 sunt,
1077 5161 1261 5222 atque,
1291 5165 1348 5210 ut
1373 5158 1648 5224 decuerat,
1682 5162 1898 5216 retenti.

319 5235 470 5302 Quod
501 5253 603 5291 non
630 5254 728 5307 pro
755 5241 854 5294 alia
885 5252 1092 5312 gestum
1123 5257 1372 5316 putamus
1406 5264 1482 5312 re,
1513 5251 1612 5306 nisi
1639 5261 1697 5306 ut
1726 5253 1899 5327 inqui-

320 5327 469 5381 ren'li
502 5327 677 5383 locum
707 5331 771 5386 de
799 5331 1135 5404 depositione
1166 5339 1371 5407 prtefati
1416 5341 1515 5398 viri
1557 5360 1661 5399 non
1691 5346 1898 5402 iuveni-

319 5421 470 5478 rent;
525 5420 648 5488 quia
698 5435 793 5474 ceu
840 5423 891 5476 itt
941 5426 1230 5493 apostolica
1281 5441 1462 5484 nostra
1511 5432 1770 5488 insertum
1803 5436 1905 5491 fuit

317 5507 568 5576 cpistola,
595 5525 714 5578 qurc
756 5515 1025 5571 nescimus
1064 5518 1217 5588 cujus
1264 5520 1512 5577 illusiune
1543 5525 1703 5596 (sicut
1730 5527 1783 5582 in
1815 5545 1902 5599 sy-

251 5633 262 5644 ι
319 5601 458 5655 nodo
504 5617 535 5656 a
590 5605 739 5660 vobis
788 5607 950 5664 missa
1009 5612 1331 5687 reperimus)
1381 5615 1627 5674 fraudata
1671 5621 1897 5688 exstitit,

318 5707 428 5750 non.
456 5693 598 5754 illius
627 5699 1046 5771 promotiouem,
1085 5715 1176 5763 aut
1225 5707 1634 5782 ingressionem,
1664 5713 1755 5770 sed
1787 5723 1900 5772 tan-

2079 1822 2311 1893 videlicet
2355 1825 2579 1891 legatum
2598 1866 2613 1890 ,
2643 1835 2755 1893 post
2784 1826 3120 1878 reversionem
3149 1827 3426 1878 missorum
3455 1846 3550 1893 apo
3568 1857 3585 1867 ω

2076 1892 2708 1967 stolicorunrimperatori
2737 1893 2981 1967 βίη-[ιαῌὶ
3003 1897 3196 1967 diremit
3240 1895 3390 1967 leti“.
3430 1898 3581 1950 nunt.

2076 1961 2394 2033 direximus]
2437 1981 2555 2033 cum
2607 1963 2825 2032 epistola
2869 1966 2938 2017 ml
2989 1961 3259 2018 I'ltetium:
3314 1964 3588 2025 Improbat

2076 2032 2450 2102 depositione":
2481 2032 2674 2100 lgnttlii
2697 2045 2743 2086 ct
2771 2034 3142 2102 promotionem
3181 2035 3354 2088 I’Itotit'
3383 2057 3414 2088 tt
3439 2051 3584 2101 tegn-

2076 2102 2140 2154 lis
2173 2114 2357 2156 temere
2382 2105 2743 2167 attprolmtmn.
2775 2104 2941 2171 A/I'ert
2974 2106 3134 2156 multa
3171 2123 3264 2172 pro
3296 2104 3507 2171 Iguntio
3534 2117 3582 2158 et

2077 2184 2256 2243 contra
2296 2172 2556 2232 I’ho.‘ium,
2590 2173 2744 2243 cujus
2784 2174 3080 2226 electionem
3122 2191 3239 2228 cum
3275 2174 3508 2226 Nectarii
3538 2188 3584 2228 et

2076 2241 2334 2314 Ambrosii
2357 2241 2706 2310 pratttotioue,
2733 2246 3125 2314 autemtciliun!
3149 2245 3198 2296 in
3224 2262 3325 2314 quo
3343 2245 3586 2312 Iguutius

2076 2313 2247 2381 fuerat
2290 2312 2600 2374 damnatus,
2633 2330 2750 2366 cum
2796 2313 3016 2367 Nicmno
3058 2312 3428 2382 conferendum
3479 2333 3584 2368 nou

2072 2399 2182 2436 esse
2215 2382 2553 2435 demonstrat.
2590 2382 2764 2437 Mouet
2807 2385 3199 2450 imperatorem,
3231 2396 3285 2437 ut
3333 2384 3583 2438 Ert‘lcsitc

2072 2452 2455 2520 perturbulores
2505 2464 2813 2521 compescat.
2872 2453 3160 2507 Εκιίδίυέιιηι
3193 2472 3341 2507 suum
3389 2456 3579 2524 deplu-

2073 2532 2245 2576 vatum
2276 2523 2381 2591 [uis
2400 2539 2439 2576 :e
2463 2524 2722 2592 queritur.

2498 2617 2672 2690 [Apud
2703 2617 2868 2671 Mansi
2881 2659 2894 2682 ,
2927 2617 3080 2690 ιΙδὶιΙ.]

2073 2697 2342 2754 Νιίιοωυε
2368 2697 2674 2768 episcopus,
2691 2713 2880 2753 servus
2899 2713 3176 2753 servorum
3208 2698 3318 2762 Dei,
3337 2699 3582 2768 piissimo

2001 2796 2057 2843 et
2086 2788 2473 2857 gloriosissimo
2503 2788 2610 2843 lilio
2634 2789 2893 2844 MICHAELI
2927 2806 3119 2861 magno
3145 2792 3474 2862 imperatori.

2073 2877 2416 2936 Serenissimi
2436 2879 2643 2950 imperii
2674 2881 2842 2935 vestri
2862 2881 3053 2950 gloria,
3072 2898 3191 2952 quae
3213 2885 3582 2952 super-ortho-

2002 2971 2152 3026 doxa:
2167 2971 2287 3026 ﬁdei
2305 2971 2666 3039 integritatem
2685 2971 2894 3026 firmata
2911 2983 3159 3027 constare
3175 2975 3435 3040 cernitur,
3455 2975 3581 3028 dum

1947 3123 1972 3144 Ἰ
2005 3061 2182 3132 aliqua
2217 3062 2270 3116 in
2303 3070 2494 3117 sancta.
2521 3062 3112 3133 Constantinopolitana
3144 3064 3380 3120 Ecclesia
3400 3106 3413 3129 ,
3465 3081 3586 3137 quat

2005 3153 2105 3210 sub
2134 3163 2328 3209 vestra:
2360 3155 2689 3211 defensionis
2723 3157 3319 3215 tutamiueconsistere
3353 3161 3582 3226 videtur,

2004 3246 2433 3302 inconvenientia
2484 3249 2867 3317 provenerint,
2911 3249 3053 3304 banc
3086 3261 3328 3306 sanctam
3361 3252 3585 3308 catholi-

2003 3353 2123 3393 cam
2170 3345 2225 3393 et
2263 3338 2654 3409 apostolicam,
2707 3347 2871 3410 caput
2914 3340 3155 3396 omnium
3198 3341 3585 3409 ecclesiarum,

2003 3429 2302 3485 Romanam
2324 3430 2532 3489 scilicet
2554 3429 2876 3498 Ecclesium,
2894 3447 3013 3501 quae
3039 3448 3252 3503 semper
3273 3444 3588 3489 sanctorum

2002 3520 2223 3576 Patrum
2267 3522 2666 3578 sinet-rissimas
2712 3523 3062 3577 auctoritates
3089 3523 3428 3579 iuomnibus
3467 3524 3583 3580 suis
3643 3591 3648 3596 1

2002 3611 2212 3666 acubus
2258 3611 2534 3682 sequitur,
2565 3611 2848 3666 consulere
2883 3612 3143 3668 decrevit.
3191 3613 3258 3670 Et
3302 3612 3419 3682 ejus
3457 3630 3588 3669 eon-

2005 3701 2147 3755 sultu
2199 3701 2398 3774 [for-te,
2443 3703 2520 3760 Et.
2559 3704 2603 3758 si
2643 3704 2795 3775 ejus,
2845 3703 2998 3776 ιιι..
3033 3715 3163 3775 'qme
3201 3707 3590 3764 ecclesiasticis

2004 3794 2330 3848 conveniunt
2369 3794 2820 3865 negotiis,,agere
2846 3798 3152 3862 curaverit,
3199 3801 3387 3870 procul
3417 3801 3585 3856 dubio

2004 3896 2125 3951 qua:
2155 3882 2383 3952 agenda,
2429 3892 2524 3938 aut
2564 3884 2827 3955 abigenda
2869 3885 3090 3951 fuerint,
3119 3887 3590 3945 irretractabiliter

2003 3980 2195 4027 cuncta
2239 3973 2556 4043 disponere,
2593 3976 2847 4031 ordinare
2902 3986 3066 4048 atque
3104 3979 3328 4036 delinire
3367 3982 3585 4051 poterit.

2004 4062 2156 4130 Quod
2187 4080 2282 4120 vos
2317 4065 2513 4121 fecisse
2545 4067 2600 4121 in
2647 4067 2888 4138 epistolis
2923 4085 3097 4141 nuper
3125 4072 3192 4127 ad
3232 4072 3372 4130 hanc
3402 4074 3588 4130 sedem

2004 4156 2186 4211 missis
2239 4157 2586 4213 recolimus:
2633 4175 2731 4229 pro
2779 4161 2977 4230 quibus
3026 4162 3194 4218 etiam
3244 4174 3301 4220 et
3346 4174 3586 4231 nostros,

2005 4247 2298 4302 secundum
2349 4258 2586 4304 vestram
2635 4249 2959 4318 petitionem
2997 4252 3212 4308 illas'in
3260 4263 3445 4325 partes
3489 4273 3586 4326 pro
3645 4271 3651 4277 '

2004 4340 2325 4409 quibusdam
2364 4341 2906 4411 praesumptionibus,
2936 4344 3131 4413 quibus
3161 4354 3398 4400 vestram
3438 4362 3584 4403 assc-

2007 4430 2207 4486 rebatis
2237 4431 2452 4502 fatigari
2483 4431 2801 4498 Ecclesium,
2830 4447 2922 4487 seu
2950 4434 3018 4487 ob
3049 4433 3588 4505 dissensiones,.qute

2008 4530 2226 4592 propter
2255 4519 2564 4594 religiosum
2612 4521 2784 4577 virum
2822 4523 3086 4594 lgnatium
3119 4524 3504 4594 patriarcltam,
3535 4536 3590 4581 et

2006 4611 2253 4667 I’ltotium
2277 4620 2634 4678 emerserunt,
2657 4613 2928 4668 subtiliter
2952 4613 3336 4685 investigandis
3357 4625 3412 4670 et
3433 4616 3590 4672 nobis

2007 4701 2384 4757 renuntiamus
2435 4701 2631 4757 missos
2683 4702 2998 4757 dimittitis.
3048 4702 3152 4757 Sed
3204 4719 3326 4758 cum
3376 4705 3444 4760 ad
3489 4722 3593 4762 nos

2008 4793 2212 4849 reversi
2257 4793 2506 4859 fuissent,
2557 4793 2687 4848 nihil
2737 4794 2912 4859 nobis,
2945 4803 3002 4848 ut
3034 4793 3137 4849 illis
3178 4804 3229 4850 et
3281 4795 3337 4851 iu
3388 4799 3594 4854 nostris

2007 4885 2448 4951 institueramus,
2497 4887 2562 4939 de
2609 4885 3060 4940 reverendissimo
3091 4886 3208 4942 viro
3246 4886 3452 4959 lgnatio
3506 4907 3595 4946 re-

2007 4978 2392 5032 nuntiaverunt
2429 4976 2711 5047 apicibus;
2745 4975 2836 5030 sed
2880 4977 3062 5032 verbis
3106 4985 3341 5044 tantum,
3371 4995 3492 5050 qua:
3531 4983 3598 5038 de

2005 5087 2070 5125 eo
2099 5079 2284 5126 contra
2318 5080 2515 5124 nostrte
2558 5069 2848 5123 voluntatis
2893 5079 3108 5138 peracta
3139 5083 3265 5126 sunt
3293 5075 3597 5129 observan-

2008 5161 2157 5225 tiam,
2189 5160 2504 5214 retulerunt.
2552 5159 2678 5214 I‘ost
2710 5159 2911 5229 aliquot
2952 5170 3128 5217 tamen
3168 5163 3376 5218 dicrtun
3423 5163 3596 5238 [deest

2007 5255 2260 5325 spatium,
2299 5249 2394 5325 IL]
2433 5261 2734 5307 vestrarum
2779 5253 3015 5322 partium
3058 5255 3298 5324 prudens
3331 5267 3386 5312 et
3419 5259 3594 5315 lidelis

2006 5347 2236 5416 legatus,
2265 5344 2479 5400 nomine
2511 5343 2642 5408 Leo,
2663 5359 2692 5397 a
2735 5353 2960 5399 secretis
2981 5385 2995 5409 ,
3035 5346 3356 5416 apostolatui
3405 5359 3594 5406 nostro

2006 5429 2338 5506 imperialem
2367 5449 2488 5488 cum
2521 5434 2654 5488 actis
2682 5436 2820 5504 apud
2854 5451 2948 5491 vos
2980 5439 3146 5515 gestis
3167 5437 3359 5493 detulit
3391 5439 3591 5509 episto-

2005 5530 2134 5592 lam,
2164 5544 2324 5597 quam
2356 5528 2462 5597 legi
2487 5526 2763 5597 jubcutcs,
2792 5529 3142 5598 cognovimus
3188 5529 3253 5584 de
3300 5531 3587 5584 memorati

2004 5617 2104 5671 viri
2146 5616 2335 5688 lguatii
2386 5617 2708 5688 patriarchae
2757 5619 3001 5690 negotio,
3034 5628 3222 5674 contra
3255 5627 3584 5688 praeceptum

2006 5722 2248 5772 uestrum
2306 5711 2603 5786 improvide
2657 5712 2862 5770 illatam
2921 5712 3288 5780 sententiam,
3347 5720 3400 5768 et
3452 5713 3590 5772 nibit
