4070 6310
406 290 413 297 ”
485 270 585 326 τοι

1815 282 2088 341 NlCOLAl
2121 274 2329 339 'l’APzE
2366 287 2387 341 l

3663 298 3783 359 792

487 388 710 442 omnino
746 390 949 445 nostris
968 390 1301 459 jussionibus
1328 394 1517 449 saltem
1549 396 1803 462 similem,
1838 398 1933 453 sed
1960 415 2073 453 ma-
2101 408 2148 467 Λ
2177 404 2517 458 suetudinem
2543 414 2780 460 vestram
2820 407 3067 463 novimus
3098 409 3150 463 in
3182 410 3329 482 regia
3366 386 3503 467 urbe
3545 414 3781 473 minime

488 480 573 550 gis
608 484 881 537 contrarie
920 493 1283 555 perpetratum
1316 484 1547 557 iratius,
1579 487 1774 552 simile,
1804 499 1858 543 et
1883 504 2075 559 perpe-

493 582 715 639 tratum,
743 574 863 647 Η.].
890 575 1123 641 Etenim,
1154 578 1280 647 quia
1307 579 1506 631 diutum
1529 580 1579 633 in
1605 580 1845 649 epistolis
1885 583 2079 638 vestris

494 682 633 733 quas
664 674 908 721 tenemus
937 682 1048 736 pne
1076 668 1343 735 manibus,
1378 670 1524 724 illmu
1574 671 1759 727 multis
1779 673 2079 728 accusatio-

490 757 651 814 nibus
701 756 1052 814 aﬂirmahatis
1093 761 1410 826 obnoxium,
1458 763 1527 816 ob
1572 763 1734 833 idque
1779 764 1924 819 hunc
1965 765 2078 834 eje-

496 857 667 913 ctum,
692 838 969 904 ’Photium
1001 851 1228 923 elegisse
1263 850 1380 924 [pro
1429 853 1660 908 electmn
1706 852 1893 919 fuisse,
1940 853 2079 927 Η.],

495 941 804 995 necessario
825 951 1023 997 nostra:
1045 944 1189 999 sedis
1211 944 1421 1016 legatos
1441 945 1735 1014 apostolica
1760 946 2084 1001 auctoritate

493 1028 658 1086 fultos
695 1031 761 1086 de
803 1032 1048 1102 pluribus
1077 1035 1319 1105 praedicti
1367 1036 1478 1090 viri
1530 1035 1721 1107 lgnatii
1761 1037 2085 1106 patriarchae

490 1122 810 1177 criminibus
853 1123 1132 1179 intentatis
1179 1126 1550 1196 indagandum
1571 1169 1584 1191 ,
1617 1136 1673 1181 et
1702 1128 1857 1182 nobis
1888 1143 2084 1183 renuu-

498 1214 742 1269 tiaudum
774 1216 1102 1281 direximus,
1131 1220 1525 1289 suspendentes
1562 1218 1833 1298 _videlicet
1874 1228 2087 1275 senten-

498 1307 632 1363 tiam
688 1309 1023 1379 expulsionis
1078 1312 1503 1367 reverentissimi
1557 1313 1660 1367 viri
1713 1312 1945 1385 lgnatii,
2001 1312 2086 1368 vel

494 1398 673 1455 Photii
707 1403 1057 1472 receptionis,
1083 1419 1189 1459 non
1222 1405 1274 1459 in
1307 1404 1605 1475 legatorum
1634 1414 1964 1468 nostrorum,
1994 1406 2089 1461 sed

492 1490 804 1558 specialiter
829 1493 880 1547 in
911 1503 1098 1548 nostro
1126 1495 1397 1550 examine.
1422 1494 1492 1549 At
1513 1496 1639 1565 quia
1667 1510 1810 1550 nunc
1840 1495 2085 1549 l‘botium

493 1583 818 1650 retinentes,
843 1585 1326 1656 prudentissimum
1362 1586 1540 1641 virum
1570 1586 1834 1656 lgnatium
1858 1586 2091 1656 patriar-

500 1674 660 1729 cham
704 1677 909 1745 absque
951 1676 1121 1732 nostri
1189 1677 1523 1748 apostolatus
1568 1676 1805 1745 ejecistis
1846 1674 2087 1745 judicio,

2181 494 2387 563 apicem
2419 495 2793 561 archicratica:
2815 500 3101 567 potestatis
3121 500 3354 570 aliquem
3384 519 3546 573 posse
3571 507 3784 564 habere

2181 584 2298 638 sine
2330 586 2713 642 ecclesiastime
2761 588 2934 657 plebis
2962 606 3230 649 consensu
3254 635 3270 657 ,
3295 604 3459 666 atque
3502 597 3784 668 imperiali

2183 676 2461 747 suffragio,
2505 687 2561 733 et
2607 681 2677 735 ob
2712 680 2765 735 id
2797 682 3064 753 Egnatium
3102 687 3473 756 patriarcham
3511 690 3785 748 damnare

2183 769 2452 834 nobunus,
2485 786 2587 825 nec
2619 773 2901 830 debemus.

2253 859 2521 917 Prmterca
2566 862 2769 931 Photii,
2798 881 2960 936 quem
3005 882 3071 923 ex
3111 869 3303 925 militia
3329 871 3513 927 subito
3538 873 3609 928 ad
3639 874 3783 929 tanti

2185 951 2398 1007 culmen
2447 953 2727 1025 regiminis
2773 961 3140 1027 consecratis,
3168 962 3567 1019 ordinationem
3600 973 3782 1020 ratam

2185 1043 2372 1099 haberi
2403 1044 2727 1114 decernitis,
2753 1063 2820 1105 eo
2855 1051 2998 1121 quod
3026 1051 3313 1110 Nectarius
3348 1071 3456 1112 non
3501 1057 3677 1112 sohtm
3709 1074 3784 1113 ex

2185 1134 2324 1190 laico
2370 1136 2576 1203 habitu,
2610 1154 2795 1194 verum
2821 1142 2989 1196 etiam
3015 1158 3081 1197 ex
3110 1158 3323 1215 pagano
3348 1156 3536 1202 sancta
3567 1150 3786 1219 synodo

2188 1229 2421 1284 secunda
2437 1230 2722 1287 ordinante
2738 1235 2996 1289 meruerit
3012 1234 3129 1290 fieri
3153 1234 3457 1308 [episcopus
3479 1239 3621 1311 fieri]
3643 1260 3660 1294 :
3683 1243 3783 1310 qui

2192 1330 2369 1377 tamen
2398 1320 2681 1381 Nectarius
2711 1339 2855 1380 vera;-
2902 1326 3180 1398 religionis
3221 1329 3546 1396 catholicus,
3575 1334 3783 1389 nullius

2189 1411 2541 1483 depositionis
2560 1415 2810 1472 catholici
2832 1420 3083 1474 conscius
3104 1421 3252 1476 sedis
3271 1424 3642 1493 gubernacula
3662 1426 3783 1481 sine

2189 1503 2463 1568 seandalo,
2484 1505 2599 1559 sine
2620 1505 2694 1569 vi,
2717 1505 2992 1561 sineomni
3019 1508 3311 1566 schismate
3330 1514 3600 1582 suscepit:
3616 1530 3783 1585 quem

2192 1592 2428 1664 Spiritus
2467 1599 2638 1651 sancti
2663 1597 2884 1662 auxilio,
2912 1608 2969 1655 et
2990 1600 3188 1655 talento
3217 1603 3318 1657 sibi
3342 1604 3583 1669 credito,
3618 1606 3783 1661 lucre-

2193 1685 2423 1740 ticorum
2454 1686 2695 1756 perfidiis
2738 1690 3025 1755 restitisse,
3054 1708 3349 1763 eorumque
3379 1678 3612 1765 dogma,
3638 1699 3784 1766 quod

494 1779 657 1819 nosse
679 1781 774 1821 vos
799 1768 1125 1824 omnimodis
1151 1768 1433 1834 volumus,
1458 1767 1767 1823 nullatenus
1805 1784 1904 1824 nos
1942 1768 2086 1824 Pho-
2117 1770 2165 1834 B
2187 1773 2299 1845 jam
2338 1793 2405 1832 ex
2446 1778 2604 1850 longo
2631 1790 2872 1853 rcmpore
2902 1784 3277 1853 pulluiaverat,
3305 1795 3362 1840 et
3392 1787 3663 1857 plurimos
3697 1790 3782 1844 sui

493 1855 631 1910 tium
664 1857 927 1927 recipere,
968 1859 1053 1914 vel
1100 1859 1365 1930 lgnatium
1411 1858 1779 1930 patriarcham
1807 1858 2086 1914 damnare.

494 1947 741 2016 Denique
769 1949 1117 2005 considerare
1150 1950 1281 2006 libet
1308 1950 1437 2019 quid
1485 1950 1587 2005 sibi
1616 1948 1732 2004 vult
1781 1951 1903 2016 hoc,
1945 1948 2091 2019 quod

494 2051 597 2107 per
638 2038 922 2093 duodecim
964 2038 1080 2095 fere
1114 2039 1227 2108 jam
1276 2054 1448 2095 annos
1492 2040 1655 2111 regiae
1704 2039 1852 2095 urbis
1894 2046 2090 2094 vestrae

499 2128 735 2183 innocue
762 2129 1125 2184 sacerdotium
1157 2144 1342 2200 agere,
1366 2137 1420 2185 et
1441 2129 1645 2184 sanctis
1674 2128 1965 2183 virtutibus
1991 2143 2092 2201 pu-

496 2220 719 2282 dicitiae,
750 2221 1124 2291 castitatisque
1164 2220 1359 2277 iicrere
1392 2220 1596 2276 dictum
1630 2220 1895 2291 lgnatium
1916 2259 1932 2286 ,
1980 2232 2091 2274 non

497 2310 675 2366 solum
714 2312 816 2382 ipsi
861 2326 978 2381 pcr-
1002 2320 1216 2369 vestras
1251 2311 1563 2369 innotuistis
1606 2310 1897 2383 epistolas,
1943 2310 2095 2365 velut

498 2402 663 2457 etiam
712 2403 987 2469 synodicis
1029 2403 1255 2459 vocibus
1283 2402 1400 2473 ejus
1442 2404 1545 2479 sub
1583 2409 1828 2474 tempore
1856 2386 2086 2466 habitis,

494 2494 713 2565 magnis
758 2496 1059 2551 honoribus
1109 2495 1350 2566 epistolae
1393 2506 1589 2552 vestra:
1637 2495 1912 2561 fatentur,
1954 2509 2094 2564 quas

496 2602 611 2656 prae
634 2587 883 2642 manibus
912 2596 1180 2653 tenemus,
1211 2588 1474 2645 laudastis
1489 2588 1693 2661 jugiter
1713 2596 1770 2644 et
1798 2587 2091 2653 extulistis,

500 2678 728 2743 minime
791 2692 918 2737 eum
974 2679 1042 2735 ad
1117 2679 1468 2749 apostolicam
1541 2680 1729 2736 sedem
1789 2679 2086 2744 invaseris,

495 2770 580 2827 vel
612 2768 841 2840 alicujus
867 2771 1112 2827 criminis
1140 2773 1397 2843 opinione
1418 2781 1696 2838 notantes,
1726 2787 1873 2828 nunc
1911 2771 2092 2828 invide

499 2864 819 2923 damnastis.
879 2863 1031 2930 Quod
1083 2866 1270 2936 utique
1326 2864 1840 2922 indiscretissimum
1889 2864 2092 2920 factum

497 2963 702 3011 sanctae
729 2964 934 3010 nostrai
968 2956 1291 3026 generaliter
1332 2957 1608 3020 Ecclesiae,
1636 2965 1930 3025 nostroque
1959 2969 2091 3024 apo-

502 3047 723 3105 stolatui
750 3088 766 3111 ,
809 3062 874 3103 ac
917 3055 1229 3104 sanctorum
1282 3046 1505 3102 Patrum
1552 3047 1746 3118 priscae
1794 3046 2093 3103 definitioni

498 3136 826 3193 omnimodis
861 3145 1042 3193 exstat
1070 3138 1478 3194 inconveniens.

574 3250 685 3306 Nos
709 3251 927 3320 quidem
960 3250 1027 3307 dc
1058 3250 1394 3306 nobilissimo
1418 3251 1536 3307 viro
1555 3251 1764 3322 lgnatio
1782 3250 2095 3322 patriarcha

500 3356 609 3398 non
640 3352 852 3399 tantum
891 3345 1036 3409 lucc,
1066 3357 1257 3398 verum
1286 3352 1341 3398 et
1367 3344 1496 3399 illud
1536 3345 1920 3415 comperimus,
1952 3343 2095 3415 quod

504 3449 611 3489 non
638 3434 811 3489 solum
846 3449 1046 3505 genere
1087 3435 1302 3501 claruit,
1332 3450 1518 3490 verum
1550 3436 1715 3491 etiam
1761 3452 1792 3490 a
1838 3437 2095 3507 primmvo

444 3582 456 3592 ,
508 3540 621 3580 suae
647 3527 823 3581 aetatis
850 3541 948 3597 per
975 3526 1217 3598 singulos
1261 3526 1659 3582 ecclesiasticos
1680 3528 1879 3599 gradus
1901 3542 2094 3583 ascen-

504 3620 639 3673 dens
684 3632 754 3674 ex
804 3620 1103 3674 monastica
1150 3620 1258 3674 vita
1286 3660 1302 3685 ,
1350 3619 1498 3674 omni
1540 3618 1910 3675 ecclesiastico
1948 3630 2093 3675 coetu

505 3708 881 3763 consentiente
904 3709 1069 3779 (sicut
1088 3708 1142 3763 in
1171 3709 1384 3778 apibus,
1401 3724 1539 3779 quos
1562 3711 1906 3765 sanctissimo
1928 3709 2095 3765 Leoni

476 3798 722 3868 praesuli
770 3800 1155 3869 predecessori
1199 3808 1388 3856 nostro
1418 3801 1852 3865 destinaveratis,
1881 3816 2096 3873 compe—

503 3891 709 3961 rimus)
737 3892 1081 3962 episcopatus
1105 3891 1318 3947 culmen
1358 3892 1676 3961 promeruit.
1725 3893 1974 3948 Photium
2001 3907 2097 3947 au-

502 3989 616 4036 tem
644 3982 894 4036 novimus
920 3997 1020 4052 per
1043 3982 1217 4038 nullos
1241 3982 1641 4039 ecclesiasticos
1674 3983 1875 4055 gradus
1913 3998 2097 4040 ascen-

504 4071 752 4135 dentem,
775 4071 867 4127 sed
892 4076 1265 4129 tantummodo
1287 4089 1352 4129 ex
1375 4074 1548 4132 laicali
1572 4074 1761 4130 militia
1783 4076 2095 4147 episcopum

508 4164 863 4236 pertinaciter
892 4164 1222 4221 ordinatum.
1273 4166 1635 4234 Quamobrem
1680 4166 1992 4225 necessario
2041 4166 2095 4221 in

448 4264 456 4271 '
508 4255 778 4311 sententia
805 4265 987 4311 nostra
1009 4271 1114 4325 qua
1141 4258 1408 4320 stetimus,
1432 4258 1797 4328 persistimus,
1844 4266 1898 4314 et
1923 4272 2097 4327 neque

506 4345 873 4405 venerabilem
894 4345 1161 4418 lgnatium
1190 4348 1553 4418 patriarcham
1578 4347 1630 4403 in
1663 4347 1843 4418 aliquo
1873 4348 2098 4402 damna-

508 4447 662 4504 tum,
702 4452 880 4507 neque
927 4437 1178 4494 Pbotiu’m
1244 4439 1404 4493 modo
1454 4439 1692 4508 quolibet
1749 4439 2094 4509 suscipimus.

2193 1869 2516 1939 contagione
2556 1870 2855 1938 infecerat,
2891 1874 3243 1943 destruxisse,
3284 1878 3387 1948 ipsi
3407 1880 3655 1936 recolitis
3683 1899 3697 1935 :
3728 1888 3786 1936 et

2190 1958 2395 2043 idcirco
2445 1962 2583 2017 bene
2634 1972 2691 2017 et
2746 1965 2951 2036 optime
3004 1975 3207 2022 sancta:
3264 1971 3519 2025 secunda!
3571 1971 3784 2043 synodo

2192 2041 2504 2121 apostolica:
2526 2053 2669 2109 sedis
2693 2057 3018 2112 auctoritate
3049 2057 3195 2113 fulta:
3212 2059 3285 2113 ita
3310 2060 3376 2114 de
3392 2041 3651 2116 Nectario
3672 2061 3783 2130 pla-

2192 2147 2369 2202 cuisse
2384 2155 2645 2203 testamur
2660 2148 2745 2221 (de
2767 2148 2913 2204 Nerl.
2931 2151 3134 2206 Theod.
3159 2151 3196 2203 Ι.
3215 2168 3249 2204 v
3274 2152 3414 2207 Hist.
3432 2153 3618 2208 cedes.
3641 2154 3782 2226 0.8).

2267 2236 2374 2293 Sed
2404 2238 2598 2295 beatus
2624 2240 2973 2297 nihilominus
3006 2241 3397 2312 fulgidissimus
3430 2246 3627 2300 doctor
3658 2245 3786 2299 Am-

2191 2334 2409 2391 brosius
2450 2335 2536 2405 (de
2585 2334 2645 2391 S.
2692 2336 2873 2391 Ambr.
2926 2337 3080 2392 Paul.
3128 2339 3185 2393 in
3228 2338 3345 2408 ejus
3399 2338 3570 2412 Vita),
3623 2355 3786 2410 quem

2195 2426 2443 2483 similiter
2471 2442 2537 2482 ex
2568 2426 2759 2481 militia
2798 2437 2853 2483 et
2880 2429 3270 2485 catechumeno
3312 2431 3644 2485 asserentis
3668 2430 3786 2499 epi-

2194 2533 2417 2589 scopum
2465 2534 2588 2573 cum
2635 2519 2893 2575 divinitus
2935 2535 3034 2592 per
3080 2521 3465 2576 miraculorum
3513 2520 3668 2590 signa
3717 2520 3829 2574 ab-

2195 2614 2328 2686 ipsis
2355 2598 2636 2671 cunabulis
2677 2629 2850 2685 usque
2877 2614 2942 2669 ad
2974 2615 3399 2670 consecrationis
3427 2628 3540 2669 sure
3575 2623 3788 2683 tempus

2195 2704 2389 2761 fuisset
2423 2712 2706 2771 evocatus,
2755 2713 2809 2759 et
2832 2705 2900 2760 ad
2930 2705 3170 2775 regimen
3206 2721 3235 2759 a
3270 2704 3665 2760 dissidentibus
3693 2718 3789 2773 po-

2195 2796 2336 2868 pulis
2381 2796 2558 2852 subito
2604 2797 2658 2852 iu
2698 2812 2859 2850 unam
2906 2796 2989 2850 sui
3039 2795 3381 2850 concordiam
3438 2795 3785 2864 provocatis,

2197 2887 2612 2957 compelleretur
2639 2887 3064 2944 ecclesiasticum
3107 2886 3532 2957 suscipiendum,
3562 2886 3788 2941 minime

2196 2978 2479 3043 seditioni,
2522 2978 2606 3034 vel
2647 2978 2925 3033 schismati
2976 2977 3213 3042 studuit;
3259 2977 3388 3046 quin
3436 2976 3623 3045 potius
3655 2990 3784 3039 eas,

2196 3084 2335 3139 quas
2388 3071 2626 3138 reperit,
2682 3069 3031 3138 semetipsum
3083 3082 3190 3123 non
3236 3068 3413 3131 ultro,
3457 3068 3554 3122 sed
3601 3075 3788 3123 coacte

2198 3161 2397 3230 populo
2432 3159 2697 3224 olfcrens,
2737 3160 2932 3231 repulit
2975 3168 3031 3215 et
3061 3160 3308 3215 removit.
3341 3158 3530 3230 Neque
3558 3159 3783 3214 damna-

2200 3251 2401 3305 tionem
2432 3250 2650 3305 molitus
2670 3261 2754 3305 est
2775 3250 3021 3320 alicujus,
3058 3265 3220 3320 quam
3258 3264 3535 3320 nunquam
3566 3250 3788 3306 omnim

2197 3342 2267 3397 ob
2321 3343 2405 3396 sui
2474 3342 2727 3397 culminis
2802 3343 3133 3398 consentiret
3193 3332 3637 3399 inci-eluentum-
3693 3342 3785 3395 sed

2199 3441 2418 3487 coactus
2463 3441 2629 3502 atque
2658 3432 3000 3502 compulsus,
3031 3433 3173 3487 votis
3197 3448 3396 3497 eorum
3416 3433 3785 3495 consentiens,

2198 3521 2690 3578 ecclesiasticarum
2742 3523 3049 3594 regularum
3096 3538 3342 3578 normam
3379 3531 3495 3578 toto
3524 3524 3651 3578 vita:
3678 3538 3788 3578 sua:

2198 3624 2442 3683 tempore
2491 3615 2805 3680 custodivit,
2836 3630 3026 3670 omnes
3054 3616 3288 3671 haereses
3322 3614 3604 3671 debellans
3638 3616 3787 3670 verbi

2198 3705 2294 3761 Dei
2326 3705 2430 3760 telo
2459 3705 2800 3769 succinctus,
2832 3721 2929 3775 pro
2967 3722 3076 3776 quo
3113 3723 3267 3778 :cque
3312 3707 3429 3763 haec
3456 3717 3648 3763 sancta
3683 3708 3789 3762 Ro.

2200 3808 2360 3849 mana
2392 3794 2629 3852 Ecclesia
2660 3810 2754 3850 eos
2781 3795 2882 3849 rite
2904 3796 3162 3867 suscepit.
3194 3797 3423 3867 Ideoque
3452 3797 3556 3853 hoc
3579 3807 3789 3869 tempus

2199 3886 2499 3941 necessitas
2551 3887 2720 3958 probe
2772 3889 3053 3957 suscepit,
3098 3888 3226 3957 quia
3279 3897 3467 3943 contra
3519 3905 3784 3944 canonum

2197 3976 2539 4047 privilegium
2577 3977 2679 4033 sibi
2720 3992 3040 4033 concessum
3083 3978 3219 4033 nihil
3256 3979 3410 4033 novit.
3435 3988 3641 4034 temere
3669 3994 3789 4050 per-

2199 4077 2493 4141 petratum.
2522 4072 2630 4126 Vos
2655 4080 2834 4126 autem
2864 4088 2970 4127 non
2999 4072 3073 4126 ita
3099 4074 3293 4128 horum
3324 4072 3621 4128 illustrium
3648 4074 3789 4128 viro-

2202 4177 2322 4216 rum
2352 4164 2810 4230 comparationem
2849 4164 3234 4234 perpendistis,
3272 4166 3363 4221 ubi
3412 4182 3555 4237 saepe
3584 4166 3786 4222 dictum

2200 4254 2377 4308 virum
2399 4253 2660 4324 lguatium
2687 4257 3048 4325 patriarcham
3065 4257 3211 4328 juste
3235 4272 3264 4310 a
3281 4258 3435 4312 vobis
3456 4258 3787 4323 ordinatum,

2202 4345 2397 4415 injuste
2436 4347 2503 4401 de
2549 4347 2919 4415 patriarcbatu
2970 4345 3268 4415 ejicieutes,
3314 4347 3571 4403 Photium
3612 4350 3789 4405 subito

2200 4450 2265 4489 ex
2297 4435 2468 4491 laicali
2501 4435 2686 4491 militia
2730 4437 2784 4490 in
2809 4438 3099 4507 episcopali
3129 4437 3386 4508 dignitate
3426 4437 3707 4503 elevastis,
3736 4448 3791 4494 et

506 4528 733 4597 Verum,
764 4530 892 4600 quia
930 4530 1184 4586 omnibus
1215 4507 1652 4588 accusationibus
1692 4507 1947 4598 remotis,
1978 4532 2091 4603 qui-
2127 4507 2176 4568 D
2202 4532 2272 4582 ob
2311 4526 2366 4581 id
2415 4526 2548 4580 nihil
2597 4526 2777 4583 valere
2818 4528 3057 4597 patimur
3087 4546 3098 4581 :
3132 4507 3259 4598 quia
3298 4537 3501 4585 sancta:
3536 4529 3789 4584 Romanae

504 4620 611 4677 bus
642 4630 927 4678 strenuum
965 4621 1143 4677 virum
1171 4620 1438 4694 Iguatium
1483 4623 1850 4693 patriarcham
1877 4624 1944 4679 ad
1968 4639 2097 4695 apo-

507 4713 753 4769 Italicam
796 4716 981 4771 sedem
1025 4715 1353 4772 asserebatis
1392 4715 1706 4779 notabilem,
1741 4731 1906 4770 unum
1930 4730 2096 4785 oppo.

503 4810 702 4858 nentes
727 4803 1130 4872 tantummodo,
1168 4806 1312 4876 quod
1357 4806 1594 4876 potentia
1634 4804 1873 4861 smculari
1909 4806 2094 4861 sedem

508 4895 828 4964 pervaserit,
857 4906 1042 4953 vestro
1078 4898 1298 4969 speciali
1335 4898 1684 4969 deposuistis,
1712 4898 2013 4953 damnastis
2040 4905 2096 4953 et

505 4984 794 5052 expulistis
827 4989 1050 5044 arbitrio
1075 5030 1089 5054 ,
1122 4989 1371 5046 Photium
1404 4990 1483 5062 [et
1509 4989 1786 5063 Photium]
1818 5005 1887 5046 ex
1918 4989 2095 5046 laicali

512 5075 727 5144 agmine
747 5075 1043 5147 improvide
1065 5081 1116 5133 in
1137 5080 1252 5149 ejus
1274 5083 1394 5136 loco
1405 5082 1738 5152 subrogastis
1758 5083 2094 5152 episcopum,

513 5167 888 5237 aequanimiter
920 5171 1061 5227 ferre
1112 5175 1331 5229 omnino
1364 5190 1468 5229 non
1498 5189 1806 5244 possmnus,
1862 5176 2097 5230 maxime

509 5274 636 5317 cum
666 5259 860 5317 horum
893 5263 1122 5320 duorum
1161 5268 1435 5337 negotium
1478 5269 1810 5341 investigari,
1858 5279 1913 5324 et
1941 5270 2099 5325 nobis

509 5351 829 5416 remmtiari,
860 5368 966 5409 non
987 5356 1222 5423 definiri,
1253 5361 1705 5417 mandaverimus.
1736 5361 2094 5432 Quapropter,

510 5451 569 5497 ut
616 5441 870 5509 diximus,
918 5446 1063 5502 nullo
1103 5449 1261 5503 modo
1308 5453 1587 5519 prudentis
1633 5454 1736 5509 viri
1786 5455 1973 5525 lgnatii
2006 5471 2096 5526 pa-

512 5535 766 5591 triarchae
794 5535 1150 5608 depositioui,
1184 5540 1263 5595 rel
1296 5541 1472 5599 Photii
1504 5547 1870 5615 subrogatioui
1907 5562 2093 5603 assen-

511 5642 630 5683 sum
681 5629 1025 5701 praebemus,
1070 5648 1351 5704 quousque
1389 5637 1588 5692 veritas
1638 5639 1785 5692 omni
1840 5636 2095 5695 falsitatis

434 5718 438 5727 ’
512 5717 637 5775 luco
675 5721 873 5807 nudata
910 5725 962 5780 in
1000 5726 1286 5795 praefentia
1325 5735 1505 5782 nostra
1536 5727 1762 5784 eluceat.
1796 5712 1932 5796 Quia
1964 5745 2093 5785 con-

2206 4616 2464 4673 Ecclesize
2487 4633 2759 4688 nunquam
2785 4620 2995 4675 exstitit
3021 4636 3139 4676 mos
3167 4620 3464 4690 improvide
3485 4620 3569 4675 vel
3595 4621 3789 4690 injuste

2205 4724 2371 4763 unum
2414 4709 2612 4778 ejicere
2640 4751 2656 4774 ,
2703 4718 2758 4766 et
2806 4709 3035 4765 alterum
3082 4713 3426 4783 subrogare;
3481 4714 3579 4768 sed
3622 4717 3789 4781 magis

2205 4800 2411 4856 studuit
2434 4816 2585 4871 aequa
2632 4801 2785 4857 lance
2811 4801 3051 4856 omnium
3082 4802 3281 4858 librare
3309 4811 3361 4858 et
3380 4801 3530 4871 juste
3569 4805 3790 4860 definire

2205 4893 2439 4963 negotia.
2472 4890 2660 4962 igitur,
2705 4893 2832 4965 quia
2881 4893 2947 4948 ad
2992 4892 3193 4950 Nicarni
3245 4897 3541 4951 venerandi
3590 4911 3786 4958 ctenim

2205 4984 2417 5039 concilii
2446 4997 2708 5050 vestrum,
2748 4984 2839 5055 qui
2888 4986 2941 5039 in
2972 4985 3307 5056 depositione
3336 4985 3528 5057 Ignatii
3558 4990 3787 5059 patriar-

2202 5078 2318 5133 cha:
2342 5077 2572 5134 aﬂ'nistis
2614 5078 2834 5134 totidem
2885 5079 3095 5135 numeri
3133 5077 3245 5135 fere
3269 5080 3477 5146 dicitis,
3504 5083 3785 5136 miramur.

2200 5169 2268 5225 Et
2317 5169 2445 5240 quid
2501 5170 2761 5240 prodesse
2819 5170 3230 5225 consideramus
3283 5170 3527 5240 ejusdem
3579 5171 3787 5229 numeri

2203 5261 2489 5332 collegium
2512 5276 2773 5332 przccsse,
2810 5261 2899 5315 ubi
2931 5261 3100 5331 ipsius
3125 5261 3407 5316 sementim
3428 5263 3787 5332 prmvarican-

2207 5364 2310 5421 tur,
2341 5353 2496 5424 cujus
2521 5362 2576 5408 et
2601 5368 2859 5408 numerus
2886 5353 3098 5426 [rectius
3138 5368 3445 5417 numerum,
3476 5352 3580 5426 Η.]
3608 5354 3786 5407 imita-

2200 5450 2322 5523 tur?
2362 5438 2515 5515 Quod
2565 5462 2670 5501 non
2719 5445 2877 5500 laude
2935 5446 3109 5517 magis
3160 5461 3324 5517 quam
3370 5446 3787 5515 reprehensione

2198 5540 2448 5595 ducimus
2487 5538 2732 5608 dignum,
2788 5536 2916 5606 quia
2960 5538 3184 5592 omnino
3226 5537 3398 5608 magis
3441 5538 3687 5607 peccatis
3704 5548 3786 5593 est

2198 5629 2480 5693 cumulus,
2510 5628 2602 5683 ubi
2647 5626 3017 5696 multipliciter
3053 5625 3217 5682 fuerit
3240 5644 3429 5700 agmen
3458 5631 3779 5700 praevarica-

2198 5732 2398 5781 torum.
2441 5723 2553 5779 Nos
2600 5722 2816 5794 quidem
2856 5737 2963 5779 non
3007 5738 3356 5780 numerosum
3397 5732 3609 5778 tantum
3656 5738 3778 5779 ean-
