4070 6310
316 318 423 379 793

1519 311 1877 371 EPISTOLE
1919 312 2008 369 ET
2043 313 2386 371 DECRETA.

3486 280 3589 371 "mi

315 441 531 491 ctorum
556 430 930 501 episcoporum
967 429 1253 500 collegium
1292 427 1496 485 Nicatni
1522 439 1579 484 et
1606 428 1897 485 Chalcedo-
1928 431 1977 491 Α
2005 436 2281 497 excerpta,
2310 428 2507 499 quibus
2534 428 2833 485 intellectus
2878 429 3047 499 ipsius
3081 426 3320 499 epistolm
3345 428 3593 483 contine-

313 522 503 579 nensis
516 520 890 585 conciliorum,
906 530 1333 591 czeterorumque
1354 529 1662 576 sanctorum
1679 519 1901 576 Patrum

315 613 609 685 synodicas
623 612 1036 667 constitutiones
1054 614 1356 683 sequimur,
1372 613 1466 669 sed
1491 628 1679 668 eorum
1702 613 1903 668 libera-

315 703 402 760 les
431 702 952 771 veneramurjustas
980 703 1239 760 divinitus
1260 702 1547 774 inspiratas
1572 702 1900 769 sententias;

316 801 375 848 et
406 807 516 848 non
547 798 755 848 tantum
785 808 885 863 pro
916 809 1136 849 suorum
1176 792 1520 849 multitudine
1547 793 1907 849 observantur

316 898 350 937 a
376 882 555 950 nobis,
583 883 710 954 quia
758 898 949 939 revera
985 884 1138 939 multi
1168 885 1220 939 in
1242 885 1490 954 personis
1517 885 1687 949 fuere,
1730 884 1828 942 sed
1849 884 1904 939 in

316 974 668 1031 validissimis
696 975 978 1031 sententiis
998 991 1094 1031 eos
1117 976 1497 1046 perpendimus
1520 977 1719 1049 plures.

390 1073 544 1141 Quod
564 1082 743 1131 autem
760 1076 1083 1132 asseveratis
1122 1076 1261 1133 fatos
1279 1077 1443 1134 fuisse
1463 1077 1671 1150 legatos
1687 1088 1905 1137 nostros

315 1176 441 1239 post
460 1168 863 1224 damnationem
894 1169 1287 1242 religiosissimi
1317 1171 1418 1225 viri
1458 1171 1648 1243 lgnatii
1677 1171 1908 1243 patriar-

317 1259 463 1324 chae,
493 1259 674 1315 omnis
702 1259 819 1331 ejus
847 1260 1185 1316 consecratio
1220 1261 1338 1334 [pro
1368 1277 1582 1317 omnem
1618 1264 1737 1334 ejus
1778 1279 1909 1319 con-

315 1349 701 1416 secrationem,
745 1348 849 1422 II.)
893 1350 1089 1405 debere
1134 1352 1364 1416 cessari,
1416 1351 1665 1409 damnari
1747 1360 1908 1424 atque

286 1438 506 1511 .evelli;
545 1439 711 1506 absit,
741 1450 802 1495 ut
832 1441 935 1497 hoc
980 1441 1095 1498 ﬁeri
1126 1443 1443 1512 patiamur:
1471 1453 1532 1499 ut
1559 1444 1683 1515 quia
1733 1460 1913 1515 neque

317 1530 536 1602 [rectius
586 1538 647 1586 ut
695 1532 788 1603 qui
836 1547 1035 1604 neque,
1085 1532 1183 1605 Η.)
1230 1534 1492 1605 lgnatium
1540 1538 1906 1608 patriarcbam

316 1623 669 1690 damnamus,
717 1639 894 1696 neque
936 1625 1188 1681 Pbotium
1237 1629 1508 1684 moechum
1559 1631 1905 1699 suscipimus,

287 1712 413 1783 .qui
459 1713 642 1770 sedem
680 1715 916 1771 viventis
944 1717 1046 1772 viri
1094 1727 1148 1773 et
1196 1719 1388 1788 pudice
1430 1721 1701 1776 servantis
1737 1720 1907 1794 [forte

2003 519 2184 584 batur,
2226 520 2370 573 aliud
2410 535 2508 591 pro
2546 520 2682 586 alio,
2721 520 3056 592 ignoramus,
3104 522 3226 590 quis
3271 520 3593 573 temerarius

2002 623 2186 685 coram
2227 618 2411 667 vestro
2459 611 2723 682 imperiali
2761 609 3052 682 conspectu
3099 609 3324 681 legendo
3365 608 3600 679 percur;

2006 714 2127 755 rere
2167 700 2254 756 vel
2300 701 2642 773 interpretari
2688 703 3050 774 praxsumpsit,
3106 716 3269 772 quam
3315 701 3361 755 si
3407 713 3593 755 coram

2005 801 2201 845 vestrm
2245 793 2543 863 majestatis
2589 793 2876 864 pmsentia
2929 791 3486 861 scrutarijnsseritis,
3534 790 3589 845 iu

2005 883 2275 955 aliquibus
2309 899 2431 941 eam
2486 893 2747 941 mutatam
2782 896 2946 958 atque
2988 883 3291 941 fraudatam
3328 883 3462 940 locis
3500 896 3589 939 re-

2003 975 2245 1044 perietis.

2077 1064 2185 1121 Nos
2210 1074 2389 1122 autem
2420 1067 2684 1133 volentes,
2732 1067 3155 1124 clementissime
3204 1067 3594 1138 triumphator,

2006 1158 2378 1215 excellentiam
2420 1169 2655 1215 vestram
2684 1162 2753 1216 ab
2777 1161 2925 1215 omni
2963 1159 3331 1216 labefactionis
3366 1160 3597 1215 crimine

2007 1248 2228 1303 illresam
2257 1250 2579 1315 consistere,
2625 1260 2682 1305 et
2724 1265 2823 1320 per
2859 1250 3113 1305 diuturna
3161 1238 3401 1320 tempora
3448 1259 3599 1305 tran-

2006 1338 2382 1409 quillissimam
2445 1341 2657 1412 imperii
2714 1341 2878 1397 vestri
2950 1342 3334 1397 sublimitatem
3390 1342 3445 1396 in
3499 1341 3594 1396 Dei

2007 1429 2374 1486 sincerissime
2433 1446 2654 1486 manere
2712 1431 2978 1497 servitio,
3028 1440 3086 1485 nt
3140 1432 3398 1502 spiritalis
3444 1440 3598 1503 pater

2008 1517 2305 1588 spiritalem
2353 1519 2523 1574 ﬁlium
2568 1528 3008 1584 commonentes,
3060 1529 3117 1576 et
3168 1534 3263 1587 ea,
3314 1536 3434 1592 qua:
3488 1521 3598 1576 Deo

2007 1611 2287 1681 placabilia
2304 1621 2429 1667 sunt
2444 1613 2756 1684 apostolicis
2770 1613 3243 1670 adhortationibus
3257 1613 3597 1684 adimplenda

2010 1711 2418 1758 commonentes
2448 1719 2461 1756 :
2495 1713 2547 1758 et
2577 1704 2718 1759 sicut
2755 1705 2920 1759 vestri
2963 1704 3107 1759 soliti
3148 1712 3274 1759 sunt
3295 1703 3598 1773 prmtleces—

320 1806 716 1874 conservantis,
749 1806 873 1881 [1,],
906 1816 1109 1865 [emere
1138 1783 1239 1866 sibi
1270 1783 1907 1884 υςυι-ρπερπεεηῇίρείι,
1939 1783 1986 1845 Β
2013 1812 2187 1863 sores,
2231 1797 2322 1867 qui
2370 1799 2423 1853 in
2473 1798 2709 1853 culmine
2751 1797 3015 1868 imperiali
3043 1797 3432 1860 consistebant,
3461 1795 3600 1850 hanc

315 1907 505 1968 atque,
535 1907 598 1954 ut
632 1899 707 1954 ita
734 1899 1000 1968 dicamus,
1028 1902 1155 1972 quia
1193 1902 1352 1975 [forte
1377 1903 1599 1959 delenda
1628 1921 1727 1960 vos:
1758 1905 1906 1976 quia,

319 1986 373 2041 Η
382 1986 422 2059 ,1
450 1997 641 2045 contra
664 1990 911 2049 ordinem
935 1992 988 2046 in
1012 2007 1077 2048 ea
1098 1994 1407 2049 conversari
1431 2010 1536 2051 non
1560 1995 1907 2064 erubescens,

318 2078 579 2137 Ecclesiae
601 2090 798 2138 vestrm
827 2083 1081 2139 scandala
1108 2085 1455 2156 multiplicari
1486 2088 1907 2144 consentiamus.

319 2169 461 2239 Quin
504 2172 715 2242 potius,
746 2174 1096 2230 serenissime
1142 2175 1217 2230 ﬁli
1261 2175 1524 2249 Auguste,
1567 2177 1910 2235 dilectionem

320 2269 562 2317 vestram
593 2277 896 2330 monemus,
942 2265 1250 2331 suademus,
1279 2276 1443 2338 atque
1470 2268 1764 2339 apostolica
1815 2285 1911 2324 au-

320 2351 579 2408 ctoritate
608 2352 1007 2421 denuntiamus,
1038 2364 1098 2410 ut
1134 2356 1349 2413 tandem
1372 2357 1663 2428 aliquando
1691 2359 1911 2415 resista-

322 2441 395 2497 tis
420 2441 527 2498 illis
553 2443 644 2513 qui
667 2458 766 2514 pro
791 2444 948 2500 lihitu
979 2460 1091 2501 suae
1117 2446 1409 2503 voluntatis
1433 2457 1623 2503 contra
1651 2447 1910 2505 Constan-

324 2534 694 2604 tinopolitana!
731 2534 988 2592 Ecclesia:
1032 2552 1091 2592 se
1136 2539 1420 2606 praesulem
1474 2540 1746 2610 erigentes
1793 2540 1913 2596 sine

323 2625 727 2683 examinatione
780 2627 1041 2683 canonica
1097 2628 1471 2700 ignorantibus
1515 2631 1673 2686 nobis
1718 2629 1912 2686 crebro

323 2718 674 2789 deponentes,
706 2718 933 2774 alterum
965 2720 1243 2791 inopinate
1279 2736 1600 2778 consecrare
1641 2722 1908 2777 nituntur.

325 2807 480 2865 Unde
506 2808 622 2865 lucc
651 2809 914 2865 discussio
942 2809 996 2864 in
1021 2811 1374 2867 orientalibus
1401 2812 1597 2868 vestris
1631 2812 1909 2881 Ecclesiis,

324 2898 470 2954 heu!
528 2899 819 2970 plurimum
879 2901 1155 2971 agitatur;
1228 2903 1320 2959 sed
1378 2904 1550 2975 magis
1609 2905 1910 2971 studeatis,

324 2990 541 3059 quando
599 2990 777 3061 aliqua
835 2993 1199 3060 emerserint,
1258 2994 1401 3050 unde
1458 2996 1695 3052 schisma
1741 2997 1913 3068 possit

325 3082 551 3147 aboriri,
582 3093 781 3139 nostra:
810 3083 1066 3140 Ecclesiae
1093 3084 1344 3141 consultu
1384 3101 1645 3158 peragere
1677 3104 1691 3140 :
1723 3096 1913 3159 quate-

324 3189 430 3230 nus
450 3175 595 3230 sicut
615 3174 729 3244 jam
762 3175 908 3231 facto
935 3191 1036 3246 pro
1062 3177 1266 3234 sanctis
1292 3177 1616 3250 imaginibus
1639 3180 1909 3246 novimus,

325 3268 469 3335 quod
485 3265 632 3335 jnste
655 3267 1012 3323 deliberatum
1039 3278 1141 3333 est,
1173 3280 1393 3326 maneat
1431 3270 1741 3343 apostolica:
1768 3272 1915 3329 sedis

325 3358 652 3414 auctoritate
719 3358 1010 3415 ﬁmiatum.
1078 3359 1232 3427 Quod
1293 3370 1475 3418 autem
1538 3363 1915 3418 tantummodo

325 3449 673 3513 aemulatione
696 3450 1012 3517 voluntatis,
1071 3459 1261 3510 contra
1305 3453 1593 3509 canonicas
1627 3453 1718 3509 vel
1755 3469 1916 3525 syno-

327 3541 481 3597 dicas
508 3556 787 3610 censuras,
836 3543 1139 3599 inconsulta
1173 3543 1416 3600 Romana
1441 3545 1703 3612 Ecclesia,
1725 3561 1918 3618 perpe-

328 3632 466 3687 trari
495 3640 746 3698 conatur,
764 3641 961 3689 vestra:
981 3628 1259 3705 religionis
1287 3636 1513 3692 brachio
1544 3646 1817 3703 arceatur,
1848 3651 1916 3692 nc

330 3721 589 3778 videlicet
623 3732 818 3779 sancta
848 3722 942 3779 Dei
980 3723 1256 3789 Ecclesiae,
1286 3739 1351 3780 ac
1372 3722 1536 3795 regiae
1558 3723 1712 3779 urbis
1744 3725 1913 3796 gloria

328 3820 516 3870 vestro
533 3855 548 3881 ,
570 3814 715 3885 quod
738 3815 899 3879 absit,
934 3816 1036 3871 sub
1070 3824 1315 3887 tempore
1335 3816 1388 3871 in
1410 3815 1591 3887 aliquo
1612 3816 1913 3872 minuatur.

401 3911 588 3969 Liceat
632 3929 762 3986 ergo
801 3924 1047 3972 sanctam
1075 3915 1409 3984 Ecclesiam,
1458 3932 1621 3988 quam
1666 3916 1916 3974 Christus

329 4020 493 4062 sacro
517 4021 619 4063 suo
643 4008 906 4080 sanguine
930 4024 961 4063 a
990 4009 1251 4065 servitute
1279 4010 1640 4081 corruptionis
1662 4010 1913 4076 redemit,

330 4096 690 4154 orthodoxam
730 4099 891 4155 ﬁdem
934 4108 1235 4156 servantem
1265 4111 1450 4158 vestro
1480 4103 1777 4157 certamine
1803 4118 1917 4157 ma-

330 4205 462 4246 nere
484 4191 554 4247 ab
576 4190 723 4246 omni
749 4191 1115 4262 inquietudine
1167 4193 1541 4251 infestatorum
1575 4196 1913 4267 tranquillam

332 4294 496 4354 atque
538 4291 808 4355 pacatam.
845 4283 1091 4355 Denique
1118 4284 1375 4343 Ecclesia:
1421 4286 1915 4361 ConstantinOpoli-

334 4383 478 4429 tante
503 4373 784 4429 hortamur
807 4382 1030 4441 statum,
1060 4383 1120 4429 ut
1150 4375 1287 4431 tales
1308 4377 1454 4432 alcre
1482 4379 1629 4433 omni
1658 4379 1916 4451 religione

334 4463 576 4522 eruditos
625 4465 842 4521 studeat
887 4462 1059 4533 viros,
1097 4467 1192 4536 qui
1243 4467 1312 4523 ad
1363 4467 1624 4524 honorem
1678 4470 1915 4526 cardinis

336 4556 505 4628 ipsius
529 4563 736 4613 sanctas
763 4556 1019 4615 Ecclesia:
1049 4559 1162 4615 suis
1188 4560 1509 4630 prmsulibus
1550 4562 1801 4627 mortuis,
1833 4560 1917 4618 vel

332 4645 574 4716 quolibet
593 4660 722 4702 casu
742 4646 938 4704 amodo
958 4648 1358 4706 discedentibus
1372 4652 1914 4725 valeantsubrogari:

331 4737 478 4807 quod
519 4752 627 4794 non
678 4738 851 4795 solum
902 4740 956 4794 in
1009 4748 1163 4796 tanto
1211 4743 1581 4812 patriarchatu
1637 4747 1917 4802 observari

332 4829 556 4885 omnino
595 4829 777 4897 debet,
826 4845 1014 4886 verum
1054 4833 1219 4888 etiam
1261 4833 1318 4888 in
1361 4835 1588 4905 singulis
1616 4838 1918 4910 quibusque

334 4918 646 4976 civitatibus
693 4936 761 4977 ex
805 4923 1197 4980 consuetudine
1244 4927 1507 4983 canonica
1554 4944 1747 5002 magna
1793 4948 1917 4987 cum

334 5012 549 5068 cautela
591 5023 843 5071 servatur
871 5026 928 5071 et
964 5017 1285 5072 custoditur.
1331 5018 1438 5074 Sed
1487 5029 1544 5076 et
1587 5022 1694 5078 hoc
1727 5034 1922 5081 vestrae

335 5102 637 5160 clementiae
667 5104 922 5160 intimare
950 5108 1278 5171 curavimus,
1305 5109 1452 5179 quia,
1483 5111 1624 5166 sicut
1648 5111 1700 5167 in
1726 5116 1924 5172 vestris

335 5197 477 5253 actis
518 5200 829 5269 apostolica:
875 5200 988 5256 sedi
1036 5211 1093 5255 et
1141 5210 1329 5257 nostro
1381 5204 1660 5274 pontiﬁcio
1700 5207 1925 5264 directis

336 5289 600 5346 insertum
638 5292 931 5359 invenitur,
961 5293 1233 5348 nescimus
1254 5291 1412 5362 cujus
1450 5293 1637 5350 fraude
1660 5296 1745 5351 vel
1771 5296 1920 5353 dolo-

336 5381 501 5436 sitate
525 5382 753 5451 epistola
782 5393 967 5440 nostra
1010 5384 1076 5438 ad
1124 5398 1221 5438 vos
1266 5383 1469 5439 directa
1522 5384 1765 5465 fraudata
1815 5396 1917 5444 est.

337 5470 407 5527 Et
444 5487 553 5528 non
594 5475 769 5531 solum
818 5476 1029 5546 quia-in
1067 5474 1579 5546 vestra'prazsentia
1624 5480 1920 5536 secundum

339 5561 489 5620 illius
518 5574 724 5622 textum
749 5568 834 5624 vel
867 5568 1113 5624 ordinem
1138 5567 1338 5623 reiecta
1362 5581 1469 5623 non
1509 5578 1609 5636 est,
1643 5570 1737 5625 sed
1766 5571 1917 5643 plura

1943 4498 1995 4559 D

2014 1898 2260 1944 sanctam
2314 1888 2617 1943 Romanam
2666 1888 2963 1944 Ecclesium
2996 1888 3154 1958 pleno
3181 1886 3484 1942 devotionis
3509 1901 3605 1941 ve-

2013 1978 2195 2032 nerari
2226 1975 2445 2041 allecto,
2483 1978 2555 2031 ita
2586 1986 2640 2032 ct
2681 1990 2779 2032 vos
2821 1976 3136 2045 apostolicis
3171 1975 3432 2045 perﬁcere
3478 1989 3599 2027 ora-

2011 2068 2150 2126 culis
2178 2071 2547 2134 obsecramus,
2616 2070 2739 2139 quia
2765 2084 2828 2124 ea
2859 2082 2978 2138 qum
3017 2067 3069 2122 in
3100 2066 3352 2137 prtesenti
3386 2065 3603 2135 negotio

2013 2161 2404 2219 ecclesiasticis
2444 2161 2854 2231 procuravimus
2884 2158 3099 2214 sancire
3146 2156 3599 2218 institutionibus,

2011 2266 2118 2308 non
2181 2253 2395 2308 invidiae
2449 2266 2634 2317 causa,
2691 2251 2775 2306 vel
2817 2249 2996 2319 aliqua
3048 2247 3338 2303 doiositate
3383 2244 3600 2315 peregi-

2014 2359 2158 2409 mus,
2190 2344 2282 2399 sed
2313 2342 2553 2398 volentes
2591 2349 2830 2396 vestram
2876 2338 3211 2409 imperialem
3261 2337 3598 2407 dignitatem,

2011 2443 2069 2490 et
2093 2443 2337 2489 sanctam
2367 2428 3345 2503 ConstantinopolitanamEcclesium
3374 2428 3594 2481 illzesam

2014 2539 2257 2590 servare,
2301 2533 2356 2580 et
2401 2525 2469 2579 ab
2513 2524 2660 2579 omni
2708 2521 3151 2593 reprehensione,
3186 2518 3336 2574 ducti
3382 2516 3602 2572 ferven-

2014 2617 2225 2674 tissimo
2266 2616 2382 2672 zelo
2413 2615 2696 2671 charitatis
2738 2614 3048 2679 custodire,
3088 2612 3228 2667 sicut
3265 2611 3318 2665 in
3362 2607 3605 2678 epistolae

2013 2709 2157 2764 serie
2218 2709 2286 2763 ad
2347 2723 2445 2764 vos
2506 2708 2688 2762 missae
2752 2707 3022 2777 reperitur
3047 2745 3062 2772 ,
3118 2702 3288 2758 Deum
3352 2702 3605 2755 timentes

2014 2801 2285 2871 ordinare,
2312 2800 2683 2857 decrevimus.
2732 2808 2789 2854 et
2831 2807 3028 2855 cuncta
3076 2795 3413 2855 observanda
3463 2808 3602 2866 pra:-

2014 2900 2285 2962 optamus.

2088 2982 2443 3055 Omnipotens
2470 2992 2649 3038 autem
2678 2984 2823 3039 Deus
2842 3023 2857 3046 ,
2888 2982 2978 3052 qui
3004 2996 3102 3036 vos
3130 2979 3198 3035 ad
3234 2977 3605 3050 reprimendas

2017 3076 2310 3131 multarum
2365 3077 2607 3147 gentium
2663 3074 2909 3129 fcritatcs
2953 3074 3009 3128 in
3058 3071 3320 3143 imperiali
3370 3068 3607 3131 culmine

2016 3167 2215 3239 eligere
2262 3167 2513 3239 dignatus
2541 3175 2657 3231 est;
2702 3165 3007 3237 piissimum
3039 3162 3322 3234 imperium
3365 3167 3607 3215 vestrum

2017 3262 2083 3318 ad
2110 3270 2310 3317 statum
2340 3270 2396 3316 et
2436 3260 2807 3317 defensionem
2844 3268 3046 3314 sanctae
3086 3271 3198 3313 sua:
3226 3253 3487 3310 Ecclesia:
3510 3265 3609 3322 per

2017 3352 2185 3408 multa
2221 3368 2489 3407 annorum
2517 3357 2803 3409 conservet
2833 3346 3124 3411 curricula,
3177 3355 3233 3400 et
3260 3344 3461 3413 sospite
3500 3341 3608 3394 vita

2017 3459 2233 3516 semper
2270 3461 2369 3501 vos
2420 3460 2484 3500 ea
2513 3485 2529 3510 ,
2567 3459 2688 3514 qua:
2733 3442 2808 3497 illi
2849 3449 2975 3497 sunt
3020 3439 3239 3510 placita,
3285 3437 3438 3492 vobis
3476 3434 3610 3489 vellc

2017 3540 2278 3597 concedat
2320 3556 2335 3592 :
2379 3548 2647 3608 quatenus
2702 3546 2764 3608 ut
2809 3534 2862 3587 in
2916 3532 3169 3603 praesenti
3215 3529 3370 3583 vobis
3412 3526 3613 3583 sarculo
3640 3591 3653 3602 .

2015 3629 2247 3685 feliciter
2274 3628 2572 3698 imperandi
2602 3633 2923 3696 potestatem
2952 3622 3174 3687 tribuit,
3203 3621 3257 3674 in
3286 3618 3469 3672 futuro
3510 3630 3615 3697 pro

2016 3723 2174 3778 bonis
2218 3721 2467 3785 actibus,
2523 3728 2579 3774 ct
2621 3717 2848 3786 iustitiae
2895 3713 3276 3775 observantia,
3332 3724 3451 3779 quae
3508 3706 3614 3761 sub

2015 3823 2197 3870 vestro
2232 3813 2517 3867 libramine
2547 3809 2834 3880 ponderari
2866 3808 3110 3869 debetur,
3144 3801 3367 3873 praemia
3395 3809 3611 3854 aeterna!

2015 3904 2291 3961 felicitatis
2338 3902 2539 3958 habere
2579 3900 2876 3972 permittat.
2922 3897 3056 3953 Data
3098 3908 3286 3950 mense
3316 3891 3473 3946 Mart.
3522 3888 3611 3945 die

2020 3997 2108 4064 l9,
2137 3996 2327 4052 indici.
2354 4010 2435 4050 ιχ.

2742 4102 2883 4159 XIV.

2028 4208 2033 4231 ‘
2118 4214 2538 4258 suumsuum-cu
2573 4211 2803 4255 CONCILJI
2844 4208 3042 4249 nouam
3082 4208 3206 4248 sum
3241 4196 3533 4248 nccesxrt.‘

2516 4288 2693 4362 [Apud
2720 4286 2915 4350 Mansi,
2938 4283 3096 4357 iniit]

2190 4379 2229 4436 1.
2256 4411 2328 4421 —-
2356 4379 2435 4434 De
2462 4378 2671 4434 Joanne
2699 4377 3088 4446 archiepiscopo
3114 4373 3431 4427 Ravennate.

2088 4472 2348 4529 Joannem
2378 4470 2841 4540 archiepiscopum
2874 4468 3243 4522 Ravennatem
3263 4502 3278 4524 ,
3309 4474 3470 4530 quem
3511 4466 3614 4529 pro

2019 4564 2338 4637 quibusdam
2391 4561 2808 4618 necessitatibus
2851 4554 3235 4614 ecclesiasticis
3279 4559 3335 4606 et
3383 4547 3613 4604 diversis

2017 4654 2527 4728 prmsumptionibus
2551 4652 2618 4708 ad
2645 4651 2909 4723 synodum
2939 4644 3381 4707 convocavimns;
3411 4650 3465 4695 et
3485 4639 3615 4708 quia

2020 4764 2049 4804 a
2092 4745 2394 4802 Nandeciso
2434 4756 2462 4786 ι
2507 4743 2722 4798 Polensi
2773 4742 3027 4811 episcopo
3069 4742 3254 4791 nostro
3303 4728 3613 4800 praesulatui

2021 4850 2208 4895 contra
2232 4853 2355 4893 eum
2387 4835 2566 4892 libello
2587 4844 2861 4905 porrecto,
2887 4830 3121 4901 pessimo
3145 4826 3411 4882 haereseos
3428 4834 3616 4877 errore

2022 4931 2267 4987 irretitus
2296 4929 2529 4991 dicitur,
2559 4935 2616 4981 et
2650 4925 2773 4980 viva
2813 4937 2946 4977 voce
2979 4917 3270 4991 profertur,
3313 4914 3498 4969 venire
3533 4913 3618 4967 di-

2023 5021 2176 5076 stulit
2199 5028 2363 5090 atque
2388 5014 2715 5086 contempsit
2737 5056 2753 5083 ,
2782 5020 2837 5069 et
2864 5025 2963 5083 pro
2994 5009 3143 5095 illato
3166 5005 3393 5062 crimine
3429 5002 3618 5073 puriu-

2023 5128 2151 5169 care
2174 5127 2233 5168 se
2262 5111 2452 5177 noluit;
2480 5107 2775 5164 secundum
2803 5102 3139 5159 sanctionem
3157 5096 3351 5154 decimi
3378 5095 3502 5150 noni
3526 5095 3619 5149 ea;

2023 5205 2179 5276 pituli
2223 5200 2665 5271 Carthaginiensis
2705 5195 2959 5254 concilii.
2999 5205 3277 5248 sacrarum
3324 5187 3618 5276 missarum

2026 5273 2337 5358 solemniis,
2376 5305 2602 5363 corpore
2626 5290 2789 5346 etiam
2831 5295 2888 5341 et
2917 5284 3177 5354 sanguine
3207 5278 3417 5335 Domini
3445 5273 3618 5332 nostri

2026 5389 2153 5444 Jesu
2181 5385 2383 5441 Christi
2413 5397 2725 5459 separamus
2753 5421 2768 5446 ,
2813 5386 2975 5448 atquc
3016 5376 3069 5430 in
3115 5371 3366 5445 praesenti
3410 5366 3621 5466 synodo

2028 5474 2597 5538 cxcommunicamus,
2644 5484 2815 5540 usque
2856 5467 2981 5523 dum
3020 5465 3073 5519 in
3113 5470 3295 5517 nostra
3329 5465 3618 5530 pnescntia

2027 5571 2253 5628 veniens
2307 5569 2396 5624 hic
2446 5568 2633 5621 Romae
2682 5559 3073 5634 puriﬁcationis
3118 5555 3289 5626 ipsius
3339 5551 3620 5606 videamus

408 5692 436 5722 α
468 5678 688 5751 Ignotus
714 5681 814 5739 fuit
840 5681 1129 5756 episc0pus
1161 5682 1261 5739 iste
1300 5680 1579 5753 lighellio,
1623 5701 1685 5742 ac
1715 5685 1939 5756 proinde
1978 5686 2029 5741 in
2078 5683 2233 5742 italia
2261 5697 2414 5740 sacra
2446 5677 2818 5751 adjungendus
2881 5670 3127 5742 catalogo
3152 5660 3458 5723 Polensiu'm
3500 5661 3618 5732 epi-

340 5765 646 5823 scoporum.
