4070 6310
465 256 575 313 795

464 550 663 605 stricti.

465 671 529 727 ll.
546 700 614 712 --
638 670 778 737 Quia
800 671 1053 729 Dominus
1071 674 1226 729 Iesus
1251 675 1490 730 Christus
1511 693 1669 731 came
1690 678 2053 733 tantumnodo

1105 763 1291 816 passus
1316 758 1411 802 est.

485 902 491 909 ·
538 878 815 932 Veraciter
849 877 1064 949 quidem
1108 882 1435 936 credendum
1477 891 1592 948 est,
1637 890 1692 937 et
1727 884 2051 942 omnimodis

465 967 859 1038 proﬁtendum,
915 970 1040 1039 quia
1090 971 1347 1028 Dominus
1385 982 1569 1028 noster
1609 975 1766 1030 Jesns
1804 977 2052 1032 Christus

464 1057 607 1111 Deus
652 1068 709 1111 et
748 1058 845 1113 Dei
888 1059 1057 1115 Filius
1104 1064 1410 1132 passionem
1456 1066 1633 1120 crucis
1680 1070 2051 1122 tantummodo

463 1148 755 1202 secundum
797 1164 1017 1205 carnem
1060 1154 1346 1219 sustinuit,
1392 1156 1590 1211 deitate
1634 1166 1811 1211 autem
1862 1159 2054 1229 impas-

462 1237 634 1293 sibilis
686 1241 926 1306 mansit,
988 1250 1047 1297 ut
1097 1245 1388 1313 apostolica
1431 1248 1586 1300 docet
1629 1250 1959 1313 auctoritas,
2000 1261 2055 1305 et

463 1341 775 1388 sanctorum
803 1333 1021 1390 Patrum
1063 1336 1483 1394 luculentissime
1514 1341 1758 1397 doctrina
1793 1344 2049 1398 ostendit.

542 1468 631 1524 Ill.
653 1499 725 1510 —
751 1469 831 1525 De
858 1471 941 1526 Itis
967 1474 1057 1543 qui
1086 1473 1407 1529 divinitatem
1434 1475 1730 1545 passibilem
1765 1477 1966 1532 dicunt.

535 1603 600 1658 lli
645 1613 826 1659 autem
865 1605 956 1674 qui
998 1605 1148 1660 aiunt
1179 1606 1302 1676 quia
1330 1606 1659 1677 Redemptor
1686 1619 1873 1663 noster
1894 1607 2053 1664 Jesns

464 1693 714 1751 Christus
758 1705 812 1752 et
856 1695 948 1751 Dei
995 1695 1162 1752 Filius
1201 1698 1508 1767 passionem
1554 1700 1732 1753 crucis

464 1788 719 1843 deitatem
742 1788 1020 1854 sustinuit,
1051 1792 1305 1863 quoniam
1330 1791 1551 1860 impium
1582 1800 1666 1847 est
1690 1801 1744 1848 et
1772 1791 2050 1847 catholicis

467 1881 739 1937 mentibus
768 1882 1121 1942 exsecrabile.
1150 1884 1439 1939 anathema
1470 1883 1600 1937 sint.

486 2014 578 2071 1V.
602 2045 675 2056 —
696 2015 776 2070 De
800 2017 881 2092 [iis
903 2018 992 2092 qui
1014 2016 1196 2071 dicunt
1219 2017 1343 2092 quia
1365 2019 1419 2072 in
1445 2018 1752 2092 baptismate
1779 2019 2036 2092 originale

757 2087 1024 2156 piaculum
1054 2103 1159 2141 non
1184 2089 1420 2143 omnibus
1447 2087 1763 2143 dimittatur.

538 2204 802 2261 Omnibus
834 2205 978 2262 enim
1008 2206 1103 2276 qui
1128 2205 1315 2263 dicunt
1335 2210 1476 2278 quod
1513 2209 1567 2264 hi
1599 2209 1690 2279 qui
1721 2210 2056 2266 sacrosancti

470 2298 621 2355 fonte
671 2300 1048 2371 baptismatis,
1104 2300 1390 2357 credentes
1436 2301 1490 2356 in
1539 2300 1794 2367 Patrem,
1850 2311 1903 2357 et
1960 2302 2056 2359 Fi-

470 2392 638 2457 lium,
693 2391 1061 2460 Sanetumque
1125 2390 1432 2463 Spiritum,
1498 2405 1886 2460 renascuntur,
1946 2410 2059 2450 non
2128 2445 2136 2453 .

468 2481 749 2552 aequaliter
773 2481 1023 2550 originali
1050 2481 1342 2539 abluantur
1367 2482 1598 2547 delicto,
1635 2484 1925 2540 anathema
1962 2485 2057 2541 sit.

537 2615 601 2667 ν.
626 2644 697 2656 -
721 2614 1175 2691 Statutaconcilii
1197 2616 1480 2672 beatissimi
1506 2616 1694 2675 Leonis
1723 2616 1809 2674 IV
1834 2635 1986 2691 papa:

944 2686 1196 2741 inviolata
1216 2700 1572 2757 permaneant.
1834 2686 1859 2733 ’ν

482 2812 487 2816 ’
537 2802 729 2861 Omnis
753 2806 898 2862 enim
927 2807 1015 2876 qui
1052 2824 1081 2862 a
1111 2808 1364 2878 praesenti
1403 2816 1604 2863 statuto
1634 2808 1864 2863 concilio
1898 2824 2055 2881 sacra

469 2907 667 2953 statuta
698 2899 987 2954 venerandi
1014 2899 1224 2955 concilii
1255 2901 1550 2955 beatissimi
1579 2900 1775 2955 Leonis
1795 2913 1820 2941 α
1845 2902 2054 2970 praede-

468 2991 703 3046 cessoris
724 2990 892 3045 nostri
914 2988 979 3045 1V
1005 2990 1249 3060 praesulis
1273 2990 1475 3046 violare
1501 2993 1784 3046 tentaverit
1806 3031 1823 3056 ,
1858 2999 1916 3045 ut
1938 3000 2058 3062 post

469 3079 767 3136 discessum
787 3078 961 3135 beatae
987 3081 1261 3135 memoria:
1285 3080 1611 3135 sanctissimi
1632 3080 1903 3136 Benedicti
1929 3096 2057 3151 pon-
2085 3093 2130 3155 ο

470 3169 635 3226 tiflcis
659 3169 1019 3227 antecesseris
1044 3173 1218 3227 nostri
1254 3180 1434 3227 actum
1466 3170 1752 3226 recolimus
1774 3213 1789 3239 ,
1830 3174 2057 3228 anathe-

472 3261 635 3317 matis
660 3262 874 3319 vinculo
898 3263 1239 3319 innodamus.

580 3377 671 3433 Vl.
699 3408 770 3419 ——
801 3376 867 3432 Ut
897 3378 1194 3452 electionem
1229 3379 1456 3435 Romani
1479 3383 1746 3452 pontiﬁcis
1776 3383 1952 3440 nullus

922 3451 1278 3505 contradicere
1306 3451 1610 3520 priest/mat.

544 3559 599 3616 Si
631 3560 752 3631 quis
781 3560 1154 3618 sacerdotibus
1186 3562 1240 3628 δ,
1273 3577 1369 3617 seu
1396 3563 1739 3633 primatibus,
1770 3566 2058 3633 nobilibus,

470 3667 568 3709 seu
618 3664 816 3708 cuncto
863 3652 1010 3707 clero
1058 3652 1176 3722 ejus
1230 3663 1434 3709 sancta:
1491 3654 1749 3710 Romanae
1808 3658 2064 3715 Ecclesia:

471 3746 790 3803 electionem
818 3744 1050 3801 Romani
1076 3746 1346 3814 pontiﬁcis
1366 3748 1740 3803 contradicere
1766 3766 2057 3824 prmsump-

458 3838 636 3902 serit,
667 3839 809 3894 sicut
843 3839 898 3893 in
934 3838 1165 3894 concilio
1202 3838 1501 3894 beatissimi
1538 3839 1797 3912 Stephani
1844 3855 1865 3882 ε
1910 3860 2062 3916 napze

475 3939 737 3986 statutum
766 3939 871 3997 est,
899 3931 1187 3985 anathema
1215 3932 1305 3986 sit.

476 4041 673 4095 Vll.—
696 4040 776 4095 De
797 4041 881 4095 liis
901 4042 989 4112 qui
1010 4043 1305 4114 episcopum
1328 4056 1593 4115 percutere
1616 4050 2062 4119 prasmupserint.

545 4153 625 4210 De
654 4154 740 4210 itis
767 4162 948 4210 autem
974 4155 1068 4225 qui
1103 4156 1412 4228 episcopum
1438 4172 1721 4230 percutere
1738 4201 1753 4226 ,
1782 4162 2066 4217 verberare

475 4254 568 4299 aut
598 4246 807 4301 ccedere
831 4248 1303 4317 prtesumpserint,
1356 4259 1415 4305 ut
1467 4254 1828 4308 anathematis
1881 4252 2066 4319 subia-

473 4346 636 4392 ruant
662 4336 927 4407 periculo,
957 4339 1263 4404 sancimus,
1319 4349 1374 4394 et
1421 4330 1711 4397 inviolabili
1755 4344 2064 4415 promulga-

474 4430 621 4487 tione
646 4430 955 4487 statuimus.

545 4570 571 4598 ε
601 4557 767 4623 Cujus
804 4559 1090 4615 concilium
1131 4563 1198 4616 ah
1228 4562 1508 4617 llolstenio
1534 4565 1732 4619 editum
1774 4582 1958 4621 rursus
2002 4566 2055 4621 in

474 4643 627 4683 suam
652 4630 1037 4686 Colleclionem
1072 4632 1250 4686 intulit
1277 4633 1525 4688 Lahbens
1551 4648 1679 4689 tom.
1710 4635 1797 4690 IV.

547 4699 882 4783 bAdquos.
908 4717 973 4756 eo
1000 4711 1246 4783 tempore
1287 4715 1559 4773 spectaret
1595 4706 1787 4762 electio
1831 4705 2057 4763 Romani

474 4772 763 4839 pontiﬁcis,
796 4772 1185 4827 animadverte.

550 4850 572 4879 ε
601 4838 888 4896 Gratianus
913 4858 962 4918 e.
990 4843 1023 4896 8
1043 4845 1213 4918 ,_dist.
1256 4843 1354 4903 55,
1386 4844 1678 4918 decretum
1701 4845 1957 4918 Stephani
1990 4848 2059 4902 IV

475 4924 659 4988 papae,
686 4926 843 4978 quem
876 4913 965 4988 alii
990 4915 1233 4988 quintum
1264 4915 1563 4984 appellant,
1602 4916 1765 4971 refert
1786 4913 1810 4981 ξ
1827 4919 1913 4972 ubi
1945 4930 2061 4973 sta-

479 4984 648 5060 tuitur
674 4997 793 5060 qua:
819 4984 958 5060 ratio
978 4985 1282 5060 adhibenda
1313 4987 1364 5060 in
1396 4988 1917 5060 posternmforetiin
1944 4989 2060 5060 ele-

476 5050 660 5125 ctione
703 5050 1257 5125 [tertianipontiﬁcis.
1299 5050 1460 5125 Atqui
1501 5056 1796 5123 Batonius,
1838 5058 2057 5123 Binius,

478 5119 908 5197 {amemur-hius,
946 5119 1149 5179 Natalis
1178 5119 1501 5191 Alexander,
1532 5128 1731 5197 aliique
1773 5119 2056 5195 catholici,

478 5190 796 5266 figmentum
846 5193 1044 5266 hocet
1086 5198 1434 5266 itnposturam
1480 5190 1740 5266 putarunt
1783 5190 2058 5253 hominum

478 5276 721 5327 impense
756 5261 1067 5339 faventium
1119 5261 1429 5339 auctoritati
1479 5261 1904 5339 imperatorum,
1951 5287 2059 5338 quo

476 5342 727 5408 tenuiore
750 5332 1191 5408 fervebantbella
1228 5339 1365 5391 inter
1396 5332 1756 5395 sacerdotium
1800 5349 1853 5394 ct
1891 5332 2058 5408 impc-

478 5401 640 5456 rium.
687 5401 886 5477 Corttra
931 5404 1127 5477 Pagius
1175 5410 1227 5462 in
1273 5408 1407 5462 Crit.
1468 5408 1668 5464 Baron.
1717 5411 1783 5466 ad
1819 5427 1903 5464 an.
1957 5401 2057 5465 897

478 5486 792 5546 germanum
823 5474 991 5529 fetum
1012 5474 1145 5532 esse
1170 5478 1444 5531 decretum
1477 5479 1602 5533 illud
1627 5481 1921 5546 contendit,
1952 5496 2055 5535 non

477 5543 694 5665 gnidem
719 5545 977 5627 Stephani
1002 5546 1215 5628 lV,_qui
1239 5563 1381 5629 antro
1407 5549 1508 5603 8l7
1534 5550 1716 5606 vivere
1738 5543 1932 5614 desiit,
1963 5552 2057 5606 sed

525 5614 737 5665 tenham
770 5614 834 5665 V.
869 5617 1119 5665 annellatt
1151 5617 1235 5665 VI.
1267 5633 1358 5665 mn
1392 5632 1535 5665 anno
1563 5620 1669 5665 896
1697 5636 1829 5665 nam)
1857 5622 2057 5665 pls-olus

525 5614 737 5691 tephani
770 5614 834 5680 V,
864 5617 1119 5691 appellati
1148 5614 1235 5691 Vl,
1267 5618 1358 5691 qui
1392 5632 1535 5691 anno
1563 5620 1669 5675 896
1697 5636 1831 5691 papa
1857 5622 2058 5676 electus

477 5692 582 5740 est.
612 5683 812 5741 Verum
848 5683 984 5742 Acta
1028 5685 1236 5742 concilii
1284 5683 1510 5743 Romani
1558 5683 1870 5746 nuncmihi
1910 5691 2057 5747 evul~

1819 253 2088 310 NICOLM
2128 253 2326 312 ΡΑΡΑΞ
2365 257 2388 312 Ι

464 366 850 437 integritatem.
906 365 964 421 Si
1022 367 1114 438 qui
1166 382 1294 422 vero
1346 368 1420 420 tth
1470 367 1871 423 communicare
1909 372 2125 438 νηί-Λ

464 459 814 527 sumpserint,
845 458 959 528 pari
986 457 1296 528 suhjaceaut
1330 462 1884 519 exconuuunic‘atiouc
1913 476 2046 516 con-

3637 260 3747 320 796

2257 479 2508 523 EPISTOLA
2544 483 2754 523 NICOLAI
2790 484 2859 524 ΑΒ
2897 484 3110 525 Αυοκειιλ
3153 483 3402 525 AMIIIEP.
3450 486 3631 527 ΥΙΕΜΙ.

2743 558 2764 630 (
2786 560 2943 615 Anno
2979 560 3105 616 862.
3134 562 3151 631 )

2212 644 2447 703 Pallium
2481 665 2610 721 novo
2634 652 3018 721 archiepiscopo
3048 653 3238 710 mittit,
3269 652 3338 704 ad
3367 669 3523 721 quem
3555 650 3682 705 Actu

2362 720 2550 787 synodi
2579 737 2611 773 a
2633 737 2686 774 se
2710 718 2894 775 Roma:
2918 718 3162 774 celebrati
3193 718 3522 776 transmittit.

2646 810 2823 883 [Apud
2855 810 3044 874 Mansi,
3074 810 3229 883 ibid.)

2224 899 2491 955 NICOLAUS
2529 901 2848 972 episcopus,
2881 916 3071 956 servus
3108 916 3388 955 servorum
3421 900 3549 964 Dei,
3595 917 3753 955 reve-

2155 991 2484 1047 rendissimo
2509 1000 2564 1046 et
2583 991 2928 1047 sanctissimo
2968 989 3140 1046 ADONI
3166 990 3459 1046 Viennensi
3483 988 3751 1046 confratri

2155 1094 2345 1139 nostro
2378 1085 2812 1155 archiepiscopo.

2226 1179 2501 1234 Sanctioni
2532 1187 2587 1234 et
2618 1179 2939 1235 institutioni
2970 1176 3246 1234 canonicae
3280 1177 3747 1248 obtemperantes,

2153 1279 2347 1326 vestrae
2375 1271 2677 1326 dilectionis
2704 1271 2883 1342 apices
2924 1270 3196 1326 destinare
3241 1269 3508 1334 curastis;
3552 1270 3753 1339 quibus

2155 1364 2303 1418 cordi
2333 1363 2631 1432 apostolico
2656 1363 2898 1418 lectitiam
2929 1364 3193 1431 dedimus,
3223 1362 3350 1417 licet
3379 1363 3588 1417 eisdem
3621 1378 3751 1430 per-

2154 1452 2309 1507 lectis
2334 1493 2348 1518 ,
2400 1467 2635 1509 maerore
2672 1452 2851 1508 affecti
2894 1452 3154 1509 fuerimus
3179 1493 3194 1517 ,
3239 1467 3304 1506 eo
3338 1452 3481 1522 quod
3518 1460 3755 1520 quatuor

2151 1544 2386 1614 synodos
2411 1544 2786 1612 observantes,
2816 1545 3082 1615 quintam,
3113 1550 3167 1598 et
3198 1551 3407 1598 sextam
3446 1543 3747 1611 praetermi-

2153 1634 2350 1688 seritis.
2384 1633 2515 1694 Nam
2544 1634 2598 1688 in
2626 1635 2884 1705 petitione
2921 1633 3064 1704 pallii
3099 1633 3254 1689 vobis
3299 1633 3611 1688 annuimus.
3645 1632 3752 1688 γε-

1757 1700 2048 1754 secundum

2158 1735 2459 1783 rumtamen
2484 1726 2783 1783 istiusmodi
2817 1727 3101 1782 occasione
3125 1734 3303 1789 nacta,
3323 1740 3430 1779 non
3466 1723 3638 1777 fuerat
3665 1740 3755 1792 po-

2155 1816 2372 1872 stulatio
2406 1826 2588 1872 vestra
2628 1816 2936 1887 implenda,
2985 1815 3089 1871 nisi
3137 1814 3404 1870 recensita
3452 1814 3752 1867 intentione

2157 1908 2377 1964 directa:
2437 1908 2718 1980 scriptura:
2771 1907 3213 1979 cognovissemus
3263 1921 3360 1960 vos
3415 1919 3515 1974 per
3571 1904 3751 1958 omnia

2153 2008 2338 2056 tenere
2356 2000 2487 2054 velle
2507 2000 2649 2069 quod
2674 2009 2859 2055 sancta
2882 1998 3210 2069 dogmatizat
3232 1996 3491 2053 Ecclesia.
3517 1996 3753 2065 ideoque

2152 2091 2422 2156 volumus,
2443 2093 2751 2162 pariterque
2778 2093 3117 2148 sanctitatem
3142 2100 3375 2145 vestram
3401 2104 3677 2161 rogamus,
3696 2097 3753 2140 nt

2155 2182 2256 2239 sub
2301 2182 2445 2237 omni
2480 2182 2755 2237 celeritate
2786 2182 3032 2254 diri‘gatis
3081 2181 3313 2251 qualiter
3356 2196 3455 2236 vos
3505 2180 3574 2233 de
3623 2179 3753 2247 ipsis

2153 2271 2341 2341 quinta
2370 2279 2426 2324 et
2453 2279 2604 2324 sexta
2641 2270 2863 2341 synodis
2901 2270 3168 2325 sentiatis.
3202 2269 3388 2325 Gratia
3421 2267 3598 2322 sancti
3633 2266 3754 2337 Spi-

2154 2363 2292 2419 ritus
2332 2364 2654 2419 adhortante
2698 2372 2858 2434 atqne
2895 2349 3296 2430 adjuvantepin
3328 2376 3515 2415 mense
3555 2358 3751 2414 Martio

2153 2469 2253 2525 pro
2278 2454 2508 2510 diversis
2528 2452 2785 2511 Ecclesiae
2813 2452 3136 2508 utilitatibus
3162 2452 3424 2525 synodum
3458 2451 3645 2505 Romae
3666 2465 3753 2503 ce-

2154 2543 2502 2598 lebravimus.
2546 2543 2645 2599 Ubi
2689 2544 2851 2598 etiam
2882 2544 3124 2611 quaedam
3154 2541 3387 2611 capitula
3426 2540 3751 2605 statuimus,

2156 2634 2378 2705 ipsaque
2404 2643 2598 2691 vestrm
2623 2635 2891 2689 sanctitati
2922 2634 3272 2690 custodienda
3292 2675 3304 2691 .
3336 2649 3428 2687 seu
3459 2631 3752 2686 confratri-

2092 2750 2097 2756 ο
2154 2724 2256 2780 bus
2277 2726 2473 2780 vestris
2501 2724 2922 2794 archiepiscopis
2944 2741 3038 2793 per
3053 2739 3147 2778 vos
3177 2722 3591 2777 transmittenda
3620 2721 3757 2775 dire-

2158 2815 2363 2880 ximus,
2411 2827 2465 2869 et
2513 2815 2867 2881 suifraganeis
2900 2814 3132 2878 vestris,
3176 2823 3235 2868 ut
3281 2814 3381 2869 hoc
3428 2812 3759 2877 instruatis,

2160 2906 2451 2963 observare
2479 2907 2780 2964 hortamur.

2881 2976 2927 3031 Χ
2938 2976 3023 3030 Vl.

2732 3083 2808 3123 AD
2870 3084 3159 3125 ευιιΜ-ιπ

2779 3163 2959 3232 (Anno
2994 3162 3145 3232 869..)

2164 3252 2246 3308 De
2280 3251 2505 3307 divortio
2550 3252 2690 3305 inter
2728 3250 3034 3305 Lotlmrium
3082 3268 3249 3319 regem
3294 3259 3342 3304 et
3381 3266 3600 3303 uxorem
3639 3251 3757 3319 (jus

2312 3321 2712 3391 Tlteutbergam.
2747 3324 3080 3390 satisfaciens
3106 3322 3359 3376 consultis
3384 3321 3609 3375 Adonis.

2673 3413 2850 3487 [Apud
2882 3414 3077 3480 Mansi,
3102 3410 3257 3487 ibid.]

2233 3503 2503 3562 NICOLAUS
2526 3503 2835 3575 episcopus,
2869 3519 3061 3559 servus
3103 3517 3382 3558 servorum
3417 3503 3539 3566 Dei,
3595 3518 3753 3556 rere-

2164 3593 2489 3650 rendissimo
2541 3599 2598 3648 et
2651 3592 2996 3648 sanctissimo
3032 3591 3298 3649 confratri
3341 3600 3532 3646 nostro
3588 3593 3755 3646 Anam

2164 3684 2592 3753 archiepiscopo.

2236 3770 2371 3839 Quia
2392 3772 2704 3828 sanctitatis
2721 3780 2916 3827 vestrae.
2954 3786 3052 3841 pro
3089 3778 3231 3826 statu
3280 3778 3486 3826 sancta:
3523 3769 3619 3824 Dei
3650 3770 3749 3824 Ee-

2165 3861 2347 3917 clesim
2387 3859 2689 3917 ferventius
2735 3860 3016 3932 invigilare
3048 3859 3407 3915 constantiam
3453 3858 3752 3921 cernimus,

2163 3962 2221 4010 et
2268 3962 2461 4009 contra
2508 3952 2952 4023 delinquentium,
3001 3952 3109 4007 imo
3163 3950 3642 4021 pueraricatorum
3700 3957 3757 4004 et

2164 4054 2479 4117 sanctarum
2528 4043 2707 4115 legum
2748 4042 3091 4108 violatorum,
3140 4057 3323 4097 mores
3358 4050 3417 4096 et
3462 4049 3618 4095 actus
3658 4055 3755 4108 per

2165 4134 2343 4189 zelum
2372 4133 2712 4189 rectitudinis
2732 4147 2830 4187 vos
2872 4140 3086 4188 erectos
3112 4131 3542 4192 consideramus,
3580 4130 3754 4182 omni-

2168 4224 2376 4293 potenti
2400 4223 2510 4278 Dco
2541 4222 2747 4293 gratias
2775 4221 3007 4292 agimus,
3037 4231 3093 4275 et
3120 4230 3352 4276 vestram
3384 4217 3753 4280 sanctitatem,

2165 4324 2228 4369 ut
2256 4315 2311 4369 in
2364 4314 2559 4370 talibus
2588 4313 2678 4368 illo
2699 4312 2985 4382 adjuvante
3019 4312 3284 4383 prolicial,
3312 4326 3376 4366 ea
3404 4310 3751 4368 auctoritate,

2090 4448 2142 4509 Β
2167 4422 2291 4478 quae
2324 4406 2478 4463 nobis
2500 4421 2597 4478 per
2634 4407 2852 4461 beatum
2888 4404 3107 4461 Petrum
3151 4403 3449 4475 principem
3488 4401 3755 4473 apostolo-

2166 4558 2341 4630 ganda
2388 4546 2646 4612 famosam
2685 4547 2995 4630 huiusmodi
3038 4554 3461 4630 controversiam
3501 4554 3752 4630 dirimere

2166 4625 2325 4699 posse
2342 4629 2613 4683 videntur.
2638 4630 2713 4683 En
2738 4638 2796 4684 ut
2817 4628 3069 4683 Nieolaus
3090 4628 3131 4689 l,
3156 4627 3222 4681 de
3241 4625 3758 4699 electionellomani

2165 4694 2439 4770 pontificis
2476 4714 2641 4770 agens
2667 4739 2684 4762 ,
2728 4714 2792 4754 ac.
2818 4700 3004 4770 turbas
3028 4699 3081 4751 in
3109 4712 3173 4770 ea
3201 4697 3403 4770 exoriri
3435 4696 3628 4770 solitas
3653 4694 3753 4770 eli-

2170 4765 2377 4824 ininare
2419 4765 2663 4838 cupiens,
2696 4768 2978 4823 conﬁrmat
3003 4780 3055 4838 et
3085 4768 3481 4838 observandum
3509 4765 3755 4820 decernit

2168 4839 2431 4909 quidquid
2462 4832 2520 4892 iu'
2550 4839 2781 4893 concilio
2814 4836 3106 4909 beatissimi
3148 4832 3404 4909 Stephani
3437 4852 3600 4909 papae
3642 4844 3749 4909 sta-

2172 4903 2347 4965 tutum
2370 4918 2473 4964 est.
2500 4910 2642 4979 Ergo
2664 4909 2938 4963 decretum
2963 4903 3639 4979 Stephanuproraddubio
3663 4903 3750 4966 IV,

2166 4996 2288 5035 eam
2319 4980 2371 5050 in
2407 4995 2522 5034 rem
2552 4977 2938 5050 praecesserat.
2965 4977 3090 5050 Hoc,
3116 4986 3294 5050 autem
3324 4977 3415 5032 vix
3452 4977 3603 5050 aliud
3634 4991 3757 5050 esse

2165 5049 2404 5119 potuerit
2431 5046 2593 5118 quam
2625 5051 2767 5117 quod
2792 5048 3052 5104 Gratiano
3080 5047 3355 5119 laudatur;
3385 5049 3471 5101 cui
3503 5055 3684 5119 tamen
3706 5046 3751 5100 si

2163 5115 2297 5173 velis
2335 5115 2534 5189 aliquid
2577 5115 2981 5190 superadditum
3013 5136 3042 5171 a
3074 5116 3374 5190 sulisecntis
3411 5115 3751 5190 pontificibus

2164 5205 2271 5244 non
2308 5186 2733 5259 repugnahofln
2763 5187 2989 5242 concilio
3012 5188 3545 5259 qnoqueilomano,
3570 5186 3749 5259 habito

2163 5261 2265 5316 sub
2291 5256 2583 5315 Lamherto
2609 5260 2937 5328 imperatore
2957 5298 2972 5320 ,
3003 5266 3165 5326 atque
3187 5257 3326 5312 adeo
3349 5270 3494 5310 anno
3523 5256 3661 5319 90b.
3692 5264 3748 5308 ut

2162 5331 2682 5406 putavitliarouius,
2704 5340 2760 5406 et
2779 5339 2899 5406 post
2913 5347 3035 5406 enim
3053 5333 3294 5406 Labbcus
3315 5344 3451 5393 tom.
3464 5333 3536 5387 lx
3549 5336 3738 5406 Cong.

2166 5402 2262 5463 sed
2295 5402 2511 5474 quidem
2541 5402 2832 5474 anno898,
2871 5402 3391 5474 roboraturftnjqua
3417 5404 3736 5458 cousuetudo

2166 5469 2450 5531 observata
2474 5470 2525 5525 in
2548 5469 2809 5525 electione
2829 5471 3118 5539 pontilicis.
3142 5471 3203 5526 Si
3228 5469 3445 5543 antiqua
3475 5480 3601 5527 tunc
3623 5482 3739 5543 erat

2168 5542 2509 5605 consuetudo,
2555 5556 2685 5614 ergo
2732 5543 2799 5595 ad
2844 5550 3087 5614 tempora
3146 5558 3317 5614 usque
3356 5541 3619 5613 Stephani
3672 5541 3737 5599 IV

2169 5632 2320 5689 papae
2345 5615 2486 5669 illius
2527 5613 2679 5667 initia
2707 5627 2810 5668 nou
2842 5612 3116 5671 immerito
3139 5612 3499 5673 deducantur.

3662 5730 3725 5770 ὀἱ
