4070 6310
353 384 458 442 797

1456 374 1467 385 ‘
1559 367 1919 424 EPISTOLIE
1961 369 2049 425 ΕΤ
2085 370 2424 426 DECRETA.

3522 364 3627 418 798

346 511 474 565 rum
495 507 754 550 concessa
782 498 886 557 est,
918 489 1092 546 modis
1125 485 1377 543 omnibus
1417 498 1843 546 commonemus,
1882 492 1937 538 et
1964 486 2011 547 Α
2043 491 2196 539 terne
2222 484 2289 538 ab
2328 483 2620 553 apostolica
2653 484 2780 539 sede
2808 490 3106 550 receptum,
3133 487 3182 534 et
3212 479 3279 533 de
3301 444 3488 533 errore
3518 492 3627 546 quo

357 595 614 658 quantum
645 585 785 650 illos,
817 584 957 639 sicut
984 583 1037 636 in
1071 579 1261 636 vestris
1287 576 1443 634 nobis
1471 575 1782 631 innotuistis
1799 575 1944 630 litte-

357 679 453 738 ris,
503 690 669 746 prave
697 684 861 746 atque
899 672 1116 726 incaute
1158 681 1319 739 agere
1365 665 1698 736 conspicitis,
1734 674 1941 719 tantum

274 811 281 819 .
356 769 522 832 illius,
556 766 676 821 freti
702 766 904 821 auxilio
930 764 1126 820 divina:
1151 762 1308 832 legis,
1338 775 1437 830 per
1469 758 1858 814 sacerdotalem
1888 766 1945 813 et

359 858 726 930 pontiﬁcalem
753 856 1150 917 auctoritatem,
1179 852 1379 907 nullius
1425 865 1673 920 persona:
1698 849 1944 904 habendo

363 951 756 1022 acceptionem,
783 956 840 1005 et
860 944 1259 1019 praedicationis
1286 942 1453 998 verbo
1479 957 1616 997 nova
1660 950 1717 996 et
1756 951 1969 1005 vetera,

356 1045 726 1117 proponendo,
754 1057 822 1097 ne
855 1041 1076 1111 sanguis
1097 1053 1285 1094 eorum
1325 1037 1392 1091 de
1447 1037 1699 1092 manibus
1746 1035 1944 1091 vestris

361 1137 693 1207 requiratur,
715 1135 1000 1221 hortamur
1037 1129 1328 1186 resistatis.
1371 1128 1624 1183 Forsitan
1669 1126 1945 1195 benignis-

358 1228 498 1283 sima
534 1242 599 1281 ae
620 1218 861 1297 largiﬂua
890 1220 1276 1292 omnipotentis
1304 1219 1401 1274 Dei
1431 1218 1716 1276 clementia
1749 1234 1778 1271 a
1818 1234 1944 1286 pro»

359 1318 479 1389 prio
505 1316 658 1372 libittt
686 1331 779 1372 eos
804 1327 1059 1369 revocare
1087 1311 1412 1383 dignabitur,
1434 1318 1490 1365 et
1514 1309 1650 1364 infra
1681 1308 1945 1381 gremium

362 1408 625 1465 Dominiei
651 1407 827 1478 gregis
847 1413 1028 1461 vestro
1072 1403 1250 1459 studio
1299 1410 1461 1473 atque
1500 1401 1683 1457 labore
1719 1399 1945 1471 recepti,

348 1506 428 1561 de
455 1503 754 1558 lucratione
777 1500 1017 1556 fraterna
1053 1499 1318 1556 mercedis
1342 1498 1552 1553 lucrum
1574 1495 1819 1567 recipere
1840 1507 1949 1547 me~

364 1595 594 1652 reamini
621 1614 635 1649 :
667 1594 792 1665 quia
814 1607 942 1649 ecce
970 1591 1137 1646 instat
1162 1599 1395 1661 tempus,
1426 1596 1488 1643 ut
1534 1585 1838 1643 aseendatis
1878 1599 1946 1638 ex

352 1689 610 1755 adverso,
649 1695 705 1744 et
730 1686 1012 1757 opponatis
1038 1698 1135 1739 vos
1164 1697 1265 1754 pro
1294 1682 1457 1739 domo
1500 1678 1666 1755 lsrael
1710 1691 1947 1741 murum,

362 1788 419 1837 et
441 1779 595 1835 stetis
624 1778 679 1833 in
710 1777 896 1847 prtelio
921 1775 976 1830 in
1000 1774 1087 1830 die
1116 1773 1350 1851 Domini.
1378 1771 1447 1827 Et
1473 1780 1587 1842 post
1617 1769 1744 1823 alia.
1762 1767 1837 1822 De
1858 1782 1949 1820 ca-

2049 575 2427 639 accusahatnr,
2458 583 2798 630 sacramento
2837 580 3145 642 purgatum,
3184 584 3248 623 ac
3279 576 3339 621 ut
3370 568 3628 621 Romana:

2047 663 2161 717 sedi
2187 664 2402 734 dignam
2440 665 2797 719 reverentiam
2844 663 3116 725 exhibeat,
3161 668 3270 714 tam
3297 659 3432 727 ipse,
3464 671 3629 726 quant

2046 770 2386 811 successores
2436 755 2575 826 eius,
2631 770 2794 825 super
2834 768 3063 824 corpora
3107 758 3416 806 sanctorum
3475 747 3631 802 nobis

2039 841 2280 912 iuratum
2329 846 2465 900 fore.
2519 845 2752 900 Libellos
2781 859 2916 914 quos
2964 841 3260 898 mandastis
3287 839 3455 894 nobis
3493 838 3628 891 diri-

2046 937 2270 1009 gendos,
2321 935 2535 1005 quando
2592 937 2659 990 ad
2714 951 2812 991 nos
2861 935 3055 988 iterum
3098 931 3375 993 miseritis,
3433 936 3631 982 vestrae

2046 1028 2319 1083 sanctitati
2351 1027 2664 1096 dirigemus.
2714 1025 2779 1079 Et
2815 1034 2928 1094 post
2978 1022 3107 1077 alia.
3144 1021 3211 1077 Ut
3242 1019 3401 1085 mala,
3427 1033 3547 1088 quae
3573 1017 3630 1072 in

2047 1136 2214 1192 regno
2235 1119 2422 1177 Gallice
2453 1119 2610 1183 tiunt,
2641 1119 2756 1173 zelo
2787 1117 3003 1186 pietatis
3038 1115 3404 1185 corrigantur,
3439 1119 3494 1165 et
3532 1124 3631 1179 per

2045 1228 2162 1274 vos,
2195 1218 2250 1265 et
2294 1226 2390 1281 per
2437 1209 2574 1264 alios
2601 1208 2907 1264 cout‘ratres
2949 1214 3185 1270 nostros,
3232 1201 3628 1258 instantissime

2046 1302 2336 1358 elaboretis
2375 1301 2746 1363 exhortamur,
2796 1306 2855 1352 ut
2903 1295 3200 1352 fortissime
3244 1294 3301 1349 in
3350 1300 3431 1349 tot
3471 1290 3629 1346 malis

2047 1392 2335 1464 pricparati
2369 1392 2656 1447 resistatis.

2762 1458 2922 1514 XVII.

2514 1573 2580 1612 AD
2615 1568 2924 1609 LOTnARIUI
2971 1564 3169 1607 REGEI.

2647 1647 2824 1716 (Anno
2876 1641 3026 1713 832.)

2049 1746 2269 1815 Legatos
2289 1742 2358 1799 ad
2402 1737 2995 1815 εῃᾼηοιέιιηι-ςοςεηιιηηι.
3012 1732 3191 1795 mittit,
3221 1729 3291 1784 ad
3314 1741 3471 1815 q‘uam
3499 1741 3608 1807 prta

2119 1797 2243 1884 ἷὶρὶι
2281 1815 2411 1868 duos
2430 1797 2498 1865 ite
2524 1809 2704 1884 Caroli
2734 1797 3176 1884 rcgnonepisﬁop‘m
3200 1797 3467 1882 accedere,
3497 1797 3632 1849 sicut

350 1868 781 1941 ‘pimlis’quibus
804 1880 905 1922 nos
921 1875 1101 1921 vesm
1116 1861 1393 1919 beatitudo
1409 1859 1691 1951 “9"59'9'9
1715 1856 1940 1951 s‘uduilf
1972 1855 2020 1916 Β
2116 1855 2496 1938 alf'ii'lJJEiEf
2528 1855 3057 1951 55i.3ii,"3i"c}irati
3086 1855 3286 1942 'fratrt’s
3332 1855 3635 1938 ejus’regao

352 1958 445 2031 ita
488 1955 788 2021 rescribere
836 1962 1025 2011 nostra
1068 1951 1367 2025 apostolica
1396 1948 1703 2007 sollicitudo
1738 1945 1952 2002 curavit
2034 1985 2038 1989 «

356 2048 666 2123 secundum
693 2046 916 2102 Patrum
946 2043 1284 2101 sanctiones.

440 2151 492 2204 1.
516 2147 816 2218 Requiritis
847 2146 1015 2210 enim,
1057 2145 1104 2200 si
1134 2144 1353 2199 dimissa
1388 2157 1577 2208 uxore,
1622 2155 1783 2211 quam
1813 2138 1950 2207 leg.-

367 2242 501 2297 time
546 2247 857 2311 sponsatam
908 2237 1030 2308 quis
1082 2237 1315 2301 duxerit,
1368 2235 1495 2306 quia
1525 2248 1721 2290 nomen
1751 2231 1952 2287 malum

366 2331 714 2406 postmodum
742 2331 791 2387 ei
835 2329 1111 2401 imposuit,
1158 2329 1363 2398 absque
1412 2324 1632 2382 decreto
1680 2323 1952 2395 generalis

370 2422 591 2496 synodi,
619 2422 783 2478 liceat
809 2420 860 2477 ei
895 2429 990 2475 aut
1018 2420 1181 2475 aliam
1213 2419 1461 2488 accipere
1497 2424 1687 2472 contra
1719 2414 1955 2471 auctori-

372 2525 538 2571 tatem
591 2512 981 2584 evangelicam,
1008 2519 1121 2575 aut,
1155 2510 1242 2565 illa
1271 2509 1583 2579 superstite,
1636 2522 1737 2577 pro
1787 2520 1956 2561 uxore

373 2605 731 2663 concubinam
754 2604 975 2661 habere.
1010 2602 1217 2670 Quibus
1264 2615 1364 2655 nos
1390 2598 1681 2669 apostolica
1721 2595 1956 2652 auctori-

374 2707 484 2753 tate
512 2697 628 2752 fulti
660 2695 956 2753 secundum
978 2692 1342 2761 evangelicatn
1372 2690 1706 2746 sanctionem
1738 2686 1958 2742 omnino

375 2787 700 2853 resistimus,
725 2793 901 2841 etnec
922 2784 1040 2839 alia:
1069 2782 1253 2836 uxoris
1287 2780 1535 2851 copulam
1582 2779 1661 2833 eis
1696 2776 1787 2847 qui
1830 2774 1958 2829 talia

377 2887 565 2949 agunt,
590 2878 810 2934 dimissa
836 2874 1149 2946 superstite,
1175 2872 1379 2927 habere
1396 2870 1762 2935 concedimus,
1787 2882 1961 2936 neque

380 2968 735 3026 concubinam
763 2966 995 3023 habendi
1024 2964 1297 3020 licentiam
1323 2960 1632 3016 tribuimus.

446 3072 502 3128 2.
545 3072 623 3128 De
657 3086 743 3138 eo,
776 3071 821 3125 si
845 3071 1165 3139 desponsata
1195 3066 1469 3121 nesciente
1494 3078 1695 3133 sponso
1725 3075 1965 3117 corrum-

378 3171 559 3233 patur,
604 3168 662 3216 et
699 3159 1043 3230 postmodum
1072 3158 1200 3212 dote
1231 3155 1371 3209 facta
1407 3152 1639 3208 maritali
1664 3165 1814 3206 more
1836 3166 1960 3207 cum

380 3253 567 3307 eadem
599 3251 739 3305 idem
761 3264 993 3320 sponsus
1014 3246 1282 3316 jacuerit;
1325 3245 1369 3298 si
1416 3242 1757 3314 postmodum
1785 3242 1959 3296 inter-

380 3352 540 3412 cepto
595 3339 746 3413 [edit.
801 3338 989 3401 Rom.,
1046 3337 1333 3404 interiecto
1396 3331 1660 3405 utrinque]
1718 3340 1962 3403 tempore

361 3432 548 3489 liceat
573 3433 623 3489 ei
663 3432 858 3503 ipsam,
891 3430 1046 3500 quasi
1097 3429 1249 3499 prius
1273 3426 1341 3481 ab
1388 3426 1494 3481 alio
1520 3433 1849 3494 corruptam,
1881 3424 1964 3478 di-

382 3526 623 3591 mittere,
652 3532 708 3579 et
736 3524 815 3579 sic
853 3522 1015 3576 aliam
1065 3520 1283 3583 ducere,
1314 3518 1468 3589 quasi
1522 3517 1628 3572 ista
1666 3532 1773 3572 non
1802 3515 1965 3571 fuerit

383 3632 544 3681 uxor,
573 3624 669 3672 aut
696 3614 1056 3672 concubinam
1086 3628 1186 3682 pro
1226 3627 1290 3665 ea
1323 3620 1521 3665 tenere.
1554 3608 1667 3665 Nec
1693 3610 1795 3663 hoc
1836 3623 1966 3663 con-

384 3708 672 3774 sentimus,
703 3714 763 3762 ut
788 3705 842 3761 lii
872 3704 965 3775 qui
1006 3702 1247 3774 legitimo
1279 3702 1587 3771 nuptiarum
1613 3698 1817 3753 findere
1840 3714 1966 3753 con-

376 3798 693 3870 junguntur,
742 3804 798 3852 et
839 3809 1005 3849 unum
1059 3807 1257 3862 corpus
1297 3805 1393 3860 per
1444 3788 1661 3859 aliquod
1708 3787 1968 3857 temporis

384 3889 620 3961 spatium
666 3884 995 3949 ellieiuntur,
1046 3881 1339 3938 divortium
1402 3879 1624 3935 faciant.
1682 3878 1790 3934 Sed
1826 3878 1970 3948 quod

385 3983 539 4054 prius
570 3979 728 4035 initio
758 3974 1153 4048 coniunctionis
1179 3980 1447 4042 corruptae
1486 3969 1831 4043 percipiendo
1874 3984 1970 4022 vo-

384 4071 620 4126 luntarie
648 4078 952 4132 tacuerunt,
990 4065 1331 4137 postmodum
1378 4063 1679 4132 intercepto
1730 4071 1973 4137 tempore

386 4163 723 4227 sustinendo,
764 4171 821 4218 et
848 4162 893 4217 si
924 4176 1031 4217 non
1078 4158 1402 4222 voluntarie,
1447 4155 1598 4211 inviti
1642 4130 1970 4217 custodiant,

385 4257 551 4313 etiam
583 4271 612 4310 a
640 4252 960 4310 concubinis
986 4248 1295 4305 omnimodo
1325 4263 1383 4303 se
1411 4245 1737 4300 abstineant.

456 4347 508 4403 5.
540 4347 597 4402 Si
624 4346 680 4401 hi
711 4344 803 4415 qui
831 4356 1015 4399 sacras
1046 4355 1132 4395 res
1171 4337 1416 4394 ecclesiis
1442 4337 1616 4401 datas,
1646 4344 1702 4389 et
1730 4349 1759 4388 a
1806 4330 1969 4386 tideli-

384 4444 488 4498 bus
517 4438 747 4503 oblatas,
779 4434 934 4506 quasi
972 4448 1003 4487 a
1041 4431 1379 4503 principibus
1423 4428 1523 4484 sibi
1549 4426 1784 4482 indultus
1826 4425 1974 4479 iuva-

387 4539 545 4603 dunt,
573 4541 815 4598 vastant,
856 4528 1142 4600 diripiunt,
1197 4526 1433 4582 retinere
1473 4528 1830 4594 prazsumunt,
1877 4534 1975 4571 au-

386 4629 642 4686 ctoritate
685 4622 980 4697 episcopali
1031 4616 1537 4677 excommunicandi
1579 4623 1635 4669 et
1662 4612 1977 4666 anathema-

387 4719 592 4777 tizandi
618 4718 746 4775 sint.
800 4716 877 4771 De
899 4713 986 4770 his
1015 4711 1235 4782 quidem
1274 4710 1461 4773 rebus,
1499 4721 1619 4777 qua:
1664 4701 1832 4759 semel
1869 4702 1978 4755 Deo

387 4809 713 4867 contributae
741 4814 905 4876 atque
932 4803 1124 4859 dicatae
1175 4808 1321 4860 sunt,
1358 4807 1414 4851 et
1446 4805 1632 4867 postea
1681 4792 1785 4848 sub
1814 4807 1977 4846 occa-

389 4904 542 4958 sione
571 4895 944 4954 concessionis
971 4892 1273 4964 principum
1301 4896 1329 4943 a
1363 4886 1683 4958 quibusdam
1718 4884 1984 4938 invadun-

391 5004 482 5049 tur
501 4991 652 5064 [edit.
680 4989 837 5044 Rom.
868 4986 1015 5041 addit
1039 4992 1203 5054 atque
1227 4977 1575 5051 diripiuntur]
1605 4976 1898 5041 sancimus,
1922 4984 1982 5028 ut

392 5072 543 5155 prius
564 5079 813 5138 consulto
838 5076 1099 5149 principe,
1127 5073 1197 5128 ad
1222 5069 1567 5126 resecandam
1594 5075 1699 5120 tam
1724 5080 1983 5136 praesunt-

392 5177 595 5250 ptivam
644 5171 959 5235 factionem,
1009 5161 1440 5236 cognoscendum
1491 5167 1669 5214 utrum
1724 5156 1866 5211 illius
1915 5155 1985 5209 sit

393 5265 696 5330 concessio,
724 5278 795 5331 an
817 5258 1085 5316 invasoris
1118 5251 1484 5327 pratsumptio.
1516 5249 1671 5315 Quod
1718 5246 1761 5300 si
1793 5244 1985 5315 princio

395 5360 480 5432 pis
516 5354 820 5413 inordinata
851 5349 1015 5406 fuerit
1054 5344 1291 5416 largitio,
1348 5343 1464 5413 ipse
1494 5341 1565 5395 sit
1606 5338 1858 5409 princeps
1890 5350 1986 5404 pro

398 5447 782 5506 emendatione
810 5437 1216 5512 redarguendus
1250 5455 1263 5491 :
1299 5435 1343 5490 si
1376 5441 1555 5488 autem
1588 5429 1857 5485 invaseris
1900 5428 1987 5481 de-

400 5540 638 5595 claratur
658 5526 1025 5607 praesumptio,
1042 5544 1211 5599 usque
1239 5526 1304 5580 ad
1320 5523 1752 5581 emendationem
1773 5534 1988 5574 excom-

376 5628 786 5699 ,mnnieationis
832 5626 902 5682 sit
930 5622 1163 5677 vindicta
1217 5616 1565 5673 coercendus.
1601 5611 1666 5666 Et
1710 5620 1822 5682 post
1853 5608 1981 5664 alia.

401 5722 664 5779 Joannem
715 5713 1181 5784 archiepiscopum
1229 5707 1600 5762 Ravennatem
1652 5699 1838 5757 sciatis
1889 5714 1984 5768 pa.

476 5843 503 5875 α
544 5831 637 5890 Sic
666 5826 954 5888 reformari
979 5825 1119 5883 lianc
1150 5818 1529 5881 salutationem
1559 5831 1624 5874 ex
1651 5813 1785 5872 edit.
1819 5811 1975 5869 Rom.

2119 1955 2263 2009 binos
2286 1954 2420 2007 alios
2450 1947 2721 2005 convenire
2741 1947 2994 2016 jusseral.

2562 2038 2740 2111 [Apud
2772 2035 2961 2098 Mansi,
2981 2032 3108 2085 ibid.

2122 2134 2395 2190 NICOLAUS
2418 2132 2725 2203 episcopus,
2757 2140 2947 2181 servus
2969 2134 3247 2178 servorum
3281 2117 3398 2184 Dei,
3421 2115 3639 2170 Lorne-

2053 2245 2144 2285 mo
2184 2226 2340 2299 regi‘(
2369 2239 2394 2267 ι
2425 2240 2523 2297 pro
2562 2219 2810 2295 synodo).

2123 2295 2340 2388 Regalis
2366 2295 2681 2369 excellentia
2739 2314 2919 2362 vestra
2968 2314 3143 2373 nuper
3193 2295 3512 2370 apostolatui
3542 2307 3639 2348 no-

2056 2419 2170 2467 stro
2209 2387 2428 2473 direxit,
2485 2416 2546 2459 ut
2594 2417 2693 2474 pro
2751 2397 3077 2471 perficienda
3131 2390 3338 2463 synodo
3384 2387 3638 2467 missose

2055 2502 2225 2557 latere
2242 2506 2430 2554 nostro
2450 2462 2680 2566 dirigere
2699 2462 3049 2563 dignarentur
3072 2503 3087 2539 :
3112 2462 3259 2554 quod
3281 2495 3398 2545 nos,
3428 2488 3484 2533 et
3510 2462 3639 2530 ante

2058 2593 2362 2648 litterarum
2388 2595 2694 2642 vestrarum
2730 2594 2939 2651 preces,
2994 2583 3050 2631 et
3087 2571 3428 2645 postmodum
3459 2566 3642 2622 facere

2059 2681 2329 2739 desiderio
2348 2676 2555 2732 ardenti
2585 2672 2961 2743 cogitavimus.
3018 2664 3126 2721 Sed
3166 2663 3291 2734 quia
3318 2659 3470 2715 multi
3512 2673 3652 2713 san-

2060 2780 2270 2828 clarum
2309 2766 2660 2823 ecclesiarum
2709 2762 2801 2816 Dei
2848 2758 3174 2814 utilitatibus
3225 2754 3489 2808 hactenus
3538 2748 3646 2801 fni-

2061 2877 2182 2918 mus
2206 2858 2476 2929 occupati,
2505 2866 2613 2909 tam
2644 2851 2901 2908 celeriter
2926 2858 2984 2902 ut
3012 2845 3324 2902 volebamus
3349 2855 3443 2896 eos
3478 2837 3646 2895 desti-

2062 2966 2196 3007 nare
2220 2926 2580 3018 nequivimus.
2617 2942 2772 2997 Nunc
2810 2946 3016 3002 autem,
3044 2933 3271 2990 Domino
3307 2937 3495 2985 nostro
3519 2926 3647 2983 Iesu

2061 3043 2279 3099 Christo
2300 3040 2534 3102 favente,
2562 3036 2768 3107 legatos
2810 3040 3013 3087 sanctae
3038 3036 3239 3082 nostrte
3274 3022 3359 3079 cui
3389 3022 3500 3075 Deo
3549 3035 3647 3074 au-

2066 3146 2216 3195 ctore
2285 3133 2622 3190 deservimus
2666 3127 2942 3188 Ecclesiae,
2995 3123 3130 3178 duos
3182 3113 3650 3174 reverentissimos

2066 3226 2213 3300 [edin
2269 3224 2416 3279 Tom.
2450 3221 2595 3276 addit
2632 3226 2688 3274 et
2734 3210 3127 3283 sanctissimos]
3157 3209 3458 3280 episcopos,
3502 3203 3649 3257 llha-

2063 3294 2314 3373 dealdum
2347 3321 2549 3369 sanctae
2588 3306 2901 3364 Portuensis
2949 3301 3225 3365 Ecclesiae,
3279 3306 3335 3353 et
3388 3294 3650 3351 Joannem

2064 3419 2266 3469 sanctae
2286 3406 2587 3465 Ficulensis
2608 3402 2759 3476 [edin
2796 3399 2972 3460 Rom.,
3006 3388 3331 3461 Fundensis]
3375 3388 3651 3447 Ecclesiae,

2068 3502 2357 3561 deliciosos
2380 3475 2619 3561 nostros,
2647 3505 2875 3563 quorum
2905 3487 3139 3540 adventu
3179 3489 3339 3550 atque
3364 3475 3651 3548 praesentia

2067 3596 2163 3652 Dei
2189 3591 2529 3649 sacerdotum
2551 3583 2789 3657 synodus
2811 3582 3188 3649 congregetur,
3214 3566 3651 3628 transmittimus,

2070 3685 2213 3740 sient
2243 3678 2446 3735 nostris
2501 3653 2655 3728 vobis
2707 3665 3031 3740 jampridem
3086 3659 3387 3716 direximus
3439 3653 3655 3718 litteris,

2070 3772 2265 3845 quibus
2294 3761 2648 3841 magnitudini
2670 3766 2864 3814 vestrae
2888 3752 3195 3808 intimatum
3225 3754 3329 3811 est,
3352 3744 3511 3799 binos
3539 3740 3656 3810 epi-

2069 3826 2264 3930 scopos
2292 3831 2360 3911 de
2384 3826 2548 3923 regno
2578 3845 2836 3904 Ludovici
2880 3841 3024 3913 regis
3051 3836 3227 3908 patrui
3248 3831 3438 3896 vestri,
3465 3839 3521 3885 et
3549 3826 3658 3883 Ca-

2072 3952 2173 4009 roli
2205 3948 2348 4016 regis
2369 3920 2555 3999 fratris
2579 3938 2764 4004 vestri,
2788 3935 2854 3989 ad
2883 3934 3053 4004 ipsam
3075 3926 3340 3999 synodum
3365 3920 3659 3977 convenire

2074 4014 2291 4099 debere:
2321 4038 2475 4095 Nunc
2502 4044 2685 4090 autem
2712 4030 2981 4092 volumus,
3014 4031 3178 4093 atque
3219 4017 3419 4074 litteris
3454 4014 3659 4071 nostris

2072 4138 2296 4195 directis
2339 4132 2613 4202 iubemus,
2668 4122 2918 4181 similiter
2972 4118 3109 4172 duos
3143 4115 3211 4171 de
3258 4125 3428 4182 regno
3476 4106 3659 4164 Caroli

2072 4227 2292 4302 gloriosi
2325 4200 2469 4296 regis
2490 4218 2666 4293 patrui
2692 4215 2859 4273 vestri
2898 4211 3099 4269 ibidem
3122 4207 3241 4263 sine
3271 4204 3452 4274 aliqua
3482 4200 3659 4256 ambi-

2075 4294 2277 4394 guitate
2298 4294 2509 4372 adesse.
2540 4312 2689 4379 Quas
2732 4321 2862 4363 sane
2901 4304 3114 4358 litteras
3157 4294 3428 4353 nobilitati
3455 4299 3655 4349 vestra:

2073 4383 2388 4481 dirigentes,
2427 4404 2665 4476 petimus
2690 4408 2750 4454 ut
2783 4412 2877 4453 eas
2908 4392 3010 4464 ipsi
3039 4388 3237 4447 Carolo
3267 4384 3382 4454 regi
3427 4383 3494 4436 de
3523 4395 3665 4450 pra:-

2078 4470 2217 4556 senii
2268 4470 2383 4570 peri
2408 4470 2644 4550 vestrum
2695 4487 2905 4544 fidelem
2937 4482 3211 4540 hominem
3242 4470 3663 4530 transmittatis:

2006 4576 2054 4636 ί)
2081 4561 2346 4665 quatenus
2370 4597 2424 4643 et
2454 4586 2560 4641 duo
2582 4583 2735 4655 regni
2762 4578 2878 4648 eius
2919 4571 3180 4645 episcopi,
3228 4576 3288 4623 ut
3314 4564 3569 4626 diximus,
3596 4561 3667 4615 ad

2080 4656 2359 4756 przefatam
2387 4675 2674 4750 synodum,
2704 4683 2823 4742 quae
2851 4664 3145 4721 auxiliante
3178 4656 3408 4713 Domino
3437 4664 3663 4721 congre-

2081 4777 2254 4851 ganda
2284 4781 2389 4837 est,
2418 4747 2545 4827 cum
2590 4764 2792 4821 nostris
2820 4761 3024 4831 pariter
3051 4752 3246 4825 legatis
3289 4747 3504 4804 valeant
3531 4759 3667 4799 enn-

2082 4830 2288 4920 zenire.
2323 4863 2471 4929 Quos
2515 4871 2646 4913 sane
2675 4830 3006 4925 apostolatus
3049 4842 3221 4899 nostri
3255 4840 3461 4909 legatos
3490 4833 3669 4891 excel-
3723 4830 3733 4839 “

2083 4957 2248 5012 lentia
2278 4927 2459 5007 vestra
2485 4949 2649 5019 digno
2671 4946 2877 4999 honore
2898 4935 3178 5006 suscipiat,
3205 4941 3260 4986 et
3280 4927 3670 4984 familiaritatis

2087 5051 2167 5106 eis
2193 5050 2370 5104 locum
2417 5041 2699 5102 concedat,
2730 5046 2790 5090 ut
2834 5030 3063 5087 Domino
3107 5026 3419 5088 auxiliante,
3452 5036 3574 5077 cum
3603 5021 3671 5074 ad

2088 5158 2186 5198 nos
2206 5141 2403 5195 fuerint
2435 5132 2657 5196 reversi,
2686 5130 2848 5199 digna
2873 5123 3031 5179 nobis
3048 5121 3114 5175 de
3146 5126 3302 5191 parte
3323 5126 3504 5171 vestra
3531 5129 3671 5167 nun-

2089 5236 2309 5296 tiantes,
2341 5226 2606 5282 maximas
2632 5222 2744 5276 Deo
2791 5216 2995 5289 gratias
3021 5212 3244 5275 referre,
3273 5217 3329 5262 et
3358 5204 3669 5276 apostolicae

2088 5342 2183 5381 vos
2223 5314 2619 5377 benedictionis
2646 5324 2871 5367 munere
2899 5305 3074 5361 ditare
3108 5299 3397 5373 possimus,
3431 5311 3670 5367 congau-

2088 5419 2280 5473 dentes
2308 5426 2439 5468 sane
2464 5410 2517 5463 in
2548 5416 2748 5462 vestra:
2800 5397 3122 5457 humilitatis
3175 5392 3461 5449 devotione
3504 5386 3666 5442 ﬁdeli.

2088 5508 2319 5562 Dextera
2358 5517 2446 5556 vos
2483 5511 2728 5570 superum
2779 5487 3081 5561 maiestatis
3129 5484 3325 5541 illatsos
3346 5491 3674 5536 conservare

2087 5616 2184 5672 per
2211 5608 2451 5665 tempora
2484 5565 2636 5659 longa
2665 5587 2931 5657 dignetur.
2988 5580 3122 5635 Data
3172 5592 3226 5633 ix
3264 5572 3535 5629 Kalendas
3567 5565 3670 5620 De-

2089 5686 2342 5753 cembris,
2382 5681 2673 5739 indictione
2713 5692 2784 5730 \‘l.
