4070 6310
1151 410 1333 467 XVI".

834 524 904 565 AD
927 522 1176 565 CAROHJM
1220 519 1431 562 CAIA'L'SI
1470 516 1664 558 REGE“.

1068 622 1245 692 (Anno
1265 617 1415 690 862.)

455 744 528 800 Ut
558 749 667 798 duo
694 741 761 796 de
787 738 903 811 ejus
934 753 1092 811 regno
1120 734 1345 811 episcopi
1375 733 1442 785 ml
1471 731 1731 801 synodum
1779 727 1928 783 dictis
1954 745 2044 783 το·-

922 804 1144 878 gendum
1158 804 1583 875 proﬁciscantur.

952 914 1130 989 [Apud
1154 914 1350 979 Mansi,
1380 912 1534 985 ibid.)

529 1036 800 1093 Nmouus
820 1032 1127 1104 cpiscopus,
1154 1045 1346 1085 servus
1375 1044 1658 1085 servorum
1688 1028 1806 1093 Dei,
1829 1025 2049 1083 CAROLO
2090 1067 2097 1071 .

456 1130 693 1203 glorioso
720 1129 831 1199 regi
863 1125 986 1199 [pro
1006 1123 1257 1197 synodo].

529 1221 703 1277 Sedes
728 1221 842 1276 hmo
882 1226 1071 1274 sancta
1116 1225 1282 1286 atque
1330 1215 1623 1286 praecipua,
1664 1213 1751 1269 cui
1781 1212 2049 1267 Dominici

459 1312 639 1384 gregis
663 1320 747 1367 est
770 1309 1075 1365 sollicitudo
1107 1322 1346 1376 curaque
1377 1305 1690 1367 commissa,
1721 1304 1773 1357 in
1797 1302 2049 1359 omnibus

458 1406 649 1460 mundi
677 1404 922 1475 partibus
951 1400 1299 1457 rectitudinis
1328 1414 1440 1453 sua:
1470 1398 1824 1467 dispositione
1850 1395 2055 1450 salubri

458 1504 655 1553 cuncta
700 1495 955 1551 ordinare
997 1493 1371 1565 perficereque
1400 1491 1582 1546 divino
1614 1491 1751 1544 freta
1804 1500 2060 1560 procurat

461 1586 687 1650 auxilio,
721 1592 777 1640 et
820 1584 965 1653 quod
1008 1582 1267 1653 singulari
1296 1594 1393 1651 pro
1420 1581 1744 1635 auctoritate
1794 1579 2057 1648 perlicere

459 1676 629 1740 valet,
677 1674 968 1730 multorum
1010 1687 1156 1743 saepe
1185 1672 1530 1726 sacerdotum
1560 1670 1805 1724 decernit
1831 1658 2057 1722 delinire

1805 293 2074 351 NICOLAI
2114 292 2315 348 ΡᾹΡᾹΞ
2352 293 2371 346 l

2068 414 2109 469 Α
2140 404 2500 467 decrevimus,
2536 410 2643 457 tam
2675 402 2945 464 celeriter,
2973 411 3029 456 ttt
3053 402 3195 457 inter
3217 415 3316 456 nos
3337 408 3601 455 statutum
3625 410 3733 466 est,

3623 275 3732 339 800

2147 495 2201 548 in
2225 493 2510 548 Franciam
2538 494 2811 548 destinare
2840 492 3146 561 nequimus.
3182 492 3247 546 Et
3265 493 3525 561 quoniam
3562 492 3734 546 eccle-

2147 584 2377 640 siasticae
2407 584 2744 639 rectitudinis
2769 592 2823 637 et
2844 583 3089 636 utilitatis
3112 582 3249 648 zelo,
3274 598 3382 653 quo
3404 598 3504 636 nos
3525 598 3739 654 semper

2150 676 2358 732 fervere
2379 684 2611 747 oportet,
2640 675 2875 739 accensi,
2905 673 3109 745 legatos
3134 690 3297 736 nunc,
3316 675 3456 728 sicut
3479 675 3734 739 diximus,

2152 777 2368 822 nostros
2423 767 2557 822 duos
2602 765 2939 821 venerabiles
2987 768 3292 836 episcopos,
3362 764 3738 820 [lhztdoaldum

2152 858 2402 913 videlicet
2449 865 2649 912 sanctae
2681 855 2995 911 Portuensis
3048 856 3327 921 Ecclesite,
3372 835 3738 910 et‘Joannem

2151 959 2355 1006 sancta:
2380 948 2675 1005 Ficolensis
2722 947 2871 1022 [edit.
2908 947 3084 1013 Rom,
3126 947 3451 1019 Fundensis]
3487 947 3743 1002 Ecclesia!

2151 1043 2447 1109 antistites,
2486 1043 2772 1099 deliciosos
2822 1050 3058 1107 nostros,
3092 1042 3219 1097 illuc
3248 1056 3345 1113 pro
3372 1042 3617 1111 ejusdem
3662 1041 3743 1096 rei

2151 1150 2316 1204 quam
2341 1135 2490 1189 scitis
2519 1135 2734 1204 negotio
2781 1135 3042 1189 canonice
3087 1132 3393 1189 definiendo
3417 1133 3742 1188 direximus.

2154 1226 2301 1294 Quos
2325 1225 2610 1281 clementia
2633 1236 2809 1281 vestra
2834 1225 3065 1295 benigne
3088 1225 3370 1294 suscipiat,
3394 1225 3583 1294 eisque
3614 1224 3748 1279 fide-

2154 1316 2260 1372 lem
2311 1325 2475 1385 atque
2526 1316 2848 1386 prudentem
2899 1316 3098 1368 tribuat
3157 1316 3453 1377 hominem,
3508 1314 3602 1382 qui
3651 1329 3749 1369 eos

2155 1422 2328 1479 usque
2350 1408 2416 1461 ad
2446 1408 2644 1470 locum,
2672 1423 2779 1478 quo
2810 1424 2838 1462 a
2875 1406 3072 1462 talibus
3110 1407 3485 1476 suscipiantur
3510 1407 3747 1459 homini-

2157 1498 2280 1560 bus,
2301 1513 2533 1568 quorum
2575 1499 2835 1552 comitatu
2880 1498 2946 1550 ad
2977 1497 3293 1566 praedictum
3330 1510 3513 1567 regem
3546 1495 3747 1550 Lotha-

2146 1588 2299 1642 rium
2352 1586 2575 1642 fratrem
2619 1597 2857 1642 vestrmn
2921 1587 3071 1641 illazsi
3133 1586 3352 1641 valeant
3418 1587 3745 1655 pervenire,

2159 1692 2382 1735 securos
2405 1688 2461 1734 et
2486 1679 2718 1748 quietos,
2744 1678 3000 1747 omnique
3026 1677 3299 1733 suavitate
3328 1677 3564 1733 deducat
3587 1678 3737 1748 (edit.

460 1781 753 1829 consensu,
790 1765 1089 1835 ctjustitia:
1123 1778 1352 1819 censura
1381 1776 1443 1815 ea
1472 1759 1677 1816 scilicet
1713 1757 2051 1814 emendanda
2082 1772 2131 1837 Β
2165 1770 2316 1825 Rom.
2351 1770 2521 1843 addit.
2544 1777 2839 1847 cognoscat
2879 1778 3143 1839 pncterca
3196 1768 3487 1823 clementia
3517 1768 3748 1839 vestra).

463 1861 788 1924 deliberare,
818 1873 938 1928 quae
980 1872 1267 1927 perperam
1305 1864 1469 1924 atque
1514 1854 1809 1909 enormiter
1855 1852 2059 1908 fuerint

465 1950 662 2006 alicubi
687 1949 999 2005 commissa.
1027 1947 1181 2003 Unde
1199 1954 1392 2002 vestrae
1414 1944 1577 2015 regali
1605 1947 1820 2014 Deoque
1840 1943 2058 1999 amabili

459 2041 804 2098 excellentia:
832 2048 1021 2115 potum
1058 2053 1179 2094 esse
1225 2038 1497 2101 volumus,
1540 2037 1667 2106 quia
1695 2037 1764 2092 ad
1819 2035 2057 2091 futuram

467 2132 755 2203 synodum,
786 2145 908 2200 qum
951 2127 1106 2181 Metis
1149 2127 1368 2182 civitate
1406 2125 1646 2180 Lotharii
1679 2125 1822 2196 regis
1849 2123 2060 2194 nepotis

466 2223 635 2278 vestri
665 2235 763 2291 pro
792 2232 820 2261 ι
855 2217 1199 2289 Tlteutberga
1236 2232 1427 2272 sorore
1448 2216 1706 2272 Hucberti
1755 2216 1964 2279 clerici,
2004 2222 2061 2270 et

467 2313 763 2370 Waldrada
802 2311 1179 2383 congreganda
1222 2316 1327 2374 est,
1379 2309 1515 2364 duos
1563 2308 1629 2363 de
1667 2298 2061 2378 regno'vcstro

472 2409 781 2479 episcopos,
813 2420 951 2476 quos
980 2404 1274 2475 prudentes
1324 2412 1489 2472 atque
1536 2416 1757 2456 veraces
1802 2415 1898 2455 vos
1941 2413 2062 2455 esse

466 2502 799 2574 cognoscitis
848 2498 1145 2555 convenire
1162 2495 1437 2565 iubemus,
1469 2494 1561 2565 qui
1584 2509 1688 2548 una
1715 2509 1836 2549 cum
1859 2500 2061 2548 sancta:

466 2595 617 2651 sedis
637 2602 839 2649 nostra!
872 2591 1088 2660 legatis,
1139 2603 1276 2658 quos
1320 2587 1449 2643 illuc
1495 2587 1725 2643 Domino
1765 2585 2062 2640 auxiliante

468 2700 617 2741 nunc
644 2684 1002 2747 destinamus,
1035 2690 1091 2736 et
1112 2680 1342 2735 aliorum
1370 2679 1760 2734 venerabilium
1787 2676 2063 2744 episcopo-

471 2792 594 2832 rum
624 2775 915 2844 emtu,qni
963 2775 1033 2828 ad
1082 2772 1330 2827 eamdem
1386 2771 1649 2843 synodum
1700 2764 2059 2823 conveniendi

473 2876 623 2932 sunt,
668 2866 850 2922 subtili
905 2873 1101 2920 cuncta
1150 2860 1531 2931 indagttlione,
1590 2866 1845 2926 rectaque
1905 2854 2063 2909 valde

473 2958 843 3029 inquisitione,
866 2955 1162 3011 secundum
1192 2955 1385 3017 Deum,
1410 2962 1464 3006 et
1485 2949 1825 3006 venerabiles
1851 2956 2063 3004 sancto-

472 3065 596 3106 rum
632 3049 856 3103 Patrum
878 3046 1263 3108 institutiones,
1282 3043 1599 3098 examinare
1627 3055 1691 3094 ac
1716 3040 1945 3094 definire
1970 3039 2064 3094 de-

474 3147 704 3196 certent.
742 3137 876 3191 Nam
905 3145 962 3191 et
991 3134 1268 3191 Ludovico
1296 3133 1534 3205 glorioso
1578 3131 1713 3200 regi,
1756 3129 1913 3185 fratri
1965 3143 2059 3183 ve-
2091 3143 2137 3207 ρ

474 3239 611 3295 stre,
650 3229 814 3284 simili
855 3228 1018 3282 modo
1065 3226 1280 3281 litteras
1325 3231 1538 3279 nostras
1572 3221 1898 3285 direximus,
1929 3220 2066 3276 duos

475 3321 630 3392 regni
665 3321 748 3377 sui
775 3320 1058 3391 episcopos
1089 3317 1157 3372 ad
1186 3317 1354 3386 ipsam
1380 3313 1643 3386 synodum
1681 3319 2065 3377 convocantes,

476 3423 748 3484 quatenus
776 3412 830 3466 in
877 3410 1146 3470 omnibus,
1201 3422 1323 3477 quae
1372 3408 1446 3463 ibi
1475 3406 1766 3463 statuenda
1803 3410 1951 3467 sunt,
1982 3417 2070 3458 re-

475 3505 686 3561 ctitude
716 3506 912 3577 vigeat,
962 3503 1175 3572 iustitia
1217 3499 1439 3571 polleat,
1493 3507 1549 3555 et
1602 3496 1839 3553 falsitate
1886 3493 2068 3567 fugata

476 3597 679 3653 veritas
700 3595 981 3666 splendeat
1029 3611 1043 3649 :
1105 3600 1168 3646 ut
1217 3589 1513 3645 venerabili
1573 3587 1916 3644 sacerdotum
1969 3585 2067 3640 Dei

477 3690 779 3746 certamine
814 3688 1019 3744 Christi
1072 3684 1308 3741 Ecclesia
1352 3683 1421 3738 ab
1450 3682 1706 3737 onmibus
1744 3680 2066 3757 inconcussa

478 3781 742 3836 consistat
769 3780 1032 3835 adversis.
1062 3777 1211 3845 Quos
1237 3789 1369 3831 sane
1393 3774 1447 3829 in
1469 3772 1735 3829 veniendo
1758 3771 2067 3841 episcopos,

478 3881 534 3927 et
557 3872 623 3926 ed
656 3872 770 3940 jam
800 3873 1002 3927 dictam
1032 3871 1298 3942 synodum
1323 3868 1570 3938 jnssione
1613 3872 1800 3921 nostra
1827 3863 2071 3919 volentes

480 3975 792 4024 occurrere,
845 3968 1026 4016 vestra
1082 3976 1189 4014 non
1230 3959 1473 4014 retardet
1513 3956 1808 4020 nobilitas;
1850 3954 1943 4009 sed
1972 3967 2073 4023 pro

481 4053 581 4109 Dei
620 4067 806 4107 amore
856 4054 1004 4121 ipsos
1052 4054 1259 4123 absque
1299 4050 1556 4121 temporis
1599 4047 1957 4119 protelatione
2005 4044 2075 4099 ad

476 4144 765 4216 prrcfatam
797 4143 1060 4214 synodum
1088 4144 1280 4198 sinatis
1304 4154 1614 4196 occurrere.
1658 4138 1794 4193 Data
1824 4152 1930 4192 non
1963 4133 2069 4189 Ka-

476 4232 669 4288 lendas
695 4230 1032 4297 Decembris,
1062 4231 1350 4286 indictione
1373 4246 1447 4284 XI.

1208 4363 1354 4421 XIX.

798 4473 863 4510 AD
903 4470 1203 4511 LUDOVICUM
1255 4470 1293 4506 ιι
1347 4460 1748 4506 ηιρεῐιλτοῐιωι.

480 4570 822 4637 Commendat
861 4571 1180 4641 legatospro
1206 4585 1370 4623 causa
1401 4565 1633 4641 Lotharii
1671 4564 1853 4632 fratris
1875 4560 1991 4632 ejus
2019 4560 2074 4616 in

1026 4638 1313 4694 Fiduciam
1345 4638 1553 4692 missos.

972 4755 1151 4829 [Apud
1172 4740 1367 4816 Mansi,
1412 4749 1569 4823 ibid.]

558 4869 829 4926 NICOLAUS
864 4870 1171 4939 episcopus,
1198 4880 1391 4939 servus
1415 4876 1697 4939 servorum
1739 4858 1855 4927 Dei,
1888 4858 2071 4916 Lono-

486 4955 612 4997 vnco
642 4934 952 5010 imperatori
983 4934 1104 5011 [pro
1152 4934 1465 5009 synoduce].

559 5031 815 5101 Augustae
838 5030 1147 5085 serenitatis
1174 5026 1528 5099 magnitudini
1558 5025 1773 5089 vestrae,
1808 5018 2074 5091 imperiali

490 5121 713 5192 fulgenti
742 5122 957 5185 decore,
989 5122 1076 5176 bis
1109 5120 1446 5191 apostolatus
1476 5117 1647 5173 nostri
1690 5112 1889 5170 litteris
1917 5111 2077 5166 inno-

492 5213 772 5275 tescimns,
796 5212 924 5281 quia
955 5212 1138 5267 multis
1156 5222 1212 5267 et
1243 5211 1576 5282 quotidianis
1597 5206 1953 5264 ecclesiarum
1983 5202 2081 5258 Dei

490 5303 945 5372 sollicitudinibus
980 5312 1035 5358 et
1059 5305 1402 5367 utilitatibus,
1427 5302 1626 5373 quibus
1667 5316 1767 5355 nos
1795 5297 2081 5370 vigilanter

481 5395 746 5456 iusistere
787 5395 960 5460 decet,
987 5394 1291 5464 prmpediti,
1324 5395 1522 5449 missos
1547 5402 1763 5449 nostros
1793 5404 1891 5461 pro
1919 5387 2079 5459 perfl-

478 5485 684 5545 cienda
732 5484 960 5559 synodo,
1012 5500 1173 5555 quam
1218 5499 1316 5555 pro
1360 5499 1525 5539 causa
1578 5482 1822 5538 Lotharii
1861 5479 2078 5552 gloriosi

480 5581 656 5652 regis,
675 5576 863 5635 fratris
885 5576 1074 5643 vestri,
1097 5586 1280 5632 nostra
1303 5576 1597 5645 apostolica
1620 5576 1735 5632 fieri
1758 5573 2081 5629 auctoritate

2103 4497 2154 4558 D

2158 1860 2295 1929 Quia
2342 1876 2441 1931 pro
2483 1860 2755 1915 communi
2790 1859 3044 1915 Ecclesia:
3090 1874 3223 1929 pace
3267 1868 3429 1929 atque
3455 1874 3750 1926 consensu,

2159 1951 2294 2007 duos
2323 1952 2604 2021 episcopos
2628 1951 2694 2005 de
2726 1963 2893 2020 regno
2932 1948 3110 2005 Caroli
3137 1950 3299 2020 regis,
3350 1951 3531 2019 patrui
3562 1952 3749 2016 vestri,

2159 2043 2228 2099 ad
2256 2044 2425 2113 ipsam
2455 2040 2742 2113 synodum,
2773 2056 2893 2111 qua:
2918 2040 3144 2095 Domino
3170 2040 3469 2096 auxiliante
3509 2042 3564 2095 in
3599 2041 3753 2097 Metis

2160 2135 2379 2191 civitate
2434 2134 2809 2205 congreganda
2863 2141 2965 2197 est,
3017 2133 3161 2188 sedis
3218 2132 3531 2202 apostolice
3587 2135 3751 2187 missa

2159 2229 2443 2284 vocatione
2470 2228 2759 2282 convenire
2780 2225 3176 2297 prmcepimns:
3205 2225 3298 2295 qui
3327 2240 3433 2278 una
3469 2240 3595 2280 cum
3622 2225 3749 2279 tuis-

2162 2336 2346 2377 sorutn
2373 2330 2683 2375 nostrorum
2712 2319 3018 2390 prmsentia,
3052 2326 3105 2372 ct
3154 2317 3382 2370 aliorum
3405 2315 3752 2370 sacerdotum

2164 2416 2258 2470 Dei
2285 2422 2577 2475 conventu,
2600 2412 2745 2482 quod
2788 2411 3016 2464 delinire
3037 2417 3270 2478 oportet,
3296 2408 3442 2477 juste
3462 2406 3753 2461 canonice-

2159 2522 2268 2578 que
2292 2504 2605 2560 decernant.
2642 2503 2779 2557 Data
2829 2518 2882 2556 ts
2925 2501 3196 2555 Kalendas
3237 2497 3584 2564 Decembres,
3616 2497 3756 2553 indi»

2161 2597 2343 2654 ctione
2386 2612 2460 2650 xl.

2905 2662 3021 2718 XX.

2370 2790 2377 2803 μ
2425 2772 2494 2812 ΔΙ)
2529 2771 2807 2812 EPISCOPOS
2846 2770 3054 2812 GALLIS
3092 2771 3160 2809 ΕΤ
3197 2768 3508 2811 ΕΕΙἈΙᾹΧΙΞ.

2773 2870 2966 2942 (Anno
2996 2868 3146 2935 869..)

2167 2984 2235 3041 Ut
2267 2985 2335 3041 ad
2364 2985 2624 3056 synodum
2661 2982 2947 3056 Metensem
2974 2998 3091 3056 cum
3119 2980 3303 3056 legatis
3333 2978 3611 3033 accedant.
3641 2978 3760 3031 nbi-

2235 3075 2334 3129 que
2349 3052 2532 3129 audito
2557 3054 2821 3129 Lotltnrio,
2844 3053 2959 3122 ejus
2979 3052 3189 3106 divortii
3203 3067 3420 3105 causam
3441 3058 3755 3119 cognoscant

2238 3125 2284 3184 et
2317 3127 2566 3182 canonice
2593 3125 2868 3193 deliniant.

2662 3232 2850 3305 [Apud
2879 3229 3071 3297 Mansi,
3102 3227 3256 3303 ibid.]

2240 3349 2513 3406 NICOLAUS
2534 3345 2841 3416 episc0pns,
2862 3356 3052 3397 servus
3066 3354 3345 3395 servorum
3371 3337 3491 3403 Dei,
3508 3336 3760 3394 omnibus

2170 3439 2591 3511 archiepisc0pis
2619 3453 2718 3509 per
2744 3435 2972 3492 Galliam
3000 3441 3056 3488 ct
3077 3431 3423 3487 Germaniam
3450 3429 3765 3485 constitutis

2170 3534 2294 3607 [pro
2326 3529 2580 3604 synodo].

2243 3602 2578 3697 Incognitum
2607 3621 2759 3677 vobis
2785 3633 2909 3675 esse
2941 3633 3048 3673 non
3076 3602 3365 3680 credimus,
3398 3613 3639 3685 qualiter
3666 3626 3766 3682 pro

2172 3719 2380 3774 duabus
2422 3715 2638 3772 feminis
2668 3711 2909 3770 Lotharii
2944 3710 3119 3781 regis,
3159 3706 3415 3763 Ecclesia:
3458 3705 3553 3760 Dei
3598 3704 3768 3760 facies

2170 3813 2347 3871 illiciti
2384 3809 2640 3867 connubii
2673 3822 2826 3863 nzcvo
2870 3818 3090 3875 aspersa
3133 3801 3237 3863 sit,
3270 3799 3353 3856 vel
3383 3798 3621 3870 qualiter
3658 3813 3765 3852 una

2176 3906 2391 3978 repulsa
2434 3903 2575 3960 idem
2618 3916 2715 3957 rex
2751 3907 2975 3954 alteram
3005 3895 3104 3952 sibi
3138 3893 3555 3949 sceleratissime
3598 3878 3766 3958 copu-

2174 3998 2389 4054 laverit.
2422 3995 2662 4063 Quarnm
2707 3992 2858 4062 prior
2900 3987 3241 4058 Tlteutberga
3271 3982 3491 4039 nomine
3512 4022 3527 4045 ,
3554 3997 3655 4051 pro
3681 3980 3765 4034 sui

2174 4091 2402 4162 repudio
2458 4087 2656 4142 acriter
2704 4062 2931 4148 dolens,
2990 4095 3088 4153 per
3137 4078 3391 4133 emissam
3439 4074 3763 4141 legationem

2174 4200 2341 4256 super
2382 4184 2482 4238 hoc
2522 4178 2739 4250 negotio
2774 4175 2918 4231 sedis
2966 4181 3166 4227 nostra:
3193 4166 3453 4240 expetivit
3474 4164 3764 4234 judicium.

2176 4277 2256 4333 Ex
2285 4292 2389 4346 qua
2419 4290 2476 4329 re
2505 4273 2666 4327 unius
2704 4268 2873 4341 partis
2903 4280 3124 4322 causam
3152 4262 3270 4317 sine
3294 4259 3465 4315 altera
3496 4256 3764 4325 judicare,

2178 4367 2498 4425 canonicum
2547 4363 2664 4419 fore
2712 4360 2932 4416 minimc
2960 4355 3231 4412 duximus.
3272 4350 3574 4423 Statuimus
3633 4360 3764 4417 ergo

2180 4460 2574 4517 fraternitatem
2602 4463 2840 4510 vestram
2882 4449 3037 4504 Mctis
3062 4447 3373 4509 collectam,
3413 4442 3619 4513 pariter
3646 4453 3766 4493 cum

2188 4552 2379 4624 legatis
2407 4549 2609 4605 nostris
2652 4545 2892 4618 ejusdem
2936 4539 3178 4597 Lotharii
3211 4550 3429 4591 causam
3477 4534 3687 4596 audire,
3716 4538 3769 4584 et

2182 4643 2440 4703 canonice
2476 4637 2752 4699 communi
2795 4635 3061 4693 sententia
3108 4630 3356 4689 definire.
3401 4627 3590 4697 Itaque
3617 4626 3767 4696 juxta

2180 4745 2439 4794 statutum
2480 4741 2751 4795 nostrum,
2782 4742 2903 4785 cum
2945 4727 3081 4781 duos
3116 4720 3250 4779 alias
3284 4722 3336 4776 in
3362 4728 3547 4791 partes
3577 4716 3771 4769 fratres

2179 4838 2399 4888 nostros
2428 4814 2826 4883 destinaremus
2853 4820 3154 4892 episcopos,
3186 4813 3385 4869 accidit
3424 4808 3492 4863 ad
3531 4814 3769 4862 nostram

2179 4922 2431 4980 notitiam
2484 4915 2809 4988 pervenire,
2860 4909 3002 4982 quod
3055 4903 3379 4967 Lotharius,
3418 4899 3676 4971 'legitiuta
3719 4904 3772 4949 et

2180 5014 2355 5087 prima
2387 5009 2602 5081 repulsa
2632 5005 2894 5067 muliere,
2946 4999 3237 5057 secundam
3279 4993 3379 5051 sibi
3411 4991 3607 5047 ascivit
3646 5002 3773 5042 con.

2178 5080 2385 5175 jugem,
2418 5112 2594 5169 neque
2643 5095 2788 5152 sedis
2832 5102 3030 5148 nostne
3068 5088 3296 5160 petitum
3344 5098 3409 5138 ac
3445 5080 3771 5153 promissum

2183 5168 2447 5266 judicium
2478 5168 2804 5260 exspectans
2841 5196 3017 5254 neque
3046 5177 3310 5235 canonico
3330 5171 3537 5245 judicio
3565 5168 3776 5238 uspiam

2188 5259 2730 5349 succumbens.VQua
2773 5295 2842 5334 ex
2886 5292 2947 5331 re
2988 5274 3116 5345 quid
3158 5270 3301 5326 aliud
3330 5267 3493 5322 datur
3529 5259 3773 5331 intelligi,

2187 5382 2292 5439 nisi
2344 5380 2471 5451 quia
2508 5376 2599 5433 ubi
2652 5372 3007 5445 plurimorum
3051 5365 3311 5438 judicium
3361 5355 3655 5430 praevenit,
3704 5350 3776 5405 ibi

2187 5489 2287 5530 suo
2319 5444 2526 5542 judicio
2573 5444 3049 5537 praevaricatorem
3096 5472 3155 5513 se
3204 5447 3500 5510 indicavit?
3545 5444 3615 5501 Et
3660 5444 3778 5498 ideo

2191 5539 2572 5623 universaliter
2598 5559 2737 5614 hanc
2770 5550 3098 5610 fraternitati
3124 5555 3316 5629 vestrae
3345 5539 3658 5613 apostolica:
3686 5552 3780 5593 att-

557 5726 589 5755 ι
631 5712 708 5771 De
727 5711 1069 5783 Tbcutberga
1100 5717 1158 5766 et
1187 5708 1485 5765 Wuldrada
1512 5708 1635 5765 vide
1664 5709 1842 5763 Vitam
1864 5706 1922 5762 S.
1954 5702 2152 5760 Deicoli
2204 5709 2334 5759 tom.
2358 5698 2422 5755 ll.
2448 5698 2707 5754 Actorum
2722 5695 2838 5751 0rd.
2866 5691 2923 5749 S.
2950 5684 3262 5751 Benedicti,
3293 5697 3414 5771 pag.
3448 5679 3570 5735 lli.
3601 5678 3774 5735 "Alib-
