4070 6310
347 301 449 359 8M

1557 283 1915 342 El’lSTOLA'I
1950 284 2039 339 ET
2080 283 2422 341 DElZRETA.

3530 299 3637 358 801

348 415 618 474 ctoritatis
680 410 962 482 epistolam
1023 406 1445 468 destinavimus,
1498 412 1557 457 ut
1614 401 1937 457 Christiana!
1967 404 2012 463 Α
2041 401 2454 469 praesidentilms
2497 403 2741 461 adunare
2786 406 3070 475 debeatis,
3118 421 3176 468 et
3216 429 3324 471 una
3383 432 3508 473 cum
3554 423 3638 478 eis

349 506 631 580 religionis
662 504 779 559 zelo
832 501 1068 565 accensi,
1105 500 1311 571 pariter
1353 512 1474 551 tum
1514 494 1696 550 missis
1732 491 1939 548 nostris

348 600 532 655 Metint
590 592 1042 668 proticiscamiui,
1100 591 1332 660 illucque
1375 588 1690 643 Lotharium
1734 596 1936 642 convo-

347 702 540 748 cantes
591 687 860 753 audiatis,
911 695 968 742 et
1014 686 1067 741 in
1116 699 1240 741 eum
1298 681 1620 739 canonicum
1675 678 1939 750 judicium

348 783 665 856 proferatis.
705 780 858 849 Quod
892 780 938 836 si
966 777 1152 833 venire
1178 775 1465 839 distulerit,
1495 783 1551 831 et
1580 791 1610 830 a
1648 772 1939 844 prtesentia

349 891 409 932 se
439 874 691 947 synodali
722 872 1082 943 prtesentibus
1122 868 1313 941 legatis
1357 867 1558 922 nostris
1600 864 1938 928 subduxerit,

349 979 405 1025 et
447 971 517 1025 ad
561 967 939 1040 pamitentiam
973 981 1038 1021 ac
1076 962 1499 1021 satisfactionem
1533 959 1794 1030 repedare
1841 957 1943 1013 mi-

352 1062 498 1118 nime
547 1062 851 1124 curaverit,
898 1061 970 1115 ita
1013 1069 1072 1113 ut
1118 1055 1530 1129 prteseutialiter
1573 1055 1638 1109 ad
1676 1054 1941 1124 synodum

357 1170 541 1209 coram
598 1152 778 1207 missis
828 1150 1032 1206 nostris
1080 1148 1502 1207 satisfacturos,
1547 1153 1602 1199 et
1654 1160 1682 1199 a
1738 1144 1942 1198 scelere

357 1260 673 1301 recessurus
720 1252 1005 1309 occurrat;
1055 1242 1202 1297 illum
1238 1241 1306 1298 de
1334 1249 1534 1296 caetero
1573 1236 1945 1292 exeonunnui-

355 1342 535 1389 catum
583 1334 891 1398 reddemus,
920 1341 976 1387 ct
1003 1332 1242 1402 quandin
1279 1331 1333 1385 in
1364 1330 1465 1385 hoc
1494 1326 1874 1399 permanserit,
1910 1341 1942 1381 a

359 1425 527 1481 totius
552 1424 808 1481 Ecclesia:
835 1424 1108 1480 consortio
1137 1421 1398 1479 faciemus
1434 1430 1731 1477 exsortem.

1083 1556 1233 1614 XXI.

443 1669 513 1710 ΔΙ)
549 1666 830 1710 ειηεεοῐιος
870 1666 923 1705 IN
961 1666 1207 1706 CONCILIO
1250 1664 1476 1705 METEXSI
1524 1659 1869 1701 aestuamus.

984 1765 1162 1836 (Anno
1185 1760 1336 1832 eos.)

362 1859 432 1916 Ut
462 1860 798 1931 Theutbergar
834 1874 1051 1931 causam
1098 1856 1405 1931 exaudirent
1422 1872 1484 1909 ac
1509 1854 1786 1923 tte/iuiau',
1814 1868 1943 1907 cou-

756 1931 967 2001 ciliique
994 1927 1126 1982 Acta
1155 1928 1223 1982 ad
1250 1943 1306 1981 se
1337 1928 1563 1980 mittant.

862 2039 1040 2113 [Apud
1070 2038 1261 2105 Mansi,
1294 2037 1449 2111 ibid]

434 2153 705 2212 NICOLAL'S
720 2154 1025 2223 episcopus,
1049 2167 1239 2207 servus
1261 2165 1540 2206 servorum
1565 2148 1681 2213 Dei,
1698 2147 1949 2203 omnibus

365 2248 823 2305 reverentissimis
866 2245 1287 2315 archiepiseOpis
1316 2243 1680 2300 confratribus
1725 2240 1948 2308 nostris,

365 2352 422 2397 et
474 2340 746 2411 ,episcOpis
795 2339 850 2395 in
910 2337 1143 2395 concilio
1193 2335 1556 2392 residentibus
1601 2336 1745 2405 quod
1793 2331 1950 2388 llletis

364 2436 688 2493 celebratur.

439 2539 465 2567 η
493 2524 831 2580 Reverentia:
857 2522 1178 2580 sacerdotali
1205 2530 1334 2577 tunc
1369 2521 1582 2577 debitus
1630 2519 1804 2575 honor
1850 2517 1950 2572 im-

363 2616 641 2685 penditur,
675 2629 798 2668 cum
845 2628 940 2668 eos
987 2614 1041 2667 in
1089 2613 1371 2675 omnibus,
1421 2626 1544 2680 qure
1586 2611 1655 2664 ah
1701 2608 1805 2663 illis
1849 2607 1951 2662 sub

365 2705 635 2776 aequitatis
682 2704 972 2759 libramine
1014 2702 1129 2773 geri
1178 2701 1406 2763 debent,
1434 2699 1694 2754 trutinam
1740 2695 1953 2751 miseri-

365 2800 565 2857 cordia:
609 2814 733 2855 cum
780 2798 935 2853 lance
975 2795 1313 2852 rectitudinis
1353 2801 1537 2848 tenere
1563 2790 1948 2860 conspicimus,

365 2902 423 2947 et
452 2890 681 2946 tenendo
704 2888 902 2944 nullius
936 2888 1120 2941 favore
1145 2885 1361 2950 retenti,
1391 2892 1485 2938 aut
1505 2893 1951 2953 quorumcuuque

367 2982 668 3037 terroribus
708 2979 968 3050 permoti,
1006 2977 1088 3032 vel
1131 2977 1294 3031 etiam
1336 2974 1642 3030 numerosis
1685 2970 1950 3041 pecuniis,

364 3083 462 3130 aut
520 3074 783 3129 honorum
847 3067 1289 3141 amplitudinibus
1348 3082 1379 3121 a
1450 3064 1693 3119 tramite'
1723 3060 1949 3133 iustitiae

367 3164 749 3237 quoquomodo
796 3163 1037 3218 inclinati
1091 3166 1487 3232 permutantur.
1535 3155 1643 3212 Sed
1690 3161 1951 3224 quantum

363 3260 450 3313 eis
489 3273 617 3326 erga
663 3258 940 3328 proximos
973 3255 1029 3309 in
1066 3252 1407 3309 discutiendo
1437 3264 1567 3304 cura
1610 3245 1952 3309 conceditur,

367 3361 576 3408 tantum
641 3352 725 3405 his
790 3349 909 3404 sine
962 3360 1319 3418 personarum
1380 3345 1693 3412 acceptione
1748 3340 1815 3393 ad
1870 3338 1954 3393 sui

367 3442 667 3500 custodiam
703 3456 874 3513 pavor
896 3454 1016 3494 cum
1041 3437 1157 3493 zelo
1179 3435 1521 3491 rectitudinis
1561 3431 1747 3504 procul
1791 3430 1956 3487 dubio

364 3533 615 3589 adhiberi
646 3532 827 3596 debet,
858 3544 930 3585 ne
955 3529 1302 3584 iunncmores
1327 3526 1469 3581 illius
1496 3522 1808 3594 apostolicae
1832 3535 1957 3576 sen-

368 3624 555 3681 tentia:
594 3624 885 3679 videantur
927 3620 1161 3676 dicentis
1211 3637 1223 3673 :
1279 3615 1648 3688 Unusquisque
1686 3614 1956 3685 propfiam

363 3715 661 3770 mercedem
710 3714 927 3784 accipiet
962 3711 1250 3766 secundum
1292 3725 1445 3763 suum
1476 3707 1707 3761 laborem
1745 3704 1796 3778 (1
1829 3702 1954 3760 Cor.

362 3808 487 3878 tu).
538 3804 673 3860 Nam
726 3820 849 3858 cmn
913 3803 1053 3857 inter
1108 3799 1398 3855 multarum
1461 3796 1956 3852 ecclesiasticarum

352 3913 578 3963 rerum,
622 3911 745 3966 qua:
783 3894 850 3949 ad
889 3893 1121 3949 sahttem
1153 3899 1209 3945 et
1253 3889 1373 3944 fidei
1417 3886 1742 3943 soliditatem
1773 3883 1955 3956 populi

368 3992 467 4047 Dei
511 3992 784 4061 pertinere
824 3989 1100 4051 videntur,
1142 3992 1330 4040 noster
1369 3982 1696 4054 apostolicus
1744 3978 1959 4034 animus

359 4096 568 4137 causas
618 4081 1043 4142 extenderetur,
1088 4077 1157 4132 de
1216 4074 1572 4145 quarumdam
1637 4071 1958 4126 feminarum

372 4175 769 4238 controversia,
812 4172 1170 4241 Theuthergze
1202 4168 1413 4225 scilicet
1437 4176 1600 4238 atque
1630 4164 1954 4230 Waldradte,

368 4267 667 4323 admodum
714 4267 857 4321 sicut
901 4263 1258 4334 quorumdam
1305 4258 1678 4323 referentium,
1710 4256 1837 4327 quia
1864 4269 1961 4324 pa-

364 4362 591 4418 storalis
624 4374 726 4414 nos
748 4373 879 4414 cura
908 4356 976 4411 ad
1000 4356 1325 4411 audiendum
1351 4358 1740 4413 commoverat,
1774 4346 1961 4403 relatio

372 4455 613 4510 intentos
644 4448 897 4513 reddidit,
935 4456 990 4503 et
1028 4463 1099 4503 ne
1137 4447 1318 4516 aliquo
1345 4443 1616 4500 violentiae
1646 4442 1837 4497 morbo
1864 4453 1961 4509 per

373 4548 638 4605 desidiam
682 4560 812 4618 grex
861 4542 1117 4613 fatigetur
1164 4539 1477 4596 Dominicus
1504 4579 1518 4604 ,
1576 4536 1644 4595 ad
1693 4532 1957 4590 medelam

366 4638 763 4712 recuperandae
806 4637 1056 4693 sanitatis
1093 4635 1290 4690 ardore
1334 4630 1617 4688 cbaritatis
1662 4626 1961 4685 ferventius

368 4734 645 4790 invitavit.
678 4730 943 4785 Praedicta
989 4729 1188 4799 quippe
1233 4724 1582 4794 'l‘heutberga
1609 4722 1792 4779 multis
1828 4720 1962 4776 vici-

374 4822 481 4881 bus
518 4822 701 4880 sedem
745 4818 1095 4894 apostolicam
1143 4817 1463 4888 lacrymosis
1511 4815 1707 4871 litteris
1756 4814 1964 4871 studuit

366 4916 651 4989 appellare
689 4932 703 4969 :
745 4916 797 4970 in
846 4914 1042 4984 quibus
1087 4909 1253 4965 affatu
1292 4908 1455 4965 ﬂebili
1503 4923 1696 4978 puram
1747 4922 1807 4963 se
1852 4922 1961 4978 quo

381 5018 670 5067 accusatur
698 5007 946 5070 crimine,
980 5003 1172 5074 inquit,
1200 5010 1361 5072 atque
1396 5001 1683 5057 insontem.
1713 4999 1796 5055 Ad
1819 5000 1966 5071 quod

382 5104 653 5175 negotium
688 5110 744 5155 et
769 5098 958 5171 judieii
992 5095 1397 5156 discretionem,
1424 5092 1562 5148 sicut
1586 5093 1702 5163 jam
1730 5100 1966 5147 vestram

381 5194 780 5249 fraternitatem
822 5203 997 5261 nuper
1037 5203 1134 5259 per
1159 5185 1488 5256 apostolicos
1514 5184 1697 5254 apices
1729 5198 1968 5239 comme-

382 5300 514 5345 nere
556 5286 897 5342 decrevimus
922 5324 937 5349 ,
977 5280 1271 5353 apostolico
1309 5293 1408 5334 vos
1438 5278 1745 5333 hortamine
1778 5277 1968 5332 adesse

381 5380 668 5443 volumus,
732 5385 1001 5446 quatenus
1054 5388 1085 5428 a
1136 5372 1398 5443 pontificii
1432 5370 1603 5425 nostri
1652 5369 1825 5424 latere
1873 5384 1967 5423 ve-

383 5471 657 5526 nientibus
709 5468 935 5535 missis,
985 5464 1297 5539 synodicam
1344 5463 1455 5521 illic
1506 5461 1964 5527 celebrationem,

367 5562 677 5633 apostolica
704 5559 822 5615 fulti
854 5559 1202 5622 auctoritate,
1238 5570 1363 5612 cum
1401 5554 1741 5611 fraternitate
1783 5562 1967 5610 vestra

457 5683 482 5712 α
522 5670 674 5726 lianc
717 5669 1001 5742 epistolam
1049 5669 1101 5723 in
1147 5667 1306 5742 editis
1356 5666 1709 5742 conciliorum
1758 5664 1968 5742 mendis

369 5744 515 5801 'binc
544 5744 666 5799 inde
696 5738 998 5798 scatentem
1023 5739 1306 5797 emendavi
1333 5741 1402 5796 ad
1442 5754 1688 5796 normam
1714 5738 1969 5795 editionis

2040 492 2390 563 vigilantius,
2441 496 2560 550 sine
2601 497 2905 557 dolositatis
2952 505 3199 572 macula,
3246 509 3333 564 vel
3390 509 3637 569 fomento

2040 582 2273 648 invidia),
2309 596 2402 640 aut
2431 587 2539 643 odii
2585 591 2938 657 nutrimento,
2966 609 3085 663 quae
3113 608 3339 667 possunt
3377 602 3639 663 homines

2041 687 2071 728 a
2112 676 2199 729 via
2239 678 2487 735 veritatis
2530 691 2877 760 pervertere,
2907 694 2965 740 et
3001 702 3031 741 a
3073 689 3209 744 calle
3261 692 3637 761 rectitudinis,

2040 766 2178 836 proh
2231 768 2413 824 dolor!
2462 772 2760 839 declinare,
2806 791 3025 848 semper
3073 780 3240 836 Deum
3293 798 3405 853 pra:
3464 786 3640 842 oculis

2045 856 2327 925 habentes,
2360 876 2619 931 personas
2660 866 2984 937 principum,
3021 880 3076 925 et
3125 881 3386 941 terrores,
3423 877 3526 947 qui
3571 880 3639 932 ad

2046 958 2256 1022 tempus
2292 954 2596 1022 insurgunt,
2626 967 2680 1012 et
2712 959 2765 1012 in
2799 971 3039 1032 tempore
3070 964 3349 1031 finiuntur,
3388 983 3490 1024 con
3504 976 3644 1024 tem-

2046 1054 2267 1111 nentes,
2316 1048 2447 1117 quid
2494 1048 2546 1102 in
2595 1050 2680 1104 his
2723 1052 2957 1122 justius,
2989 1056 3187 1125 quidve
3218 1060 3467 1116 veraeius
3516 1076 3641 1116 cum

2044 1136 2170 1193 fatis
2215 1139 2398 1194 missis
2444 1142 2641 1197 nostris
2674 1144 2917 1201 invenire
2944 1148 3246 1216 volueritis,
3280 1153 3474 1208 horum
3509 1170 3643 1210 cou-

2044 1242 2205 1283 sensn
2257 1229 2486 1285 definire
2534 1242 2590 1288 et
2640 1243 2884 1295 statuere
2923 1240 3113 1309 procul
3142 1242 3305 1298 dubio
3333 1246 3640 1312 studeatis,

2047 1330 2303 1377 caventes
2333 1323 2436 1378 hoc
2474 1326 2616 1394 quod
2662 1342 2762 1398 per
2798 1337 3117 1400 prophetam
3151 1333 3394 1390 dicitur:
3432 1335 3524 1393 Va;-
3558 1340 3641 1393 Itis

2044 1415 2136 1487 qui
2188 1415 2366 1470 dicunt
2404 1416 2596 1472 bonum
2637 1418 2835 1474 malum
2860 1461 2877 1488 ,
2926 1431 2973 1476 et
3020 1422 3217 1478 malum
3257 1425 3450 1485 bouum
3490 1445 3510 1484 :
3546 1431 3639 1502 qui

2044 1516 2244 1574 ponunt
2268 1508 2505 1563 tenebras
2536 1508 2728 1577 lucent,
2754 1524 2801 1565 et
2826 1512 2993 1568 lucem
3029 1517 3263 1571 tenebras
3294 1534 3313 1574 :
3339 1519 3430 1591 qui
3455 1521 3649 1578 dicunt.

2048 1598 2203 1651 dulce
2245 1615 2507 1665 amarum,
2554 1614 2604 1654 et
2648 1618 2890 1657 amarunt
2935 1605 3089 1661 dulce
3130 1608 3266 1677 (lsa.
3304 1609 3389 1680 v).
3421 1610 3554 1673 Nam
3582 1624 3640 1669 et

2046 1691 2358 1762 evangelica
2391 1692 2532 1748 inter
2559 1702 2777 1763 caetera,
2809 1712 2928 1766 qum
2956 1714 3056 1754 nos
3083 1700 3150 1756 ad
3187 1701 3325 1757 bene
3349 1703 3639 1760 vivendum

1978 1766 2026 1829 Β
2053 1781 2296 1847 instruit,
2329 1784 2596 1840 sententia
2640 1787 2893 1844 admouet
2922 1790 3110 1848 dicens
3136 1807 3150 1847 :
3179 1793 3359 1851 Nolite
3390 1798 3640 1864 judicare

2051 1874 2335 1928 secundum
2355 1875 2569 1944 facient,
2591 1879 2681 1932 sed
2692 1879 2899 1948 justum
2913 1881 3179 1950 judicium
3191 1872 3638 1957 judicaletloim.

2050 1964 2162 2035 ix).
2197 1966 2484 2023 Psalmista
2515 1984 2731 2039 quoque
2771 1980 2849 2026 ait
2877 1990 2891 2027 :
2922 1971 2981 2028 Si
3018 1991 3132 2029 vere
3161 1978 3337 2044 utique
3372 1978 3641 2045 justitiam

2050 2054 2347 2126 loquimini,
2367 2058 2517 2127 justa
2547 2059 2810 2128 judicate,
2840 2063 2938 2131 [itii
2972 2064 3244 2120 hominum
3277 2065 3457 2135 (Psaf.
3483 2071 3639 2142 Lvit).

2050 2147 2217 2216 igitur
2239 2165 2361 2205 cum
2389 2152 2560 2206 multa
2587 2155 2717 2220 sint,
2739 2157 2934 2225 quibus
2957 2170 3193 2214 vestram
3219 2142 3640 2231 fr‘aternitatem,

2050 2253 2159 2293 non
2206 2241 2497 2297 oblivionis
2524 2252 2617 2297 aut
2646 2244 2966 2316 ignorantiae
3008 2265 3172 2305 causa
3205 2251 3273 2306 de
3305 2252 3460 2308 vobis
3486 2254 3642 2324 .judi-

2051 2340 2263 2395 cantes,
2294 2332 2390 2388 sed
2434 2336 2723 2392 cbaritatis
2755 2340 2991 2395 studium
3038 2343 3446 2411 amplectentes,
3491 2363 3644 2403 com-

2052 2437 2277 2478 monere
2320 2425 2593 2494 possimus
2642 2445 2656 2480 :
2707 2429 2822 2484 lucc
2868 2430 2990 2487 ideo
3035 2433 3282 2490 sutlicere
3328 2437 3644 2503 credimus,

2051 2515 2176 2586 quia
2222 2516 2289 2570 ad
2336 2516 2487 2585 plura
2519 2533 2615 2573 vos
2647 2528 2700 2573 et
2730 2522 3087 2592 evangelica},
3120 2536 3282 2595 atque
3311 2528 3642 2595 apostolicae,

2051 2610 2492 2680 propheticmqne
2513 2612 2760 2668 lectionis
2789 2615 3039 2686 dogmata
3074 2619 3126 2673 in
3160 2621 3358 2677 talibus
3381 2627 3645 2682 memoria

2052 2699 2436 2755 transcendere
2474 2716 2581 2755 non
2619 2702 2949 2761 dubitamus.
2990 2708 3220 2765 Tantum
3252 2723 3367 2778 est,
3415 2724 3473 2769 ut
3521 2730 3644 2773 cum

2052 2788 2329 2855 aequitatis
2375 2789 2584 2858 justitia
2636 2792 2688 2846 in
2739 2797 2993 2864 praesenti
3041 2800 3481 2872 examinatione,
3529 2806 3647 2863 sine

2052 2879 2236 2949 aliquo
2268 2881 2390 2935 dolo
2413 2883 2494 2935 vel
2523 2883 2736 2939 invidiae
2761 2887 2994 2953 macula,
3025 2890 3167 2946 sicut
3196 2894 3406 2964 praefati
3434 2914 3643 2963 sumus,

2053 2974 2179 3044 quia
2219 2974 2328 3029 Deo
2358 2984 2626 3046 praesente
2673 2979 2929 3036 assistitis
2956 3022 2973 3045 ,
3012 2985 3385 3052 proximorum
3421 3006 3646 3059 causas,

2055 3083 2178 3123 cum
2221 3068 2333 3138 jam
2376 3068 2537 3125 dictis
2568 3071 2751 3128 missis
2776 3075 3012 3140 nostris,
3059 3077 3129 3132 ita
3153 3076 3300 3146 jnste
3327 3091 3383 3136 et
3414 3081 3647 3154 irrcpre-

2056 3161 2399 3217 hensihiliter
2441 3178 2563 3219 cum
2611 3164 2704 3220 Dei
2749 3165 2942 3223 timore
2985 3168 3212 3226 delinire
3241 3175 3536 3243 satagatis,
3584 3187 3645 3233 ut

2050 3253 2270 3309 illorum
2324 3254 2580 3311 omnibus
2632 3266 2936 3328 vestraeque
2991 3263 3300 3320 sanctitatis
3346 3282 3652 3326 consensus

2055 3355 2219 3417 atqtte
2254 3347 2516 3416 judicium
2563 3348 2820 3418 aequitate
2856 3349 3060 3421 fulgere
3102 3353 3372 3409 videatur.
3426 3356 3560 3413 Nam
3602 3360 3647 3414 si

2055 3452 2154 3490 vos
2200 3436 2285 3493 vel
2330 3436 2452 3492 illos
2492 3437 2547 3492 in
2601 3438 2837 3508 aliquam
2869 3452 3098 3509 partem,
3144 3458 3244 3512 pro
3281 3442 3651 3517 cujuscunque

2057 3524 2241 3583 favore
2262 3568 2277 3591 ,
2307 3543 2339 3582 a
2369 3530 2650 3585 canonicis
2675 3538 2730 3586 et
2764 3540 3077 3587 sanctorum
3105 3531 3328 3590 Patrum
3355 3537 3654 3595 institutio-

2057 3619 2241 3682 ntbus,
2269 3620 2414 3687 quod
2439 3634 2547 3674 non
2579 3629 2850 3688 optamus,
2879 3618 3155 3676 declinare
3189 3627 3649 3694 perspexerimus,
3744 3620 3749 3623 ’

2049 3723 2288 3778 arguere
2331 3723 2438 3763 non
2471 3709 2800 3765 dubitamus.
2848 3709 2907 3765 Si
2951 3725 3079 3766 vero
3120 3712 3348 3768 aliarum
3395 3715 3653 3772 ecclesia-

2060 3798 2319 3853 sticarum
2350 3798 2645 3854 utilitatum
2670 3799 2724 3853 in
2750 3799 2939 3854 eodem
2963 3801 3192 3855 concilio
3224 3817 3310 3858 res
3329 3804 3654 3873 acciderint,

2060 3889 2223 3962 digno
2257 3890 2508 3946 examine
2558 3898 2954 3960 pertractantes
2999 3905 3093 3947 cas
3141 3908 3265 3947 cum
3312 3894 3405 3948 Dei
3461 3894 3657 3952 timore

2063 3982 2293 4037 definire
2325 3982 2577 4052 satagite.
2609 3982 2666 4038 Si
2698 3991 2879 4036 autem
2908 3983 3087 4053 aliqua
3129 3984 3183 4040 in
3226 4000 3293 4041 eo
3336 3985 3498 4043 fuerit
3528 4003 3655 4043 cou-

2062 4073 2235 4129 tentio
2261 4081 2403 4137 orta,
2451 4073 2506 4128 in
2546 4089 2653 4146 qua
2684 4073 3019 4130 diiIiuitionis
3064 4091 3267 4147 ponere
3300 4079 3656 4151 nequiveritis

2062 4164 2299 4220 fortasse
2349 4180 2679 4233 censuram,
2726 4176 2920 4223 nostro
2965 4182 3084 4224 eam
3124 4169 3330 4240 judicio
3376 4186 3657 4228 reservare

2064 4256 2364 4312 sancimus.
2386 4258 2695 4314 Statuimus
2715 4268 2918 4325 autem,
2947 4268 3005 4314 ut
3026 4271 3219 4318 cuncta
3241 4278 3362 4332 quae
3386 4263 3438 4317 in
3465 4264 3655 4319 eodem

2063 4350 2295 4406 concilio
2320 4361 2540 4422 peracta
2572 4351 2773 4408 fuerint
2818 4368 2883 4408 ac
2928 4352 3150 4410 definita
3176 4395 3191 4421 ,
3228 4365 3419 4411 nostro
3448 4372 3658 4426 praesu-

1985 4481 2039 4540 Β
2066 4441 2198 4498 latui
2227 4452 2503 4513 gestorum
2540 4446 2685 4501 serie
2718 4444 3097 4501 incunctanter
3123 4445 3442 4514 signiﬁcetis
3478 4463 3491 4499 :
3524 4454 3585 4500 ut
3610 4446 3656 4501 si

2065 4550 2130 4591 ea
2156 4576 2170 4597 ,
2208 4534 2434 4605 justitiaa
2482 4537 2884 4608 pulchritudine
2907 4578 2923 4605 ,
2956 4539 3330 4609 probabilique
3378 4539 3660 4598 sanctione

2067 4629 2288 4685 definita
2337 4632 2819 4701 pcrspexerimus,
2875 4632 2989 4688 Deo
3041 4633 3398 4701 omnipotenti
3455 4635 3662 4705 gratias

2064 4722 2370 4779 referamus
2410 4741 2422 4778 :
2470 4739 2515 4779 SI
2561 4739 2690 4781 vero
2736 4725 3045 4795 iniustitiae,
3095 4725 3239 4795 quod
3278 4741 3563 4794 nommus,
3608 4739 3665 4785 et

2071 4818 2478 4883 contrarietatis
2525 4817 2729 4875 fuerint
2775 4828 2895 4876 acta
2931 4820 3253 4887 intentione,
3283 4837 3348 4877 ea
3396 4839 3664 4882 renovare

2072 4924 2416 4980 summopere
2436 4911 2742 4980 jubeamus.
2773 4910 2965 4967 Missos
2987 4912 3204 4983 quidem
3236 4914 3405 4970 nostri
3438 4915 3661 4986 pontifi-

2070 5000 2173 5063 cii,
2212 5010 2274 5057 ut
2302 5003 2356 5056 in
2392 5002 2567 5071 prima
2598 5001 2825 5072 epistola
2857 5010 3053 5058 vestrae
3083 5003 3358 5060 dilectioni
3391 5006 3664 5075 significa-

2069 5093 2289 5159 vimus,
2342 5109 2442 5165 pro
2489 5094 2813 5164 quibusdam
2864 5093 3247 5153 ecclesiasticis
3293 5096 3618 5153 utilitatibus
3645 5139 3661 5159 ,

2071 5186 2268 5263 quibus
2314 5185 2518 5241 fuimus
2563 5186 2833 5256 occupati,
2880 5186 3151 5243 destinare
3186 5188 3549 5257 nequivimus.
3584 5190 3661 5245 Eu

2069 5278 2289 5335 Christo
2312 5275 2559 5346 iuvante,
2588 5276 2926 5332 strenuitatis
2958 5276 3223 5349 pollentes
3246 5279 3474 5335 scicntia
3503 5289 3662 5350 atque

2075 5370 2323 5427 doctrina
2353 5409 2368 5435 ,
2436 5369 2904 5425 reverentissimos
2967 5385 3112 5425 nunc
3173 5369 3404 5439 dirigere
3472 5370 3666 5425 missos

2076 5459 2457 5523 decrevimus,
2505 5457 2877 5514 Rbadoaldum
2934 5458 3143 5516 scilicet
3190 5472 3355 5530 atque
3400 5458 3663 5515 Joannem

2076 5553 2390 5624 episcopos,
2444 5551 2728 5610 deliciosos
2779 5562 2837 5608 et
2893 5552 3232 5610 consiliarios
3280 5562 3526 5617 nostros,
3573 5551 3683 5631 qui

2080 5666 2236 5721 llum.
2289 5665 2639 5737 epistularum
2684 5666 3090 5727 Pontiliciarum
3136 5683 3226 5738 an.
3279 5668 3407 5725 1501
3457 5683 3470 5720 :
3518 5667 3665 5738 quod

2078 5739 2242 5795 etiam
2273 5748 2327 5795 et
2354 5738 2408 5794 iu
2435 5739 2645 5796 caeteris
2674 5741 2972 5800 praestitum
3001 5748 3105 5796 est.
3133 5737 3320 5793 Massa
