4070 6310
416 240 523 299 805

1774 214 2047 274 NlCOLAl
2080 197 2286 271 mira:
2326 216 2347 269 ι

3586 222 3693 279 θαι

415 352 735 425 praedictum
794 361 919 403 cum
982 351 1161 399 vestra
1219 337 1504 395 sanctitate
1562 331 1849 387 concilium
1876 371 1891 394 ,
1947 338 2004 385 ut
2033 337 2077 393 Α
2106 340 2314 425 qnta‘ct
2344 330 2448 384 tale
2496 326 2609 396 iam
2659 328 2789 384 olim
2824 328 3216 389 aliisevenisse
3256 335 3479 407 regibus
3522 337 3700 395 scitur

417 445 766 518 protulimus,
803 438 1057 495 studeant
1101 435 1395 491 celebrare.
1443 427 1795 497 Otnnipotens
1841 426 2004 489 Deus,

423 537 515 608 qui
547 548 658 591 'vos
696 531 837 588 sacri
870 526 1150 599 rcgiminis
1195 523 1429 579 culmine
1454 519 2009 608 perornavit,vestrte

420 607 779 684 beatitudinis
805 623 969 679 corda
1012 615 1354 674 rectitudinis
1399 622 1454 667 et
1494 610 1722 681 iustitia:
1762 607 2008 663 claritate

422 719 631 790 repleat
681 726 842 785 atque
865 713 1103 775 decoret,
1132 716 1195 763 ut
1216 708 1267 763 in
1294 705 1545 761 omnibus
1572 702 1768 757 vestris
1798 699 2009 754 actibus

421 800 695 879 aequitatis
737 801 1022 860 videamini
1079 798 1416 870 plenitudine
1474 794 1723 849 rutilare.
1770 791 1907 845 Data
1953 805 2009 845 Ix

432 899 701 955 Kalendas
726 893 1037 952 Decembris
1056 932 1073 958 ,
1110 890 1404 946 indictione
1433 903 1510 942 χι.

1129 1028 1295 1085 XXII.

792 1140 860 1178 AD
898 1135 1147 1179 ελιιοιωι
1187 1134 1400 1202 είιιιιύιι
1447 1130 1642 1172 REGE“.

1020 1212 1199 1284 [Anno
1261 1209 1412 1283 862.]

424 1324 565 1380 Petit
587 1334 643 1379 ut
670 1324 940 1379 Balduino
968 1308 1174 1394 parcat,
1203 1326 1291 1394 qui
1314 1324 1484 1392 ﬁliam
1521 1322 1636 1392 ejus
1666 1330 1935 1392 rapuerat,
1965 1330 2014 1375 et

912 1396 967 1449 in
988 1411 1204 1448 uxorem
1225 1402 1509 1463 acceperat.

926 1508 1103 1582 [Apud
1144 1509 1335 1575 Mansi,
1367 1505 1520 1579 ibid.]

495 1620 766 1678 NICOLAUS
801 1621 1105 1692 episcopus,
1138 1634 1326 1677 servus
1347 1632 1626 1675 servorum
1653 1615 1770 1681 Dei,
1799 1615 2016 1671 Canem

423 1713 661 1785 glorioso
691 1712 805 1784 regi
849 1713 1042 1784 majori
1070 1712 1192 1784 [pro
1227 1711 1532 1784 Balduino].

494 1803 662 1859 Beato
691 1820 756 1858 ac
782 1803 1020 1873 pretioso
1047 1803 1249 1859 Christi
1279 1803 1374 1857 Dei
1401 1804 1571 1858 nostri
1599 1816 1794 1858 cruore
1830 1802 2015 1857 Eccle-

425 1895 506 1948 sia
534 1905 720 1951 sancta
760 1896 1059 1965 redempta,
1105 1904 1162 1950 et
1213 1909 1373 1950 sacro
1400 1894 1567 1964 ipsius
1593 1893 1808 1950 Domini
1855 1908 2017 1963 super

426 1987 656 2043 solidam
683 2001 827 2041 verte
856 1986 980 2042 fidei
1029 1995 1238 2057 petram
1284 1985 1507 2040 fundata
1537 1986 1774 2056 eloquio,
1799 1986 2017 2056 pictatis

427 2094 540 2134 suae
563 2080 769 2135 viscera
786 2079 1081 2145 omnibus,
1112 2093 1221 2134 non
1268 2078 1442 2133 solum
1474 2093 1612 2148 quos
1646 2093 1715 2132 ex
1755 2091 1896 2147 aqua
1925 2092 2017 2132 re-

430 2170 708 2240 generavit
742 2178 797 2225 et
836 2169 1056 2239 spiritu,
1103 2167 1560 2239 delinquentibus,
1614 2182 1805 2222 verum
1853 2166 2018 2221 etiam

430 2268 694 2330 quotquot
715 2260 857 2316 sacri
878 2260 1108 2317 necdum
1135 2259 1269 2315 lavit
1292 2261 1433 2315 unda
1455 2258 1821 2330 baptismatis,
1847 2266 2017 2329 patet,

432 2359 596 2424 atque
613 2352 819 2423 gremio
839 2351 1143 2423 gratulatur
1176 2350 1360 2408 fovere
1381 2351 1606 2407 salubri.
1624 2351 1786 2409 Unde
1811 2353 1881 2408 ab
1905 2352 2021 2422 ipso

431 2440 785 2497 institutionis
819 2442 936 2512 ejus
957 2443 1197 2505 exordio,
1232 2442 1300 2496 ad
1334 2457 1455 2497 eam
1490 2458 1702 2506 omnes,
1749 2443 1899 2497 velut
1953 2443 2020 2497 ad

430 2534 578 2604 pium
601 2520 935 2589 eliarissimre
955 2533 1235 2605 genitricis
1248 2535 1534 2603 gremium,
1552 2534 1843 2605 confugere
1860 2536 2019 2606 digna

432 2627 715 2680 devotione
744 2632 1057 2695 procurent,
1090 2625 1181 2695 qui
1212 2641 1272 2681 se
1302 2625 1355 2679 in
1397 2625 1579 2694 aliquo
1605 2624 1791 2696 ﬂagitii
1818 2625 2025 2681 scelere

427 2718 613 2790 jacere
639 2727 970 2790 cognoscunt
993 2736 1006 2771 :
1037 2725 1095 2773 ut
1122 2733 1218 2788 per
1244 2717 1579 2787 spiritualem
1620 2718 1880 2790 gratiam,
1903 2734 2023 2788 qua:

433 2808 538 2863 rite
583 2808 813 2880 ignoscit
860 2808 1272 2878 paenitentibus,
1323 2823 1354 2862 a
1406 2818 1757 2878 peccatorum
1797 2811 2027 2867 nexibus

433 2898 802 2953 absolvantur.
833 2898 900 2953 Et
938 2899 1195 2970 quoniam
1232 2897 1299 2951 ad
1351 2897 1492 2952 hanc
1543 2908 1789 2953 sanctam
1821 2899 2021 2954 Roma-

436 3004 580 3055 nam,
612 2990 699 3045 cui
746 2990 856 3044 Deo
898 3000 1122 3044 auctore
1170 2988 1877 3067 tleservitnus,.Ecclesiam,
1904 3006 2024 3060 qua:

2105 421 2494 492 indulgentiam
2535 423 2758 490 pariter,
2788 433 2855 479 et
2882 425 3179 495 plenariam
3225 430 3455 499 gratiam
3504 431 3700 503 largia-

2105 514 2258 578 mini,
2285 524 2346 569 ut
2372 529 2567 570 vestrae
2590 515 2965 586 amplitudinis
3001 517 3173 576 fretus
3202 521 3544 593 benignitate
3566 540 3698 581 con-

2108 609 2283 671 sistat,
2307 617 2630 679 maneatque
2652 609 2794 665 inter
2815 619 3041 666 exteros
3062 612 3216 669 vobis
3240 614 3429 671 ﬁdeles
3448 632 3697 675 securus.

2107 698 2205 753 Cui
2232 713 2363 754 sane
2391 698 2514 754 ideo
2535 709 2729 756 vestra:
2767 701 3115 759 sublimitatis
3146 705 3378 774 gratiam
3404 716 3463 761 ut
3490 709 3701 765 tribuao

2111 789 2180 844 tis
2199 789 2560 859 deposcimus,
2582 805 2690 845 non
2717 791 2890 847 solum
2914 793 3043 862 quia
3073 794 3165 864 pio
3200 809 3390 852 amore
3423 799 3701 863 omnibus,

2110 882 2201 952 qui
2237 882 2418 952 aliquo
2445 882 2646 938 fuerint
2681 884 2903 940 sceleris
2943 887 3198 958 contagio
3230 887 3509 953 maculati,
3545 889 3707 957 huius

2114 973 2419 1043 apostolica:
2442 975 2586 1030 sedis
2605 990 2786 1046 opem,
2811 986 2974 1048 atque
3004 978 3458 1044 miscricordiam.
3484 990 3542 1036 et
3560 995 3704 1051 pne-

2112 1065 2308 1120 sidium
2332 1065 2751 1137 postulantibus,
2783 1068 3082 1139 humilique
3128 1070 3417 1127 devotione
3445 1087 3704 1143 quaeren-

2115 1158 2277 1223 tibus,
2299 1174 2400 1230 pro
2419 1160 2679 1230 qualitate
2707 1161 2836 1218 facti
2861 1163 3153 1220 subvenire
3179 1164 3481 1222 debemus:
3514 1180 3705 1221 verum

2113 1250 2278 1304 etiam
2309 1259 2612 1307 metuentes
2647 1266 2714 1306 ne
2752 1261 2977 1323 propter
3005 1254 3140 1308 iram
3171 1254 3710 1327 indignationemque

2117 1342 2494 1412 vestram-ipsi:
2524 1342 2819 1400 Balduinus
2853 1345 3033 1415 impiis
3075 1342 3489 1413 Northmannis,
3521 1354 3579 1400 et
3606 1347 3713 1402 ini.

2116 1433 2271 1488 micis
2297 1432 2550 1488 Ecclesiae
2572 1447 2630 1488 se
2649 1443 2853 1489 sancta:
2875 1436 3183 1506 coniungat,
3207 1444 3263 1491 et
3286 1436 3340 1491 in
3365 1436 3566 1508 populo
3586 1437 3707 1501 Dei,

2118 1539 2303 1594 quem,
2328 1524 2578 1595 prudenti
2608 1522 2834 1581 consilio
2877 1536 3164 1597 menteque
3187 1527 3442 1592 sollicita,
3492 1529 3710 1585 salvum

2119 1624 2175 1671 et
2202 1614 2523 1670 incolumem
2570 1631 2757 1687 regere
2791 1626 2843 1673 et
2875 1618 3179 1688 gubernare
3222 1620 3452 1686 debetis,
3486 1622 3710 1694 aliquod

2052 1692 2096 1751 Β
2126 1706 2334 1774 ingerat
2376 1704 2697 1775 periculum,
2738 1716 2791 1762 et
2844 1708 3082 1765 scandali
3126 1710 3394 1778 fomitem,
3440 1714 3535 1783 qui
3577 1692 3713 1769 lide-

2116 1798 2247 1851 lium
2309 1807 2482 1853 coetus
2539 1800 2933 1870 depopuletur,
3014 1802 3320 1870 immittat;
3374 1812 3432 1861 et
3484 1806 3558 1861 ab
3604 1807 3713 1863 hoc

2118 1905 2309 1944 ammre
2362 1901 2553 1946 vestrm
2584 1932 2600 1956 ,
2662 1895 2806 1961 qum]
2853 1894 3013 1962 absit,
3060 1897 3338 1968 contingat
3390 1899 3709 1956 discrimen.

2120 1982 2346 2035 Dextera
2402 1999 2498 2037 vos
2547 1999 2796 2054 superna:
2836 1995 3086 2057 protegat
3136 1988 3436 2059 majestatis
3470 2029 3487 2056 ,
3539 2002 3594 2046 et
3642 1992 3715 2046 ab

2118 2075 2371 2129 onrdbus
2420 2089 2634 2146 semper
2681 2078 3099 2134 adversitatibus
3170 2080 3368 2137 illaesos
3434 2084 3717 2139 custodire

2119 2167 2387 2235 dignetur.
2433 2166 2568 2223 Data
2631 2185 2687 2224 ιιι
2730 2169 2997 2225 Kalendas
3040 2171 3392 2240 Decembris,
3464 2175 3716 2232 indictio-

2120 2274 2189 2313 ne
2240 2274 2314 2313 XI.

2817 2351 3002 2408 XXIII.

2496 2476 2561 2516 AD
2597 2477 2699 2516 llEIl
2709 2478 3033 2519 IlI-INTRUDEII
3073 2479 3328 2521 REGI-3AM.

2741 2574 2918 2645 (Anno
2945 2575 3096 2648 862.)

2126 2686 2408 2742 lutei-cedit
2452 2704 2546 2759 pro
2589 2686 2886 2761 Balduina,
2916 2690 3007 2756 qui
3037 2690 3109 2761 ad
3135 2705 3285 2759 opem
3314 2688 3722 2759 implorandum

2612 2812 2622 2820 ,
2656 2762 2711 2812 in
2740 2757 2931 2813 Urbem
2959 2757 3189 2813 venerat.

2634 2866 2809 2940 [Apud
2840 2868 3033 2935 Mansi,
3060 2867 3216 2942 ibid.'|

2200 2984 2471 3041 Nicetius
2513 2983 2832 3055 episcopus,
2861 2998 3050 3040 servus
3088 2998 3375 3041 servorum
3402 2983 3533 3051 Dei,
3566 2985 3720 3041 Bn-

435 3081 505 3135 ob
533 3049 612 3135 sui
640 3079 904 3151 privilegii
926 3079 1310 3149 principatum,
1333 3093 1441 3148 quo
1467 3049 1696 3135 ceteras
1721 3081 1814 3135 Dei
1832 3049 2023 3136 Ecclc-
2052 3049 2097 3113 α
2129 3090 2404 3134 ιιειιτιιυυι
2430 3049 2632 3146 regina:
2663 3049 2787 3148 [pro
2813 3074 3118 3147 Balduino].

436 3178 547 3232 sias
571 3180 704 3231 orbe
734 3176 986 3231 universo
1012 3174 1233 3230 diffusas
1259 3174 1473 3230 excellit
1517 3174 1795 3240 divinitus,
1833 3176 1902 3231 de
1943 3176 2026 3231 di—

436 3268 610 3323 versis
648 3267 833 3322 mundi
872 3267 1116 3336 partibus
1142 3266 1381 3335 quotidie
1411 3266 1564 3323 multi
1617 3268 1839 3323 sceleris
1887 3266 2028 3324 mole

436 3359 682 3430 Oppressi
707 3357 1049 3429 confugiunt,
1077 3358 1452 3413 remissionem
1493 3358 1727 3423 scilicet,
1756 3368 1812 3412 et
1838 3359 2027 3413 venia-

438 3449 543 3505 lem
571 3449 672 3504 sibi
714 3438 954 3518 gratiam
1000 3447 1165 3502 tribui
1218 3447 1447 3518 supplici
1498 3456 1555 3504 et
1597 3448 1800 3520 ingenti
1846 3448 2029 3505 cordis

438 3556 676 3596 mmrorc
696 3552 983 3612 poscentes
1010 3557 1023 3593 :
1052 3555 1080 3593 a
1109 3554 1213 3609 qua
1238 3555 1367 3595 vero
1386 3541 1457 3596 ob
1484 3540 1696 3612 insigne
1724 3541 2029 3597 dilectionis

437 3634 713 3698 meritum,
738 3641 794 3688 et
840 3633 1035 3689 debitae
1065 3634 1459 3703 eompassionis
1484 3634 1741 3705 gratiam,
1773 3636 1906 3690 recti
1958 3635 2029 3690 li-

438 3723 700 3778 braminis
727 3722 986 3777 auxilium
1012 3723 1221 3778 cunctis
1246 3722 1348 3777 fida
1378 3724 1686 3793 petentibus
1726 3724 2030 3779 intentione

441 3815 699 3869 tribuitur
726 3824 889 3885 atque
942 3814 1188 3883 largitur.
1216 3815 1424 3870 Idcirco
1450 3816 1516 3871 ad
1548 3815 1861 3871 beatissima
1908 3832 2033 3873 sau-

442 3902 652 3960 Ctorum
674 3905 1051 3981 apostolorum
1071 3905 1381 3975 principum
1406 3906 1552 3961 Petri
1579 3922 1641 3961 ac
1666 3905 1817 3960 Pauli
1845 3906 2034 3961 confu-

443 4017 571 4071 gere
599 4000 804 4064 limina,
836 4009 1189 4069 nostrumque
1218 3997 1555 4068 pontiﬁcium
1578 3999 1892 4065 Balduinns,
1935 4016 2030 4057 va,—

445 4090 611 4144 sallus
635 4100 832 4155 vester,
859 4090 1071 4144 ardenti
1119 4090 1302 4144 animo
1337 4090 1597 4145 accedere
1638 4089 1846 4144 studuit
1876 4108 1888 4144 :
1941 4088 2031 4158 qui

446 4189 682 4236 vestram
714 4194 771 4236 sc
800 4180 999 4234 habere
1045 4181 1493 4250 indignationem,
1541 4195 1607 4235 eo
1659 4180 1807 4249 quod
1846 4178 2032 4235 Juditb

447 4270 614 4326 tiliam
648 4280 907 4334 vestram,
960 4268 1108 4324 illum
1163 4286 1272 4339 pra:
1310 4270 1524 4325 cst-teris
1551 4269 1883 4340 diligentem,
1919 4269 2037 4323 sine

445 4373 642 4419 vestrae
690 4362 981 4417 voluntatis
1026 4378 1292 4417 consensu
1344 4363 1395 4417 in
1452 4362 1760 4434 coujugium
1789 4363 2034 4434 elegerit,

448 4470 676 4526 eamque
706 4455 972 4511 volentem
997 4455 1224 4524 accepit,
1246 4470 1341 4509 ore
1357 4456 1577 4525 proprio
1598 4455 1797 4511 retulit.
1830 4456 2031 4523 Qnam-
2066 4437 2112 4496 ί)

447 4548 635 4602 obrcm
684 4547 994 4619 przesulatui
1032 4557 1219 4602 nostro
1271 4563 1460 4618 preces
1505 4549 1851 4608 multimodas
1876 4550 2032 4615 fudit,

448 4655 610 4694 orans
639 4650 693 4694 ct
717 4649 907 4711 petens
945 4639 1165 4704 obnixe,
1198 4649 1259 4693 ut
1284 4640 1670 4711 magnitudinis
1699 4651 1894 4697 vestra:
1940 4658 2037 4712 per

450 4740 690 4786 nostram
727 4731 1179 4786 interventioncm
1207 4730 1430 4799 adipisci
1461 4731 1689 4801 gratiam
1713 4745 2033 4787 mereretur.

450 4820 615 4889 Cujus
644 4838 742 4877 nos
776 4821 984 4877 crebris
1013 4822 1386 4892 petitionibus,
1417 4830 1473 4875 et
1517 4821 1906 4879 misericordiae
1932 4824 2040 4878 lar-

449 4914 618 4985 gitate
662 4914 939 4980 cornmoti,
991 4924 1224 4970 vestram
1268 4913 1503 4985 regalem
1533 4913 1905 4971 excellentiam
1952 4917 2038 4972 his

451 5001 783 5075 apostolatus
811 5006 981 5059 nostri
1011 5006 1280 5077 apicibus,
1330 5006 1796 5078 p:a:sentibusqne
1822 5006 2036 5079 legatis,

450 5092 766 5148 Rhadoaldo
807 5095 1054 5152 videlicet
1103 5107 1158 5153 et
1198 5095 1440 5161 Joanne,
1485 5097 1940 5153 reverentissimis
1983 5106 2038 5153 et

434 5180 811 5244 sanctissimis
837 5189 1119 5260 episcopis,
1153 5189 1429 5246 deliciosis
1475 5191 1698 5255 nostris,
1730 5190 1885 5245 valde
1911 5204 2035 5260 pre-

448 5295 660 5346 camur,
693 5288 754 5335 ut
781 5294 881 5350 pro
909 5278 1036 5335 Jesu
1080 5279 1282 5338 Christi
1333 5281 1548 5339 Domini
1606 5281 1773 5336 nostri
1818 5297 2034 5351 amore,

447 5381 504 5425 et
530 5379 845 5426 sanctorum
889 5372 1254 5441 apostolorum
1298 5373 1449 5430 Petri
1501 5388 1566 5430 ac
1595 5373 1770 5439 Pauli,
1800 5388 2034 5444 quorum

448 5464 709 5521 auxilium
740 5462 854 5535 ipse
878 5464 1192 5531 Balduinus,
1219 5467 1388 5533 magis
1419 5482 1581 5536 quam
1621 5483 1808 5539 regum
1852 5476 2033 5531 terrae,

448 5555 554 5610 lide
582 5555 777 5611 devota
805 5556 1075 5628 quzesivit,
1103 5564 1399 5624 nostraque
1427 5556 1732 5622 dilectione,
1757 5572 1917 5626 quam
1946 5572 2037 5611 vos

448 5648 753 5706 luculenter
796 5651 997 5705 habere
1028 5646 1392 5719 agnoscimus,
1418 5648 1530 5716 jam
1578 5649 1722 5704 dicto
1750 5648 2032 5716 BalJnino,

2198 3168 2466 3224 Fitlelinm
2518 3167 2846 3222 universitas
2897 3167 3144 3237 gentium
3190 3181 3261 3223 ex
3307 3167 3476 3222 variis
3530 3168 3720 3223 mundi

2126 3262 2392 3333 partibus,
2443 3259 2815 3331 cujuscunque
2862 3261 2973 3315 sint
3019 3260 3260 3321 ordinis,
3315 3259 3398 3315 vel
3441 3261 3645 3325 artatis,
3675 3262 3722 3316 si

2127 3371 2234 3425 qua
2266 3354 2407 3410 forte
2431 3354 2682 3410 criminis
2709 3368 2870 3420 noxa,
2898 3352 2981 3408 vel
3013 3354 3286 3410 seniorum
3336 3369 3563 3409 suorum
3610 3353 3724 3410 for—

2128 3446 2333 3502 midine
2379 3445 2711 3511 detinentur,
2740 3445 2809 3499 ad
2851 3446 2990 3500 hanc
3032 3452 3277 3501 sanctam
3319 3447 3566 3502 omnium
3614 3454 3726 3501 ter-

2131 3552 2316 3592 rarum
2370 3547 2602 3592 matrem
2652 3535 2952 3591 Romanam
2997 3535 3328 3603 Ecclesium,
3374 3546 3436 3593 ut
3483 3537 3725 3593 salutare

2132 3630 2436 3700 percipiant
2464 3612 2788 3692 remedium,
2815 3636 3121 3695 recurrunt,
3151 3638 3207 3685 et
3228 3630 3298 3685 ab
3316 3645 3379 3685 ea
3408 3645 3516 3685 non
3547 3630 3722 3685 solum

2134 3720 2348 3785 animm,
2399 3721 2493 3777 sed
2537 3729 2595 3774 et
2633 3719 2878 3790 corporis
2927 3719 3315 3785 salvationem,
3364 3732 3423 3777 ut
3466 3723 3725 3777 omnibus

2134 3823 2284 3884 [natet
2314 3855 2328 3879 ,
2388 3813 2579 3869 humili
2627 3828 2791 3884 prece
2836 3815 3111 3884 suscipere
3156 3824 3468 3885 precantur.
3516 3816 3725 3884 Quibus

2134 3904 2319 3961 imdtis
2362 3904 2625 3960 divinitus
2673 3904 2808 3958 fulta
2852 3904 3297 3970 auctoritatibus,
3325 3913 3383 3961 et
3408 3916 3722 3962 sanctorum

2136 3996 2357 4052 Patrum
2405 3999 2658 4052 roborata
2688 3997 3049 4064 documentis,
3078 4006 3327 4054 materno
3367 4014 3556 4056 amore
3590 3999 3724 4055 sola-

2138 4090 2284 4144 mina
2332 4088 2739 4153 subministrat,
2765 4097 2820 4145 et
2864 4089 3106 4160 sugenda
3136 4091 3305 4146 ubera
3335 4089 3723 4146 consolationis

2138 4182 2516 4253 compatiendo
2559 4180 2761 4237 inferre
2801 4182 3025 4237 minime
3064 4191 3298 4237 recusat.
3348 4182 3417 4237 Et
3456 4183 3585 4253 quia
3638 4183 3721 4238 hic

2139 4274 2457 4339 Balduinus,
2485 4275 2579 4344 qui
2611 4274 2987 4329 charissimam
3033 4273 3196 4329 filiam
3244 4283 3485 4330 vestram
3533 4282 3719 4330 contra

2141 4365 2446 4420 divinarum
2474 4365 2651 4436 legum
2686 4366 2997 4421 sanctiones
3026 4366 3222 4436 rapuit,
3254 4367 3320 4421 de
3364 4366 3452 4421 bis
3497 4381 3559 4422 se
3602 4380 3720 4422 esse

2140 4456 2473 4525 recognov't,
2509 4455 2783 4512 liminibus
2813 4450 3123 4511 sanctorum
3147 4455 3516 4527 apostolorum
3544 4456 3720 4527 lacry-

2141 4548 2308 4603 mosis
2342 4547 2655 4617 maestisque
2681 4548 2932 4617 precibus
2961 4548 3261 4619 lugubriter
3306 4564 3366 4604 se
3412 4547 3637 4614 obtulit,
3669 4557 3722 4604 et

2142 4648 2202 4694 ut
2248 4653 2346 4707 pro
2391 4647 2541 4693 tanto
2584 4638 3191 4708 crimine-apostolicam
3220 4655 3378 4709 opem
3419 4641 3721 4709 acciperet,

2141 4739 2330 4783 nostro
2361 4725 2681 4797 apostolatui
2729 4727 3080 4784 nihilominus
3106 4728 3282 4784 ﬂendo
3307 4744 3368 4785 se
3394 4738 3724 4799 przesentare

2142 4821 2407 4890 qumsivit.
2439 4819 2602 4890 Cujus
2632 4835 2757 4875 cum
2788 4820 3187 4878 lamentabilem
3207 4861 3221 4888 ,
3247 4830 3305 4877 et
3332 4831 3487 4879 tanto
3523 4823 3724 4879 scelere

2140 4911 2355 4981 plenam
2383 4911 2825 4982 cognovissemus
2849 4912 3188 4980 petitionem,
3213 4912 3280 4966 ad
3307 4923 3545 4967 mentem
3571 4911 3724 4969 rediit

2138 5010 2282 5079 quod
2312 5024 2408 5079 per
2434 5007 2750 5077 prophetam
2789 5007 3053 5062 Dominus
3096 5007 3227 5064 dicit
3257 5023 3272 5063 :
3308 5005 3726 5062 Misericordiam

2139 5101 2303 5163 volui,
2333 5110 2381 5154 et
2411 5116 2516 5154 non
2553 5099 2880 5168 sacriﬁcium
2926 5099 3072 5172 (Ore.
3111 5100 3208 5171 vr),
3238 5098 3448 5154 miserti
3491 5098 3726 5161 fuimus,

2139 5202 2195 5247 et
2229 5193 2327 5246 bos
2378 5199 2571 5246 vestrae
2602 5192 2655 5247 in
2699 5191 2918 5247 Christo
2951 5193 3162 5247 dilecta:
3197 5190 3477 5247 industria:
3515 5196 3726 5259 aposto-

2142 5281 2261 5349 lica:
2290 5281 2671 5339 sollicitudinis
2701 5282 2883 5351 apices
2928 5283 3044 5338 fieri
3086 5281 3394 5347 statuimus,
3428 5281 3727 5350 missosque

2141 5373 2306 5429 etiam
2352 5371 2727 5429 Rhadoaldum
2771 5382 2829 5428 et
2869 5371 3130 5429 Joannem
3171 5372 3641 5429 reverentissimos
3674 5378 3727 5425 et

2144 5466 2516 5522 sanctissimos
2555 5465 2876 5539 episcopos,
2911 5465 3197 5522 dcliciosos
3245 5472 3492 5531 nostros,
3530 5479 3634 5536 pro
3661 5477 3724 5518 eo

2143 5568 2339 5615 vestrm
2367 5559 2604 5615 claritati
2628 5560 2942 5621 direximus,
2972 5574 3069 5628 per
3101 5574 3236 5629 quos
3257 5557 3511 5614 obnixius
3538 5556 3725 5626 depre-

2146 5668 2356 5721 camur,
2392 5661 2450 5707 ut
2479 5651 2736 5723 praefatus
2770 5650 3059 5708 Balduinus
3080 5692 3094 5717 ,
3125 5667 3285 5719 quam
3317 5649 3455 5721 apud
3491 5658 3722 5705 vestram
