4070 6310
305 275 412 340 8(ὶῖ
464 308 482 323 ·

1509 259 1868 319 EPISTOLIE
1911 260 1999 314 ET
2038 257 2374 315 DECRETA.

3475 261 3585 322 899

300 399 399 454 per
439 380 805 451 ap05tolorum
851 378 1269 436 intercessiones
1316 374 1590 430 desiderat
1639 371 1886 441 magniﬁ-
1915 376 1959 433 Α
1988 369 2133 425 mine
2190 370 2516 428 defraudare
2573 370 2883 436 tentaveris,
2942 371 3086 427 scias
3143 379 3197 427 te
3262 373 3586 443 pmulatus

301 472 537 527 centiam
584 470 863 534 obtinere,
894 486 992 541 pro
1019 468 1112 524 Dei
1138 482 1328 525 amore
1352 466 1580 538 gratiam
1613 464 1892 533 percipere

303 566 504 627 valeat,
528 571 592 616 et
640 562 707 618 de
750 562 832 616 sui
869 559 1152 616 all‘ectionc
1198 567 1396 614 nostrae
1426 555 1745 627 praesulatus
1770 568 1895 609 ora-

303 654 442 708 culis
481 651 907 707 consolationem
954 659 1226 714 resumat,
1259 657 1531 718 quatenus
1562 646 1654 715 qui
1690 660 1749 700 se
1794 659 1894 715 per

304 743 577 799 Infelicem
611 743 824 814 culpam
857 760 887 796 a
919 757 1110 819 norma
1140 740 1413 809 tequitatis
1437 736 1741 792 declinasse
1785 749 1892 789 non

303 835 568 905 ambigit,
619 832 884 890 medelam
939 832 1303 902 apostolorum
1349 836 1639 900 agnoscat,
1665 836 1721 880 et
1753 822 1895 894 apud

304 924 577 980 seniorem
602 932 840 1001 vestrum
868 922 1132 980 venialem
1153 963 1167 986 ,
1198 921 1349 976 vobis
1382 917 1719 990 iuvantibus,
1748 917 1897 985 vigo-

310 1033 423 1072 rem
443 1017 709 1072 obtineat.
732 1016 960 1070 Dextera
988 1030 1084 1069 vos
1103 1028 1351 1083 superna:
1371 1020 1615 1082 protegat
1646 1008 1898 1078 majesta-

310 1108 397 1171 tis,
429 1109 573 1163 etab
596 1108 849 1162 erunibus
878 1121 1091 1177 semper
1118 1101 1541 1161 adversitatibus
1564 1100 1899 1169 maculisque

312 1199 582 1255 custodire
609 1198 875 1269 dignetur.

1005 1284 1196 1342 XXIV,

543 1395 612 1434 AD
652 1393 967 1435 ετειδιιΑΝυιι
1005 1393 1245 1433 εοιιιτειι
1280 1390 1660 1432 ARVERNORUI.

911 1473 1091 1543 (Anno
1131 1472 1283 1542 862..)

302 1567 466 1628 lubet
519 1576 576 1636 ut
623 1565 869 1636 Siganem
906 1564 1280 1620 Arvernensem
1314 1561 1901 1636 episcopum_Ecclesnc

383 1655 494 1693 sua:
524 1631 723 1707 dejert'o
756 1653 1033 1707 pervasore
1079 1631 1351 1697 restituat,
1372 1644 1418 1707 et
1464 1631 1665 1704 synodo
1696 1631 1898 1703 legato-

386 1724 505 1762 rum
535 1706 599 1762 de
629 1706 845 1778 objectis
872 1707 1244 1775 satisfacturos
1268 1721 1320 1759 se
1344 1706 1517 1759 sistat.

813 1812 991 1888 [Apud
1020 1814 1214 1897 Mansi,
1245 1812 1402 1887 ibiut]

388 1930 658 1988 NICOLAUS
697 1929 1006 2001 episcOpus.
1034 1943 1225 1984 servus
1272 1942 1553 1986 servorum
1596 1926 1713 1983 Dei.
1765 1925 1903 1983 STE-

318 2036 491 2077 ruxso
514 2020 720 2076 comiti.
1164 2076 1169 2081 ,

390 2113 522 2180 Quae
548 2120 604 2166 et
649 2118 853 2181 quanta
897 2119 1088 2166 contra
1116 2109 1408 2166 canonicas
1429 2120 1481 2165 et
1502 2106 1906 2165 ecclesiasticas

318 2204 556 2278 regulas,
580 2203 690 2259 into
734 2212 924 2258 contra
959 2202 1227 2257 naturalia
1251 2202 1375 2273 jura
1406 2201 1756 2271 pertinaciter
1783 2213 1906 2267 ege-

318 2299 413 2361 ris,
441 2297 587 2353 sedis
617 2295 948 2367 apostolicae,
978 2310 1101 2365 quae
1145 2293 1345 2362 ubique
1365 2309 1432 2347 ex
1479 2292 1782 2348 ministerio
1805 2291 1906 2348 sibi

319 2390 527 2446 credito
559 2387 879 2459 spiritaliter
921 2394 1119 2457 pra)le
1167 2394 1275 2451 est,
1302 2384 1665 2455 cognitionem
1687 2383 1908 2439 omnino

321 2496 430 2537 non
464 2480 615 2535 latet.
646 2480 713 2534 Et
741 2480 867 2534 licet
890 2487 1037 2533 tanto
1066 2479 1172 2533 sint
1212 2478 1336 2532 odio
1359 2493 1389 2531 a
1418 2474 1619 2531 nostris
1639 2475 1910 2531 mentibus

325 2570 660 2644 repellenda,
684 2580 745 2626 ut
770 2571 822 2625 in
863 2580 913 2626 te
939 2586 1126 2624 eorum
1157 2570 1535 2624 auctoritatem
1568 2568 1761 2623 merito
1787 2568 1912 2624 mit-

322 2672 441 2720 tere
465 2664 517 2718 in
539 2663 690 2735 virga
714 2678 972 2734 cogamur
997 2672 1084 2716 :ut
1104 2672 1282 2717 tamen
1308 2661 1485 2716 adhuc
1509 2668 1561 2715 te
1586 2660 1911 2732 resipiscere

323 2772 354 2809 a
385 2755 550 2810 tantis
575 2754 732 2809 malis
757 2763 1060 2825 sperantes,
1091 2753 1191 2808 has
1215 2751 1384 2807 nostri
1409 2751 1739 2822 apostolatus
1766 2751 1911 2806 litte‘

325 2862 418 2902 ras
440 2846 535 2901 tibi
577 2845 881 2918 dirigimus,
914 2855 974 2898 ut
1024 2844 1289 2900 submissa
1321 2843 1632 2914 pertinaciae
1662 2852 1765 2898 tua:
1795 2858 1913 2899 cer-

327 2939 466 3003 vice,
498 2946 813 2993 sanctorum
869 2936 1215 2991 sacerdotum
1272 2934 1557 3007 prmccptis
1603 2950 1817 3004 pareas,
1846 2934 1913 2990 de

322 3029 617 3102 pneteritis
655 3027 1049 3099 paenitudinem
1093 3041 1277 3096 geras,
1324 3034 1378 3081 et
1421 3041 1452 3081 a
1495 3025 1691 3082 futuris
1722 3035 1793 3091 te,
1845 3041 1913 3082 nc

1928 1733 1978 1794 B

1997 462 2167 518 nostri
2202 464 2524 519 auctoritate
2549 464 2715 520 avini
2763 474 2820 520 et
2871 466 3118 521 carnium
3170 468 3587 538 participatione

1995 551 2220 607 omnino
2266 552 2832 617 excommunicatum,
2884 554 3235 625 quoadusque
3285 556 3470 612 [lentae
3530 557 3590 615 in

1998 651 2185 697 nostra
2208 642 2429 711 speciali
2457 644 2745 713 praesentia
2770 643 3072 700 districtum
3115 647 3391 716 positurus
3417 649 3589 703 ratio-

1999 749 2123 788 nem
2170 734 2416 788 assistas.
2473 735 2746 791 Pervasor
2794 750 2925 790 vero
2977 745 3177 792 saneta:
3227 738 3593 798 Arvernensis

2004 824 2277 891 ecclesiae,
2307 825 2350 880 si
2383 834 2503 896 post
2534 827 2675 882 hanc
2702 836 2945 882 nostram
2971 826 3337 884 deﬁnitionem
3367 828 3479 886 illic
3503 846 3590 887 re-

2000 916 2206 971 morari
2233 916 2547 980 tentavcrit,
2575 925 2628 972 et
2650 916 2864 982 aliquod
2897 918 3336 988 impedimentum
3364 919 3597 975 sanctis-

1999 1007 2139 1061 simo
2161 1004 2345 1077 Sigom
2368 1006 2625 1077 episcopo
2655 1007 2835 1063 facere
2876 1022 3196 1078 quacunque
3239 1018 3592 1080 argumenta-

2000 1096 2147 1152 tione
2175 1095 2601 1166 prtesumpserit,
2627 1096 2765 1151 sciat
2795 1112 2855 1152 se
2900 1096 3016 1167 pari
3060 1097 3219 1152 modo
3246 1113 3352 1152 non
3383 1106 3593 1152 tantum

2000 1201 2032 1241 a
2062 1186 2168 1241 vini
2192 1194 2249 1241 et
2274 1186 2537 1248 carnium,
2572 1200 2758 1240 verum
2787 1196 2843 1242 et
2868 1202 2898 1241 a
2927 1187 3173 1257 corporis
3214 1194 3269 1242 et
3314 1187 3595 1256 sanguinis

2001 1277 2215 1333 Domini
2271 1277 2440 1333 nostri
2488 1275 2615 1333 Jesu
2672 1276 2872 1333 Christi
2927 1278 3337 1348 participatione
3381 1278 3598 1348 penitus

2003 1385 2127 1426 esse
2178 1370 2507 1441 sejunctum,
2568 1369 2806 1438 quandiu
2838 1370 3038 1423 nostris
3063 1367 3399 1437 jussionihus
3424 1369 3599 1424 obsti-

2000 1468 2130 1517 nate
2174 1460 2227 1515 in
2280 1459 2625 1530 prmsentiam
2664 1459 3015 1531 apostolicam
3067 1459 3250 1515 venire
3298 1457 3593 1515 distulerit.

2000 1550 2146 1608 Bene
2177 1551 2314 1607 vale.

2717 1620 2884 1679 XXV.

2286 1731 2355 1769 AD
2394 1729 2705 1770 SALOHONEI
2745 1730 2920 1771 REGE!
2959 1730 3292 1772 BBITTONUM.

2612 1828 2792 1902 [Anno
2815 1828 2968 1902 862.]

2005 1941 2083 1996 De
2116 1939 2411 2013 renovando
2457 1941 2742 2013 ejectornm
2780 1942 3139 2013 episcoporum
3183 1943 3423 1998 examine
3450 1944 3591 2013 apud

2078 2010 2523 2082 archiepiscopum
2563 2011 2915 2082 Turonensem
2936 2010 2963 2082 ,ξ
2986 2012 3062 2066 vel
3088 2012 3228 2082 apud
3268 2014 3440 2082 sedem
3466 2010 3593 2080 apo-

2075 2080 2313 2135 stolicam
2338 2094 2355 2131 :
2380 2091 2426 2133 et
2473 2082 2538 2133 de
2556 2080 2684 2151 jure
2712 2080 3100 2148 metropolitani
3123 2080 3265 2153 apud
3284 2080 3590 2138 Britannos.

2509 2188 2683 2263 (Apud
2710 2189 2904 2255 Mansi,
2944 2190 3099 2262 ibid.)

2080 2303 2351 2361 Nicouus
2386 2305 2688 2375 episcopus,
2716 2319 2908 2360 servus
2931 2319 3213 2360 servorum
3244 2304 3402 2372 Dein,
3427 2305 3599 2362 Sam-

2010 2410 2140 2452 uoxr
2167 2396 2277 2467 regi
2297 2394 2625 2451 Brittonum.

2082 2486 2112 2526 ιι
2138 2484 2461 2561 Benedictus
2502 2484 2649 2539 Deus
2680 2492 2735 2540 et
2758 2484 2921 2540 Pater
2944 2484 3153 2540 Domini
3179 2486 3288 2542 mei
3320 2485 3466 2559 [ms.,
3494 2501 3597 2543 no-

2012 2573 2136 2646 stri]
2165 2572 2293 2629 Jesu
2325 2572 2529 2630 Christi
2558 2574 2651 2644 qui
2693 2587 2792 2643 per
2829 2589 3040 2642 magiae
3063 2575 3450 2631 misericordia:
3485 2591 3599 2632 sua:

2011 2664 2242 2736 gratiam
2276 2664 2412 2721 adeo
2451 2671 2557 2718 tua:
2595 2678 2690 2719 cor
2737 2664 3089 2720 sublimitatis
3117 2665 3390 2721 illustrare
3409 2666 3600 2738 digna-

2013 2763 2104 2812 tus
2135 2763 2239 2823 est,
2291 2764 2354 2811 ut
2397 2757 2594 2812 merito
2645 2771 2748 2826 pro
2785 2758 3064 2827 sapientia:
3105 2767 3210 2813 tuae
3248 2759 3457 2829 fulgore
3505 2761 3599 2815 ubi

2012 2845 2248 2911 habitas,
2288 2861 2394 2901 non
2412 2846 2525 2916 jam
2557 2848 2830 2913 occidens,
2861 2848 2956 2903 sed
2980 2848 3163 2905 oriens
3184 2850 3468 2907 habeatur.
3496 2851 3599 2908 0r-

2015 2945 2101 2993 tus
2127 2937 2271 2993 enim
2296 2947 2381 2992 est
2418 2938 2472 2993 in
2495 2940 2649 2995 vobis
2669 2940 2747 2994 sol
2767 2940 3015 3010 iustitiae,
3039 2942 3183 3010 quod
3212 2943 3325 3012 ipse
3350 2942 3602 3000 Christus

2016 3038 2119 3090 est,
2144 3037 2200 3081 et
2230 3027 2563 3083 inﬁdelitatis
2588 3031 2823 3086 tenebne
2848 3030 3185 3087 defecerunt.
3211 3031 3321 3088 Sed
3344 3048 3603 3105 rogamus

323 3097 722 3196 perseverando
746 3123 799 3178 in
824 3122 1024 3179 talibus
1075 3122 1129 3178 in
1159 3121 1356 3178 diaboli
1387 3121 1609 3193 laqueos
1627 3122 1913 3193 sempiter-
1939 3097 1987 3164 (ἶ
2015 3118 2266 3175 eumdem
2296 3118 2721 3189 omnipotentem
2771 3120 2962 3185 Deum,
3008 3132 3068 3175 ut
3093 3123 3251 3178 sicuti
3276 3097 3440 3180 rectae
3478 3124 3604 3183 ﬁdei

328 3230 431 3272 nos
460 3213 686 3282 incidas,
710 3213 1103 3284 circumspecte
1124 3227 1190 3269 ac
1226 3212 1455 3269 solerter
1474 3213 1767 3268 custodias.
1799 3213 1914 3270 Cae-

330 3317 509 3362 terum
554 3305 703 3375 quia,
748 3303 892 3375 quod
925 3304 1011 3359 his
1058 3306 1289 3373 nequius
1314 3310 1516 3369 exstat,
1539 3312 1727 3359 contra
1754 3318 1915 3359 onme

328 3397 472 3468 quod
502 3395 827 3451 Christianae
862 3396 1108 3465 religioni
1137 3396 1410 3461 convenit,
1439 3393 1649 3465 dejecto
1689 3397 1917 3453 sanctis-

333 3490 474 3546 sima
500 3489 703 3561 Sigone
722 3490 1053 3545 Arvernensi
1078 3490 1352 3561 episcopo,
1376 3490 1430 3546 in
1462 3488 1638 3547 locum
1659 3489 1776 3559 ejus
1796 3505 1918 3561 per-

330 3598 583 3639 vasorem
611 3583 853 3639 Adonem
881 3583 1139 3638 clericum
1191 3583 1546 3650 substituisti;
1577 3584 1919 3655 pmcipimus

330 3674 429 3730 tibi
457 3674 781 3730 auctoritate
806 3674 897 3730 Dci
926 3672 1332 3743 omnipotentis,
1381 3674 1770 3744 beatorumque
1794 3688 1920 3745 apo-

332 3767 593 3823 stolorqu
616 3766 919 3837 principum
946 3766 1092 3821 Petri
1134 3782 1199 3821 ac
1227 3764 1402 3827 Pauli.
1428 3775 1487 3821 ut
1508 3766 1708 3822 nullam
1731 3783 1921 3838 passus

330 3875 563 3925 moram,
599 3860 1000 3915 sanctissimum
1051 3858 1306 3930 Sigonem
1356 3858 1921 3929 cpiscopum,dejecto

330 3965 646 4021 pervasere,
676 3948 920 4005 ecclesia:
949 3965 1065 4005 sua:
1097 3950 1371 4014 restituas,
1397 3959 1453 4005 et
1480 3949 1533 4004 in
1561 3950 1708 4004 nimii
1741 3966 1924 4006 sacer-

334 4041 467 4097 dotii
515 4041 776 4112 dignitate
813 4055 938 4096 eum
985 4056 1206 4095 manere
1252 4041 1447 4096 amodo
1497 4041 1761 4096 dimittas.
1787 4040 1922 4098 Nam

332 4133 459 4205 quia
491 4132 744 4189 nonnulla
782 4130 1050 4202 impudica
1076 4146 1138 4186 ac
1163 4130 1547 4186 scelestissima
1583 4132 1650 4186 de
1676 4142 1727 4187 te
1749 4132 1921 4188 incul-

333 4234 553 4289 cantur,
589 4223 882 4294 apostolica
933 4222 1257 4278 auctoritate
1305 4222 1601 4289 sancimus,
1652 4232 1713 4278 ut
1749 4222 1925 4280 dehis

334 4313 647 4385 plenissime
710 4312 1113 4379 satisfacturos,
1167 4313 1219 4368 in
1270 4322 1581 4370 nostrormn
1627 4313 1923 4385 legatorum

334 4405 642 4477 praesentia.
673 4406 762 4475 qui
811 4407 1116 4463 constitutae
1152 4422 1182 4461 a
1240 4405 1395 4463 nobis
1440 4406 1647 4478 synodo
1690 4422 1925 4478 prmcsse

337 4494 631 4562 debebunt,
650 4496 702 4551 in
729 4496 845 4552 loco
867 4497 1089 4566 prmiixo
1101 4511 1389 4552 occurrere
1407 4499 1647 4553 studeas.
1664 4497 1924 4569 Quodque

338 4588 383 4644 si
420 4588 745 4659 neglexeris,
767 4596 822 4642 ct
851 4588 1195 4658 praesentiam
1241 4598 1385 4643 tuam
1434 4605 1465 4644 a
1516 4589 1773 4660 synodico
1802 4605 1928 4647 exa-

415 4714 443 4743 ι
465 4699 708 4757 Contulit
750 4702 889 4756 hanc
912 4700 1191 4771 epistolam
1222 4700 1531 4756 Harduinns
1550 4717 1672 4771 cum
1706 4718 1807 4757 ms.
1836 4718 1925 4757 ar-

339 4773 483 4828 chivi
525 4772 875 4831 Turonensis,
920 4770 1062 4826 unde
1099 4772 1277 4828 varias
1318 4771 1578 4828 lectiones
1625 4770 1925 4840 adnotavit,

340 4844 563 4913 qttasﬂin
602 4851 751 4897 textu
783 4842 971 4913 habes.

416 4915 444 4953 ι)
472 4912 742 4967 Salomoni
782 4914 892 4982 regi
940 4912 1265 4966 Brittonum.
1300 4910 1485 4965 Tertio
1523 4919 1578 4965 et
1618 4912 1839 4976 ultimo,
1869 4923 1929 4969 ut

338 4994 429 5041 est
453 4985 594 5054 apud
628 4983 1035 5054 Gratim-ama,
1068 4999 1160 5052 qn.
1203 4983 1277 5054 6,Δ
1305 4982 1654 5054 Ηιινσηιιὶμρε
1686 4984 1927 5054 est,Sctl

343 5051 502 5111 male
528 5054 723 5109 ibidem
773 5051 967 5107 .lnanni
1020 5051 1172 5121 papa:
1217 5052 1406 5107 tribuit
1442 5051 1581 5105 hanc
1621 5053 1927 5122 epistolam,

342 5143 466 5181 cum
498 5127 569 5179 sit
596 5123 821 5181 Nicolai.
854 5123 1068 5178 Profert
1098 5132 1153 5177 et
1201 5122 1524 5177 llincmarus
1552 5121 1929 5180 Landunensis

343 5198 398 5252 in
430 5196 595 5267 priori
622 5194 936 5267 defensione
986 5208 1083 5248 sua
1123 5193 1326 5267 locum,
1369 5208 1435 5247 ex
1477 5194 1647 5267 altera
1687 5192 1928 5267 ejusdem

344 5263 648 5336 argumenti
682 5267 748 5320 ad
785 5264 1139 5336 Salomonent.
1168 5263 1416 5319 eumdem
1453 5263 1680 5336 epistola
1706 5265 1928 5336 Adriani

345 5332 500 5409 papa:
536 5353 643 5409 non
683 5336 876 5409 edita:
926 5332 1031 5389 Sed
1076 5344 1422 5409 etpra’sens,
1469 5334 1933 5409 inquittdommts

343 5403 484 5478 papa
512 5407 778 5478 Adrianus
816 5407 930 5461 haec
957 5422 1025 5478 ea;
1062 5403 1282 5478 epistola
1307 5420 1472 5478 nuper
1506 5403 1574 5457 ait
1597 5403 1935 5478 Salomonrm

346 5474 532 5532 ducent
585 5476 962 5531 Britannorum
994 5475 1256 5546 destinata
1295 5474 1380 5546 sui
1424 5491 1742 5546 suorumque
1784 5475 1938 5546 oﬁicii

351 5566 455 5604 non
493 5551 771 5602 immemor
790 5548 1061 5600 mandarit
1093 5560 1114 5598 :
1155 5545 1480 5601 Sacerdotes
1510 5560 1640 5600 vero
1669 5546 1825 5601 vobis
1853 5546 1936 5600 vi-

347 5620 595 5675 cinarum
621 5618 927 5673 dimceseon
970 5631 1134 5685 super
1176 5631 1235 5670 se
1283 5615 1418 5671 alios
1446 5615 1727 5685 deplorant
1752 5630 1940 5685 supcr-

349 5691 558 5761 posltos
582 5688 893 5745 sacerdotes
919 5686 1285 5757 Britannicus,
1317 5686 1361 5743 si
1392 5697 1585 5764 tamen
1606 5686 1937 5757 sacerdotes,

2018 3208 2348 3280 agnitionem
2369 3209 2457 3279 pie
2484 3210 2774 3276 concessit,
2805 3210 2878 3265 ita
2912 3226 3129 3281 quoque
3151 3213 3305 3269 bona:
3329 3217 3604 3284 operatio-
3682 3210 3687 3213 ’

2018 3302 2106 3358 nis
2155 3301 2421 3374 benignus
2475 3300 2742 3373 largiatur
2789 3301 3062 3359 ell‘ectum.
3094 3303 3173 3360 De
3223 3314 3422 3362 czetero
3473 3307 3601 3380 (ms.

2019 3394 2146 3449 add.
2175 3394 2274 3467 tili]
2306 3395 2444 3450 sciat
2472 3395 2759 3466 prudentia
2792 3404 2902 3461 tua,
2942 3411 3043 3451 nos
3097 3397 3167 3453 de
3212 3398 3402 3470 ejectis
3444 3411 3500 3456 et
3547 3401 3604 3456 in

2020 3483 2157 3541 locis
2184 3483 2399 3541 illorum
2421 3485 2546 3541 aliis
2585 3486 2894 3557 subrogatis
2918 3488 3207 3557 episcopis,
3235 3489 3523 3561 diligenter
3551 3492 3607 3548 in

2020 3573 2258 3629 archivis
2285 3585 2486 3630 sanctae
2521 3574 2801 3641 Romamn,
2844 3576 2931 3629 cui
2982 3590 3178 3646 magna
3218 3580 3607 3647 omnipotentis

2020 3664 2119 3720 Dei
2150 3665 2498 3721 miseratione
2541 3664 2901 3731 deservimus,
2944 3665 3187 3721 ecclesia:
3207 3668 3522 3737 requisisse,
3552 3678 3610 3724 et

2020 3763 2194 3819 multo
2232 3762 2392 3817 aliter
2444 3762 2499 3817 in
2546 3761 2943 3831 exemplaribus
2983 3762 3362 3832 cpistolarum,
3415 3778 3537 3834 qua:
3577 3780 3609 3820 a

2023 3853 2398 3911 decessoribus
2428 3852 2587 3918 meis,
2635 3852 2807 3908 beata:
2843 3852 3094 3909 videlicet
3122 3855 3400 3909 meritoria:
3425 3853 3613 3911 Leone

2023 3968 2091 4008 ac
2121 3950 2412 4007 Benedicto
2438 3948 2801 4020 pontiﬁcibus,
2830 3957 2994 4019 atque
3018 3965 3047 4004 a
3075 3964 3183 4016 me,
3208 3949 3525 4016 Nomenoio,
3555 3961 3612 4008 et

2024 4044 2149 4109 tibi,
2190 4057 2291 4098 nec
2314 4056 2420 4097 non
2447 4041 2856 4113 archiepiscopo
2884 4040 2927 4095 Τ
2932 4043 3155 4098 uronico
3183 4043 3322 4099 data:
3343 4052 3490 4112 sunt,
3517 4060 3613 4116 pa-

2023 4150 2147 4206 pam
2171 4131 2404 4188 Leonem
2429 4131 2562 4205 [.lls.
2591 4131 2812 4199 Turon.,
2841 4142 2896 4189 et
2928 4134 3081 4205 regni
3108 4134 3183 4190 tui
3208 4135 3475 4208 episcopis
3494 4137 3617 4198 mis-

2018 4239 2100 4279 sa:
2123 4232 2271 4288 sunt,
2301 4223 2601 4290 invenisse,
2635 4238 2796 4294 quam
2827 4232 2880 4280 tu
2906 4225 2958 4280 in
2987 4225 3185 4282 litteris
3212 4227 3315 4282 tuis
3340 4228 3616 4298 perhibes,

2027 4316 2274 4386 quamvis
2293 4329 2395 4371 nec
2416 4315 2595 4371 discas
2625 4315 2679 4370 in
2710 4316 2958 4386 apicibus
2982 4317 3110 4383 tuis,
3134 4325 3338 4373 sanctae
3358 4318 3618 4372 recorda—

2029 4407 2192 4464 tionis
2216 4422 2410 4478 papam
2441 4406 2702 4474 Lconem,
2736 4406 2870 4479 cte.]
2900 4408 3198 4466 Nomenoio
3220 4407 3508 4464 consilium
3534 4409 3621 4464 vel

2032 4498 2414 4553 auctoritatem
2461 4497 2763 4567 deponendi
2790 4498 3077 4569 episcopos
3118 4498 3389 4562 tribuisse,
3416 4498 3619 4569 quippe

2030 4604 2192 4660 quem
2220 4595 2434 4644 constat
2460 4586 2755 4646 multifario
2776 4588 3071 4660 multisque
3099 4589 3298 4653 modis,
3329 4604 3398 4644 ne
3419 4588 3522 4644 hoc
3548 4590 3619 4646 ab

2030 4711 2088 4756 et
2112 4716 2237 4771 non
2265 4700 2438 4771 magis
2461 4714 2784 4771 pcrvasores
2826 4709 2881 4755 et
2927 4700 3220 4771 sacrilegos
3257 4699 3391 4771 tales
3412 4699 3614 4755 dixeri-

2033 4787 2173 4827 mus.
2215 4770 2315 4837 Qui
2348 4770 2532 4835 etiam,
2561 4771 2604 4826 si
2627 4773 2873 4842 quwdam
2904 4770 3109 4825 habent
3135 4770 3370 4842 negotia,
3413 4786 3518 4824 non
3550 4774 3619 4825 ad

2036 4841 2262 4900 concilia
2317 4839 2691 4911 episcoporum
2734 4855 3026 4897 occurrere
3066 4839 3481 4911 permittuntur,
3519 4842 3616 4896 sed

2034 4921 2224 4969 contra
2255 4909 2441 4967 sacros
2469 4909 2724 4974 canones,
2765 4919 2820 4966 et
2855 4909 3195 4966 venerabiles
3223 4909 3389 4979 leges,
3419 4910 3486 4964 ad
3514 4927 3619 4966 ste-

2031 4983 2296 5039 eularium
2350 4981 2641 5052 trilmnalia
2699 4981 3123 5052 pertrahuntur,
3170 4995 3271 5035 nec
3319 4981 3624 5052 suscipiunt

2031 5052 2339 5122 episcopale
2392 5050 2716 5122 institutum,
2767 5052 2863 5106 sed
2912 5050 3118 5105 illatum
3165 5059 3354 5106 contra
3409 5050 3623 5122 regulas

2032 5120 2293 5194 populare
2330 5122 2614 5194 incurrunt
2655 5120 2953 5194 judicium;
2993 5132 3050 5177 et
3093 5122 3225 5191 ipsis
3255 5131 3445 5194 morte

2032 5191 2239 5258 ventis,
2264 5192 2475 5262 rapitur
2510 5191 2554 5247 si
2582 5192 2725 5262 quod
2754 5201 3091 5248 remanserat
3119 5193 3440 5248 subsidium.
3466 5191 3623 5249 Judi-

2035 5273 2229 5321 cantur
2271 5265 2435 5318 etiam
2462 5262 2702 5333 episcopi.
2738 5278 2767 5317 a
2790 5262 3088 5319 lectoribus
3116 5273 3173 5318 et
3196 5262 3350 5319 laicis
3384 5262 3624 5319 homini-

2036 5335 2140 5390 bus
2169 5348 2306 5403 quos
2332 5348 2440 5406 non
2466 5334 2709 5406 oportuit
2735 5333 2838 5388 nisi
2862 5334 3142 5406 canonicis
3168 5333 3398 5406 legibus,
3419 5344 3477 5390 et
3505 5347 3619 5389 me-

2037 5404 2384 5476 tropolitanis
2436 5412 2529 5476 aut
2581 5404 2739 5476 nobis
2780 5405 3160 5476 praesentibus,
3200 5404 3625 5476 saltemgexami-

2038 5472 2181 5531 nari.
2211 5475 2424 5546 dicente
2475 5472 2704 5529 Domino
2743 5472 2841 5545 per
2889 5477 3208 5546 prophetam
3243 5492 3258 5530 :
3312 5473 3627 5546 Nolanum,-

2039 5561 2159 5615 gere
2190 5545 2411 5617 cttrjstos
2456 5559 2616 5617 meos,
2642 5554 2690 5597 et
2716 5543 2784 5617 in
2821 5543 3081 5617 prophetis
3116 5548 3244 5601 meis
3278 5544 3435 5617 nolite
3479 5543 3629 5617 mali:

2041 5612 2199 5686 gnari
2235 5612 2407 5679 (Psal.
2434 5614 2576 5686 civ);
2608 5624 2663 5669 et
2713 5612 2954 5673 iteritm':
2984 5616 3088 5686 Qui
3130 5632 3218 5671 vos
3255 5614 3444 5686 tangit,
3474 5613 3627 5685 quasi

2042 5682 2133 5758 qui
2160 5683 2614 5758 tangatpnpillam
2644 5686 2780 5742 oculi
2819 5687 2919 5741 mei
2945 5685 3124 5767 (lactt.
3163 5689 3244 5758 ιι).
3286 5682 3443 5739 51η.
