  <div class='ocr_page' id='page_1' title='image "/cluster/home/n/w/nwhite01/storage/ocr_20150623/119/hvd.32044015466915/409.png"; bbox 0 0 4070 6310; ppageno 0'>
   <div class='ocr_carea' id='block_1_1' title="bbox 496 268 604 328">
    <p class='ocr_par' dir='ltr' id='par_1_1' title="bbox 496 268 604 328">
     <span class='ocr_line' id='line_1_1' title="bbox 496 268 604 328; baseline -0.019 0"><span class='ocrx_word' id='word_1_1' title='bbox 496 268 604 328; x_wconf 73' lang='lat'><strong>807</strong></span> 
     </span>
    </p>
   </div>
   <div class='ocr_carea' id='block_1_2' title="bbox 1848 235 2418 312">
    <p class='ocr_par' dir='ltr' id='par_1_2' title="bbox 1848 235 2418 312">
     <span class='ocr_line' id='line_1_2' title="bbox 1848 235 2418 312; baseline -0.009 0"><span class='ocrx_word' id='word_1_2' title='bbox 1848 253 2123 312; x_wconf 68' lang='lat' dir='ltr'><strong>NlCOLAl</strong></span> <span class='ocrx_word' id='word_1_3' title='bbox 2154 235 2358 309; x_wconf 52' lang='lat' dir='ltr'><strong>pars</strong></span> <span class='ocrx_word' id='word_1_4' title='bbox 2396 251 2418 308; x_wconf 88' lang='grc' dir='ltr'>ι</span> 
     </span>
    </p>
   </div>
   <div class='ocr_carea' id='block_1_3' title="bbox 498 362 3783 454">
    <p class='ocr_par' dir='ltr' id='par_1_3' title="bbox 498 362 3783 454">
     <span class='ocr_line' id='line_1_3' title="bbox 498 362 3783 454; baseline -0.006 -14"><span class='ocrx_word' id='word_1_5' title='bbox 498 383 623 440; x_wconf 86' lang='lat' dir='ltr'><strong>aliis</strong></span> <span class='ocrx_word' id='word_1_6' title='bbox 642 395 803 454; x_wconf 85' lang='lat' dir='ltr'><strong>quam</strong></span> <span class='ocrx_word' id='word_1_7' title='bbox 829 395 860 437; x_wconf 90' lang='lat' dir='ltr'><strong>a</strong></span> <span class='ocrx_word' id='word_1_8' title='bbox 893 388 1043 436; x_wconf 86' lang='lat' dir='ltr'><strong>certo</strong></span> <span class='ocrx_word' id='word_1_9' title='bbox 1070 389 1447 450; x_wconf 82' lang='lat' dir='ltr'><strong>episcoporum</strong></span> <span class='ocrx_word' id='word_1_10' title='bbox 1476 386 1701 430; x_wconf 80' lang='lat' dir='ltr'><strong>onmem</strong></span> <span class='ocrx_word' id='word_1_11' title='bbox 1733 372 1905 454; x_wconf 83' lang='lat' dir='ltr'><strong>fieret,</strong></span> <span class='ocrx_word' id='word_1_12' title='bbox 1938 385 2078 439; x_wconf 76' lang='lat' dir='ltr'><strong>pne-</strong></span> <span class='ocrx_word' id='word_1_13' title='bbox 2109 380 2157 436; x_wconf 71' lang='grc' dir='ltr'><strong>Α</strong></span> <span class='ocrx_word' id='word_1_14' title='bbox 2187 369 2416 423; x_wconf 85' lang='lat' dir='ltr'><strong>libenter</strong></span> <span class='ocrx_word' id='word_1_15' title='bbox 2462 366 2701 421; x_wconf 85' lang='lat' dir='ltr'><strong>attende.</strong></span> <span class='ocrx_word' id='word_1_16' title='bbox 2748 362 3045 419; x_wconf 81' lang='lat' dir='ltr'><strong>Hortamur</strong></span> <span class='ocrx_word' id='word_1_17' title='bbox 3070 363 3219 419; x_wconf 82' lang='lat' dir='ltr'><strong>enim</strong></span> <span class='ocrx_word' id='word_1_18' title='bbox 3242 363 3471 435; x_wconf 75' lang='lat' dir='ltr'><strong>gloriam</strong></span> <span class='ocrx_word' id='word_1_19' title='bbox 3519 371 3692 430; x_wconf 75' lang='lat' dir='ltr'><strong>tuam,</strong></span> <span class='ocrx_word' id='word_1_20' title='bbox 3719 376 3783 425; x_wconf 76' lang='lat' dir='ltr'><strong>et</strong></span> 
     </span>
    </p>
   </div>
   <div class='ocr_carea' id='block_1_4' title="bbox 496 452 2079 545">
    <p class='ocr_par' dir='ltr' id='par_1_4' title="bbox 496 452 2079 545">
     <span class='ocr_line' id='line_1_4' title="bbox 496 452 2079 545; baseline -0.009 -15"><span class='ocrx_word' id='word_1_21' title='bbox 496 452 726 545; x_wconf 81' lang='lat' dir='ltr'><strong>cepisse.</strong></span> <span class='ocrx_word' id='word_1_22' title='bbox 751 472 886 528; x_wconf 81' lang='lat' dir='ltr'><strong>Nam</strong></span> <span class='ocrx_word' id='word_1_23' title='bbox 918 470 1213 526; x_wconf 80' lang='lat' dir='ltr'><strong>Netnenoio</strong></span> <span class='ocrx_word' id='word_1_24' title='bbox 1258 465 1555 522; x_wconf 70' lang='lat' dir='ltr'><strong>consulenti</strong></span> <span class='ocrx_word' id='word_1_25' title='bbox 1583 465 1713 535; x_wconf 90' lang='lat' dir='ltr'><strong>quid</strong></span> <span class='ocrx_word' id='word_1_26' title='bbox 1746 452 1811 518; x_wconf 80' lang='lat' dir='ltr'><strong>de</strong></span> <span class='ocrx_word' id='word_1_27' title='bbox 1839 459 2079 532; x_wconf 75' lang='lat' dir='ltr'><strong>Spiritus</strong></span> 
     </span>
    </p>
   </div>
   <div class='ocr_carea' id='block_1_5' title="bbox 497 552 2083 635">
    <p class='ocr_par' dir='ltr' id='par_1_5' title="bbox 497 552 2083 635">
     <span class='ocr_line' id='line_1_5' title="bbox 497 552 2083 635; baseline -0.011 -14"><span class='ocrx_word' id='word_1_28' title='bbox 497 567 671 621; x_wconf 71' lang='lat' dir='ltr'><strong>salicti</strong></span> <span class='ocrx_word' id='word_1_29' title='bbox 707 564 933 635; x_wconf 87' lang='lat' dir='ltr'><strong>gratiam</strong></span> <span class='ocrx_word' id='word_1_30' title='bbox 960 559 1390 615; x_wconf 86' lang='lat' dir='ltr'><strong>vennudantibus</strong></span> <span class='ocrx_word' id='word_1_31' title='bbox 1411 562 1685 627; x_wconf 90' lang='lat' dir='ltr'><strong>oporteret</strong></span> <span class='ocrx_word' id='word_1_32' title='bbox 1705 552 1837 617; x_wconf 80' lang='lat' dir='ltr'><strong>fieri,</strong></span> <span class='ocrx_word' id='word_1_33' title='bbox 1859 565 2083 621; x_wconf 86' lang='lat' dir='ltr'><strong>respon-</strong></span> 
     </span>
    </p>
   </div>
   <div class='ocr_carea' id='block_1_6' title="bbox 497 645 2084 722">
    <p class='ocr_par' dir='ltr' id='par_1_6' title="bbox 497 645 2084 722">
     <span class='ocr_line' id='line_1_6' title="bbox 497 645 2084 722; baseline -0.011 -12"><span class='ocrx_word' id='word_1_34' title='bbox 497 658 578 712; x_wconf 88' lang='lat' dir='ltr'><strong>dit</strong></span> <span class='ocrx_word' id='word_1_35' title='bbox 609 656 744 710; x_wconf 89' lang='lat' dir='ltr'><strong>nihil</strong></span> <span class='ocrx_word' id='word_1_36' title='bbox 773 654 1026 722; x_wconf 90' lang='lat' dir='ltr'><strong>inquiens</strong></span> <span class='ocrx_word' id='word_1_37' title='bbox 1046 660 1243 720; x_wconf 69' lang='lat' dir='ltr'><strong>praeter</strong></span> <span class='ocrx_word' id='word_1_38' title='bbox 1269 648 1412 718; x_wconf 88' lang='lat' dir='ltr'><strong>quod</strong></span> <span class='ocrx_word' id='word_1_39' title='bbox 1444 645 1618 711; x_wconf 81' lang='lat' dir='ltr'><strong>sancti</strong></span> <span class='ocrx_word' id='word_1_40' title='bbox 1653 657 1890 698; x_wconf 86' lang='lat' dir='ltr'><strong>canones</strong></span> <span class='ocrx_word' id='word_1_41' title='bbox 1922 654 2084 710; x_wconf 84' lang='lat' dir='ltr'><strong>super</strong></span> 
     </span>
    </p>
   </div>
   <div class='ocr_carea' id='block_1_7' title="bbox 496 736 2084 823">
    <p class='ocr_par' dir='ltr' id='par_1_7' title="bbox 496 736 2084 823">
     <span class='ocr_line' id='line_1_7' title="bbox 496 736 2084 823; baseline -0.013 -14"><span class='ocrx_word' id='word_1_42' title='bbox 496 753 585 809; x_wconf 80' lang='lat' dir='ltr'><strong>liis</strong></span> <span class='ocrx_word' id='word_1_43' title='bbox 618 749 958 823; x_wconf 66' lang='lat' dir='ltr'><strong>principium,</strong></span> <span class='ocrx_word' id='word_1_44' title='bbox 1012 746 1160 816; x_wconf 87' lang='lat' dir='ltr'><strong>ipsas</strong></span> <span class='ocrx_word' id='word_1_45' title='bbox 1188 742 1403 815; x_wconf 85' lang='lat' dir='ltr'><strong>regulas</strong></span> <span class='ocrx_word' id='word_1_46' title='bbox 1437 740 1678 811; x_wconf 81' lang='lat' dir='ltr'><strong>apicibus</strong></span> <span class='ocrx_word' id='word_1_47' title='bbox 1705 740 1819 794; x_wconf 86' lang='lat' dir='ltr'><strong>suis</strong></span> <span class='ocrx_word' id='word_1_48' title='bbox 1854 736 2084 792; x_wconf 81' lang='lat' dir='ltr'><strong>interse-</strong></span> 
     </span>
    </p>
   </div>
   <div class='ocr_carea' id='block_1_8' title="bbox 497 829 2084 910">
    <p class='ocr_par' dir='ltr' id='par_1_8' title="bbox 497 829 2084 910">
     <span class='ocr_line' id='line_1_8' title="bbox 497 829 2084 910; baseline -0.011 -11"><span class='ocrx_word' id='word_1_49' title='bbox 497 860 645 899; x_wconf 88' lang='lat' dir='ltr'><strong>rens.</strong></span> <span class='ocrx_word' id='word_1_50' title='bbox 681 842 811 896; x_wconf 84' lang='lat' dir='ltr'><strong>Nam</strong></span> <span class='ocrx_word' id='word_1_51' title='bbox 842 838 1094 910; x_wconf 89' lang='lat' dir='ltr'><strong>qualiter,</strong></span> <span class='ocrx_word' id='word_1_52' title='bbox 1127 846 1182 892; x_wconf 88' lang='lat' dir='ltr'><strong>et</strong></span> <span class='ocrx_word' id='word_1_53' title='bbox 1229 852 1259 891; x_wconf 89' lang='lat' dir='ltr'><strong>a</strong></span> <span class='ocrx_word' id='word_1_54' title='bbox 1288 843 1442 905; x_wconf 89' lang='lat' dir='ltr'><strong>quot,</strong></span> <span class='ocrx_word' id='word_1_55' title='bbox 1474 832 1557 889; x_wconf 90' lang='lat' dir='ltr'><strong>vel</strong></span> <span class='ocrx_word' id='word_1_56' title='bbox 1598 849 1626 886; x_wconf 88' lang='lat' dir='ltr'><strong>a</strong></span> <span class='ocrx_word' id='word_1_57' title='bbox 1663 832 1861 904; x_wconf 78' lang='lat' dir='ltr'><strong>quibus</strong></span> <span class='ocrx_word' id='word_1_58' title='bbox 1901 829 2084 884; x_wconf 77' lang='lat' dir='ltr'><strong>sanxit</strong></span> 
     </span>
    </p>
   </div>
   <div class='ocr_carea' id='block_1_9' title="bbox 498 920 2082 1005">
    <p class='ocr_par' dir='ltr' id='par_1_9' title="bbox 498 920 2082 1005">
     <span class='ocr_line' id='line_1_9' title="bbox 498 920 2082 1005; baseline -0.009 -16"><span class='ocrx_word' id='word_1_59' title='bbox 498 935 779 1005; x_wconf 84' lang='lat' dir='ltr'><strong>episcopos</strong></span> <span class='ocrx_word' id='word_1_60' title='bbox 808 929 1180 994; x_wconf 83' lang='lat' dir='ltr'><strong>condemnari,</strong></span> <span class='ocrx_word' id='word_1_61' title='bbox 1210 927 1455 983; x_wconf 88' lang='lat' dir='ltr'><strong>scribens</strong></span> <span class='ocrx_word' id='word_1_62' title='bbox 1475 925 1667 981; x_wconf 88' lang='lat' dir='ltr'><strong>eodem</strong></span> <span class='ocrx_word' id='word_1_63' title='bbox 1701 932 1941 993; x_wconf 87' lang='lat' dir='ltr'><strong>tempore</strong></span> <span class='ocrx_word' id='word_1_64' title='bbox 1965 920 2082 975; x_wconf 85' lang='lat' dir='ltr'><strong>Bri-</strong></span> 
     </span>
    </p>
   </div>
   <div class='ocr_carea' id='block_1_10' title="bbox 497 1018 2078 1095">
    <p class='ocr_par' dir='ltr' id='par_1_10' title="bbox 497 1018 2078 1095">
     <span class='ocr_line' id='line_1_10' title="bbox 497 1018 2078 1095; baseline -0.01 -14"><span class='ocrx_word' id='word_1_65' title='bbox 497 1026 727 1082; x_wconf 67' lang='lat' dir='ltr'><strong>tannicae</strong></span> <span class='ocrx_word' id='word_1_66' title='bbox 779 1023 1015 1095; x_wconf 81' lang='lat' dir='ltr'><strong>regionis</strong></span> <span class='ocrx_word' id='word_1_67' title='bbox 1056 1020 1326 1093; x_wconf 85' lang='lat' dir='ltr'><strong>episcopis</strong></span> <span class='ocrx_word' id='word_1_68' title='bbox 1371 1018 1655 1073; x_wconf 90' lang='lat' dir='ltr'><strong>evidenter</strong></span> <span class='ocrx_word' id='word_1_69' title='bbox 1685 1018 1825 1071; x_wconf 90' lang='lat' dir='ltr'><strong>inter</strong></span> <span class='ocrx_word' id='word_1_70' title='bbox 1859 1023 2078 1077; x_wconf 79' lang='lat' dir='ltr'><strong>caetera,</strong></span> 
     </span>
    </p>
   </div>
   <div class='ocr_carea' id='block_1_11' title="bbox 497 1108 2084 1186">
    <p class='ocr_par' dir='ltr' id='par_1_11' title="bbox 497 1108 2084 1186">
     <span class='ocr_line' id='line_1_11' title="bbox 497 1108 2084 1186; baseline -0.009 -16"><span class='ocrx_word' id='word_1_71' title='bbox 497 1126 557 1170; x_wconf 92' lang='lat' dir='ltr'><strong>ut</strong></span> <span class='ocrx_word' id='word_1_72' title='bbox 580 1110 766 1171; x_wconf 89' lang='lat' dir='ltr'><strong>eadem</strong></span> <span class='ocrx_word' id='word_1_73' title='bbox 800 1114 916 1186; x_wconf 90' lang='lat' dir='ltr'><strong>ipsa</strong></span> <span class='ocrx_word' id='word_1_74' title='bbox 963 1115 1129 1168; x_wconf 85' lang='lat' dir='ltr'><strong>verba</strong></span> <span class='ocrx_word' id='word_1_75' title='bbox 1158 1128 1445 1183; x_wconf 83' lang='lat' dir='ltr'><strong>ponamus,</strong></span> <span class='ocrx_word' id='word_1_76' title='bbox 1473 1108 1736 1173; x_wconf 74' lang='lat' dir='ltr'><strong>decrevit,</strong></span> <span class='ocrx_word' id='word_1_77' title='bbox 1763 1121 1916 1176; x_wconf 82' lang='lat' dir='ltr'><strong>:equc</strong></span> <span class='ocrx_word' id='word_1_78' title='bbox 1946 1119 2084 1174; x_wconf 65' lang='lat' dir='ltr'><strong>prte-</strong></span> 
     </span>
    </p>
   </div>
   <div class='ocr_carea' id='block_1_12' title="bbox 498 1195 2082 1279">
    <p class='ocr_par' dir='ltr' id='par_1_12' title="bbox 498 1195 2082 1279">
     <span class='ocr_line' id='line_1_12' title="bbox 498 1195 2082 1279; baseline -0.008 -16"><span class='ocrx_word' id='word_1_79' title='bbox 498 1208 705 1279; x_wconf 86' lang='lat' dir='ltr'><strong>cipiens</strong></span> <span class='ocrx_word' id='word_1_80' title='bbox 733 1215 791 1260; x_wconf 93' lang='lat' dir='ltr'><strong>nt</strong></span> <span class='ocrx_word' id='word_1_81' title='bbox 820 1207 1001 1261; x_wconf 87' lang='lat' dir='ltr'><strong>omnia</strong></span> <span class='ocrx_word' id='word_1_82' title='bbox 1032 1206 1141 1261; x_wconf 92' lang='lat' dir='ltr'><strong>sint</strong></span> <span class='ocrx_word' id='word_1_83' title='bbox 1166 1205 1217 1260; x_wconf 92' lang='lat' dir='ltr'><strong>iu</strong></span> <span class='ocrx_word' id='word_1_84' title='bbox 1246 1204 1490 1260; x_wconf 88' lang='lat' dir='ltr'><strong>conciliis</strong></span> <span class='ocrx_word' id='word_1_85' title='bbox 1512 1203 1912 1272; x_wconf 86' lang='lat' dir='ltr'><strong>episcoporum.</strong></span> <span class='ocrx_word' id='word_1_86' title='bbox 1948 1195 2082 1251; x_wconf 84' lang='lat' dir='ltr'><strong>Nam</strong></span> 
     </span>
    </p>
   </div>
   <div class='ocr_carea' id='block_1_13' title="bbox 498 1296 2084 1366">
    <p class='ocr_par' dir='ltr' id='par_1_13' title="bbox 498 1296 2084 1366">
     <span class='ocr_line' id='line_1_13' title="bbox 498 1296 2084 1366; baseline -0.008 -14"><span class='ocrx_word' id='word_1_87' title='bbox 498 1298 700 1352; x_wconf 89' lang='lat' dir='ltr'><strong>nullam</strong></span> <span class='ocrx_word' id='word_1_88' title='bbox 723 1298 1123 1353; x_wconf 88' lang='lat' dir='ltr'><strong>damnationem</strong></span> <span class='ocrx_word' id='word_1_89' title='bbox 1149 1296 1523 1366; x_wconf 69' lang='lat' dir='ltr'><strong>episcoporum</strong></span> <span class='ocrx_word' id='word_1_90' title='bbox 1546 1305 1668 1347; x_wconf 86' lang='lat' dir='ltr'><strong>esse</strong></span> <span class='ocrx_word' id='word_1_91' title='bbox 1691 1304 1927 1360; x_wconf 81' lang='lat' dir='ltr'><strong>unquam</strong></span> <span class='ocrx_word' id='word_1_92' title='bbox 1958 1302 2084 1342; x_wconf 86' lang='lat' dir='ltr'><strong>cen—</strong></span> 
     </span>
    </p>
   </div>
   <div class='ocr_carea' id='block_1_14' title="bbox 493 1382 2084 1460">
    <p class='ocr_par' dir='ltr' id='par_1_14' title="bbox 493 1382 2084 1460">
     <span class='ocr_line' id='line_1_14' title="bbox 493 1382 2084 1460; baseline -0.009 -14"><span class='ocrx_word' id='word_1_93' title='bbox 493 1395 703 1455; x_wconf 83' lang='lat' dir='ltr'><strong>semus,</strong></span> <span class='ocrx_word' id='word_1_94' title='bbox 751 1390 852 1444; x_wconf 84' lang='lat' dir='ltr'><strong>nisi</strong></span> <span class='ocrx_word' id='word_1_95' title='bbox 900 1399 994 1445; x_wconf 91' lang='lat' dir='ltr'><strong>aut</strong></span> <span class='ocrx_word' id='word_1_96' title='bbox 1037 1397 1162 1443; x_wconf 89' lang='lat' dir='ltr'><strong>ante</strong></span> <span class='ocrx_word' id='word_1_97' title='bbox 1194 1388 1342 1460; x_wconf 48' lang='lat' dir='ltr'><strong>Ima,</strong></span> <span class='ocrx_word' id='word_1_98' title='bbox 1378 1386 1481 1442; x_wconf 88' lang='lat' dir='ltr'><strong>nisi</strong></span> <span class='ocrx_word' id='word_1_99' title='bbox 1513 1385 1567 1440; x_wconf 90' lang='lat' dir='ltr'><strong>in</strong></span> <span class='ocrx_word' id='word_1_100' title='bbox 1600 1382 1746 1456; x_wconf 86' lang='lat' dir='ltr'><strong>ante]</strong></span> <span class='ocrx_word' id='word_1_101' title='bbox 1786 1382 2084 1453; x_wconf 85' lang='lat' dir='ltr'><strong>legitimum</strong></span> 
     </span>
    </p>
   </div>
   <div class='ocr_carea' id='block_1_15' title="bbox 497 1471 2087 1550">
    <p class='ocr_par' dir='ltr' id='par_1_15' title="bbox 497 1471 2087 1550">
     <span class='ocr_line' id='line_1_15' title="bbox 497 1471 2087 1550; baseline -0.008 -15"><span class='ocrx_word' id='word_1_102' title='bbox 497 1496 785 1535; x_wconf 86' lang='lat' dir='ltr'><strong>numerum</strong></span> <span class='ocrx_word' id='word_1_103' title='bbox 810 1480 1211 1550; x_wconf 88' lang='lat' dir='ltr'><strong>episcoporum,</strong></span> <span class='ocrx_word' id='word_1_104' title='bbox 1239 1479 1329 1548; x_wconf 91' lang='lat' dir='ltr'><strong>qui</strong></span> <span class='ocrx_word' id='word_1_105' title='bbox 1354 1476 1413 1531; x_wconf 83' lang='lat' dir='ltr'><strong>fit</strong></span> <span class='ocrx_word' id='word_1_106' title='bbox 1439 1491 1536 1547; x_wconf 89' lang='lat' dir='ltr'><strong>per</strong></span> <span class='ocrx_word' id='word_1_107' title='bbox 1557 1474 1840 1529; x_wconf 84' lang='lat' dir='ltr'><strong>duodecim</strong></span> <span class='ocrx_word' id='word_1_108' title='bbox 1874 1471 2087 1541; x_wconf 86' lang='lat' dir='ltr'><strong>cpisco-</strong></span> 
     </span>
    </p>
   </div>
   <div class='ocr_carea' id='block_1_16' title="bbox 499 1562 2083 1642">
    <p class='ocr_par' dir='ltr' id='par_1_16' title="bbox 499 1562 2083 1642">
     <span class='ocr_line' id='line_1_16' title="bbox 499 1562 2083 1642; baseline -0.005 -18"><span class='ocrx_word' id='word_1_109' title='bbox 499 1589 618 1642; x_wconf 81' lang='lat' dir='ltr'><strong>pos,</strong></span> <span class='ocrx_word' id='word_1_110' title='bbox 652 1580 749 1625; x_wconf 88' lang='lat' dir='ltr'><strong>aut</strong></span> <span class='ocrx_word' id='word_1_111' title='bbox 799 1579 947 1626; x_wconf 89' lang='lat' dir='ltr'><strong>certe</strong></span> <span class='ocrx_word' id='word_1_112' title='bbox 992 1562 1225 1640; x_wconf 87' lang='lat' dir='ltr'><strong>probata</strong></span> <span class='ocrx_word' id='word_1_113' title='bbox 1271 1568 1541 1625; x_wconf 87' lang='lat' dir='ltr'><strong>sententia</strong></span> <span class='ocrx_word' id='word_1_114' title='bbox 1594 1581 1693 1638; x_wconf 86' lang='lat' dir='ltr'><strong>per</strong></span> <span class='ocrx_word' id='word_1_115' title='bbox 1744 1563 2083 1636; x_wconf 77' lang='lat' dir='ltr'><strong>septuaginta</strong></span> 
     </span>
    </p>
   </div>
   <div class='ocr_carea' id='block_1_17' title="bbox 500 1659 2088 1732">
    <p class='ocr_par' dir='ltr' id='par_1_17' title="bbox 500 1659 2088 1732">
     <span class='ocr_line' id='line_1_17' title="bbox 500 1659 2088 1732; baseline -0.004 -18"><span class='ocrx_word' id='word_1_116' title='bbox 500 1661 725 1716; x_wconf 87' lang='lat' dir='ltr'><strong>idoneos</strong></span> <span class='ocrx_word' id='word_1_117' title='bbox 771 1669 937 1715; x_wconf 79' lang='lat' dir='ltr'><strong>testes</strong></span> <span class='ocrx_word' id='word_1_118' title='bbox 960 1701 975 1726; x_wconf 92' lang='lat'><strong>,</strong></span> <span class='ocrx_word' id='word_1_119' title='bbox 1027 1661 1117 1732; x_wconf 90' lang='lat' dir='ltr'><strong>qui</strong></span> <span class='ocrx_word' id='word_1_120' title='bbox 1151 1659 1283 1715; x_wconf 85' lang='lat' dir='ltr'><strong>tales</strong></span> <span class='ocrx_word' id='word_1_121' title='bbox 1311 1661 1437 1726; x_wconf 91' lang='lat' dir='ltr'><strong>sint,</strong></span> <span class='ocrx_word' id='word_1_122' title='bbox 1469 1660 1559 1729; x_wconf 89' lang='lat' dir='ltr'><strong>qui</strong></span> <span class='ocrx_word' id='word_1_123' title='bbox 1590 1670 1645 1713; x_wconf 90' lang='lat' dir='ltr'><strong>et</strong></span> <span class='ocrx_word' id='word_1_124' title='bbox 1674 1672 1933 1712; x_wconf 85' lang='lat' dir='ltr'><strong>accusare</strong></span> <span class='ocrx_word' id='word_1_125' title='bbox 1960 1670 2088 1724; x_wconf 80' lang='lat' dir='ltr'><strong>pos-</strong></span> 
     </span>
    </p>
   </div>
   <div class='ocr_carea' id='block_1_18' title="bbox 2186 455 3783 528">
    <p class='ocr_par' dir='ltr' id='par_1_18' title="bbox 2186 455 3783 528">
     <span class='ocr_line' id='line_1_18' title="bbox 2186 455 3783 528; baseline -0.002 -13"><span class='ocrx_word' id='word_1_126' title='bbox 2186 475 2308 516; x_wconf 82' lang='lat' dir='ltr'><strong>cunt</strong></span> <span class='ocrx_word' id='word_1_127' title='bbox 2340 457 2617 528; x_wconf 76' lang='lat' dir='ltr'><strong>:equivoco</strong></span> <span class='ocrx_word' id='word_1_128' title='bbox 2645 467 2739 510; x_wconf 92' lang='lat' dir='ltr'><strong>tuo</strong></span> <span class='ocrx_word' id='word_1_129' title='bbox 2771 455 3174 526; x_wconf 75' lang='lat' dir='ltr'><strong>sapientissimo</strong></span> <span class='ocrx_word' id='word_1_130' title='bbox 3206 456 3498 513; x_wconf 86' lang='lat' dir='ltr'><strong>Salomone</strong></span> <span class='ocrx_word' id='word_1_131' title='bbox 3531 458 3783 512; x_wconf 86' lang='lat' dir='ltr'><strong>dilectio-</strong></span> 
     </span>
    </p>
   </div>
   <div class='ocr_carea' id='block_1_19' title="bbox 2187 544 3783 615">
    <p class='ocr_par' dir='ltr' id='par_1_19' title="bbox 2187 544 3783 615">
     <span class='ocr_line' id='line_1_19' title="bbox 2187 544 3783 615; baseline -0.003 -8"><span class='ocrx_word' id='word_1_132' title='bbox 2187 565 2308 606; x_wconf 86' lang='lat' dir='ltr'><strong>nem</strong></span> <span class='ocrx_word' id='word_1_133' title='bbox 2335 557 2479 604; x_wconf 88' lang='lat' dir='ltr'><strong>tuam</strong></span> <span class='ocrx_word' id='word_1_134' title='bbox 2507 547 2885 610; x_wconf 86' lang='lat' dir='ltr'><strong>admonemus,</strong></span> <span class='ocrx_word' id='word_1_135' title='bbox 2913 544 3133 601; x_wconf 77' lang='lat' dir='ltr'><strong>dicente</strong></span> <span class='ocrx_word' id='word_1_136' title='bbox 3156 564 3170 601; x_wconf 88' lang='lat'><strong>:</strong></span> <span class='ocrx_word' id='word_1_137' title='bbox 3200 546 3363 612; x_wconf 77' lang='lat' dir='ltr'><strong>Audi,</strong></span> <span class='ocrx_word' id='word_1_138' title='bbox 3388 547 3467 615; x_wconf 76' lang='lat' dir='ltr'><strong>[ili</strong></span> <span class='ocrx_word' id='word_1_139' title='bbox 3495 549 3589 613; x_wconf 83' lang='lat' dir='ltr'><strong>mi,</strong></span> <span class='ocrx_word' id='word_1_140' title='bbox 3610 550 3783 603; x_wconf 67' lang='lat' dir='ltr'><strong>disci-</strong></span> 
     </span>
    </p>
   </div>
   <div class='ocr_carea' id='block_1_20' title="bbox 2185 638 3785 712">
    <p class='ocr_par' dir='ltr' id='par_1_20' title="bbox 2185 638 3785 712">
     <span class='ocr_line' id='line_1_20' title="bbox 2185 638 3785 712; baseline 0.001 -19"><span class='ocrx_word' id='word_1_141' title='bbox 2185 641 2385 712; x_wconf 79' lang='lat' dir='ltr'><strong>plinam</strong></span> <span class='ocrx_word' id='word_1_142' title='bbox 2430 640 2597 710; x_wconf 73' lang='lat' dir='ltr'><strong>patris</strong></span> <span class='ocrx_word' id='word_1_143' title='bbox 2644 638 2747 703; x_wconf 81' lang='lat' dir='ltr'><strong>tui,</strong></span> <span class='ocrx_word' id='word_1_144' title='bbox 2802 648 2851 692; x_wconf 79' lang='lat' dir='ltr'><strong>et</strong></span> <span class='ocrx_word' id='word_1_145' title='bbox 2894 653 2955 690; x_wconf 84' lang='lat' dir='ltr'><strong>ne</strong></span> <span class='ocrx_word' id='word_1_146' title='bbox 2996 638 3230 691; x_wconf 76' lang='lat' dir='ltr'><strong>dimittas</strong></span> <span class='ocrx_word' id='word_1_147' title='bbox 3268 638 3430 707; x_wconf 79' lang='lat' dir='ltr'><strong>legem</strong></span> <span class='ocrx_word' id='word_1_148' title='bbox 3458 641 3648 692; x_wconf 75' lang='lat' dir='ltr'><strong>multis</strong></span> <span class='ocrx_word' id='word_1_149' title='bbox 3673 650 3785 695; x_wconf 68' lang='lat' dir='ltr'><strong>(ac</strong></span> 
     </span>
    </p>
   </div>
   <div class='ocr_carea' id='block_1_21' title="bbox 2188 725 3787 800">
    <p class='ocr_par' dir='ltr' id='par_1_21' title="bbox 2188 725 3787 800">
     <span class='ocr_line' id='line_1_21' title="bbox 2188 725 3787 800; baseline 0.004 -21"><span class='ocrx_word' id='word_1_150' title='bbox 2188 727 2370 799; x_wconf 81' lang='lat' dir='ltr'><strong>(Prov.</strong></span> <span class='ocrx_word' id='word_1_151' title='bbox 2401 730 2462 800; x_wconf 86' lang='grc' dir='ltr'><strong>ι).</strong></span> <span class='ocrx_word' id='word_1_152' title='bbox 2509 726 2585 799; x_wconf 77' lang='grc'><strong>(5.</strong></span> <span class='ocrx_word' id='word_1_153' title='bbox 2618 742 2672 799; x_wconf 87' lang='lat' dir='ltr'><strong>q.</strong></span> <span class='ocrx_word' id='word_1_154' title='bbox 2703 727 2755 782; x_wconf 83' lang='lat'><strong>6.</strong></span> <span class='ocrx_word' id='word_1_155' title='bbox 2801 725 2933 784; x_wconf 68' lang='lat' dir='ltr'><strong>Hinc</strong></span> <span class='ocrx_word' id='word_1_156' title='bbox 2974 729 3204 799; x_wconf 72' lang='lat' dir='ltr'><strong>quippe:</strong></span> <span class='ocrx_word' id='word_1_157' title='bbox 3246 728 3334 782; x_wconf 82' lang='lat' dir='ltr'><strong>tibi</strong></span> <span class='ocrx_word' id='word_1_158' title='bbox 3387 728 3503 783; x_wconf 56' lang='lat' dir='ltr'><strong>haec</strong></span> <span class='ocrx_word' id='word_1_159' title='bbox 3549 732 3787 800; x_wconf 74' lang='lat' dir='ltr'><strong>epistula</strong></span> 
     </span>
    </p>
   </div>
   <div class='ocr_carea' id='block_1_22' title="bbox 2185 818 3787 892">
    <p class='ocr_par' dir='ltr' id='par_1_22' title="bbox 2185 818 3787 892">
     <span class='ocr_line' id='line_1_22' title="bbox 2185 818 3787 892; baseline 0 -16"><span class='ocrx_word' id='word_1_160' title='bbox 2185 821 2378 876; x_wconf 81' lang='lat' dir='ltr'><strong>Joanni</strong></span> <span class='ocrx_word' id='word_1_161' title='bbox 2406 830 2565 892; x_wconf 68' lang='lat' dir='ltr'><strong>papa)</strong></span> <span class='ocrx_word' id='word_1_162' title='bbox 2597 820 2898 891; x_wconf 86' lang='lat' dir='ltr'><strong>tribuitur.)</strong></span> <span class='ocrx_word' id='word_1_163' title='bbox 2946 818 3073 875; x_wconf 56' lang='lat' dir='ltr'><strong>Hae</strong></span> <span class='ocrx_word' id='word_1_164' title='bbox 3117 820 3321 890; x_wconf 81' lang='lat' dir='ltr'><strong>quippe</strong></span> <span class='ocrx_word' id='word_1_165' title='bbox 3347 829 3474 875; x_wconf 84' lang='lat' dir='ltr'><strong>sunt</strong></span> <span class='ocrx_word' id='word_1_166' title='bbox 3509 833 3787 890; x_wconf 72' lang='lat' dir='ltr'><strong>pnecrpta</strong></span> 
     </span>
    </p>
   </div>
   <div class='ocr_carea' id='block_1_23' title="bbox 2187 912 3787 984">
    <p class='ocr_par' dir='ltr' id='par_1_23' title="bbox 2187 912 3787 984">
     <span class='ocr_line' id='line_1_23' title="bbox 2187 912 3787 984; baseline 0.001 -17"><span class='ocrx_word' id='word_1_167' title='bbox 2187 913 2282 967; x_wconf 85' lang='lat' dir='ltr'><strong>Dei</strong></span> <span class='ocrx_word' id='word_1_168' title='bbox 2318 914 2488 984; x_wconf 85' lang='lat' dir='ltr'><strong>patris</strong></span> <span class='ocrx_word' id='word_1_169' title='bbox 2519 913 2617 978; x_wconf 89' lang='lat' dir='ltr'><strong>tui,</strong></span> <span class='ocrx_word' id='word_1_170' title='bbox 2660 921 2717 968; x_wconf 88' lang='lat' dir='ltr'><strong>et</strong></span> <span class='ocrx_word' id='word_1_171' title='bbox 2755 912 2871 968; x_wconf 66' lang='lat' dir='ltr'><strong>haec</strong></span> <span class='ocrx_word' id='word_1_172' title='bbox 2898 920 2984 968; x_wconf 88' lang='lat' dir='ltr'><strong>est</strong></span> <span class='ocrx_word' id='word_1_173' title='bbox 3015 912 3097 969; x_wconf 76' lang='lat' dir='ltr'><strong>lex</strong></span> <span class='ocrx_word' id='word_1_174' title='bbox 3124 912 3381 968; x_wconf 74' lang='lat' dir='ltr'><strong>Ecclesia:</strong></span> <span class='ocrx_word' id='word_1_175' title='bbox 3433 923 3630 967; x_wconf 82' lang='lat' dir='ltr'><strong>matris</strong></span> <span class='ocrx_word' id='word_1_176' title='bbox 3656 924 3787 969; x_wconf 75' lang='lat' dir='ltr'><strong>une.</strong></span> 
     </span>
    </p>
   </div>
   <div class='ocr_carea' id='block_1_24' title="bbox 2188 1003 3788 1074">
    <p class='ocr_par' dir='ltr' id='par_1_24' title="bbox 2188 1003 3788 1074">
     <span class='ocr_line' id='line_1_24' title="bbox 2188 1003 3788 1074; baseline -0.001 -15"><span class='ocrx_word' id='word_1_177' title='bbox 2188 1004 2448 1059; x_wconf 83' lang='lat' dir='ltr'><strong>Videlicet</strong></span> <span class='ocrx_word' id='word_1_178' title='bbox 2474 1012 2534 1056; x_wconf 89' lang='lat' dir='ltr'><strong>ut</strong></span> <span class='ocrx_word' id='word_1_179' title='bbox 2556 1018 2748 1058; x_wconf 88' lang='lat' dir='ltr'><strong>omnes</strong></span> <span class='ocrx_word' id='word_1_180' title='bbox 2773 1003 3056 1074; x_wconf 85' lang='lat' dir='ltr'><strong>episcopos</strong></span> <span class='ocrx_word' id='word_1_181' title='bbox 3106 1004 3261 1074; x_wconf 87' lang='lat' dir='ltr'><strong>regni</strong></span> <span class='ocrx_word' id='word_1_182' title='bbox 3293 1003 3368 1057; x_wconf 89' lang='lat' dir='ltr'><strong>tui</strong></span> <span class='ocrx_word' id='word_1_183' title='bbox 3400 1004 3467 1057; x_wconf 86' lang='lat' dir='ltr'><strong>ad</strong></span> <span class='ocrx_word' id='word_1_184' title='bbox 3497 1003 3788 1058; x_wconf 76' lang='lat' dir='ltr'><strong>Turonen-</strong></span> 
     </span>
    </p>
   </div>
   <div class='ocr_carea' id='block_1_25' title="bbox 2188 1094 3788 1166">
    <p class='ocr_par' dir='ltr' id='par_1_25' title="bbox 2188 1094 3788 1166">
     <span class='ocr_line' id='line_1_25' title="bbox 2188 1094 3788 1166; baseline 0 -16"><span class='ocrx_word' id='word_1_185' title='bbox 2188 1110 2299 1150; x_wconf 88' lang='lat' dir='ltr'><strong>sem</strong></span> <span class='ocrx_word' id='word_1_186' title='bbox 2342 1094 2808 1166; x_wconf 82' lang='lat' dir='ltr'><strong>archiepiscopum</strong></span> <span class='ocrx_word' id='word_1_187' title='bbox 2845 1095 3062 1149; x_wconf 84' lang='lat' dir='ltr'><strong>mittere</strong></span> <span class='ocrx_word' id='word_1_188' title='bbox 3109 1109 3219 1150; x_wconf 90' lang='lat' dir='ltr'><strong>non</strong></span> <span class='ocrx_word' id='word_1_189' title='bbox 3261 1096 3552 1160; x_wconf 81' lang='lat' dir='ltr'><strong>detrectes,</strong></span> <span class='ocrx_word' id='word_1_190' title='bbox 3584 1096 3788 1165; x_wconf 79' lang='lat' dir='ltr'><strong>ipsius-</strong></span> 
     </span>
    </p>
   </div>
   <div class='ocr_carea' id='block_1_26' title="bbox 2187 1185 3784 1258">
    <p class='ocr_par' dir='ltr' id='par_1_26' title="bbox 2187 1185 3784 1258">
     <span class='ocr_line' id='line_1_26' title="bbox 2187 1185 3784 1258; baseline -0.001 -16"><span class='ocrx_word' id='word_1_191' title='bbox 2187 1203 2293 1258; x_wconf 88' lang='lat' dir='ltr'><strong>que</strong></span> <span class='ocrx_word' id='word_1_192' title='bbox 2313 1186 2575 1255; x_wconf 86' lang='lat' dir='ltr'><strong>judicium</strong></span> <span class='ocrx_word' id='word_1_193' title='bbox 2619 1185 2895 1257; x_wconf 87' lang='lat' dir='ltr'><strong>postulare</strong></span> <span class='ocrx_word' id='word_1_194' title='bbox 2946 1202 3053 1242; x_wconf 90' lang='lat' dir='ltr'><strong>non</strong></span> <span class='ocrx_word' id='word_1_195' title='bbox 3108 1186 3436 1258; x_wconf 87' lang='lat' dir='ltr'><strong>dedigneris.</strong></span> <span class='ocrx_word' id='word_1_196' title='bbox 3475 1188 3597 1255; x_wconf 89' lang='lat' dir='ltr'><strong>lpse</strong></span> <span class='ocrx_word' id='word_1_197' title='bbox 3628 1187 3784 1241; x_wconf 84' lang='lat' dir='ltr'><strong>enim</strong></span> 
     </span>
    </p>
   </div>
   <div class='ocr_carea' id='block_1_27' title="bbox 2187 1280 3787 1353">
    <p class='ocr_par' dir='ltr' id='par_1_27' title="bbox 2187 1280 3787 1353">
     <span class='ocr_line' id='line_1_27' title="bbox 2187 1280 3787 1353; baseline -0.001 -16"><span class='ocrx_word' id='word_1_198' title='bbox 2187 1291 2272 1337; x_wconf 89' lang='lat' dir='ltr'><strong>est</strong></span> <span class='ocrx_word' id='word_1_199' title='bbox 2318 1281 2785 1352; x_wconf 80' lang='lat' dir='ltr'><strong>metmpolitanus,</strong></span> <span class='ocrx_word' id='word_1_200' title='bbox 2841 1294 3146 1352; x_wconf 88' lang='lat' dir='ltr'><strong>omnesque</strong></span> <span class='ocrx_word' id='word_1_201' title='bbox 3200 1280 3440 1353; x_wconf 83' lang='lat' dir='ltr'><strong>episcopi</strong></span> <span class='ocrx_word' id='word_1_202' title='bbox 3500 1282 3658 1351; x_wconf 87' lang='lat' dir='ltr'><strong>regni</strong></span> <span class='ocrx_word' id='word_1_203' title='bbox 3705 1281 3787 1335; x_wconf 90' lang='lat' dir='ltr'><strong>tui</strong></span> 
     </span>
    </p>
   </div>
   <div class='ocr_carea' id='block_1_28' title="bbox 2186 1371 3786 1444">
    <p class='ocr_par' dir='ltr' id='par_1_28' title="bbox 2186 1371 3786 1444">
     <span class='ocr_line' id='line_1_28' title="bbox 2186 1371 3786 1444; baseline 0 -17"><span class='ocrx_word' id='word_1_204' title='bbox 2186 1373 2303 1443; x_wconf 82' lang='lat' dir='ltr'><strong>ejus</strong></span> <span class='ocrx_word' id='word_1_205' title='bbox 2339 1371 2664 1444; x_wconf 71' lang='lat' dir='ltr'><strong>subragauei</strong></span> <span class='ocrx_word' id='word_1_206' title='bbox 2705 1381 2852 1437; x_wconf 87' lang='lat' dir='ltr'><strong>sunt,</strong></span> <span class='ocrx_word' id='word_1_207' title='bbox 2898 1373 3043 1427; x_wconf 89' lang='lat' dir='ltr'><strong>sicut</strong></span> <span class='ocrx_word' id='word_1_208' title='bbox 3092 1372 3520 1441; x_wconf 87' lang='lat' dir='ltr'><strong>conscriptiones</strong></span> <span class='ocrx_word' id='word_1_209' title='bbox 3565 1373 3786 1442; x_wconf 84' lang='lat' dir='ltr'><strong>praede-</strong></span> 
     </span>
    </p>
   </div>
   <div class='ocr_carea' id='block_1_29' title="bbox 2187 1464 3787 1535">
    <p class='ocr_par' dir='ltr' id='par_1_29' title="bbox 2187 1464 3787 1535">
     <span class='ocr_line' id='line_1_29' title="bbox 2187 1464 3787 1535; baseline -0.003 -12"><span class='ocrx_word' id='word_1_210' title='bbox 2187 1482 2465 1524; x_wconf 89' lang='lat' dir='ltr'><strong>cessorum</strong></span> <span class='ocrx_word' id='word_1_211' title='bbox 2494 1480 2736 1522; x_wconf 90' lang='lat' dir='ltr'><strong>meorum</strong></span> <span class='ocrx_word' id='word_1_212' title='bbox 2783 1465 3068 1521; x_wconf 87' lang='lat' dir='ltr'><strong>evideutcr</strong></span> <span class='ocrx_word' id='word_1_213' title='bbox 3102 1465 3417 1530; x_wconf 88' lang='lat' dir='ltr'><strong>ostendunt,</strong></span> <span class='ocrx_word' id='word_1_214' title='bbox 3447 1464 3542 1533; x_wconf 90' lang='lat' dir='ltr'><strong>qui</strong></span> <span class='ocrx_word' id='word_1_215' title='bbox 3582 1464 3787 1535; x_wconf 65' lang='lat' dir='ltr'><strong>pra-de~</strong></span> 
     </span>
    </p>
   </div>
   <div class='ocr_carea' id='block_1_30' title="bbox 2187 1557 3780 1629">
    <p class='ocr_par' dir='ltr' id='par_1_30' title="bbox 2187 1557 3780 1629">
     <span class='ocr_line' id='line_1_30' title="bbox 2187 1557 3780 1629; baseline -0.003 -15"><span class='ocrx_word' id='word_1_216' title='bbox 2187 1573 2434 1614; x_wconf 74' lang='lat' dir='ltr'><strong>cessares</strong></span> <span class='ocrx_word' id='word_1_217' title='bbox 2450 1569 2590 1623; x_wconf 89' lang='lat' dir='ltr'><strong>tuos,</strong></span> <span class='ocrx_word' id='word_1_218' title='bbox 2623 1558 2750 1628; x_wconf 83' lang='lat' dir='ltr'><strong>quia</strong></span> <span class='ocrx_word' id='word_1_219' title='bbox 2774 1557 2896 1612; x_wconf 85' lang='lat' dir='ltr'><strong>illos</strong></span> <span class='ocrx_word' id='word_1_220' title='bbox 2916 1557 2984 1612; x_wconf 89' lang='lat' dir='ltr'><strong>ab</strong></span> <span class='ocrx_word' id='word_1_221' title='bbox 3011 1557 3180 1629; x_wconf 64' lang='lat' dir='ltr'><strong>ipsius</strong></span> <span class='ocrx_word' id='word_1_222' title='bbox 3203 1572 3332 1613; x_wconf 88' lang='lat' dir='ltr'><strong>cura</strong></span> <span class='ocrx_word' id='word_1_223' title='bbox 3358 1558 3780 1622; x_wconf 79' lang='lat' dir='ltr'><strong>subtraxerant,</strong></span> 
     </span>
    </p>
   </div>
   <div class='ocr_carea' id='block_1_31' title="bbox 2187 1651 3775 1723">
    <p class='ocr_par' dir='ltr' id='par_1_31' title="bbox 2187 1651 3775 1723">
     <span class='ocr_line' id='line_1_31' title="bbox 2187 1651 3775 1723; baseline -0.003 -13"><span class='ocrx_word' id='word_1_224' title='bbox 2187 1654 2312 1710; x_wconf 90' lang='lat' dir='ltr'><strong>forti</strong></span> <span class='ocrx_word' id='word_1_225' title='bbox 2344 1654 2650 1711; x_wconf 85' lang='lat' dir='ltr'><strong>invectionc</strong></span> <span class='ocrx_word' id='word_1_226' title='bbox 2673 1653 2951 1723; x_wconf 86' lang='lat' dir='ltr'><strong>corripere</strong></span> <span class='ocrx_word' id='word_1_227' title='bbox 2980 1651 3305 1708; x_wconf 73' lang='lat' dir='ltr'><strong>sLuducrunt</strong></span> <span class='ocrx_word' id='word_1_228' title='bbox 3334 1666 3351 1705; x_wconf 91' lang='lat'><strong>:</strong></span> <span class='ocrx_word' id='word_1_229' title='bbox 3391 1652 3649 1722; x_wconf 81' lang='lat' dir='ltr'><strong>quamvis</strong></span> <span class='ocrx_word' id='word_1_230' title='bbox 3672 1666 3775 1705; x_wconf 84' lang='lat' dir='ltr'><strong>nec.</strong></span> 
     </span>
    </p>
   </div>
   <div class='ocr_carea' id='block_1_32' title="bbox 500 1742 3781 1822">
    <p class='ocr_par' dir='ltr' id='par_1_32' title="bbox 500 1742 3781 1822">
     <span class='ocr_line' id='line_1_32' title="bbox 500 1742 3781 1822; baseline -0.003 -16"><span class='ocrx_word' id='word_1_231' title='bbox 500 1752 629 1816; x_wconf 86' lang='lat' dir='ltr'><strong>sint,</strong></span> <span class='ocrx_word' id='word_1_232' title='bbox 662 1761 717 1806; x_wconf 91' lang='lat' dir='ltr'><strong>et</strong></span> <span class='ocrx_word' id='word_1_233' title='bbox 744 1752 894 1822; x_wconf 87' lang='lat' dir='ltr'><strong>prius</strong></span> <span class='ocrx_word' id='word_1_234' title='bbox 932 1752 999 1807; x_wconf 84' lang='lat' dir='ltr'><strong>ad</strong></span> <span class='ocrx_word' id='word_1_235' title='bbox 1054 1767 1210 1808; x_wconf 86' lang='lat' dir='ltr'><strong>sacra</strong></span> <span class='ocrx_word' id='word_1_236' title='bbox 1256 1750 1457 1806; x_wconf 86' lang='lat' dir='ltr'><strong>Christi</strong></span> <span class='ocrx_word' id='word_1_237' title='bbox 1498 1760 1732 1820; x_wconf 85' lang='lat' dir='ltr'><strong>quatuor</strong></span> <span class='ocrx_word' id='word_1_238' title='bbox 1789 1746 2079 1818; x_wconf 82' lang='lat' dir='ltr'><strong>Evangelia</strong></span> <span class='ocrx_word' id='word_1_239' title='bbox 2116 1742 2157 1800; x_wconf 83' lang='grc' dir='ltr'><strong><em>Β</em></strong></span> <span class='ocrx_word' id='word_1_240' title='bbox 2186 1756 2369 1803; x_wconf 84' lang='lat' dir='ltr'><strong>nostra</strong></span> <span class='ocrx_word' id='word_1_241' title='bbox 2403 1745 2606 1817; x_wconf 86' lang='lat' dir='ltr'><strong>scripta</strong></span> <span class='ocrx_word' id='word_1_242' title='bbox 2637 1761 2800 1816; x_wconf 87' lang='lat' dir='ltr'><strong>super</strong></span> <span class='ocrx_word' id='word_1_243' title='bbox 2834 1744 2940 1799; x_wconf 86' lang='lat' dir='ltr'><strong>hac</strong></span> <span class='ocrx_word' id='word_1_244' title='bbox 2964 1757 3023 1798; x_wconf 80' lang='lat' dir='ltr'><strong>re</strong></span> <span class='ocrx_word' id='word_1_245' title='bbox 3060 1744 3224 1799; x_wconf 80' lang='lat' dir='ltr'><strong>missa</strong></span> <span class='ocrx_word' id='word_1_246' title='bbox 3249 1744 3438 1799; x_wconf 84' lang='lat' dir='ltr'><strong>deesse</strong></span> <span class='ocrx_word' id='word_1_247' title='bbox 3467 1743 3781 1797; x_wconf 83' lang='lat' dir='ltr'><strong>videantur.</strong></span> 
     </span>
    </p>
   </div>
   <div class='ocr_carea' id='block_1_33' title="bbox 501 1839 2084 1914">
    <p class='ocr_par' dir='ltr' id='par_1_33' title="bbox 501 1839 2084 1914">
     <span class='ocr_line' id='line_1_33' title="bbox 501 1839 2084 1914; baseline -0.004 -17"><span class='ocrx_word' id='word_1_248' title='bbox 501 1852 841 1898; x_wconf 88' lang='lat' dir='ltr'><strong>sacramenta</strong></span> <span class='ocrx_word' id='word_1_249' title='bbox 882 1850 1169 1914; x_wconf 69' lang='lat' dir='ltr'><strong>praestent,</strong></span> <span class='ocrx_word' id='word_1_250' title='bbox 1211 1840 1355 1912; x_wconf 85' lang='lat' dir='ltr'><strong>quod</strong></span> <span class='ocrx_word' id='word_1_251' title='bbox 1402 1841 1479 1896; x_wconf 89' lang='lat' dir='ltr'><strong>nil</strong></span> <span class='ocrx_word' id='word_1_252' title='bbox 1517 1840 1714 1895; x_wconf 86' lang='lat' dir='ltr'><strong>falsum</strong></span> <span class='ocrx_word' id='word_1_253' title='bbox 1747 1839 2084 1910; x_wconf 73' lang='lat' dir='ltr'><strong>depromunt,</strong></span> 
     </span>
    </p>
   </div>
   <div class='ocr_carea' id='block_1_34' title="bbox 503 1931 2086 1996">
    <p class='ocr_par' dir='ltr' id='par_1_34' title="bbox 503 1931 2086 1996">
     <span class='ocr_line' id='line_1_34' title="bbox 503 1931 2086 1996; baseline -0.001 -10"><span class='ocrx_word' id='word_1_254' title='bbox 503 1934 641 1987; x_wconf 85' lang='lat' dir='ltr'><strong>sicut</strong></span> <span class='ocrx_word' id='word_1_255' title='bbox 677 1935 834 1989; x_wconf 91' lang='lat' dir='ltr'><strong>nobis</strong></span> <span class='ocrx_word' id='word_1_256' title='bbox 867 1933 1058 1989; x_wconf 86' lang='lat' dir='ltr'><strong>beatus</strong></span> <span class='ocrx_word' id='word_1_257' title='bbox 1103 1933 1400 1996; x_wconf 88' lang='lat' dir='ltr'><strong>Silvester,</strong></span> <span class='ocrx_word' id='word_1_258' title='bbox 1432 1941 1492 1988; x_wconf 90' lang='lat' dir='ltr'><strong>et</strong></span> <span class='ocrx_word' id='word_1_259' title='bbox 1520 1940 1709 1987; x_wconf 85' lang='lat' dir='ltr'><strong>saneta</strong></span> <span class='ocrx_word' id='word_1_260' title='bbox 1734 1931 1977 1988; x_wconf 80' lang='lat' dir='ltr'><strong>Romana</strong></span> <span class='ocrx_word' id='word_1_261' title='bbox 2003 1939 2086 1985; x_wconf 58' lang='lat' dir='ltr'><strong>te.</strong></span> 
     </span>
    </p>
   </div>
   <div class='ocr_carea' id='block_1_35' title="bbox 502 2024 2086 2093">
    <p class='ocr_par' dir='ltr' id='par_1_35' title="bbox 502 2024 2086 2093">
     <span class='ocr_line' id='line_1_35' title="bbox 502 2024 2086 2093; baseline 0.001 -16"><span class='ocrx_word' id='word_1_262' title='bbox 502 2038 633 2077; x_wconf 88' lang='lat' dir='ltr'><strong>nere</strong></span> <span class='ocrx_word' id='word_1_263' title='bbox 663 2024 875 2079; x_wconf 88' lang='lat' dir='ltr'><strong>videtur</strong></span> <span class='ocrx_word' id='word_1_264' title='bbox 902 2024 1163 2080; x_wconf 85' lang='lat' dir='ltr'><strong>Ecclesia.</strong></span> <span class='ocrx_word' id='word_1_265' title='bbox 1193 2024 1366 2093; x_wconf 87' lang='lat' dir='ltr'><strong>Quam</strong></span> <span class='ocrx_word' id='word_1_266' title='bbox 1392 2032 1608 2078; x_wconf 85' lang='lat' dir='ltr'><strong>secutus</strong></span> <span class='ocrx_word' id='word_1_267' title='bbox 1639 2024 1892 2078; x_wconf 86' lang='lat' dir='ltr'><strong>decessor</strong></span> <span class='ocrx_word' id='word_1_268' title='bbox 1915 2037 2086 2087; x_wconf 89' lang='lat' dir='ltr'><strong>meus,</strong></span> 
     </span>
    </p>
   </div>
   <div class='ocr_carea' id='block_1_36' title="bbox 503 2113 2090 2185">
    <p class='ocr_par' dir='ltr' id='par_1_36' title="bbox 503 2113 2090 2185">
     <span class='ocr_line' id='line_1_36' title="bbox 503 2113 2090 2185; baseline -0.001 -18"><span class='ocrx_word' id='word_1_269' title='bbox 503 2124 708 2170; x_wconf 78' lang='lat' dir='ltr'><strong>sanan</strong></span> <span class='ocrx_word' id='word_1_270' title='bbox 741 2116 1017 2171; x_wconf 70' lang='lat' dir='ltr'><strong>memoriae</strong></span> <span class='ocrx_word' id='word_1_271' title='bbox 1039 2114 1383 2180; x_wconf 88' lang='lat' dir='ltr'><strong>Benedictus,</strong></span> <span class='ocrx_word' id='word_1_272' title='bbox 1410 2116 1537 2185; x_wconf 89' lang='lat' dir='ltr'><strong>quia</strong></span> <span class='ocrx_word' id='word_1_273' title='bbox 1569 2124 1760 2169; x_wconf 89' lang='lat' dir='ltr'><strong>contra</strong></span> <span class='ocrx_word' id='word_1_274' title='bbox 1786 2113 2090 2169; x_wconf 86' lang='lat' dir='ltr'><strong>decessoris</strong></span> 
     </span>
    </p>
   </div>
   <div class='ocr_carea' id='block_1_37' title="bbox 505 2206 2088 2279">
    <p class='ocr_par' dir='ltr' id='par_1_37' title="bbox 505 2206 2088 2279">
     <span class='ocr_line' id='line_1_37' title="bbox 505 2206 2088 2279; baseline -0.001 -17"><span class='ocrx_word' id='word_1_275' title='bbox 505 2208 588 2262; x_wconf 90' lang='lat' dir='ltr'><strong>sui</strong></span> <span class='ocrx_word' id='word_1_276' title='bbox 617 2209 915 2274; x_wconf 86' lang='lat' dir='ltr'><strong>decretum,</strong></span> <span class='ocrx_word' id='word_1_277' title='bbox 946 2224 1052 2263; x_wconf 90' lang='lat' dir='ltr'><strong>non</strong></span> <span class='ocrx_word' id='word_1_278' title='bbox 1082 2209 1152 2264; x_wconf 89' lang='lat' dir='ltr'><strong>ab</strong></span> <span class='ocrx_word' id='word_1_279' title='bbox 1173 2209 1462 2279; x_wconf 84' lang='lat' dir='ltr'><strong>episcopis,</strong></span> <span class='ocrx_word' id='word_1_280' title='bbox 1488 2209 1581 2263; x_wconf 89' lang='lat' dir='ltr'><strong>sed</strong></span> <span class='ocrx_word' id='word_1_281' title='bbox 1608 2223 1638 2262; x_wconf 89' lang='lat' dir='ltr'><strong>a</strong></span> <span class='ocrx_word' id='word_1_282' title='bbox 1666 2207 1840 2273; x_wconf 87' lang='lat' dir='ltr'><strong>laicis,</strong></span> <span class='ocrx_word' id='word_1_283' title='bbox 1874 2206 2088 2277; x_wconf 87' lang='lat' dir='ltr'><strong>episco-</strong></span> 
     </span>
    </p>
   </div>
   <div class='ocr_carea' id='block_1_38' title="bbox 504 2298 2089 2372">
    <p class='ocr_par' dir='ltr' id='par_1_38' title="bbox 504 2298 2089 2372">
     <span class='ocr_line' id='line_1_38' title="bbox 504 2298 2089 2372; baseline -0.003 -16"><span class='ocrx_word' id='word_1_284' title='bbox 504 2315 605 2371; x_wconf 86' lang='lat' dir='ltr'><strong>pos</strong></span> <span class='ocrx_word' id='word_1_285' title='bbox 633 2302 686 2356; x_wconf 91' lang='lat' dir='ltr'><strong>in</strong></span> <span class='ocrx_word' id='word_1_286' title='bbox 720 2302 939 2372; x_wconf 75' lang='lat' dir='ltr'><strong>regione</strong></span> <span class='ocrx_word' id='word_1_287' title='bbox 990 2312 1080 2356; x_wconf 88' lang='lat' dir='ltr'><strong>tua</strong></span> <span class='ocrx_word' id='word_1_288' title='bbox 1119 2310 1447 2372; x_wconf 81' lang='lat' dir='ltr'><strong>cognoverat</strong></span> <span class='ocrx_word' id='word_1_289' title='bbox 1470 2314 1596 2357; x_wconf 87' lang='lat' dir='ltr'><strong>esse</strong></span> <span class='ocrx_word' id='word_1_290' title='bbox 1627 2298 1888 2369; x_wconf 85' lang='lat' dir='ltr'><strong>dejectos,</strong></span> <span class='ocrx_word' id='word_1_291' title='bbox 1921 2298 2089 2353; x_wconf 88' lang='lat' dir='ltr'><strong>multa</strong></span> 
     </span>
    </p>
   </div>
   <div class='ocr_carea' id='block_1_39' title="bbox 504 2388 2091 2461">
    <p class='ocr_par' dir='ltr' id='par_1_39' title="bbox 504 2388 2091 2461">
     <span class='ocr_line' id='line_1_39' title="bbox 504 2388 2091 2461; baseline 0.002 -20"><span class='ocrx_word' id='word_1_292' title='bbox 504 2389 764 2444; x_wconf 69' lang='lat' dir='ltr'><strong>iniustitia</strong></span> <span class='ocrx_word' id='word_1_293' title='bbox 815 2398 872 2445; x_wconf 89' lang='lat' dir='ltr'><strong>et</strong></span> <span class='ocrx_word' id='word_1_294' title='bbox 924 2390 1291 2461; x_wconf 82' lang='lat' dir='ltr'><strong>indignatione</strong></span> <span class='ocrx_word' id='word_1_295' title='bbox 1347 2389 1627 2459; x_wconf 88' lang='lat' dir='ltr'><strong>repletus,</strong></span> <span class='ocrx_word' id='word_1_296' title='bbox 1685 2388 1903 2458; x_wconf 84' lang='lat' dir='ltr'><strong>scripsit</strong></span> <span class='ocrx_word' id='word_1_297' title='bbox 1945 2389 2091 2458; x_wconf 83' lang='lat' dir='ltr'><strong>quod</strong></span> 
     </span>
    </p>
   </div>
   <div class='ocr_carea' id='block_1_40' title="bbox 504 2481 2089 2555">
    <p class='ocr_par' dir='ltr' id='par_1_40' title="bbox 504 2481 2089 2555">
     <span class='ocr_line' id='line_1_40' title="bbox 504 2481 2089 2555; baseline 0.001 -20"><span class='ocrx_word' id='word_1_298' title='bbox 504 2481 649 2536; x_wconf 76' lang='lat' dir='ltr'><strong>milia</strong></span> <span class='ocrx_word' id='word_1_299' title='bbox 680 2482 821 2537; x_wconf 82' lang='lat' dir='ltr'><strong>ratio</strong></span> <span class='ocrx_word' id='word_1_300' title='bbox 868 2483 1071 2540; x_wconf 86' lang='lat' dir='ltr'><strong>sineret</strong></span> <span class='ocrx_word' id='word_1_301' title='bbox 1108 2484 1392 2555; x_wconf 85' lang='lat' dir='ltr'><strong>episcopos</strong></span> <span class='ocrx_word' id='word_1_302' title='bbox 1423 2498 1454 2537; x_wconf 88' lang='lat' dir='ltr'><strong>a</strong></span> <span class='ocrx_word' id='word_1_303' title='bbox 1504 2482 1721 2539; x_wconf 87' lang='lat' dir='ltr'><strong>sedibus</strong></span> <span class='ocrx_word' id='word_1_304' title='bbox 1765 2484 1878 2538; x_wconf 90' lang='lat' dir='ltr'><strong>suis</strong></span> <span class='ocrx_word' id='word_1_305' title='bbox 1915 2482 2040 2553; x_wconf 80' lang='lat' dir='ltr'><strong>pelii</strong></span> <span class='ocrx_word' id='word_1_306' title='bbox 2073 2522 2089 2549; x_wconf 94' lang='lat'><strong>,</strong></span> 
     </span>
    </p>
   </div>
   <div class='ocr_carea' id='block_1_41' title="bbox 503 2574 2087 2645">
    <p class='ocr_par' dir='ltr' id='par_1_41' title="bbox 503 2574 2087 2645">
     <span class='ocr_line' id='line_1_41' title="bbox 503 2574 2087 2645; baseline 0.004 -21"><span class='ocrx_word' id='word_1_307' title='bbox 503 2588 642 2644; x_wconf 82' lang='lat' dir='ltr'><strong>quos</strong></span> <span class='ocrx_word' id='word_1_308' title='bbox 669 2574 1035 2629; x_wconf 74' lang='lat' dir='ltr'><strong>duodenarius</strong></span> <span class='ocrx_word' id='word_1_309' title='bbox 1061 2589 1326 2630; x_wconf 90' lang='lat' dir='ltr'><strong>numerus</strong></span> <span class='ocrx_word' id='word_1_310' title='bbox 1374 2591 1480 2630; x_wconf 89' lang='lat' dir='ltr'><strong>non</strong></span> <span class='ocrx_word' id='word_1_311' title='bbox 1534 2576 1804 2645; x_wconf 84' lang='lat' dir='ltr'><strong>ejecisset.</strong></span> <span class='ocrx_word' id='word_1_312' title='bbox 1846 2575 2087 2642; x_wconf 85' lang='lat' dir='ltr'><strong>Quorum</strong></span> 
     </span>
    </p>
   </div>
   <div class='ocr_carea' id='block_1_42' title="bbox 502 2665 2091 2737">
    <p class='ocr_par' dir='ltr' id='par_1_42' title="bbox 502 2665 2091 2737">
     <span class='ocr_line' id='line_1_42' title="bbox 502 2665 2091 2737; baseline 0.003 -19"><span class='ocrx_word' id='word_1_313' title='bbox 502 2665 733 2734; x_wconf 77' lang='lat' dir='ltr'><strong>vestigia</strong></span> <span class='ocrx_word' id='word_1_314' title='bbox 760 2676 815 2720; x_wconf 88' lang='lat' dir='ltr'><strong>et</strong></span> <span class='ocrx_word' id='word_1_315' title='bbox 850 2680 952 2737; x_wconf 87' lang='lat' dir='ltr'><strong>ego</strong></span> <span class='ocrx_word' id='word_1_316' title='bbox 986 2680 1201 2737; x_wconf 85' lang='lat' dir='ltr'><strong>quoque</strong></span> <span class='ocrx_word' id='word_1_317' title='bbox 1248 2675 1468 2721; x_wconf 86' lang='lat' dir='ltr'><strong>secutus</strong></span> <span class='ocrx_word' id='word_1_318' title='bbox 1509 2667 1700 2721; x_wconf 85' lang='lat' dir='ltr'><strong>cadent</strong></span> <span class='ocrx_word' id='word_1_319' title='bbox 1730 2667 1940 2732; x_wconf 85' lang='lat' dir='ltr'><strong>censui,</strong></span> <span class='ocrx_word' id='word_1_320' title='bbox 1981 2667 2091 2722; x_wconf 88' lang='lat' dir='ltr'><strong>imo</strong></span> 
     </span>
    </p>
   </div>
   <div class='ocr_carea' id='block_1_43' title="bbox 504 2756 2091 2827">
    <p class='ocr_par' dir='ltr' id='par_1_43' title="bbox 504 2756 2091 2827">
     <span class='ocr_line' id='line_1_43' title="bbox 504 2756 2091 2827; baseline 0.004 -20"><span class='ocrx_word' id='word_1_321' title='bbox 504 2763 561 2808; x_wconf 86' lang='lat' dir='ltr'><strong>et</strong></span> <span class='ocrx_word' id='word_1_322' title='bbox 586 2769 804 2822; x_wconf 85' lang='lat' dir='ltr'><strong>censeo,</strong></span> <span class='ocrx_word' id='word_1_323' title='bbox 858 2771 959 2811; x_wconf 90' lang='lat' dir='ltr'><strong>nec</strong></span> <span class='ocrx_word' id='word_1_324' title='bbox 998 2756 1162 2811; x_wconf 85' lang='lat' dir='ltr'><strong>ullam</strong></span> <span class='ocrx_word' id='word_1_325' title='bbox 1201 2772 1359 2826; x_wconf 80' lang='lat' dir='ltr'><strong>posse</strong></span> <span class='ocrx_word' id='word_1_326' title='bbox 1405 2757 1689 2827; x_wconf 88' lang='lat' dir='ltr'><strong>episcopos</strong></span> <span class='ocrx_word' id='word_1_327' title='bbox 1731 2759 1814 2814; x_wconf 90' lang='lat' dir='ltr'><strong>sui</strong></span> <span class='ocrx_word' id='word_1_328' title='bbox 1866 2759 2091 2814; x_wconf 84' lang='lat' dir='ltr'><strong>honoris</strong></span> 
     </span>
    </p>
   </div>
   <div class='ocr_carea' id='block_1_44' title="bbox 506 2845 2091 2919">
    <p class='ocr_par' dir='ltr' id='par_1_44' title="bbox 506 2845 2091 2919">
     <span class='ocr_line' id='line_1_44' title="bbox 506 2845 2091 2919; baseline 0.003 -19"><span class='ocrx_word' id='word_1_329' title='bbox 506 2846 780 2902; x_wconf 89' lang='lat' dir='ltr'><strong>sustinere</strong></span> <span class='ocrx_word' id='word_1_330' title='bbox 800 2845 1097 2916; x_wconf 87' lang='lat' dir='ltr'><strong>jacturam,</strong></span> <span class='ocrx_word' id='word_1_331' title='bbox 1148 2864 1285 2919; x_wconf 88' lang='lat' dir='ltr'><strong>quos</strong></span> <span class='ocrx_word' id='word_1_332' title='bbox 1327 2865 1435 2904; x_wconf 87' lang='lat' dir='ltr'><strong>non</strong></span> <span class='ocrx_word' id='word_1_333' title='bbox 1466 2859 1684 2905; x_wconf 86' lang='lat' dir='ltr'><strong>constat</strong></span> <span class='ocrx_word' id='word_1_334' title='bbox 1710 2847 1877 2904; x_wconf 85' lang='lat' dir='ltr'><strong>fuisse</strong></span> <span class='ocrx_word' id='word_1_335' title='bbox 1899 2866 1926 2903; x_wconf 88' lang='lat' dir='ltr'><strong>a</strong></span> <span class='ocrx_word' id='word_1_336' title='bbox 1959 2850 2091 2905; x_wconf 87' lang='lat' dir='ltr'><strong>duo-</strong></span> 
     </span>
    </p>
   </div>
   <div class='ocr_carea' id='block_1_45' title="bbox 502 2938 2088 3011">
    <p class='ocr_par' dir='ltr' id='par_1_45' title="bbox 502 2938 2088 3011">
     <span class='ocr_line' id='line_1_45' title="bbox 502 2938 2088 3011; baseline 0.002 -19"><span class='ocrx_word' id='word_1_337' title='bbox 502 2939 679 2993; x_wconf 86' lang='lat' dir='ltr'><strong>decim</strong></span> <span class='ocrx_word' id='word_1_338' title='bbox 711 2938 999 3009; x_wconf 82' lang='lat' dir='ltr'><strong>episcopis,</strong></span> <span class='ocrx_word' id='word_1_339' title='bbox 1057 2949 1328 3011; x_wconf 76' lang='lat' dir='ltr'><strong>prcesentc</strong></span> <span class='ocrx_word' id='word_1_340' title='bbox 1377 2941 1720 3010; x_wconf 89' lang='lat' dir='ltr'><strong>primamque</strong></span> <span class='ocrx_word' id='word_1_341' title='bbox 1761 2942 2088 2997; x_wconf 89' lang='lat' dir='ltr'><strong>sententiam</strong></span> 
     </span>
    </p>
   </div>
   <div class='ocr_carea' id='block_1_46' title="bbox 506 3030 2089 3101">
    <p class='ocr_par' dir='ltr' id='par_1_46' title="bbox 506 3030 2089 3101">
     <span class='ocr_line' id='line_1_46' title="bbox 506 3030 2089 3101; baseline 0.002 -19"><span class='ocrx_word' id='word_1_342' title='bbox 506 3030 922 3098; x_wconf 84' lang='lat' dir='ltr'><strong>metropolitano</strong></span> <span class='ocrx_word' id='word_1_343' title='bbox 945 3032 1201 3101; x_wconf 88' lang='lat' dir='ltr'><strong>episcopo</strong></span> <span class='ocrx_word' id='word_1_344' title='bbox 1226 3032 1522 3097; x_wconf 84' lang='lat' dir='ltr'><strong>obtinente,</strong></span> <span class='ocrx_word' id='word_1_345' title='bbox 1562 3047 1685 3086; x_wconf 91' lang='lat' dir='ltr'><strong>cum</strong></span> <span class='ocrx_word' id='word_1_346' title='bbox 1715 3031 2089 3086; x_wconf 77' lang='lat' dir='ltr'><strong>exaininarcnt</strong></span> 
     </span>
    </p>
   </div>
   <div class='ocr_carea' id='block_1_47' title="bbox 2191 1836 3788 1910">
    <p class='ocr_par' dir='ltr' id='par_1_47' title="bbox 2191 1836 3788 1910">
     <span class='ocr_line' id='line_1_47' title="bbox 2191 1836 3788 1910; baseline -0.001 -16"><span class='ocrx_word' id='word_1_347' title='bbox 2191 1838 2434 1909; x_wconf 86' lang='lat' dir='ltr'><strong>Cumque</strong></span> <span class='ocrx_word' id='word_1_348' title='bbox 2486 1854 2671 1894; x_wconf 89' lang='lat' dir='ltr'><strong>coram</strong></span> <span class='ocrx_word' id='word_1_349' title='bbox 2738 1837 3065 1910; x_wconf 66' lang='lat' dir='ltr'><strong>praesignato</strong></span> <span class='ocrx_word' id='word_1_350' title='bbox 3130 1836 3469 1893; x_wconf 86' lang='lat' dir='ltr'><strong>Turonensis</strong></span> <span class='ocrx_word' id='word_1_351' title='bbox 3523 1837 3788 1893; x_wconf 62' lang='lat' dir='ltr'><strong>Ecclesiae</strong></span> 
     </span>
    </p>
   </div>
   <div class='ocr_carea' id='block_1_48' title="bbox 2189 1928 3791 2002">
    <p class='ocr_par' dir='ltr' id='par_1_48' title="bbox 2189 1928 3791 2002">
     <span class='ocr_line' id='line_1_48' title="bbox 2189 1928 3791 2002; baseline -0.001 -17"><span class='ocrx_word' id='word_1_352' title='bbox 2189 1931 2450 2000; x_wconf 72' lang='lat' dir='ltr'><strong>prmsule,</strong></span> <span class='ocrx_word' id='word_1_353' title='bbox 2500 1939 2555 1986; x_wconf 89' lang='lat' dir='ltr'><strong>et</strong></span> <span class='ocrx_word' id='word_1_354' title='bbox 2611 1931 2822 2002; x_wconf 85' lang='lat' dir='ltr'><strong>integro</strong></span> <span class='ocrx_word' id='word_1_355' title='bbox 2896 1944 3127 1985; x_wconf 89' lang='lat' dir='ltr'><strong>numero</strong></span> <span class='ocrx_word' id='word_1_356' title='bbox 3175 1929 3506 2000; x_wconf 82' lang='lat' dir='ltr'><strong>collegarum</strong></span> <span class='ocrx_word' id='word_1_357' title='bbox 3534 1969 3552 1994; x_wconf 90' lang='lat'><strong>,</strong></span> <span class='ocrx_word' id='word_1_358' title='bbox 3600 1928 3656 1983; x_wconf 89' lang='lat' dir='ltr'><strong>id</strong></span> <span class='ocrx_word' id='word_1_359' title='bbox 3702 1938 3791 1983; x_wconf 84' lang='lat' dir='ltr'><strong>est</strong></span> 
     </span>
    </p>
   </div>
   <div class='ocr_carea' id='block_1_49' title="bbox 2192 2020 3793 2094">
    <p class='ocr_par' dir='ltr' id='par_1_49' title="bbox 2192 2020 3793 2094">
     <span class='ocr_line' id='line_1_49' title="bbox 2192 2020 3793 2094; baseline -0.001 -17"><span class='ocrx_word' id='word_1_360' title='bbox 2192 2023 2476 2079; x_wconf 86' lang='lat' dir='ltr'><strong>duodecim</strong></span> <span class='ocrx_word' id='word_1_361' title='bbox 2505 2024 2887 2094; x_wconf 89' lang='lat' dir='ltr'><strong>episcoporum</strong></span> <span class='ocrx_word' id='word_1_362' title='bbox 2922 2022 3195 2079; x_wconf 68' lang='lat' dir='ltr'><strong>celehrs‘a</strong></span> <span class='ocrx_word' id='word_1_363' title='bbox 3224 2031 3496 2078; x_wconf 82' lang='lat' dir='ltr'><strong>conventu</strong></span> <span class='ocrx_word' id='word_1_364' title='bbox 3523 2062 3540 2087; x_wconf 93' lang='lat'><strong>,</strong></span> <span class='ocrx_word' id='word_1_365' title='bbox 3584 2020 3793 2076; x_wconf 85' lang='lat' dir='ltr'><strong>fuerint</strong></span> 
     </span>
    </p>
   </div>
   <div class='ocr_carea' id='block_1_50' title="bbox 2191 2113 3790 2185">
    <p class='ocr_par' dir='ltr' id='par_1_50' title="bbox 2191 2113 3790 2185">
     <span class='ocr_line' id='line_1_50' title="bbox 2191 2113 3790 2185; baseline 0.001 -18"><span class='ocrx_word' id='word_1_366' title='bbox 2191 2113 2346 2183; x_wconf 90' lang='lat' dir='ltr'><strong>ejeeti</strong></span> <span class='ocrx_word' id='word_1_367' title='bbox 2378 2113 2615 2185; x_wconf 81' lang='lat' dir='ltr'><strong>episcOpi</strong></span> <span class='ocrx_word' id='word_1_368' title='bbox 2643 2113 2960 2184; x_wconf 81' lang='lat' dir='ltr'><strong>regulariter</strong></span> <span class='ocrx_word' id='word_1_369' title='bbox 2984 2128 3123 2168; x_wconf 79' lang='lat' dir='ltr'><strong>exan</strong></span> <span class='ocrx_word' id='word_1_370' title='bbox 3146 2113 3305 2180; x_wconf 88' lang='lat' dir='ltr'><strong>inati,</strong></span> <span class='ocrx_word' id='word_1_371' title='bbox 3357 2114 3790 2183; x_wconf 75' lang='lat' dir='ltr'><strong>apparueritqne</strong></span> 
     </span>
    </p>
   </div>
   <div class='ocr_carea' id='block_1_51' title="bbox 2192 2206 3788 2278">
    <p class='ocr_par' dir='ltr' id='par_1_51' title="bbox 2192 2206 3788 2278">
     <span class='ocr_line' id='line_1_51' title="bbox 2192 2206 3788 2278; baseline 0.001 -19"><span class='ocrx_word' id='word_1_372' title='bbox 2192 2207 2336 2275; x_wconf 88' lang='lat' dir='ltr'><strong>quod</strong></span> <span class='ocrx_word' id='word_1_373' title='bbox 2356 2207 2616 2263; x_wconf 89' lang='lat' dir='ltr'><strong>canonice</strong></span> <span class='ocrx_word' id='word_1_374' title='bbox 2644 2206 2852 2262; x_wconf 87' lang='lat' dir='ltr'><strong>fuerint</strong></span> <span class='ocrx_word' id='word_1_375' title='bbox 2875 2207 3057 2278; x_wconf 85' lang='lat' dir='ltr'><strong>ejecti,</strong></span> <span class='ocrx_word' id='word_1_376' title='bbox 3083 2206 3126 2277; x_wconf 71' lang='lat' dir='ltr'><strong>it</strong></span> <span class='ocrx_word' id='word_1_377' title='bbox 3140 2206 3217 2263; x_wconf 88' lang='lat' dir='ltr'><strong>sis</strong></span> <span class='ocrx_word' id='word_1_378' title='bbox 3262 2208 3317 2262; x_wconf 89' lang='lat' dir='ltr'><strong>in</strong></span> <span class='ocrx_word' id='word_1_379' title='bbox 3352 2221 3449 2263; x_wconf 87' lang='lat' dir='ltr'><strong>sua</strong></span> <span class='ocrx_word' id='word_1_380' title='bbox 3476 2207 3788 2278; x_wconf 85' lang='lat' dir='ltr'><strong>dejectione</strong></span> 
     </span>
    </p>
   </div>
   <div class='ocr_carea' id='block_1_52' title="bbox 2193 2295 3791 2367">
    <p class='ocr_par' dir='ltr' id='par_1_52' title="bbox 2193 2295 3791 2367">
     <span class='ocr_line' id='line_1_52' title="bbox 2193 2295 3791 2367; baseline 0.001 -17"><span class='ocrx_word' id='word_1_381' title='bbox 2193 2296 2561 2362; x_wconf 88' lang='lat' dir='ltr'><strong>manentibus,</strong></span> <span class='ocrx_word' id='word_1_382' title='bbox 2596 2295 2909 2367; x_wconf 87' lang='lat' dir='ltr'><strong>quicunque</strong></span> <span class='ocrx_word' id='word_1_383' title='bbox 2955 2298 3009 2351; x_wconf 91' lang='lat' dir='ltr'><strong>in</strong></span> <span class='ocrx_word' id='word_1_384' title='bbox 3065 2295 3202 2353; x_wconf 89' lang='lat' dir='ltr'><strong>locis</strong></span> <span class='ocrx_word' id='word_1_385' title='bbox 3242 2312 3431 2353; x_wconf 87' lang='lat' dir='ltr'><strong>eorum</strong></span> <span class='ocrx_word' id='word_1_386' title='bbox 3477 2297 3791 2353; x_wconf 83' lang='lat' dir='ltr'><strong>consecrati</strong></span> 
     </span>
    </p>
   </div>
   <div class='ocr_carea' id='block_1_53' title="bbox 2193 2390 3788 2461">
    <p class='ocr_par' dir='ltr' id='par_1_53' title="bbox 2193 2390 3788 2461">
     <span class='ocr_line' id='line_1_53' title="bbox 2193 2390 3788 2461; baseline 0.003 -19"><span class='ocrx_word' id='word_1_387' title='bbox 2193 2395 2339 2453; x_wconf 91' lang='lat' dir='ltr'><strong>sunt,</strong></span> <span class='ocrx_word' id='word_1_388' title='bbox 2397 2397 2656 2457; x_wconf 82' lang='lat' dir='ltr'><strong>poterunt</strong></span> <span class='ocrx_word' id='word_1_389' title='bbox 2706 2390 2894 2461; x_wconf 83' lang='lat' dir='ltr'><strong>utique</strong></span> <span class='ocrx_word' id='word_1_390' title='bbox 2943 2390 3286 2461; x_wconf 73' lang='lat' dir='ltr'><strong>episcopatus</strong></span> <span class='ocrx_word' id='word_1_391' title='bbox 3341 2392 3550 2447; x_wconf 87' lang='lat' dir='ltr'><strong>honore</strong></span> <span class='ocrx_word' id='word_1_392' title='bbox 3596 2392 3788 2460; x_wconf 78' lang='lat' dir='ltr'><strong>potiri.</strong></span> 
     </span>
    </p>
   </div>
   <div class='ocr_carea' id='block_1_54' title="bbox 2193 2478 3789 2553">
    <p class='ocr_par' dir='ltr' id='par_1_54' title="bbox 2193 2478 3789 2553">
     <span class='ocr_line' id='line_1_54' title="bbox 2193 2478 3789 2553; baseline 0.002 -19"><span class='ocrx_word' id='word_1_393' title='bbox 2193 2478 2347 2547; x_wconf 87' lang='lat' dir='ltr'><strong>Quod</strong></span> <span class='ocrx_word' id='word_1_394' title='bbox 2375 2480 2419 2535; x_wconf 90' lang='lat' dir='ltr'><strong>si</strong></span> <span class='ocrx_word' id='word_1_395' title='bbox 2449 2481 2607 2551; x_wconf 87' lang='lat' dir='ltr'><strong>ejecti</strong></span> <span class='ocrx_word' id='word_1_396' title='bbox 2657 2482 2898 2553; x_wconf 90' lang='lat' dir='ltr'><strong>episcopi</strong></span> <span class='ocrx_word' id='word_1_397' title='bbox 2945 2483 3189 2543; x_wconf 72' lang='lat' dir='ltr'><strong>insontes</strong></span> <span class='ocrx_word' id='word_1_398' title='bbox 3248 2482 3454 2539; x_wconf 89' lang='lat' dir='ltr'><strong>fuerint</strong></span> <span class='ocrx_word' id='word_1_399' title='bbox 3497 2483 3789 2549; x_wconf 85' lang='lat' dir='ltr'><strong>declarati,</strong></span> 
     </span>
    </p>
   </div>
   <div class='ocr_carea' id='block_1_55' title="bbox 2193 2571 3794 2648">
    <p class='ocr_par' dir='ltr' id='par_1_55' title="bbox 2193 2571 3794 2648">
     <span class='ocr_line' id='line_1_55' title="bbox 2193 2571 3794 2648; baseline 0.003 -23"><span class='ocrx_word' id='word_1_400' title='bbox 2193 2571 2281 2628; x_wconf 91' lang='lat' dir='ltr'><strong>his</strong></span> <span class='ocrx_word' id='word_1_401' title='bbox 2306 2573 2503 2628; x_wconf 90' lang='lat' dir='ltr'><strong>amotis</strong></span> <span class='ocrx_word' id='word_1_402' title='bbox 2555 2574 2648 2643; x_wconf 90' lang='lat' dir='ltr'><strong>qui</strong></span> <span class='ocrx_word' id='word_1_403' title='bbox 2694 2573 2801 2630; x_wconf 89' lang='lat' dir='ltr'><strong>illis</strong></span> <span class='ocrx_word' id='word_1_404' title='bbox 2843 2576 3118 2648; x_wconf 86' lang='lat' dir='ltr'><strong>subrogati</strong></span> <span class='ocrx_word' id='word_1_405' title='bbox 3172 2585 3323 2642; x_wconf 87' lang='lat' dir='ltr'><strong>sunt,</strong></span> <span class='ocrx_word' id='word_1_406' title='bbox 3358 2576 3635 2632; x_wconf 73' lang='lat' dir='ltr'><strong>Eeciesias</strong></span> <span class='ocrx_word' id='word_1_407' title='bbox 3663 2593 3794 2632; x_wconf 84' lang='lat' dir='ltr'><strong>suas</strong></span> 
     </span>
    </p>
   </div>
   <div class='ocr_carea' id='block_1_56' title="bbox 2193 2663 3786 2740">
    <p class='ocr_par' dir='ltr' id='par_1_56' title="bbox 2193 2663 3786 2740">
     <span class='ocr_line' id='line_1_56' title="bbox 2193 2663 3786 2740; baseline 0.003 -23"><span class='ocrx_word' id='word_1_408' title='bbox 2193 2663 2295 2733; x_wconf 83' lang='lat' dir='ltr'><strong>ipsi</strong></span> <span class='ocrx_word' id='word_1_409' title='bbox 2325 2663 2611 2734; x_wconf 85' lang='lat' dir='ltr'><strong>recipiant.</strong></span> <span class='ocrx_word' id='word_1_410' title='bbox 2638 2663 2772 2719; x_wconf 87' lang='lat' dir='ltr'><strong>Nam</strong></span> <span class='ocrx_word' id='word_1_411' title='bbox 2800 2682 2922 2721; x_wconf 90' lang='lat' dir='ltr'><strong>cum</strong></span> <span class='ocrx_word' id='word_1_412' title='bbox 2949 2676 3322 2723; x_wconf 84' lang='lat' dir='ltr'><strong>antecessores</strong></span> <span class='ocrx_word' id='word_1_413' title='bbox 3354 2669 3461 2723; x_wconf 90' lang='lat' dir='ltr'><strong>mei</strong></span> <span class='ocrx_word' id='word_1_414' title='bbox 3499 2668 3626 2740; x_wconf 62' lang='grc' dir='ltr'><strong>[ηις.</strong></span> <span class='ocrx_word' id='word_1_415' title='bbox 3659 2670 3786 2722; x_wconf 77' lang='lat' dir='ltr'><strong>add.</strong></span> 
     </span>
    </p>
   </div>
   <div class='ocr_carea' id='block_1_57' title="bbox 2195 2755 3791 2831">
    <p class='ocr_par' dir='ltr' id='par_1_57' title="bbox 2195 2755 3791 2831">
     <span class='ocr_line' id='line_1_57' title="bbox 2195 2755 3791 2831; baseline 0.004 -22"><span class='ocrx_word' id='word_1_416' title='bbox 2195 2755 2449 2831; x_wconf 82' lang='lat' dir='ltr'><strong>Romani]</strong></span> <span class='ocrx_word' id='word_1_417' title='bbox 2493 2758 2755 2828; x_wconf 59' lang='lat' dir='ltr'><strong>praesules</strong></span> <span class='ocrx_word' id='word_1_418' title='bbox 2802 2758 3122 2830; x_wconf 86' lang='lat' dir='ltr'><strong>ejectiouem</strong></span> <span class='ocrx_word' id='word_1_419' title='bbox 3152 2775 3342 2816; x_wconf 87' lang='lat' dir='ltr'><strong>eorum</strong></span> <span class='ocrx_word' id='word_1_420' title='bbox 3378 2762 3791 2831; x_wconf 78' lang='lat' dir='ltr'><strong>episcoporum.</strong></span> 
     </span>
    </p>
   </div>
   <div class='ocr_carea' id='block_1_58' title="bbox 2193 2848 3791 2921">
    <p class='ocr_par' dir='ltr' id='par_1_58' title="bbox 2193 2848 3791 2921">
     <span class='ocr_line' id='line_1_58' title="bbox 2193 2848 3791 2921; baseline 0.003 -21"><span class='ocrx_word' id='word_1_421' title='bbox 2193 2848 2286 2917; x_wconf 88' lang='lat' dir='ltr'><strong>qui</strong></span> <span class='ocrx_word' id='word_1_422' title='bbox 2317 2848 2386 2904; x_wconf 87' lang='lat' dir='ltr'><strong>ab</strong></span> <span class='ocrx_word' id='word_1_423' title='bbox 2434 2849 2692 2905; x_wconf 88' lang='lat' dir='ltr'><strong>Ecclesiis</strong></span> <span class='ocrx_word' id='word_1_424' title='bbox 2716 2850 2829 2906; x_wconf 85' lang='lat' dir='ltr'><strong>suis</strong></span> <span class='ocrx_word' id='word_1_425' title='bbox 2863 2850 3072 2921; x_wconf 79' lang='lat' dir='ltr'><strong>expulsi</strong></span> <span class='ocrx_word' id='word_1_426' title='bbox 3118 2860 3263 2914; x_wconf 89' lang='lat' dir='ltr'><strong>sunt,</strong></span> <span class='ocrx_word' id='word_1_427' title='bbox 3295 2867 3400 2905; x_wconf 92' lang='lat' dir='ltr'><strong>non</strong></span> <span class='ocrx_word' id='word_1_428' title='bbox 3445 2852 3791 2911; x_wconf 82' lang='lat' dir='ltr'><strong>admiserint.</strong></span> 
     </span>
    </p>
   </div>
   <div class='ocr_carea' id='block_1_59' title="bbox 2192 2939 3800 3011">
    <p class='ocr_par' dir='ltr' id='par_1_59' title="bbox 2192 2939 3800 3011">
     <span class='ocr_line' id='line_1_59' title="bbox 2192 2939 3800 3011; baseline 0 -17"><span class='ocrx_word' id='word_1_429' title='bbox 2192 2954 2294 2994; x_wconf 86' lang='lat' dir='ltr'><strong>nec</strong></span> <span class='ocrx_word' id='word_1_430' title='bbox 2332 2939 2752 3010; x_wconf 82' lang='lat' dir='ltr'><strong>approbaverint</strong></span> <span class='ocrx_word' id='word_1_431' title='bbox 2783 2939 2933 3011; x_wconf 75' lang='lat' dir='ltr'><strong>[ms.,</strong></span> <span class='ocrx_word' id='word_1_432' title='bbox 2966 2940 3303 2996; x_wconf 81' lang='lat' dir='ltr'><strong>admiserunt</strong></span> <span class='ocrx_word' id='word_1_433' title='bbox 3328 2955 3429 2996; x_wconf 87' lang='lat' dir='ltr'><strong>nec</strong></span> <span class='ocrx_word' id='word_1_434' title='bbox 3454 2941 3800 3011; x_wconf 78' lang='lat' dir='ltr'><strong>approbave-</strong></span> 
     </span>
    </p>
   </div>
   <div class='ocr_carea' id='block_1_60' title="bbox 2198 3026 3799 3101">
    <p class='ocr_par' dir='ltr' id='par_1_60' title="bbox 2198 3026 3799 3101">
     <span class='ocr_line' id='line_1_60' title="bbox 2198 3026 3799 3101; baseline 0.002 -21"><span class='ocrx_word' id='word_1_435' title='bbox 2198 3026 2369 3101; x_wconf 89' lang='lat' dir='ltr'><strong>runt],</strong></span> <span class='ocrx_word' id='word_1_436' title='bbox 2414 3042 2512 3083; x_wconf 86' lang='lat' dir='ltr'><strong>nec</strong></span> <span class='ocrx_word' id='word_1_437' title='bbox 2541 3028 2706 3098; x_wconf 89' lang='lat' dir='ltr'><strong>ipsos,</strong></span> <span class='ocrx_word' id='word_1_438' title='bbox 2739 3030 2828 3098; x_wconf 90' lang='lat' dir='ltr'><strong>qui</strong></span> <span class='ocrx_word' id='word_1_439' title='bbox 2867 3030 2946 3084; x_wconf 88' lang='lat' dir='ltr'><strong>eis</strong></span> <span class='ocrx_word' id='word_1_440' title='bbox 2976 3030 3251 3100; x_wconf 85' lang='lat' dir='ltr'><strong>subrogati</strong></span> <span class='ocrx_word' id='word_1_441' title='bbox 3285 3038 3434 3096; x_wconf 79' lang='lat' dir='ltr'><strong>sunt,</strong></span> <span class='ocrx_word' id='word_1_442' title='bbox 3482 3029 3799 3084; x_wconf 75' lang='lat' dir='ltr'><strong>viventibus</strong></span> 
     </span>
    </p>
   </div>
   <div class='ocr_carea' id='block_1_61' title="bbox 505 3110 3801 3193">
    <p class='ocr_par' dir='ltr' id='par_1_61' title="bbox 505 3110 3801 3193">
     <span class='ocr_line' id='line_1_61' title="bbox 505 3110 3801 3193; baseline -0.001 -18"><span class='ocrx_word' id='word_1_443' title='bbox 505 3123 740 3178; x_wconf 88' lang='lat' dir='ltr'><strong>auditos.</strong></span> <span class='ocrx_word' id='word_1_444' title='bbox 773 3123 873 3190; x_wconf 89' lang='lat' dir='ltr'><strong>Qui</strong></span> <span class='ocrx_word' id='word_1_445' title='bbox 904 3124 1005 3179; x_wconf 88' lang='lat' dir='ltr'><strong>etsi</strong></span> <span class='ocrx_word' id='word_1_446' title='bbox 1061 3125 1267 3179; x_wconf 87' lang='lat' dir='ltr'><strong>crimen</strong></span> <span class='ocrx_word' id='word_1_447' title='bbox 1313 3125 1528 3193; x_wconf 84' lang='lat' dir='ltr'><strong>aliquod</strong></span> <span class='ocrx_word' id='word_1_448' title='bbox 1579 3123 1812 3179; x_wconf 77' lang='lat' dir='ltr'><strong>confessi</strong></span> <span class='ocrx_word' id='word_1_449' title='bbox 1857 3139 1976 3178; x_wconf 88' lang='lat' dir='ltr'><strong>esse</strong></span> <span class='ocrx_word' id='word_1_450' title='bbox 2006 3124 2087 3181; x_wconf 83' lang='lat' dir='ltr'><strong>di-</strong></span> <span class='ocrx_word' id='word_1_451' title='bbox 2114 3110 2159 3172; x_wconf 87' lang='lat' dir='ltr'><strong>C</strong></span> <span class='ocrx_word' id='word_1_452' title='bbox 2192 3118 2321 3185; x_wconf 88' lang='lat' dir='ltr'><strong>illis,</strong></span> <span class='ocrx_word' id='word_1_453' title='bbox 2366 3118 2637 3189; x_wconf 89' lang='lat' dir='ltr'><strong>legitimos</strong></span> <span class='ocrx_word' id='word_1_454' title='bbox 2664 3120 2949 3188; x_wconf 87' lang='lat' dir='ltr'><strong>episcopos</strong></span> <span class='ocrx_word' id='word_1_455' title='bbox 2987 3120 3262 3174; x_wconf 85' lang='lat' dir='ltr'><strong>dixerunt.</strong></span> <span class='ocrx_word' id='word_1_456' title='bbox 3296 3118 3440 3174; x_wconf 84' lang='lat' dir='ltr'><strong>Sane</strong></span> <span class='ocrx_word' id='word_1_457' title='bbox 3468 3121 3516 3174; x_wconf 89' lang='lat' dir='ltr'><strong>si</strong></span> <span class='ocrx_word' id='word_1_458' title='bbox 3560 3118 3707 3173; x_wconf 86' lang='lat' dir='ltr'><strong>forte</strong></span> <span class='ocrx_word' id='word_1_459' title='bbox 3727 3120 3801 3177; x_wconf 21' lang='lat' dir='ltr'><strong>ad,</strong></span> 
     </span>
    </p>
   </div>
   <div class='ocr_carea' id='block_1_62' title="bbox 504 3204 2089 3285">
    <p class='ocr_par' dir='ltr' id='par_1_62' title="bbox 504 3204 2089 3285">
     <span class='ocr_line' id='line_1_62' title="bbox 504 3204 2089 3285; baseline -0.001 -16"><span class='ocrx_word' id='word_1_460' title='bbox 504 3224 727 3278; x_wconf 82' lang='lat' dir='ltr'><strong>emitur,</strong></span> <span class='ocrx_word' id='word_1_461' title='bbox 758 3224 936 3285; x_wconf 87' lang='lat' dir='ltr'><strong>potest</strong></span> <span class='ocrx_word' id='word_1_462' title='bbox 962 3216 1109 3270; x_wconf 88' lang='lat' dir='ltr'><strong>credi</strong></span> <span class='ocrx_word' id='word_1_463' title='bbox 1134 3204 1355 3285; x_wconf 80' lang='lat' dir='ltr'><strong>quodvi</strong></span> <span class='ocrx_word' id='word_1_464' title='bbox 1380 3215 1463 3271; x_wconf 84' lang='lat' dir='ltr'><strong>vel</strong></span> <span class='ocrx_word' id='word_1_465' title='bbox 1488 3212 1776 3270; x_wconf 80' lang='lat' dir='ltr'><strong>formidine</strong></span> <span class='ocrx_word' id='word_1_466' title='bbox 1808 3215 1941 3270; x_wconf 87' lang='lat' dir='ltr'><strong>fassi</strong></span> <span class='ocrx_word' id='word_1_467' title='bbox 1970 3224 2089 3269; x_wconf 83' lang='lat' dir='ltr'><strong>tan-</strong></span> 
     </span>
    </p>
   </div>
   <div class='ocr_carea' id='block_1_63' title="bbox 506 3304 2090 3379">
    <p class='ocr_par' dir='ltr' id='par_1_63' title="bbox 506 3304 2090 3379">
     <span class='ocr_line' id='line_1_63' title="bbox 506 3304 2090 3379; baseline 0 -18"><span class='ocrx_word' id='word_1_468' title='bbox 506 3318 641 3373; x_wconf 85' lang='lat' dir='ltr'><strong>tum,</strong></span> <span class='ocrx_word' id='word_1_469' title='bbox 673 3318 728 3363; x_wconf 92' lang='lat' dir='ltr'><strong>et</strong></span> <span class='ocrx_word' id='word_1_470' title='bbox 757 3324 861 3363; x_wconf 90' lang='lat' dir='ltr'><strong>non</strong></span> <span class='ocrx_word' id='word_1_471' title='bbox 889 3304 1122 3363; x_wconf 79' lang='lat' dir='ltr'><strong>confessi</strong></span> <span class='ocrx_word' id='word_1_472' title='bbox 1155 3306 1315 3364; x_wconf 85' lang='lat' dir='ltr'><strong>fuerit</strong></span> <span class='ocrx_word' id='word_1_473' title='bbox 1346 3309 1489 3377; x_wconf 87' lang='lat' dir='ltr'><strong>quod</strong></span> <span class='ocrx_word' id='word_1_474' title='bbox 1529 3324 1635 3363; x_wconf 90' lang='lat' dir='ltr'><strong>non</strong></span> <span class='ocrx_word' id='word_1_475' title='bbox 1672 3307 1937 3375; x_wconf 85' lang='lat' dir='ltr'><strong>fecerant,</strong></span> <span class='ocrx_word' id='word_1_476' title='bbox 1964 3308 2090 3379; x_wconf 87' lang='lat' dir='ltr'><strong>quia</strong></span> 
     </span>
    </p>
   </div>
   <div class='ocr_carea' id='block_1_64' title="bbox 506 3398 2090 3469">
    <p class='ocr_par' dir='ltr' id='par_1_64' title="bbox 506 3398 2090 3469">
     <span class='ocr_line' id='line_1_64' title="bbox 506 3398 2090 3469; baseline 0.001 -18"><span class='ocrx_word' id='word_1_477' title='bbox 506 3400 762 3454; x_wconf 84' lang='lat' dir='ltr'><strong>videbant</strong></span> <span class='ocrx_word' id='word_1_478' title='bbox 799 3399 968 3455; x_wconf 85' lang='lat' dir='ltr'><strong>laicus</strong></span> <span class='ocrx_word' id='word_1_479' title='bbox 996 3410 1050 3454; x_wconf 86' lang='lat' dir='ltr'><strong>et</strong></span> <span class='ocrx_word' id='word_1_480' title='bbox 1097 3398 1387 3454; x_wconf 68' lang='grc' dir='ltr'><strong>ειεειιιεινθδ</strong></span> <span class='ocrx_word' id='word_1_481' title='bbox 1409 3415 1656 3469; x_wconf 86' lang='lat' dir='ltr'><strong>quosque</strong></span> <span class='ocrx_word' id='word_1_482' title='bbox 1682 3415 1785 3453; x_wconf 84' lang='lat' dir='ltr'><strong>una</strong></span> <span class='ocrx_word' id='word_1_483' title='bbox 1813 3415 1935 3454; x_wconf 93' lang='lat' dir='ltr'><strong>cum</strong></span> <span class='ocrx_word' id='word_1_484' title='bbox 1963 3412 2090 3469; x_wconf 83' lang='lat' dir='ltr'><strong>rege</strong></span> 
     </span>
    </p>
   </div>
   <div class='ocr_carea' id='block_1_65' title="bbox 505 3490 2086 3565">
    <p class='ocr_par' dir='ltr' id='par_1_65' title="bbox 505 3490 2086 3565">
     <span class='ocr_line' id='line_1_65' title="bbox 505 3490 2086 3565; baseline -0.001 -21"><span class='ocrx_word' id='word_1_485' title='bbox 505 3502 697 3544; x_wconf 85' lang='lat' dir='ltr'><strong>contra</strong></span> <span class='ocrx_word' id='word_1_486' title='bbox 728 3507 787 3549; x_wconf 86' lang='lat' dir='ltr'><strong>se</strong></span> <span class='ocrx_word' id='word_1_487' title='bbox 817 3492 1215 3565; x_wconf 84' lang='lat' dir='ltr'><strong>conspirantes,</strong></span> <span class='ocrx_word' id='word_1_488' title='bbox 1252 3491 1396 3561; x_wconf 86' lang='lat' dir='ltr'><strong>quod</strong></span> <span class='ocrx_word' id='word_1_489' title='bbox 1435 3506 1534 3546; x_wconf 89' lang='lat' dir='ltr'><strong>nec</strong></span> <span class='ocrx_word' id='word_1_490' title='bbox 1560 3490 1751 3546; x_wconf 88' lang='lat' dir='ltr'><strong>saltem</strong></span> <span class='ocrx_word' id='word_1_491' title='bbox 1785 3491 2086 3545; x_wconf 88' lang='lat' dir='ltr'><strong>audierant.</strong></span> 
     </span>
    </p>
   </div>
   <div class='ocr_carea' id='block_1_66' title="bbox 509 3578 2094 3653">
    <p class='ocr_par' dir='ltr' id='par_1_66' title="bbox 509 3578 2094 3653">
     <span class='ocr_line' id='line_1_66' title="bbox 509 3578 2094 3653; baseline -0.001 -17"><span class='ocrx_word' id='word_1_492' title='bbox 509 3582 784 3651; x_wconf 85' lang='lat' dir='ltr'><strong>Siquidem</strong></span> <span class='ocrx_word' id='word_1_493' title='bbox 835 3583 927 3653; x_wconf 86' lang='lat' dir='ltr'><strong>qui</strong></span> <span class='ocrx_word' id='word_1_494' title='bbox 979 3596 1073 3637; x_wconf 89' lang='lat' dir='ltr'><strong>ore</strong></span> <span class='ocrx_word' id='word_1_495' title='bbox 1122 3591 1363 3647; x_wconf 85' lang='lat' dir='ltr'><strong>tantum,</strong></span> <span class='ocrx_word' id='word_1_496' title='bbox 1420 3589 1475 3636; x_wconf 88' lang='lat' dir='ltr'><strong>et</strong></span> <span class='ocrx_word' id='word_1_497' title='bbox 1517 3596 1623 3636; x_wconf 90' lang='lat' dir='ltr'><strong>non</strong></span> <span class='ocrx_word' id='word_1_498' title='bbox 1677 3579 1839 3636; x_wconf 87' lang='lat' dir='ltr'><strong>corde</strong></span> <span class='ocrx_word' id='word_1_499' title='bbox 1888 3578 2094 3650; x_wconf 78' lang='lat' dir='ltr'><strong>profert</strong></span> 
     </span>
    </p>
   </div>
   <div class='ocr_carea' id='block_1_67' title="bbox 503 3671 2091 3743">
    <p class='ocr_par' dir='ltr' id='par_1_67' title="bbox 503 3671 2091 3743">
     <span class='ocr_line' id='line_1_67' title="bbox 503 3671 2091 3743; baseline -0.001 -16"><span class='ocrx_word' id='word_1_500' title='bbox 503 3675 650 3743; x_wconf 87' lang='lat' dir='ltr'><strong>quod</strong></span> <span class='ocrx_word' id='word_1_501' title='bbox 678 3674 829 3739; x_wconf 88' lang='lat' dir='ltr'><strong>dicit,</strong></span> <span class='ocrx_word' id='word_1_502' title='bbox 879 3689 986 3729; x_wconf 87' lang='lat' dir='ltr'><strong>non</strong></span> <span class='ocrx_word' id='word_1_503' title='bbox 1026 3673 1335 3738; x_wconf 89' lang='lat' dir='ltr'><strong>couiitetur,</strong></span> <span class='ocrx_word' id='word_1_504' title='bbox 1383 3673 1479 3728; x_wconf 88' lang='lat' dir='ltr'><strong>sed</strong></span> <span class='ocrx_word' id='word_1_505' title='bbox 1532 3671 2091 3743; x_wconf 79' lang='lat' dir='ltr'><strong>loquiturzquamvis</strong></span> 
     </span>
    </p>
   </div>
   <div class='ocr_carea' id='block_1_68' title="bbox 504 3764 2091 3837">
    <p class='ocr_par' dir='ltr' id='par_1_68' title="bbox 504 3764 2091 3837">
     <span class='ocr_line' id='line_1_68' title="bbox 504 3764 2091 3837; baseline -0.001 -16"><span class='ocrx_word' id='word_1_506' title='bbox 504 3784 615 3821; x_wconf 87' lang='lat' dir='ltr'><strong>non</strong></span> <span class='ocrx_word' id='word_1_507' title='bbox 648 3767 1055 3837; x_wconf 87' lang='lat' dir='ltr'><strong>videaturjusta</strong></span> <span class='ocrx_word' id='word_1_508' title='bbox 1089 3764 1378 3830; x_wconf 71' lang='lat' dir='ltr'><strong>cortfeSsio,</strong></span> <span class='ocrx_word' id='word_1_509' title='bbox 1415 3782 1535 3836; x_wconf 64' lang='lat' dir='ltr'><strong>qua:</strong></span> <span class='ocrx_word' id='word_1_510' title='bbox 1562 3781 1668 3820; x_wconf 84' lang='lat' dir='ltr'><strong>non</strong></span> <span class='ocrx_word' id='word_1_511' title='bbox 1700 3764 1943 3836; x_wconf 84' lang='lat' dir='ltr'><strong>legitimo</strong></span> <span class='ocrx_word' id='word_1_512' title='bbox 1969 3779 2091 3835; x_wconf 68' lang='grc' dir='ltr'><strong>ιιι-ο·</strong></span> 
     </span>
    </p>
   </div>
   <div class='ocr_carea' id='block_1_69' title="bbox 502 3856 2089 3913">
    <p class='ocr_par' dir='ltr' id='par_1_69' title="bbox 502 3856 2089 3913">
     <span class='ocr_line' id='line_1_69' title="bbox 502 3856 2089 3913; baseline 0.001 -3"><span class='ocrx_word' id='word_1_513' title='bbox 502 3868 730 3913; x_wconf 79' lang='lat' dir='ltr'><strong>vocatur</strong></span> <span class='ocrx_word' id='word_1_514' title='bbox 772 3859 1044 3912; x_wconf 73' lang='lat' dir='ltr'><strong>examine.</strong></span> <span class='ocrx_word' id='word_1_515' title='bbox 1101 3856 1177 3911; x_wconf 90' lang='lat' dir='ltr'><strong>De</strong></span> <span class='ocrx_word' id='word_1_516' title='bbox 1221 3856 1476 3913; x_wconf 89' lang='lat' dir='ltr'><strong>Gisiardo</strong></span> <span class='ocrx_word' id='word_1_517' title='bbox 1515 3866 1695 3913; x_wconf 84' lang='lat' dir='ltr'><strong>autem</strong></span> <span class='ocrx_word' id='word_1_518' title='bbox 1743 3864 1799 3911; x_wconf 90' lang='lat' dir='ltr'><strong>et</strong></span> <span class='ocrx_word' id='word_1_519' title='bbox 1850 3856 2089 3912; x_wconf 80' lang='lat' dir='ltr'><strong>Actardo</strong></span> 
     </span>
    </p>
   </div>
   <div class='ocr_carea' id='block_1_70' title="bbox 505 3945 2089 4019">
    <p class='ocr_par' dir='ltr' id='par_1_70' title="bbox 505 3945 2089 4019">
     <span class='ocr_line' id='line_1_70' title="bbox 505 3945 2089 4019; baseline 0.001 -20"><span class='ocrx_word' id='word_1_520' title='bbox 505 3948 657 4015; x_wconf 79' lang='lat' dir='ltr'><strong>|ms.,</strong></span> <span class='ocrx_word' id='word_1_521' title='bbox 694 3945 919 4000; x_wconf 82' lang='lat' dir='ltr'><strong>Aitardo</strong></span> <span class='ocrx_word' id='word_1_522' title='bbox 951 3956 998 4001; x_wconf 72' lang='lat' dir='ltr'><strong>et</strong></span> <span class='ocrx_word' id='word_1_523' title='bbox 1032 3947 1106 4000; x_wconf 80' lang='lat' dir='ltr'><strong>sic</strong></span> <span class='ocrx_word' id='word_1_524' title='bbox 1156 3947 1368 4019; x_wconf 78' lang='lat' dir='ltr'><strong>ubique]</strong></span> <span class='ocrx_word' id='word_1_525' title='bbox 1405 3947 1672 4017; x_wconf 89' lang='lat' dir='ltr'><strong>episcopis</strong></span> <span class='ocrx_word' id='word_1_526' title='bbox 1701 3945 2089 4018; x_wconf 81' lang='lat' dir='ltr'><strong>[Nannetensi—</strong></span> 
     </span>
    </p>
   </div>
   <div class='ocr_carea' id='block_1_71' title="bbox 502 4036 2090 4110">
    <p class='ocr_par' dir='ltr' id='par_1_71' title="bbox 502 4036 2090 4110">
     <span class='ocr_line' id='line_1_71' title="bbox 502 4036 2090 4110; baseline 0.001 -19"><span class='ocrx_word' id='word_1_527' title='bbox 502 4037 652 4109; x_wconf 83' lang='lat' dir='ltr'><strong>bus],</strong></span> <span class='ocrx_word' id='word_1_528' title='bbox 677 4036 744 4091; x_wconf 88' lang='lat' dir='ltr'><strong>de</strong></span> <span class='ocrx_word' id='word_1_529' title='bbox 779 4038 976 4108; x_wconf 85' lang='lat' dir='ltr'><strong>quibus</strong></span> <span class='ocrx_word' id='word_1_530' title='bbox 1025 4039 1318 4110; x_wconf 82' lang='lat' dir='ltr'><strong>scripsisti,</strong></span> <span class='ocrx_word' id='word_1_531' title='bbox 1364 4038 1536 4095; x_wconf 88' lang='lat' dir='ltr'><strong>multo</strong></span> <span class='ocrx_word' id='word_1_532' title='bbox 1582 4038 1772 4104; x_wconf 87' lang='lat' dir='ltr'><strong>aliter,</strong></span> <span class='ocrx_word' id='word_1_533' title='bbox 1804 4052 1967 4108; x_wconf 86' lang='lat' dir='ltr'><strong>quam</strong></span> <span class='ocrx_word' id='word_1_534' title='bbox 1999 4047 2090 4092; x_wconf 82' lang='lat' dir='ltr'><strong>tua</strong></span> 
     </span>
    </p>
   </div>
   <div class='ocr_carea' id='block_1_72' title="bbox 509 4127 2087 4203">
    <p class='ocr_par' dir='ltr' id='par_1_72' title="bbox 509 4127 2087 4203">
     <span class='ocr_line' id='line_1_72' title="bbox 509 4127 2087 4203; baseline 0.003 -21"><span class='ocrx_word' id='word_1_535' title='bbox 509 4127 782 4185; x_wconf 84' lang='lat' dir='ltr'><strong>referebat</strong></span> <span class='ocrx_word' id='word_1_536' title='bbox 843 4132 1108 4201; x_wconf 84' lang='lat' dir='ltr'><strong>epistola,</strong></span> <span class='ocrx_word' id='word_1_537' title='bbox 1167 4134 1219 4189; x_wconf 91' lang='lat' dir='ltr'><strong>in</strong></span> <span class='ocrx_word' id='word_1_538' title='bbox 1275 4134 1478 4189; x_wconf 89' lang='lat' dir='ltr'><strong>scrinio</strong></span> <span class='ocrx_word' id='word_1_539' title='bbox 1527 4141 1716 4188; x_wconf 85' lang='lat' dir='ltr'><strong>nostro</strong></span> <span class='ocrx_word' id='word_1_540' title='bbox 1767 4130 2087 4203; x_wconf 87' lang='lat' dir='ltr'><strong>reperimus.</strong></span> 
     </span>
    </p>
   </div>
   <div class='ocr_carea' id='block_1_73' title="bbox 2193 3208 3790 3281">
    <p class='ocr_par' dir='ltr' id='par_1_73' title="bbox 2193 3208 3790 3281">
     <span class='ocr_line' id='line_1_73' title="bbox 2193 3208 3790 3281; baseline 0.002 -18"><span class='ocrx_word' id='word_1_541' title='bbox 2193 3208 2575 3278; x_wconf 35' lang='lat' dir='ltr'><strong>Turonensem,</strong></span> <span class='ocrx_word' id='word_1_542' title='bbox 2627 3210 3097 3281; x_wconf 83' lang='lat' dir='ltr'><strong>archiepiscopum</strong></span> <span class='ocrx_word' id='word_1_543' title='bbox 3152 3212 3374 3267; x_wconf 85' lang='lat' dir='ltr'><strong>mittere</strong></span> <span class='ocrx_word' id='word_1_544' title='bbox 3438 3210 3790 3281; x_wconf 79' lang='lat' dir='ltr'><strong>dedignaris,</strong></span> 
     </span>
    </p>
   </div>
   <div class='ocr_carea' id='block_1_74' title="bbox 2192 3299 3794 3373">
    <p class='ocr_par' dir='ltr' id='par_1_74' title="bbox 2192 3299 3794 3373">
     <span class='ocr_line' id='line_1_74' title="bbox 2192 3299 3794 3373; baseline 0.002 -19"><span class='ocrx_word' id='word_1_545' title='bbox 2192 3301 2351 3357; x_wconf 86' lang='lat' dir='ltr'><strong>stude</strong></span> <span class='ocrx_word' id='word_1_546' title='bbox 2376 3299 2512 3358; x_wconf 83' lang='lat' dir='ltr'><strong>duos</strong></span> <span class='ocrx_word' id='word_1_547' title='bbox 2532 3300 2820 3371; x_wconf 87' lang='lat' dir='ltr'><strong>episcopos</strong></span> <span class='ocrx_word' id='word_1_548' title='bbox 2847 3302 2913 3357; x_wconf 89' lang='lat' dir='ltr'><strong>de</strong></span> <span class='ocrx_word' id='word_1_549' title='bbox 2955 3302 3214 3373; x_wconf 81' lang='lat' dir='ltr'><strong>expulsis,</strong></span> <span class='ocrx_word' id='word_1_550' title='bbox 3248 3312 3303 3358; x_wconf 88' lang='lat' dir='ltr'><strong>et</strong></span> <span class='ocrx_word' id='word_1_551' title='bbox 3330 3304 3471 3358; x_wconf 89' lang='lat' dir='ltr'><strong>duos</strong></span> <span class='ocrx_word' id='word_1_552' title='bbox 3503 3304 3575 3357; x_wconf 85' lang='lat' dir='ltr'><strong>de</strong></span> <span class='ocrx_word' id='word_1_553' title='bbox 3602 3305 3794 3358; x_wconf 87' lang='lat' dir='ltr'><strong>subro-</strong></span> 
     </span>
    </p>
   </div>
   <div class='ocr_carea' id='block_1_75' title="bbox 2192 3395 3794 3467">
    <p class='ocr_par' dir='ltr' id='par_1_75' title="bbox 2192 3395 3794 3467">
     <span class='ocr_line' id='line_1_75' title="bbox 2192 3395 3794 3467; baseline 0.002 -19"><span class='ocrx_word' id='word_1_554' title='bbox 2192 3395 2351 3465; x_wconf 84' lang='lat' dir='ltr'><strong>gatis,</strong></span> <span class='ocrx_word' id='word_1_555' title='bbox 2379 3410 2486 3450; x_wconf 85' lang='lat' dir='ltr'><strong>una</strong></span> <span class='ocrx_word' id='word_1_556' title='bbox 2527 3409 2651 3449; x_wconf 89' lang='lat' dir='ltr'><strong>cum</strong></span> <span class='ocrx_word' id='word_1_557' title='bbox 2692 3396 2877 3466; x_wconf 77' lang='lat' dir='ltr'><strong>gloria:</strong></span> <span class='ocrx_word' id='word_1_558' title='bbox 2915 3406 3020 3451; x_wconf 78' lang='lat' dir='ltr'><strong>tua:</strong></span> <span class='ocrx_word' id='word_1_559' title='bbox 3068 3396 3281 3467; x_wconf 83' lang='lat' dir='ltr'><strong>legato,</strong></span> <span class='ocrx_word' id='word_1_560' title='bbox 3323 3396 3393 3451; x_wconf 85' lang='lat' dir='ltr'><strong>ad</strong></span> <span class='ocrx_word' id='word_1_561' title='bbox 3436 3398 3794 3467; x_wconf 84' lang='lat' dir='ltr'><strong>apostolicam</strong></span> 
     </span>
    </p>
   </div>
   <div class='ocr_carea' id='block_1_76' title="bbox 2193 3490 3796 3562">
    <p class='ocr_par' dir='ltr' id='par_1_76' title="bbox 2193 3490 3796 3562">
     <span class='ocr_line' id='line_1_76' title="bbox 2193 3490 3796 3562; baseline -0.001 -16"><span class='ocrx_word' id='word_1_562' title='bbox 2193 3491 2378 3546; x_wconf 87' lang='lat' dir='ltr'><strong>sedem</strong></span> <span class='ocrx_word' id='word_1_563' title='bbox 2406 3491 2549 3547; x_wconf 86' lang='lat' dir='ltr'><strong>beati</strong></span> <span class='ocrx_word' id='word_1_564' title='bbox 2588 3490 2733 3547; x_wconf 88' lang='lat' dir='ltr'><strong>Petri</strong></span> <span class='ocrx_word' id='word_1_565' title='bbox 2782 3491 3179 3558; x_wconf 86' lang='lat' dir='ltr'><strong>transmittere,</strong></span> <span class='ocrx_word' id='word_1_566' title='bbox 3213 3492 3303 3548; x_wconf 87' lang='lat' dir='ltr'><strong>ubi</strong></span> <span class='ocrx_word' id='word_1_567' title='bbox 3332 3492 3494 3562; x_wconf 79' lang='lat' dir='ltr'><strong>digna</strong></span> <span class='ocrx_word' id='word_1_568' title='bbox 3515 3492 3796 3547; x_wconf 74' lang='lat' dir='ltr'><strong>examina-</strong></span> 
     </span>
    </p>
   </div>
   <div class='ocr_carea' id='block_1_77' title="bbox 2190 3582 3791 3655">
    <p class='ocr_par' dir='ltr' id='par_1_77' title="bbox 2190 3582 3791 3655">
     <span class='ocr_line' id='line_1_77' title="bbox 2190 3582 3791 3655; baseline 0 -18"><span class='ocrx_word' id='word_1_569' title='bbox 2190 3582 2342 3638; x_wconf 85' lang='lat' dir='ltr'><strong>tione</strong></span> <span class='ocrx_word' id='word_1_570' title='bbox 2366 3584 2669 3654; x_wconf 64' lang='lat' dir='ltr'><strong>praamissa,</strong></span> <span class='ocrx_word' id='word_1_571' title='bbox 2702 3584 2796 3653; x_wconf 90' lang='lat' dir='ltr'><strong>qui</strong></span> <span class='ocrx_word' id='word_1_572' title='bbox 2825 3582 3053 3655; x_wconf 86' lang='lat' dir='ltr'><strong>legitimi</strong></span> <span class='ocrx_word' id='word_1_573' title='bbox 3092 3584 3331 3654; x_wconf 87' lang='lat' dir='ltr'><strong>episcopi</strong></span> <span class='ocrx_word' id='word_1_574' title='bbox 3356 3585 3471 3639; x_wconf 88' lang='lat' dir='ltr'><strong>sint</strong></span> <span class='ocrx_word' id='word_1_575' title='bbox 3501 3593 3791 3653; x_wconf 76' lang='lat' dir='ltr'><strong>appareat,</strong></span> 
     </span>
    </p>
   </div>
   <div class='ocr_carea' id='block_1_78' title="bbox 2193 3674 3796 3747">
    <p class='ocr_par' dir='ltr' id='par_1_78' title="bbox 2193 3674 3796 3747">
     <span class='ocr_line' id='line_1_78' title="bbox 2193 3674 3796 3747; baseline -0.001 -18"><span class='ocrx_word' id='word_1_576' title='bbox 2193 3683 2248 3747; x_wconf 87' lang='lat' dir='ltr'><strong>et</strong></span> <span class='ocrx_word' id='word_1_577' title='bbox 2266 3690 2395 3730; x_wconf 88' lang='lat' dir='ltr'><strong>suas</strong></span> <span class='ocrx_word' id='word_1_578' title='bbox 2435 3675 2710 3731; x_wconf 86' lang='lat' dir='ltr'><strong>Ecclesias</strong></span> <span class='ocrx_word' id='word_1_579' title='bbox 2753 3676 3132 3746; x_wconf 83' lang='lat' dir='ltr'><strong>irrcgnlariter</strong></span> <span class='ocrx_word' id='word_1_580' title='bbox 3175 3692 3282 3730; x_wconf 87' lang='lat' dir='ltr'><strong>non</strong></span> <span class='ocrx_word' id='word_1_581' title='bbox 3330 3674 3608 3730; x_wconf 77' lang='lat' dir='ltr'><strong>amittant.</strong></span> <span class='ocrx_word' id='word_1_582' title='bbox 3652 3674 3796 3729; x_wconf 77' lang='lat' dir='ltr'><strong>Nihil</strong></span> 
     </span>
    </p>
   </div>
   <div class='ocr_carea' id='block_1_79' title="bbox 2190 3754 3793 3839">
    <p class='ocr_par' dir='ltr' id='par_1_79' title="bbox 2190 3754 3793 3839">
     <span class='ocr_line' id='line_1_79' title="bbox 2190 3754 3793 3839; baseline -0.001 -17"><span class='ocrx_word' id='word_1_583' title='bbox 2190 3765 2517 3822; x_wconf 80' lang='lat' dir='ltr'><strong>enim&#39;aliud</strong></span> <span class='ocrx_word' id='word_1_584' title='bbox 2550 3778 2633 3822; x_wconf 89' lang='lat' dir='ltr'><strong>est</strong></span> <span class='ocrx_word' id='word_1_585' title='bbox 2662 3768 2805 3836; x_wconf 88' lang='lat' dir='ltr'><strong>quod</strong></span> <span class='ocrx_word' id='word_1_586' title='bbox 2840 3769 2892 3821; x_wconf 91' lang='lat' dir='ltr'><strong>in</strong></span> <span class='ocrx_word' id='word_1_587' title='bbox 2922 3768 3176 3838; x_wconf 71' lang='lat' dir='ltr'><strong>praesenti</strong></span> <span class='ocrx_word' id='word_1_588' title='bbox 3207 3754 3425 3839; x_wconf 76' lang='lat' dir='ltr'><strong>negotio</strong></span> <span class='ocrx_word' id='word_1_589' title='bbox 3448 3767 3670 3837; x_wconf 83' lang='lat' dir='ltr'><strong>penitus</strong></span> <span class='ocrx_word' id='word_1_590' title='bbox 3694 3767 3793 3821; x_wconf 79' lang='lat' dir='ltr'><strong>de-</strong></span> 
     </span>
    </p>
   </div>
   <div class='ocr_carea' id='block_1_80' title="bbox 2192 3858 3797 3931">
    <p class='ocr_par' dir='ltr' id='par_1_80' title="bbox 2192 3858 3797 3931">
     <span class='ocr_line' id='line_1_80' title="bbox 2192 3858 3797 3931; baseline -0.002 -17"><span class='ocrx_word' id='word_1_591' title='bbox 2192 3858 2335 3915; x_wconf 83' lang='lat' dir='ltr'><strong>finiri</strong></span> <span class='ocrx_word' id='word_1_592' title='bbox 2368 3861 2564 3931; x_wconf 86' lang='lat' dir='ltr'><strong>possit.</strong></span> <span class='ocrx_word' id='word_1_593' title='bbox 2596 3859 2733 3928; x_wconf 84' lang='lat' dir='ltr'><strong>Quia</strong></span> <span class='ocrx_word' id='word_1_594' title='bbox 2773 3875 2903 3914; x_wconf 83' lang='lat' dir='ltr'><strong>vero</strong></span> <span class='ocrx_word' id='word_1_595' title='bbox 2932 3875 3129 3930; x_wconf 87' lang='lat' dir='ltr'><strong>magna</strong></span> <span class='ocrx_word' id='word_1_596' title='bbox 3149 3859 3274 3930; x_wconf 90' lang='lat' dir='ltr'><strong>quis</strong></span> <span class='ocrx_word' id='word_1_597' title='bbox 3317 3860 3388 3913; x_wconf 90' lang='lat' dir='ltr'><strong>sit</strong></span> <span class='ocrx_word' id='word_1_598' title='bbox 3414 3858 3797 3928; x_wconf 79' lang='lat' dir='ltr'><strong>ittetropolita-</strong></span> 
     </span>
    </p>
   </div>
   <div class='ocr_carea' id='block_1_81' title="bbox 2192 3946 3797 4024">
    <p class='ocr_par' dir='ltr' id='par_1_81' title="bbox 2192 3946 3797 4024">
     <span class='ocr_line' id='line_1_81' title="bbox 2192 3946 3797 4024; baseline -0.002 -16"><span class='ocrx_word' id='word_1_599' title='bbox 2192 3968 2296 4009; x_wconf 90' lang='lat' dir='ltr'><strong>nus</strong></span> <span class='ocrx_word' id='word_1_600' title='bbox 2319 3953 2460 4024; x_wconf 90' lang='lat' dir='ltr'><strong>apud</strong></span> <span class='ocrx_word' id='word_1_601' title='bbox 2500 3952 2790 4007; x_wconf 86' lang='lat' dir='ltr'><strong>Britannos</strong></span> <span class='ocrx_word' id='word_1_602' title='bbox 2829 3952 3106 4009; x_wconf 87' lang='lat' dir='ltr'><strong>contentio</strong></span> <span class='ocrx_word' id='word_1_603' title='bbox 3136 3960 3239 4016; x_wconf 87' lang='lat' dir='ltr'><strong>cst,</strong></span> <span class='ocrx_word' id='word_1_604' title='bbox 3264 3951 3392 4007; x_wconf 89' lang='lat' dir='ltr'><strong>licet</strong></span> <span class='ocrx_word' id='word_1_605' title='bbox 3417 3950 3565 4005; x_wconf 85' lang='lat' dir='ltr'><strong>nulla</strong></span> <span class='ocrx_word' id='word_1_606' title='bbox 3591 3946 3797 4005; x_wconf 82' lang='lat' dir='ltr'><strong>memo-</strong></span> 
     </span>
    </p>
   </div>
   <div class='ocr_carea' id='block_1_82' title="bbox 2194 4041 3797 4114">
    <p class='ocr_par' dir='ltr' id='par_1_82' title="bbox 2194 4041 3797 4114">
     <span class='ocr_line' id='line_1_82' title="bbox 2194 4041 3797 4114; baseline -0.002 -16"><span class='ocrx_word' id='word_1_607' title='bbox 2194 4042 2275 4098; x_wconf 87' lang='lat' dir='ltr'><strong>ria</strong></span> <span class='ocrx_word' id='word_1_608' title='bbox 2302 4044 2392 4108; x_wconf 89' lang='lat' dir='ltr'><strong>sit,</strong></span> <span class='ocrx_word' id='word_1_609' title='bbox 2423 4058 2519 4099; x_wconf 88' lang='lat' dir='ltr'><strong>vos</strong></span> <span class='ocrx_word' id='word_1_610' title='bbox 2562 4044 2615 4098; x_wconf 91' lang='lat' dir='ltr'><strong>in</strong></span> <span class='ocrx_word' id='word_1_611' title='bbox 2647 4052 2832 4098; x_wconf 88' lang='lat' dir='ltr'><strong>vestra</strong></span> <span class='ocrx_word' id='word_1_612' title='bbox 2867 4043 3089 4114; x_wconf 88' lang='lat' dir='ltr'><strong>regione</strong></span> <span class='ocrx_word' id='word_1_613' title='bbox 3112 4041 3274 4096; x_wconf 88' lang='lat' dir='ltr'><strong>ullam</strong></span> <span class='ocrx_word' id='word_1_614' title='bbox 3300 4042 3559 4097; x_wconf 84' lang='lat' dir='ltr'><strong>habuisse</strong></span> <span class='ocrx_word' id='word_1_615' title='bbox 3592 4052 3797 4097; x_wconf 79' lang='lat' dir='ltr'><strong>ttietro-</strong></span> 
     </span>
    </p>
   </div>
   <div class='ocr_carea' id='block_1_83' title="bbox 2191 4132 3794 4205">
    <p class='ocr_par' dir='ltr' id='par_1_83' title="bbox 2191 4132 3794 4205">
     <span class='ocr_line' id='line_1_83' title="bbox 2191 4132 3794 4205; baseline 0.001 -20"><span class='ocrx_word' id='word_1_616' title='bbox 2191 4132 2488 4202; x_wconf 87' lang='lat' dir='ltr'><strong>polilanam</strong></span> <span class='ocrx_word' id='word_1_617' title='bbox 2537 4133 2683 4205; x_wconf 80' lang='lat' dir='ltr'><strong>[ms.,</strong></span> <span class='ocrx_word' id='word_1_618' title='bbox 2738 4132 3101 4205; x_wconf 79' lang='lat' dir='ltr'><strong>metropolim]</strong></span> <span class='ocrx_word' id='word_1_619' title='bbox 3146 4132 3457 4196; x_wconf 83' lang='lat' dir='ltr'><strong>ecclesiam,</strong></span> <span class='ocrx_word' id='word_1_620' title='bbox 3518 4142 3701 4186; x_wconf 84' lang='lat' dir='ltr'><strong>tamen</strong></span> <span class='ocrx_word' id='word_1_621' title='bbox 3748 4132 3794 4187; x_wconf 82' lang='lat' dir='ltr'><strong>si</strong></span> 
     </span>
    </p>
   </div>
   <div class='ocr_carea' id='block_1_84' title="bbox 507 4219 3791 4297">
    <p class='ocr_par' dir='ltr' id='par_1_84' title="bbox 507 4219 3791 4297">
     <span class='ocr_line' id='line_1_84' title="bbox 507 4219 3791 4297; baseline 0.001 -22"><span class='ocrx_word' id='word_1_622' title='bbox 507 4219 660 4276; x_wconf 86' lang='lat' dir='ltr'><strong>Licet</strong></span> <span class='ocrx_word' id='word_1_623' title='bbox 686 4237 793 4276; x_wconf 89' lang='lat' dir='ltr'><strong>non</strong></span> <span class='ocrx_word' id='word_1_624' title='bbox 823 4222 958 4277; x_wconf 87' lang='lat' dir='ltr'><strong>bene</strong></span> <span class='ocrx_word' id='word_1_625' title='bbox 1004 4223 1168 4279; x_wconf 80' lang='lat' dir='ltr'><strong>faciat</strong></span> <span class='ocrx_word' id='word_1_626' title='bbox 1206 4225 1490 4286; x_wconf 88' lang='lat' dir='ltr'><strong>Actardus,</strong></span> <span class='ocrx_word' id='word_1_627' title='bbox 1540 4225 1665 4294; x_wconf 86' lang='lat' dir='ltr'><strong>quia</strong></span> <span class='ocrx_word' id='word_1_628' title='bbox 1690 4223 1867 4279; x_wconf 89' lang='lat' dir='ltr'><strong>denuo</strong></span> <span class='ocrx_word' id='word_1_629' title='bbox 1893 4238 2096 4279; x_wconf 55' lang='lat' dir='ltr'><strong>cense:</strong></span> <span class='ocrx_word' id='word_1_630' title='bbox 2194 4226 2348 4291; x_wconf 82' lang='lat' dir='ltr'><strong>lilzet,</strong></span> <span class='ocrx_word' id='word_1_631' title='bbox 2385 4234 2671 4297; x_wconf 89' lang='lat' dir='ltr'><strong>postquam</strong></span> <span class='ocrx_word' id='word_1_632' title='bbox 2718 4225 2859 4282; x_wconf 84' lang='lat' dir='ltr'><strong>Deus</strong></span> <span class='ocrx_word' id='word_1_633' title='bbox 2897 4226 3039 4280; x_wconf 89' lang='lat' dir='ltr'><strong>inter</strong></span> <span class='ocrx_word' id='word_1_634' title='bbox 3065 4241 3164 4282; x_wconf 84' lang='lat' dir='ltr'><strong>vos</strong></span> <span class='ocrx_word' id='word_1_635' title='bbox 3203 4242 3393 4297; x_wconf 88' lang='lat' dir='ltr'><strong>pacem</strong></span> <span class='ocrx_word' id='word_1_636' title='bbox 3440 4234 3498 4280; x_wconf 90' lang='lat' dir='ltr'><strong>ct</strong></span> <span class='ocrx_word' id='word_1_637' title='bbox 3532 4225 3791 4280; x_wconf 79' lang='lat' dir='ltr'><strong>dilectum</strong></span> 
     </span>
    </p>
   </div>
   <div class='ocr_carea' id='block_1_85' title="bbox 505 4310 2091 4385">
    <p class='ocr_par' dir='ltr' id='par_1_85' title="bbox 505 4310 2091 4385">
     <span class='ocr_line' id='line_1_85' title="bbox 505 4310 2091 4385; baseline 0.002 -20"><span class='ocrx_word' id='word_1_638' title='bbox 505 4322 624 4366; x_wconf 89' lang='lat' dir='ltr'><strong>crat</strong></span> <span class='ocrx_word' id='word_1_639' title='bbox 653 4324 792 4382; x_wconf 85' lang='lat' dir='ltr'><strong>quos</strong></span> <span class='ocrx_word' id='word_1_640' title='bbox 841 4310 1124 4368; x_wconf 61' lang='lat' dir='ltr'><strong>Gisiardus</strong></span> <span class='ocrx_word' id='word_1_641' title='bbox 1164 4314 1218 4368; x_wconf 93' lang='lat' dir='ltr'><strong>iu</strong></span> <span class='ocrx_word' id='word_1_642' title='bbox 1262 4330 1330 4369; x_wconf 89' lang='lat' dir='ltr'><strong>eo</strong></span> <span class='ocrx_word' id='word_1_643' title='bbox 1357 4313 1528 4384; x_wconf 80' lang='lat' dir='ltr'><strong>gradu</strong></span> <span class='ocrx_word' id='word_1_644' title='bbox 1577 4314 1914 4385; x_wconf 86' lang='lat' dir='ltr'><strong>dignoscitur</strong></span> <span class='ocrx_word' id='word_1_645' title='bbox 1943 4313 2091 4369; x_wconf 80' lang='lat' dir='ltr'><strong>ordi-</strong></span> 
     </span>
    </p>
   </div>
   <div class='ocr_carea' id='block_1_86' title="bbox 505 4407 2087 4464">
    <p class='ocr_par' dir='ltr' id='par_1_86' title="bbox 505 4407 2087 4464">
     <span class='ocr_line' id='line_1_86' title="bbox 505 4407 2087 4464; baseline 0.003 -5"><span class='ocrx_word' id='word_1_646' title='bbox 505 4421 708 4461; x_wconf 84' lang='lat' dir='ltr'><strong>nasse:</strong></span> <span class='ocrx_word' id='word_1_647' title='bbox 738 4418 925 4462; x_wconf 80' lang='lat' dir='ltr'><strong>tamen</strong></span> <span class='ocrx_word' id='word_1_648' title='bbox 966 4407 1235 4462; x_wconf 83' lang='lat' dir='ltr'><strong>Actardus</strong></span> <span class='ocrx_word' id='word_1_649' title='bbox 1284 4408 1559 4463; x_wconf 85' lang='lat' dir='ltr'><strong>invenitur</strong></span> <span class='ocrx_word' id='word_1_650' title='bbox 1601 4417 1728 4464; x_wconf 90' lang='lat' dir='ltr'><strong>ante</strong></span> <span class='ocrx_word' id='word_1_651' title='bbox 1777 4407 2087 4464; x_wconf 85' lang='lat' dir='ltr'><strong>Gisiardum</strong></span> 
     </span>
    </p>
   </div>
   <div class='ocr_carea' id='block_1_87' title="bbox 2194 4314 3795 4389">
    <p class='ocr_par' dir='ltr' id='par_1_87' title="bbox 2194 4314 3795 4389">
     <span class='ocr_line' id='line_1_87' title="bbox 2194 4314 3795 4389; baseline -0.001 -17"><span class='ocrx_word' id='word_1_652' title='bbox 2194 4317 2362 4372; x_wconf 79' lang='lat' dir='ltr'><strong>lilium</strong></span> <span class='ocrx_word' id='word_1_653' title='bbox 2384 4326 2633 4373; x_wconf 84' lang='lat' dir='ltr'><strong>nostrum</strong></span> <span class='ocrx_word' id='word_1_654' title='bbox 2657 4316 2911 4373; x_wconf 87' lang='lat' dir='ltr'><strong>Carolum</strong></span> <span class='ocrx_word' id='word_1_655' title='bbox 2956 4317 3254 4389; x_wconf 84' lang='lat' dir='ltr'><strong>gloriosum</strong></span> <span class='ocrx_word' id='word_1_656' title='bbox 3281 4317 3601 4383; x_wconf 87' lang='lat' dir='ltr'><strong>constituet,</strong></span> <span class='ocrx_word' id='word_1_657' title='bbox 3635 4314 3795 4371; x_wconf 82' lang='lat' dir='ltr'><strong>facile</strong></span> 
     </span>
    </p>
   </div>
   <div class='ocr_carea' id='block_1_88' title="bbox 2196 4404 3791 4480">
    <p class='ocr_par' dir='ltr' id='par_1_88' title="bbox 2196 4404 3791 4480">
     <span class='ocr_line' id='line_1_88' title="bbox 2196 4404 3791 4480; baseline -0.003 -16"><span class='ocrx_word' id='word_1_658' title='bbox 2196 4410 2299 4467; x_wconf 88' lang='lat' dir='ltr'><strong>hoc</strong></span> <span class='ocrx_word' id='word_1_659' title='bbox 2355 4409 2599 4478; x_wconf 88' lang='lat' dir='ltr'><strong>poteritis</strong></span> <span class='ocrx_word' id='word_1_660' title='bbox 2644 4410 2949 4464; x_wconf 85' lang='lat' dir='ltr'><strong>advertere.</strong></span> <span class='ocrx_word' id='word_1_661' title='bbox 2998 4409 3154 4476; x_wconf 86' lang='lat' dir='ltr'><strong>Quod</strong></span> <span class='ocrx_word' id='word_1_662' title='bbox 3194 4409 3239 4463; x_wconf 89' lang='lat' dir='ltr'><strong>si</strong></span> <span class='ocrx_word' id='word_1_663' title='bbox 3281 4407 3418 4463; x_wconf 86' lang='lat' dir='ltr'><strong>adeo</strong></span> <span class='ocrx_word' id='word_1_664' title='bbox 3454 4406 3605 4480; x_wconf 80' lang='lat' dir='ltr'><strong>[ms.,</strong></span> <span class='ocrx_word' id='word_1_665' title='bbox 3644 4404 3791 4479; x_wconf 56' lang='lat' dir='ltr'><strong>ideo!</strong></span> 
     </span>
    </p>
   </div>
   <div class='ocr_carea' id='block_1_89' title="bbox 498 4471 3794 4572">
    <p class='ocr_par' dir='ltr' id='par_1_89' title="bbox 498 4471 3794 4572">
     <span class='ocr_line' id='line_1_89' title="bbox 498 4471 3794 4572; baseline 0 -18"><span class='ocrx_word' id='word_1_666' title='bbox 498 4499 848 4570; x_wconf 78' lang='lat' dir='ltr'><strong>episcopatus</strong></span> <span class='ocrx_word' id='word_1_667' title='bbox 895 4497 1131 4555; x_wconf 82' lang='lat' dir='ltr'><strong>cilicium</strong></span> <span class='ocrx_word' id='word_1_668' title='bbox 1177 4501 1498 4570; x_wconf 88' lang='lat' dir='ltr'><strong>suscepisse.</strong></span> <span class='ocrx_word' id='word_1_669' title='bbox 1540 4501 1781 4572; x_wconf 86' lang='lat' dir='ltr'><strong>Denique</strong></span> <span class='ocrx_word' id='word_1_670' title='bbox 1810 4501 2093 4556; x_wconf 84' lang='lat' dir='ltr'><strong>sanctissi-</strong></span> <span class='ocrx_word' id='word_1_671' title='bbox 2120 4471 2168 4531; x_wconf 71' lang='grc' dir='ltr'><strong>θ</strong></span> <span class='ocrx_word' id='word_1_672' title='bbox 2197 4501 2589 4556; x_wconf 89' lang='lat' dir='ltr'><strong>contentiosius</strong></span> <span class='ocrx_word' id='word_1_673' title='bbox 2611 4500 2877 4572; x_wconf 82' lang='lat' dir='ltr'><strong>agendum</strong></span> <span class='ocrx_word' id='word_1_674' title='bbox 2922 4500 3164 4563; x_wconf 90' lang='lat' dir='ltr'><strong>creditis,</strong></span> <span class='ocrx_word' id='word_1_675' title='bbox 3203 4500 3268 4555; x_wconf 88' lang='lat' dir='ltr'><strong>ad</strong></span> <span class='ocrx_word' id='word_1_676' title='bbox 3302 4508 3550 4554; x_wconf 85' lang='lat' dir='ltr'><strong>nostrum</strong></span> <span class='ocrx_word' id='word_1_677' title='bbox 3577 4508 3794 4569; x_wconf 85' lang='lat' dir='ltr'><strong>aposto-</strong></span> 
     </span>
    </p>
   </div>
   <div class='ocr_carea' id='block_1_90' title="bbox 496 4591 2090 4664">
    <p class='ocr_par' dir='ltr' id='par_1_90' title="bbox 496 4591 2090 4664">
     <span class='ocr_line' id='line_1_90' title="bbox 496 4591 2090 4664; baseline 0.002 -19"><span class='ocrx_word' id='word_1_678' title='bbox 496 4605 625 4645; x_wconf 78' lang='lat' dir='ltr'><strong>mus</strong></span> <span class='ocrx_word' id='word_1_679' title='bbox 648 4591 757 4645; x_wconf 86' lang='lat' dir='ltr'><strong>Leo</strong></span> <span class='ocrx_word' id='word_1_680' title='bbox 779 4606 917 4661; x_wconf 87' lang='lat' dir='ltr'><strong>papa</strong></span> <span class='ocrx_word' id='word_1_681' title='bbox 943 4591 1242 4648; x_wconf 80' lang='lat' dir='ltr'><strong>Nomenoio</strong></span> <span class='ocrx_word' id='word_1_682' title='bbox 1267 4592 1532 4659; x_wconf 85' lang='lat' dir='ltr'><strong>scribens,</strong></span> <span class='ocrx_word' id='word_1_683' title='bbox 1562 4594 1703 4649; x_wconf 88' lang='lat' dir='ltr'><strong>inter</strong></span> <span class='ocrx_word' id='word_1_684' title='bbox 1726 4601 1919 4649; x_wconf 62' lang='lat' dir='ltr'><strong>caetera</strong></span> <span class='ocrx_word' id='word_1_685' title='bbox 1952 4608 2090 4664; x_wconf 51' lang='lat' dir='ltr'><strong>prze‘</strong></span> 
     </span>
    </p>
   </div>
   <div class='ocr_carea' id='block_1_91' title="bbox 503 4683 2087 4755">
    <p class='ocr_par' dir='ltr' id='par_1_91' title="bbox 503 4683 2087 4755">
     <span class='ocr_line' id='line_1_91' title="bbox 503 4683 2087 4755; baseline 0.002 -18"><span class='ocrx_word' id='word_1_686' title='bbox 503 4683 720 4753; x_wconf 87' lang='lat' dir='ltr'><strong>cipuum</strong></span> <span class='ocrx_word' id='word_1_687' title='bbox 747 4685 921 4739; x_wconf 87' lang='lat' dir='ltr'><strong>virum</strong></span> <span class='ocrx_word' id='word_1_688' title='bbox 953 4683 1249 4741; x_wconf 81' lang='lat' dir='ltr'><strong>Actardunt</strong></span> <span class='ocrx_word' id='word_1_689' title='bbox 1296 4684 1569 4755; x_wconf 82' lang='lat' dir='ltr'><strong>appellat,</strong></span> <span class='ocrx_word' id='word_1_690' title='bbox 1609 4693 1667 4741; x_wconf 88' lang='lat' dir='ltr'><strong>et</strong></span> <span class='ocrx_word' id='word_1_691' title='bbox 1712 4686 1856 4742; x_wconf 85' lang='lat' dir='ltr'><strong>hunc</strong></span> <span class='ocrx_word' id='word_1_692' title='bbox 1895 4700 2087 4743; x_wconf 84' lang='lat' dir='ltr'><strong>sanum</strong></span> 
     </span>
    </p>
   </div>
   <div class='ocr_carea' id='block_1_92' title="bbox 503 4779 2090 4850">
    <p class='ocr_par' dir='ltr' id='par_1_92' title="bbox 503 4779 2090 4850">
     <span class='ocr_line' id='line_1_92' title="bbox 503 4779 2090 4850; baseline 0.004 -23"><span class='ocrx_word' id='word_1_693' title='bbox 503 4790 716 4844; x_wconf 88' lang='lat' dir='ltr'><strong>sapere,</strong></span> <span class='ocrx_word' id='word_1_694' title='bbox 769 4785 825 4831; x_wconf 89' lang='lat' dir='ltr'><strong>et</strong></span> <span class='ocrx_word' id='word_1_695' title='bbox 872 4792 1067 4833; x_wconf 86' lang='lat' dir='ltr'><strong>sanum</strong></span> <span class='ocrx_word' id='word_1_696' title='bbox 1130 4779 1367 4843; x_wconf 82' lang='lat' dir='ltr'><strong>docere,</strong></span> <span class='ocrx_word' id='word_1_697' title='bbox 1419 4779 1602 4834; x_wconf 88' lang='lat' dir='ltr'><strong>vivere</strong></span> <span class='ocrx_word' id='word_1_698' title='bbox 1655 4793 1719 4834; x_wconf 90' lang='lat' dir='ltr'><strong>ac</strong></span> <span class='ocrx_word' id='word_1_699' title='bbox 1770 4793 2090 4850; x_wconf 88' lang='lat' dir='ltr'><strong>permanere</strong></span> 
     </span>
    </p>
   </div>
   <div class='ocr_carea' id='block_1_93' title="bbox 505 4865 2089 4942">
    <p class='ocr_par' dir='ltr' id='par_1_93' title="bbox 505 4865 2089 4942">
     <span class='ocr_line' id='line_1_93' title="bbox 505 4865 2089 4942; baseline 0.006 -25"><span class='ocrx_word' id='word_1_700' title='bbox 505 4865 827 4922; x_wconf 87' lang='lat' dir='ltr'><strong>denuntiat:</strong></span> <span class='ocrx_word' id='word_1_701' title='bbox 868 4868 1175 4925; x_wconf 84' lang='lat' dir='ltr'><strong>Gisiardum</strong></span> <span class='ocrx_word' id='word_1_702' title='bbox 1229 4886 1359 4925; x_wconf 87' lang='lat' dir='ltr'><strong>vero</strong></span> <span class='ocrx_word' id='word_1_703' title='bbox 1405 4881 1661 4942; x_wconf 87' lang='lat' dir='ltr'><strong>tanquam</strong></span> <span class='ocrx_word' id='word_1_704' title='bbox 1705 4870 1949 4941; x_wconf 67' lang='lat' dir='ltr'><strong>prmdicti</strong></span> <span class='ocrx_word' id='word_1_705' title='bbox 1991 4874 2089 4926; x_wconf 88' lang='lat' dir='ltr'><strong>Ac-</strong></span> 
     </span>
    </p>
   </div>
   <div class='ocr_carea' id='block_1_94' title="bbox 508 4956 2088 5033">
    <p class='ocr_par' dir='ltr' id='par_1_94' title="bbox 508 4956 2088 5033">
     <span class='ocr_line' id='line_1_94' title="bbox 508 4956 2088 5033; baseline 0.006 -26"><span class='ocrx_word' id='word_1_706' title='bbox 508 4956 648 5011; x_wconf 83' lang='lat' dir='ltr'><strong>tardi</strong></span> <span class='ocrx_word' id='word_1_707' title='bbox 672 4958 913 5015; x_wconf 88' lang='lat' dir='ltr'><strong>sedulum</strong></span> <span class='ocrx_word' id='word_1_708' title='bbox 938 4963 1247 5017; x_wconf 87' lang='lat' dir='ltr'><strong>invasorem</strong></span> <span class='ocrx_word' id='word_1_709' title='bbox 1269 4962 1508 5018; x_wconf 88' lang='lat' dir='ltr'><strong>denotat.</strong></span> <span class='ocrx_word' id='word_1_710' title='bbox 1538 4963 1636 5018; x_wconf 80' lang='lat' dir='ltr'><strong>llis</strong></span> <span class='ocrx_word' id='word_1_711' title='bbox 1664 4978 1795 5033; x_wconf 85' lang='lat' dir='ltr'><strong>ergo</strong></span> <span class='ocrx_word' id='word_1_712' title='bbox 1822 4976 1889 5017; x_wconf 88' lang='lat' dir='ltr'><strong>ac</strong></span> <span class='ocrx_word' id='word_1_713' title='bbox 1910 4959 2088 5030; x_wconf 83' lang='lat' dir='ltr'><strong>hujus-</strong></span> 
     </span>
    </p>
   </div>
   <div class='ocr_carea' id='block_1_95' title="bbox 506 5045 2091 5120">
    <p class='ocr_par' dir='ltr' id='par_1_95' title="bbox 506 5045 2091 5120">
     <span class='ocr_line' id='line_1_95' title="bbox 506 5045 2091 5120; baseline 0.003 -18"><span class='ocrx_word' id='word_1_714' title='bbox 506 5045 653 5102; x_wconf 89' lang='lat' dir='ltr'><strong>modi</strong></span> <span class='ocrx_word' id='word_1_715' title='bbox 689 5054 1092 5118; x_wconf 85' lang='lat' dir='ltr'><strong>controversiis,</strong></span> <span class='ocrx_word' id='word_1_716' title='bbox 1126 5068 1190 5108; x_wconf 84' lang='lat' dir='ltr'><strong>ac</strong></span> <span class='ocrx_word' id='word_1_717' title='bbox 1224 5053 1626 5109; x_wconf 75' lang='lat' dir='ltr'><strong>difﬁcultatibus</strong></span> <span class='ocrx_word' id='word_1_718' title='bbox 1654 5054 2008 5120; x_wconf 86' lang='lat' dir='ltr'><strong>enumeratis,</strong></span> <span class='ocrx_word' id='word_1_719' title='bbox 2035 5061 2091 5107; x_wconf 89' lang='lat' dir='ltr'><strong>et</strong></span> 
     </span>
    </p>
   </div>
   <div class='ocr_carea' id='block_1_96' title="bbox 502 5139 2090 5223">
    <p class='ocr_par' dir='ltr' id='par_1_96' title="bbox 502 5139 2090 5223">
     <span class='ocr_line' id='line_1_96' title="bbox 502 5139 2090 5223; baseline 0.003 -30"><span class='ocrx_word' id='word_1_720' title='bbox 502 5139 585 5223; x_wconf 87' lang='lat' dir='ltr'><strong>ita</strong></span> <span class='ocrx_word' id='word_1_721' title='bbox 617 5140 869 5210; x_wconf 89' lang='lat' dir='ltr'><strong>repertis,</strong></span> <span class='ocrx_word' id='word_1_722' title='bbox 900 5141 1118 5212; x_wconf 86' lang='lat' dir='ltr'><strong>habitis,</strong></span> <span class='ocrx_word' id='word_1_723' title='bbox 1150 5160 1214 5201; x_wconf 88' lang='lat' dir='ltr'><strong>ac</strong></span> <span class='ocrx_word' id='word_1_724' title='bbox 1251 5146 1564 5215; x_wconf 87' lang='lat' dir='ltr'><strong>compertis.</strong></span> <span class='ocrx_word' id='word_1_725' title='bbox 1598 5160 1704 5200; x_wconf 91' lang='lat' dir='ltr'><strong>non</strong></span> <span class='ocrx_word' id='word_1_726' title='bbox 1740 5159 2031 5215; x_wconf 85' lang='lat' dir='ltr'><strong>possumus</strong></span> <span class='ocrx_word' id='word_1_727' title='bbox 2058 5159 2090 5198; x_wconf 91' lang='lat' dir='ltr'><strong>a</strong></span> 
     </span>
    </p>
   </div>
   <div class='ocr_carea' id='block_1_97' title="bbox 506 5230 2091 5306">
    <p class='ocr_par' dir='ltr' id='par_1_97' title="bbox 506 5230 2091 5306">
     <span class='ocr_line' id='line_1_97' title="bbox 506 5230 2091 5306; baseline 0.003 -19"><span class='ocrx_word' id='word_1_728' title='bbox 506 5230 692 5303; x_wconf 85' lang='lat' dir='ltr'><strong>regula</strong></span> <span class='ocrx_word' id='word_1_729' title='bbox 722 5242 1029 5289; x_wconf 89' lang='lat' dir='ltr'><strong>sanctorum</strong></span> <span class='ocrx_word' id='word_1_730' title='bbox 1060 5246 1297 5305; x_wconf 87' lang='lat' dir='ltr'><strong>patrum,</strong></span> <span class='ocrx_word' id='word_1_731' title='bbox 1325 5246 1422 5294; x_wconf 85' lang='lat' dir='ltr'><strong>aut</strong></span> <span class='ocrx_word' id='word_1_732' title='bbox 1460 5254 1491 5292; x_wconf 86' lang='lat' dir='ltr'><strong>a</strong></span> <span class='ocrx_word' id='word_1_733' title='bbox 1530 5238 1677 5295; x_wconf 86' lang='lat' dir='ltr'><strong>sedis</strong></span> <span class='ocrx_word' id='word_1_734' title='bbox 1726 5236 1886 5306; x_wconf 86' lang='lat' dir='ltr'><strong>hujus</strong></span> <span class='ocrx_word' id='word_1_735' title='bbox 1934 5237 2091 5291; x_wconf 58' lang='lat' dir='ltr'><strong>iusti-</strong></span> 
     </span>
    </p>
   </div>
   <div class='ocr_carea' id='block_1_98' title="bbox 508 5324 2087 5400">
    <p class='ocr_par' dir='ltr' id='par_1_98' title="bbox 508 5324 2087 5400">
     <span class='ocr_line' id='line_1_98' title="bbox 508 5324 2087 5400; baseline 0.003 -20"><span class='ocrx_word' id='word_1_736' title='bbox 508 5324 809 5380; x_wconf 83' lang='lat' dir='ltr'><strong>tutionibus</strong></span> <span class='ocrx_word' id='word_1_737' title='bbox 840 5325 1073 5380; x_wconf 88' lang='lat' dir='ltr'><strong>indebite</strong></span> <span class='ocrx_word' id='word_1_738' title='bbox 1101 5327 1246 5400; x_wconf 50' lang='lat' dir='ltr'><strong>[mn</strong></span> <span class='ocrx_word' id='word_1_739' title='bbox 1276 5341 1334 5386; x_wconf 91' lang='lat' dir='ltr'><strong>ut</strong></span> <span class='ocrx_word' id='word_1_740' title='bbox 1360 5345 1391 5384; x_wconf 86' lang='lat' dir='ltr'><strong>a</strong></span> <span class='ocrx_word' id='word_1_741' title='bbox 1430 5331 1574 5386; x_wconf 87' lang='lat' dir='ltr'><strong>sedis</strong></span> <span class='ocrx_word' id='word_1_742' title='bbox 1604 5341 1709 5386; x_wconf 75' lang='lat' dir='ltr'><strong>tua:</strong></span> <span class='ocrx_word' id='word_1_743' title='bbox 1731 5330 2087 5386; x_wconf 87' lang='lat' dir='ltr'><strong>institutioni-</strong></span> 
     </span>
    </p>
   </div>
   <div class='ocr_carea' id='block_1_99' title="bbox 506 5413 2091 5492">
    <p class='ocr_par' dir='ltr' id='par_1_99' title="bbox 506 5413 2091 5492">
     <span class='ocr_line' id='line_1_99' title="bbox 506 5413 2091 5492; baseline 0.002 -22"><span class='ocrx_word' id='word_1_744' title='bbox 506 5414 608 5470; x_wconf 86' lang='lat' dir='ltr'><strong>bus</strong></span> <span class='ocrx_word' id='word_1_745' title='bbox 630 5429 844 5485; x_wconf 88' lang='lat' dir='ltr'><strong>quoque</strong></span> <span class='ocrx_word' id='word_1_746' title='bbox 871 5413 1123 5483; x_wconf 88' lang='lat' dir='ltr'><strong>indebite,</strong></span> <span class='ocrx_word' id='word_1_747' title='bbox 1153 5419 1287 5492; x_wconf 89' lang='lat' dir='ltr'><strong>etc.]</strong></span> <span class='ocrx_word' id='word_1_748' title='bbox 1325 5419 1615 5476; x_wconf 84' lang='lat' dir='ltr'><strong>declinare.</strong></span> <span class='ocrx_word' id='word_1_749' title='bbox 1656 5419 1761 5477; x_wconf 86' lang='lat' dir='ltr'><strong>Sed</strong></span> <span class='ocrx_word' id='word_1_750' title='bbox 1805 5420 1848 5476; x_wconf 88' lang='lat' dir='ltr'><strong>si</strong></span> <span class='ocrx_word' id='word_1_751' title='bbox 1878 5421 1961 5475; x_wconf 83' lang='lat' dir='ltr'><strong>vis</strong></span> <span class='ocrx_word' id='word_1_752' title='bbox 1996 5417 2091 5474; x_wconf 88' lang='lat' dir='ltr'><strong>Dei</strong></span> 
     </span>
    </p>
   </div>
   <div class='ocr_carea' id='block_1_100' title="bbox 503 5507 2089 5582">
    <p class='ocr_par' dir='ltr' id='par_1_100' title="bbox 503 5507 2089 5582">
     <span class='ocr_line' id='line_1_100' title="bbox 503 5507 2089 5582; baseline 0.001 -17"><span class='ocrx_word' id='word_1_753' title='bbox 503 5507 890 5577; x_wconf 85' lang='lat' dir='ltr'><strong>omnipotentis</strong></span> <span class='ocrx_word' id='word_1_754' title='bbox 939 5507 1369 5565; x_wconf 86' lang='lat' dir='ltr'><strong>benedictionem</strong></span> <span class='ocrx_word' id='word_1_755' title='bbox 1415 5512 1720 5582; x_wconf 88' lang='lat' dir='ltr'><strong>percipere,</strong></span> <span class='ocrx_word' id='word_1_756' title='bbox 1744 5511 1828 5568; x_wconf 89' lang='lat' dir='ltr'><strong>vel</strong></span> <span class='ocrx_word' id='word_1_757' title='bbox 1858 5512 1904 5569; x_wconf 88' lang='lat' dir='ltr'><strong>si</strong></span> <span class='ocrx_word' id='word_1_758' title='bbox 1930 5526 2089 5567; x_wconf 84' lang='lat' dir='ltr'><strong>vera-</strong></span> 
     </span>
    </p>
   </div>
   <div class='ocr_carea' id='block_1_101' title="bbox 503 5588 2088 5671">
    <p class='ocr_par' dir='ltr' id='par_1_101' title="bbox 503 5588 2088 5671">
     <span class='ocr_line' id='line_1_101' title="bbox 503 5588 2088 5671; baseline -0.001 -14"><span class='ocrx_word' id='word_1_759' title='bbox 503 5602 642 5661; x_wconf 88' lang='lat' dir='ltr'><strong>citer</strong></span> <span class='ocrx_word' id='word_1_760' title='bbox 668 5609 856 5655; x_wconf 84' lang='lat' dir='ltr'><strong>nostra</strong></span> <span class='ocrx_word' id='word_1_761' title='bbox 878 5602 1137 5671; x_wconf 83' lang='lat' dir='ltr'><strong>consequi</strong></span> <span class='ocrx_word' id='word_1_762' title='bbox 1167 5610 1435 5671; x_wconf 60' lang='lat' dir='ltr'><strong>princepta</strong></span> <span class='ocrx_word' id='word_1_763' title='bbox 1469 5588 1768 5666; x_wconf 79' lang='lat' dir='ltr'><strong>desideras,</strong></span> <span class='ocrx_word' id='word_1_764' title='bbox 1799 5602 2088 5657; x_wconf 87' lang='lat' dir='ltr'><strong>consilium</strong></span> 
     </span>
    </p>
   </div>
   <div class='ocr_carea' id='block_1_102' title="bbox 412 5689 2088 5762">
    <p class='ocr_par' dir='ltr' id='par_1_102' title="bbox 412 5689 2088 5762">
     <span class='ocr_line' id='line_1_102' title="bbox 412 5689 2088 5762; baseline 0.002 -17"><span class='ocrx_word' id='word_1_765' title='bbox 412 5734 417 5737; x_wconf 87' lang='lat'><strong>.</strong></span> <span class='ocrx_word' id='word_1_766' title='bbox 505 5705 684 5747; x_wconf 82' lang='lat' dir='ltr'><strong>meum</strong></span> <span class='ocrx_word' id='word_1_767' title='bbox 708 5690 914 5762; x_wconf 56' lang='lat' dir='ltr'><strong>aecum,</strong></span> <span class='ocrx_word' id='word_1_768' title='bbox 938 5691 1159 5759; x_wconf 83' lang='lat' dir='ltr'><strong>etquod</strong></span> <span class='ocrx_word' id='word_1_769' title='bbox 1197 5689 1290 5746; x_wconf 90' lang='lat' dir='ltr'><strong>tibi</strong></span> <span class='ocrx_word' id='word_1_770' title='bbox 1338 5705 1436 5762; x_wconf 86' lang='lat' dir='ltr'><strong>per</strong></span> <span class='ocrx_word' id='word_1_771' title='bbox 1461 5691 1599 5746; x_wconf 82' lang='lat' dir='ltr'><strong>hanc</strong></span> <span class='ocrx_word' id='word_1_772' title='bbox 1626 5693 2088 5762; x_wconf 76' lang='lat' dir='ltr'><strong>pagiuatn&#39;iudico</strong></span> 
     </span>
    </p>
   </div>
   <div class='ocr_carea' id='block_1_103' title="bbox 2201 4593 3795 4665">
    <p class='ocr_par' dir='ltr' id='par_1_103' title="bbox 2201 4593 3795 4665">
     <span class='ocr_line' id='line_1_103' title="bbox 2201 4593 3795 4665; baseline 0.002 -19"><span class='ocrx_word' id='word_1_773' title='bbox 2201 4593 2365 4648; x_wconf 87' lang='lat' dir='ltr'><strong>latum</strong></span> <span class='ocrx_word' id='word_1_774' title='bbox 2411 4595 2685 4650; x_wconf 85' lang='lat' dir='ltr'><strong>destinare</strong></span> <span class='ocrx_word' id='word_1_775' title='bbox 2712 4596 3025 4650; x_wconf 86' lang='lat' dir='ltr'><strong>contendite</strong></span> <span class='ocrx_word' id='word_1_776' title='bbox 3054 4612 3069 4648; x_wconf 75' lang='grc' dir='ltr'>ε</span> <span class='ocrx_word' id='word_1_777' title='bbox 3111 4605 3378 4665; x_wconf 86' lang='lat' dir='ltr'><strong>quatenus</strong></span> <span class='ocrx_word' id='word_1_778' title='bbox 3407 4602 3598 4649; x_wconf 89' lang='lat' dir='ltr'><strong>nostro</strong></span> <span class='ocrx_word' id='word_1_779' title='bbox 3628 4595 3795 4649; x_wconf 81' lang='lat' dir='ltr'><strong>libra-</strong></span> 
     </span>
    </p>
   </div>
   <div class='ocr_carea' id='block_1_104' title="bbox 2199 4683 3795 4763">
    <p class='ocr_par' dir='ltr' id='par_1_104' title="bbox 2199 4683 3795 4763">
     <span class='ocr_line' id='line_1_104' title="bbox 2199 4683 3795 4763; baseline 0.003 -27"><span class='ocrx_word' id='word_1_780' title='bbox 2199 4683 2364 4747; x_wconf 85' lang='lat' dir='ltr'><strong>mine,</strong></span> <span class='ocrx_word' id='word_1_781' title='bbox 2392 4699 2517 4763; x_wconf 69' lang='lat' dir='ltr'><strong>quze</strong></span> <span class='ocrx_word' id='word_1_782' title='bbox 2540 4684 2708 4741; x_wconf 84' lang='lat' dir='ltr'><strong>fuerit</strong></span> <span class='ocrx_word' id='word_1_783' title='bbox 2758 4683 2897 4754; x_wconf 89' lang='lat' dir='ltr'><strong>apud</strong></span> <span class='ocrx_word' id='word_1_784' title='bbox 2930 4700 3025 4739; x_wconf 87' lang='lat' dir='ltr'><strong>vos</strong></span> <span class='ocrx_word' id='word_1_785' title='bbox 3075 4684 3376 4754; x_wconf 80' lang='lat' dir='ltr'><strong>antiquitus</strong></span> <span class='ocrx_word' id='word_1_786' title='bbox 3422 4683 3795 4753; x_wconf 80' lang='lat' dir='ltr'><strong>archiepisco—</strong></span> 
     </span>
    </p>
   </div>
   <div class='ocr_carea' id='block_1_105' title="bbox 2198 4772 3793 4845">
    <p class='ocr_par' dir='ltr' id='par_1_105' title="bbox 2198 4772 3793 4845">
     <span class='ocr_line' id='line_1_105' title="bbox 2198 4772 3793 4845; baseline 0.005 -22"><span class='ocrx_word' id='word_1_787' title='bbox 2198 4772 2337 4841; x_wconf 85' lang='lat' dir='ltr'><strong>palis</strong></span> <span class='ocrx_word' id='word_1_788' title='bbox 2365 4773 2614 4834; x_wconf 89' lang='lat' dir='ltr'><strong>ecclesia.</strong></span> <span class='ocrx_word' id='word_1_789' title='bbox 2668 4772 2789 4828; x_wconf 87' lang='lat' dir='ltr'><strong>luce</strong></span> <span class='ocrx_word' id='word_1_790' title='bbox 2841 4774 3042 4830; x_wconf 89' lang='lat' dir='ltr'><strong>clarius</strong></span> <span class='ocrx_word' id='word_1_791' title='bbox 3090 4773 3415 4838; x_wconf 88' lang='lat' dir='ltr'><strong>innotescat,</strong></span> <span class='ocrx_word' id='word_1_792' title='bbox 3448 4782 3506 4828; x_wconf 88' lang='lat' dir='ltr'><strong>et</strong></span> <span class='ocrx_word' id='word_1_793' title='bbox 3534 4774 3793 4845; x_wconf 84' lang='lat' dir='ltr'><strong>deinceps</strong></span> 
     </span>
    </p>
   </div>
   <div class='ocr_carea' id='block_1_106' title="bbox 2198 4864 3789 4936">
    <p class='ocr_par' dir='ltr' id='par_1_106' title="bbox 2198 4864 3789 4936">
     <span class='ocr_line' id='line_1_106' title="bbox 2198 4864 3789 4936; baseline 0.003 -18"><span class='ocrx_word' id='word_1_794' title='bbox 2198 4864 2345 4919; x_wconf 89' lang='lat' dir='ltr'><strong>omni</strong></span> <span class='ocrx_word' id='word_1_795' title='bbox 2370 4864 2720 4934; x_wconf 84' lang='lat' dir='ltr'><strong>ambiguitate</strong></span> <span class='ocrx_word' id='word_1_796' title='bbox 2746 4866 2945 4931; x_wconf 87' lang='lat' dir='ltr'><strong>recisa,</strong></span> <span class='ocrx_word' id='word_1_797' title='bbox 2969 4879 3133 4936; x_wconf 88' lang='lat' dir='ltr'><strong>quem</strong></span> <span class='ocrx_word' id='word_1_798' title='bbox 3156 4865 3311 4936; x_wconf 86' lang='lat' dir='ltr'><strong>sequi</strong></span> <span class='ocrx_word' id='word_1_799' title='bbox 3346 4866 3591 4936; x_wconf 83' lang='lat' dir='ltr'><strong>episcopi</strong></span> <span class='ocrx_word' id='word_1_800' title='bbox 3624 4868 3789 4923; x_wconf 82' lang='lat' dir='ltr'><strong>vestri</strong></span> 
     </span>
    </p>
   </div>
   <div class='ocr_carea' id='block_1_107' title="bbox 2198 4954 3791 5027">
    <p class='ocr_par' dir='ltr' id='par_1_107' title="bbox 2198 4954 3791 5027">
     <span class='ocr_line' id='line_1_107' title="bbox 2198 4954 3791 5027; baseline 0.003 -18"><span class='ocrx_word' id='word_1_801' title='bbox 2198 4954 2447 5019; x_wconf 83' lang='lat' dir='ltr'><strong>debeant,</strong></span> <span class='ocrx_word' id='word_1_802' title='bbox 2480 4955 2859 5011; x_wconf 86' lang='lat' dir='ltr'><strong>incunctanter</strong></span> <span class='ocrx_word' id='word_1_803' title='bbox 2882 4966 3197 5027; x_wconf 82' lang='lat' dir='ltr'><strong>agnoscant.</strong></span> <span class='ocrx_word' id='word_1_804' title='bbox 3225 4956 3414 5027; x_wconf 82' lang='lat' dir='ltr'><strong>Neque</strong></span> <span class='ocrx_word' id='word_1_805' title='bbox 3433 4957 3585 5013; x_wconf 84' lang='lat' dir='ltr'><strong>enim</strong></span> <span class='ocrx_word' id='word_1_806' title='bbox 3606 4958 3791 5014; x_wconf 60' lang='grc' dir='ltr'><strong>Εοὼ</strong></span> 
     </span>
    </p>
   </div>
   <div class='ocr_carea' id='block_1_108' title="bbox 2194 5047 3789 5121">
    <p class='ocr_par' dir='ltr' id='par_1_108' title="bbox 2194 5047 3789 5121">
     <span class='ocr_line' id='line_1_108' title="bbox 2194 5047 3789 5121; baseline 0.003 -20"><span class='ocrx_word' id='word_1_807' title='bbox 2194 5047 2304 5101; x_wconf 90' lang='lat' dir='ltr'><strong>sias</strong></span> <span class='ocrx_word' id='word_1_808' title='bbox 2326 5047 2536 5102; x_wconf 86' lang='lat' dir='ltr'><strong>Domini</strong></span> <span class='ocrx_word' id='word_1_809' title='bbox 2566 5063 2664 5118; x_wconf 78' lang='lat' dir='ltr'><strong>per</strong></span> <span class='ocrx_word' id='word_1_810' title='bbox 2684 5048 3008 5104; x_wconf 75' lang='lat' dir='ltr'><strong>discordiam</strong></span> <span class='ocrx_word' id='word_1_811' title='bbox 3039 5062 3227 5121; x_wconf 85' lang='lat' dir='ltr'><strong>regum</strong></span> <span class='ocrx_word' id='word_1_812' title='bbox 3260 5049 3561 5106; x_wconf 84' lang='lat' dir='ltr'><strong>divisiones</strong></span> <span class='ocrx_word' id='word_1_813' title='bbox 3579 5050 3789 5121; x_wconf 72' lang='lat' dir='ltr'><strong>aliqua:</strong></span> 
     </span>
    </p>
   </div>
   <div class='ocr_carea' id='block_1_109' title="bbox 2195 5136 3789 5218">
    <p class='ocr_par' dir='ltr' id='par_1_109' title="bbox 2195 5136 3789 5218">
     <span class='ocr_line' id='line_1_109' title="bbox 2195 5136 3789 5218; baseline 0.006 -29"><span class='ocrx_word' id='word_1_814' title='bbox 2195 5137 2306 5206; x_wconf 85' lang='lat' dir='ltr'><strong>pati</strong></span> <span class='ocrx_word' id='word_1_815' title='bbox 2332 5136 2413 5192; x_wconf 88' lang='lat' dir='ltr'><strong>vel</strong></span> <span class='ocrx_word' id='word_1_816' title='bbox 2436 5139 2627 5193; x_wconf 87' lang='lat' dir='ltr'><strong>damna</strong></span> <span class='ocrx_word' id='word_1_817' title='bbox 2647 5136 2791 5210; x_wconf 83' lang='lat' dir='ltr'><strong>[ms.,</strong></span> <span class='ocrx_word' id='word_1_818' title='bbox 2815 5153 2915 5208; x_wconf 88' lang='lat' dir='ltr'><strong>per</strong></span> <span class='ocrx_word' id='word_1_819' title='bbox 2937 5138 3264 5215; x_wconf 74' lang='lat' dir='ltr'><strong>discordiam</strong></span> 
     </span>
    </p>
   </div>
   <div class='ocr_carea' id='block_1_110' title="bbox 2197 5216 3790 5307">
    <p class='ocr_par' dir='ltr' id='par_1_110' title="bbox 2197 5216 3790 5307">
     <span class='ocr_line' id='line_1_110' title="bbox 2197 5216 3790 5307; baseline 0.014 -29"><span class='ocrx_word' id='word_1_820' title='bbox 2197 5225 2376 5296; x_wconf 85' lang='lat' dir='ltr'><strong>aliqua</strong></span> <span class='ocrx_word' id='word_1_821' title='bbox 2398 5227 2508 5298; x_wconf 82' lang='lat' dir='ltr'><strong>pati</strong></span> <span class='ocrx_word' id='word_1_822' title='bbox 2535 5225 2756 5299; x_wconf 86' lang='lat' dir='ltr'><strong>dauma]</strong></span> <span class='ocrx_word' id='word_1_823' title='bbox 2785 5242 3006 5285; x_wconf 83' lang='lat' dir='ltr'><strong>necesse</strong></span> <span class='ocrx_word' id='word_1_824' title='bbox 3034 5216 3790 5307; x_wconf 81' lang='lat' dir='ltr'><strong>est</strong></span> 
     </span>
    </p>
   </div>
   <div class='ocr_carea' id='block_1_111' title="bbox 2197 5308 3771 5399">
    <p class='ocr_par' dir='ltr' id='par_1_111' title="bbox 2197 5308 3771 5399">
     <span class='ocr_line' id='line_1_111' title="bbox 2197 5308 3771 5399; baseline 0.01 -24"><span class='ocrx_word' id='word_1_825' title='bbox 2197 5329 2515 5391; x_wconf 86' lang='lat' dir='ltr'><strong>estpacem,</strong></span> <span class='ocrx_word' id='word_1_826' title='bbox 2557 5335 2723 5391; x_wconf 87' lang='lat' dir='ltr'><strong>quam</strong></span> <span class='ocrx_word' id='word_1_827' title='bbox 2762 5322 3081 5391; x_wconf 56' lang='lat' dir='ltr'><strong>pradicant,</strong></span> 
     </span>
    </p>
   </div>
   <div class='ocr_carea' id='block_1_112' title="bbox 2199 5400 3803 5484">
    <p class='ocr_par' dir='ltr' id='par_1_112' title="bbox 2199 5400 3803 5484">
     <span class='ocr_line' id='line_1_112' title="bbox 2199 5400 3803 5484; baseline -0.001 -15"><span class='ocrx_word' id='word_1_828' title='bbox 2199 5427 2336 5479; x_wconf 85' lang='lat' dir='ltr'><strong>cem,</strong></span> <span class='ocrx_word' id='word_1_829' title='bbox 2374 5420 2429 5468; x_wconf 90' lang='lat' dir='ltr'><strong>et</strong></span> <span class='ocrx_word' id='word_1_830' title='bbox 2475 5414 2529 5468; x_wconf 93' lang='lat' dir='ltr'><strong>in</strong></span> <span class='ocrx_word' id='word_1_831' title='bbox 2562 5428 2770 5470; x_wconf 88' lang='lat' dir='ltr'><strong>omnes.</strong></span> <span class='ocrx_word' id='word_1_832' title='bbox 2814 5412 2910 5471; x_wconf 88' lang='lat' dir='ltr'><strong>llis</strong></span> <span class='ocrx_word' id='word_1_833' title='bbox 2946 5413 3017 5469; x_wconf 87' lang='lat' dir='ltr'><strong>ita</strong></span> <span class='ocrx_word' id='word_1_834' title='bbox 3048 5404 3360 5484; x_wconf 78' lang='lat' dir='ltr'><strong>praeiibaiis,</strong></span> <span class='ocrx_word' id='word_1_835' title='bbox 3388 5414 3492 5484; x_wconf 74' lang='lat' dir='ltr'><strong>per</strong></span> <span class='ocrx_word' id='word_1_836' title='bbox 3514 5420 3618 5469; x_wconf 82' lang='lat' dir='ltr'><strong>nos</strong></span> 
     </span>
    </p>
   </div>
   <div class='ocr_carea' id='block_1_113' title="bbox 2199 5505 3787 5578">
    <p class='ocr_par' dir='ltr' id='par_1_113' title="bbox 2199 5505 3787 5578">
     <span class='ocr_line' id='line_1_113' title="bbox 2199 5505 3787 5578; baseline -0.003 -14"><span class='ocrx_word' id='word_1_837' title='bbox 2199 5508 2340 5564; x_wconf 88' lang='lat' dir='ltr'><strong>scire</strong></span> <span class='ocrx_word' id='word_1_838' title='bbox 2366 5507 2613 5563; x_wconf 84' lang='lat' dir='ltr'><strong>volumus</strong></span> <span class='ocrx_word' id='word_1_839' title='bbox 2638 5507 3035 5574; x_wconf 78' lang='lat' dir='ltr'><strong>exceileutiam,</strong></span> <span class='ocrx_word' id='word_1_840' title='bbox 3070 5507 3199 5577; x_wconf 83' lang='lat' dir='ltr'><strong>quia</strong></span> <span class='ocrx_word' id='word_1_841' title='bbox 3231 5506 3279 5562; x_wconf 90' lang='lat' dir='ltr'><strong>si</strong></span> <span class='ocrx_word' id='word_1_842' title='bbox 3312 5507 3520 5563; x_wconf 82' lang='lat' dir='ltr'><strong>nostris</strong></span> <span class='ocrx_word' id='word_1_843' title='bbox 3545 5505 3787 5578; x_wconf 79' lang='lat' dir='ltr'><strong>paternis</strong></span> 
     </span>
    </p>
   </div>
   <div class='ocr_carea' id='block_1_114' title="bbox 2200 5596 3781 5671">
    <p class='ocr_par' dir='ltr' id='par_1_114' title="bbox 2200 5596 3781 5671">
     <span class='ocr_line' id='line_1_114' title="bbox 2200 5596 3781 5671; baseline -0.003 -15"><span class='ocrx_word' id='word_1_844' title='bbox 2200 5602 2418 5659; x_wconf 87' lang='lat' dir='ltr'><strong>monitis</strong></span> <span class='ocrx_word' id='word_1_845' title='bbox 2469 5601 2761 5668; x_wconf 87' lang='lat' dir='ltr'><strong>obcdieris,</strong></span> <span class='ocrx_word' id='word_1_846' title='bbox 2810 5610 2866 5657; x_wconf 90' lang='lat' dir='ltr'><strong>et</strong></span> <span class='ocrx_word' id='word_1_847' title='bbox 2916 5610 3024 5658; x_wconf 88' lang='lat' dir='ltr'><strong>tam</strong></span> <span class='ocrx_word' id='word_1_848' title='bbox 3073 5600 3141 5657; x_wconf 89' lang='lat' dir='ltr'><strong>dc</strong></span> <span class='ocrx_word' id='word_1_849' title='bbox 3180 5596 3781 5671; x_wconf 78' lang='lat' dir='ltr'><strong>jure&#39;mctropolitani,</strong></span> 
     </span>
    </p>
   </div>
   <div class='ocr_carea' id='block_1_115' title="bbox 2197 5687 3779 5765">
    <p class='ocr_par' dir='ltr' id='par_1_115' title="bbox 2197 5687 3779 5765">
     <span class='ocr_line' id='line_1_115' title="bbox 2197 5687 3779 5765; baseline 0.001 -21"><span class='ocrx_word' id='word_1_850' title='bbox 2197 5706 2360 5765; x_wconf 86' lang='lat' dir='ltr'><strong>quam</strong></span> <span class='ocrx_word' id='word_1_851' title='bbox 2406 5692 2471 5749; x_wconf 85' lang='lat' dir='ltr'><strong>de</strong></span> <span class='ocrx_word' id='word_1_852' title='bbox 2497 5694 2849 5752; x_wconf 85' lang='lat' dir='ltr'><strong>renovatione</strong></span> <span class='ocrx_word' id='word_1_853' title='bbox 2872 5689 3145 5750; x_wconf 79' lang='lat' dir='ltr'><strong>examinis</strong></span> <span class='ocrx_word' id='word_1_854' title='bbox 3173 5687 3471 5761; x_wconf 76' lang='lat' dir='ltr'><strong>eiecturum</strong></span> <span class='ocrx_word' id='word_1_855' title='bbox 3501 5688 3779 5761; x_wconf 55' lang='lat' dir='ltr'><strong>episcopov</strong></span> 
     </span>
    </p>
   </div>
   <div class='ocr_carea' id='block_1_116' title="bbox 2992 5822 3019 5837">
    <p class='ocr_par' dir='ltr' id='par_1_116' title="bbox 2992 5822 3019 5837">
     <span class='ocr_line' id='line_1_116' title="bbox 2992 5822 3019 5837; baseline 0 0"><span class='ocrx_word' id='word_1_856' title='bbox 2992 5822 3019 5837; x_wconf 59' lang='grc' dir='ltr'><strong>δ’</strong></span> 
     </span>
    </p>
   </div>
  </div>
