4070 6310
283 368 393 426 809

1489 350 1850 412 EPISTOLE
1886 351 1977 408 ET
2013 350 2355 410 DECRETA.

3457 356 3489 412 8
3501 349 3560 412 ['0

283 498 406 540 rum
429 494 528 537 nos
569 477 759 534 audire
802 474 1096 543 studueris,
1128 474 1235 532 erit
1272 488 1380 546 pax
1417 481 1472 528 et
1500 471 1789 529 concordia
1815 479 1872 526 et
1898 472 1948 534 Α
1977 467 2387 538 comprobatum
2418 474 2525 534 est,
2554 464 2699 538 quod
2721 470 2908 522 contra
2939 473 3253 522 sanctorum
3281 466 3555 524 canonum

282 575 462 632 omnis
491 572 762 645 legitimus
791 571 925 625 ordo
953 570 1008 624 in
1029 585 1197 640 regno
1225 577 1338 624 tuo.
1363 565 1514 634 Quod
1548 566 1595 622 si
1626 580 1726 622 nos
1747 573 1870 620 tau-

281 673 400 720 tum
428 664 763 733 interrogare
788 667 842 715 et
872 675 978 715 non
1015 659 1325 715 auscultare
1349 658 1680 720 decreveris,
1707 672 1869 713 scan-

282 755 427 819 dala,
452 762 509 809 et
531 751 799 808 discordia
832 759 887 806 et
912 751 1089 805 omnis
1117 749 1363 805 confusio
1387 763 1495 804 non
1521 749 1750 803 deerunt
1773 747 1869 804 tibi

281 847 339 904 in
370 849 480 903 vita
527 855 638 902 tua.
693 843 864 900 Porro
911 843 1117 916 legatos
1157 851 1306 906 tuos,
1344 831 1482 911 quas
1517 841 1584 896 ad
1625 852 1872 896 nostrum

279 938 622 1011 pontificium
663 936 967 1000 destinasti,
1015 934 1289 990 dilectioni
1337 942 1443 987 tuae
1491 932 1874 988 commendare

281 1045 580 1088 curamus:
612 1043 844 1098 quorum
887 1026 1231 1097 prudentiam
1273 1033 1330 1080 et
1377 1023 1536 1079 fidem
1583 1024 1731 1079 circa
1777 1038 1874 1079 vos

281 1123 710 1188 considerantes,
750 1121 1041 1192 plurimum
1095 1120 1151 1174 in
1205 1119 1435 1174 Domino
1479 1117 1732 1188 gratulati
1777 1133 1871 1172 su-

279 1229 427 1270 mus.
459 1213 600 1268 Deus
619 1211 964 1282 omnipotens
991 1209 1218 1282 gloriam
1243 1219 1415 1273 tuam,
1443 1216 1499 1262 et
1518 1207 1721 1262 claram
1744 1223 1874 1262 con-

276 1306 460 1377 jugem
486 1313 659 1369 tuam,
707 1318 829 1358 cum
862 1301 1134 1356 nobilibus
1160 1299 1320 1362 natis,
1356 1306 1518 1368 atque
1539 1314 1662 1353 cum
1697 1298 1872 1353 omni-

278 1398 385 1453 bus
412 1398 504 1468 qui
533 1395 634 1452 sub
658 1403 750 1450 tuo
777 1394 1039 1466 regimine
1079 1401 1224 1460 sunt,
1241 1391 1391 1447 omni
1413 1391 1610 1462 gaudio
1643 1398 1699 1447 et
1721 1391 1872 1448 omni

281 1488 658 1545 benedictione
680 1487 770 1558 pie
797 1485 1116 1542 circumdet.

983 1619 1175 1676 XXVI.

327 1730 396 1769 AD
431 1728 677 1770 CAROLUM
714 1726 1170 1767 ARCHIEPISCOPUM
1203 1725 1553 1767 MOGUNTINUII
1586 1725 1814 1776 EJUSQUE

512 1799 918 1840 SUFFRAGANEOS
947 1797 1225 1838 EPISCOPOS
1250 1796 1533 1836 GERHANUE
1562 1794 1608 1834 ⁸.

888 1873 1072 1946 (Anno
1105 1873 1256 1944 865.)

281 1968 530 2024 Declarat
549 1986 604 2023 se
625 1967 825 2022 nullam
839 1967 1146 2038 sententiam
1164 1965 1444 2038 protulisse
1468 1964 1521 2020 in
1536 1963 1870 2020 Salomoncm

355 2042 695 2111 episcopum;
723 2039 951 2111 Abbonis
986 2036 1411 2101 matrimonium,
1440 2038 1708 2111 in‘quorto
1742 2053 1871 2111 con-

349 2106 698 2179 sanguinitati
736 2109 905 2179 gradu
933 2117 1278 2179 contractum,
1312 2123 1423 2161 esse
1456 2106 1868 2179 dissolvendum,

352 2177 624 2252 variasque
651 2177 811 2236 variis
836 2179 1062 2250 peccatis
1085 2178 1319 2248 assignat
1340 2177 1662 2249 pwnitentia.

784 2289 962 2364 [Apud
987 2288 1182 2354 Mans.,
1210 2287 1367 2361 ibist]

311 2476 318 2478 ν
352 2399 624 2457 Nrcouus
653 2400 961 2472 episcopus,
999 2413 1190 2454 servus
1226 2412 1513 2453 servorum
1552 2396 1668 2464 Dei,
1715 2411 1870 2452 reve-

277 2491 596 2549 rentissimo
637 2500 694 2545 et
736 2489 1083 2545 sanctissimo
1129 2487 1392 2542 confratri
1439 2497 1626 2541 nostro
1677 2485 1872 2542 Carolo

273 2585 713 2654 archiepiscopo,
761 2582 986 2653 ejusque
1033 2578 1390 2651 suffraganels
1419 2579 1670 2644 Altl‘rido,
1718 2579 1874 2634 Salo-

279 2676 455 2741 moni,
485 2675 814 2745 Hiltigrimo,
864 2673 1192 2738 Theodrico,
1233 2671 1490 2738 Guntoui,
1529 2671 1870 2737 Gebehardo,

276 2766 416 2822 Arn.
462 2765 766 2837 Wingario,
799 2763 1057 2834 Egiberto
1089 2762 1547 2819 reverentissimis
1581 2763 1870 2833 episcopis,

275 2865 446 2928 atque
471 2857 757 2922 Grimalto,
799 2855 1139 2926 Egilbcrhtto
1169 2854 1614 2921 Thiotoniamali,
1640 2855 1873 2926 Adalga-

280 2949 364 3006 rio
393 2949 658 3020 religiosis
685 2957 740 3003 et
765 2947 1166 3002 venerabilibus
1193 2947 1504 3002 abbatibus.

355 3040 672 3095 Divinorum
699 3038 968 3109 fulgentes
988 3039 1302 3108 dogmatum
1328 3035 1682 3094 diffinitiones
1693 3038 1870 3094 scien-

279 3134 374 3190 tiae
401 3150 558 3190 sacro
593 3133 739 3190 sedis
773 3139 974 3188 nostrae
1022 3133 1146 3187 alvo
1188 3133 1514 3203 procedunt,
1547 3147 1870 3204 semperque

282 3223 652 3288 descendunt,
692 3223 818 3294 quia
856 3199 1208 3278 rectitudinis.
1243 3231 1301 3277 et
1343 3223 1616 3293 mquitatis
1664 3199 1875 3295 species
1901 3199 1945 3261 (ἶ

279 3313 507 3386 gignere
547 3313 718 3378 novit,
761 3320 816 3368 et
861 3313 1108 3367 instituta
1165 3312 1472 3368 dilectionis
1522 3313 1876 3384 dispositione

282 3403 693 3459 administrare.
726 3401 884 3457 Pacis
912 3403 1059 3456 enim
1086 3417 1150 3457 ac
1177 3401 1396 3471 iustitia:
1414 3405 1650 3458 amatrix
1675 3420 1878 3475 cogno-

281 3493 462 3548 scitur
509 3500 567 3570 ct
618 3492 968 3563 benignitatis
1022 3493 1219 3548 amica.
1267 3493 1434 3562 Cujus
1483 3497 1876 3554 consuetudine

280 3581 403 3638 fulti
435 3592 600 3655 atque
622 3585 910 3650 industria,
934 3594 1128 3640 vestra:
1148 3585 1468 3641 beatitudini
1497 3589 1679 3657 apices
1706 3589 1872 3645 desii-

227 3744 236 3750 .
284 3677 554 3742 navimus,
587 3677 928 3731 rectitudinis
954 3675 1243 3732 fundentes
1272 3677 1641 3746 dulcedinem,
1670 3689 1724 3734 et
1750 3697 1874 3751 pro-

280 3766 451 3822 babili
494 3768 775 3822 sanctione
811 3775 1057 3831 ornatos,
1095 3783 1221 3823 cum
1259 3768 1502 3824 Abbonis
1543 3785 1763 3826 causam
1807 3773 1875 3828 de

282 3873 395 3928 quo
423 3857 598 3924 fertis,
629 3869 807 3916 vestra
838 3856 1130 3932 praesentia
1153 3864 1532 3934 episcoporum
1576 3866 1758 3922 subtili
1792 3868 1874 3923 in-

280 3951 580 4020 quisitione
601 3953 918 4008 examinare
941 3954 1306 4022 decrevimus,
1333 3964 1390 4011 ut
1433 3956 1502 4012 de
1545 3973 1610 4013 ea
1649 3961 1874 4015 certitu—

281 4041 411 4095 dine
438 4056 536 4111 per
560 4057 656 4098 vos
684 4043 1063 4100 maluissemus
1087 4046 1228 4101 scire
1262 4048 1648 4118 cognitionem.
1686 4051 1740 4105 In
1769 4050 1870 4105 Sa-

281 4129 558 4189 lomonem
600 4135 796 4205 quippe
846 4137 1158 4208 episcopum
1207 4154 1305 4194 uec
1358 4140 1636 4207 criminis,
1696 4158 1873 4212 neque

281 4224 544 4281 facinoris
567 4227 892 4282 sententiam
919 4237 1068 4283 certe
1091 4229 1438 4298 protulimus,
1483 4233 1589 4288 nisi
1624 4241 1684 4287 ut
1724 4249 1873 4290 com-

284 4318 512 4372 missam
537 4319 644 4374 sibi
692 4335 724 4373 a
762 4319 990 4374 Domino
1033 4320 1268 4391 plebem,
1315 4323 1457 4378 sicut
1500 4327 1870 4392 audieramus,

283 4423 394 4464 non
423 4410 820 4480 constringeret
857 4411 1199 4481 juramentis.
1247 4415 1484 4485 Epistola
1516 4433 1666 4483 vero,
1708 4435 1869 4489 quam

281 4500 439 4556 vobis
465 4501 618 4570 quasi
650 4518 681 4556 a
712 4503 868 4556 nobis
903 4504 1148 4571 missam,
1199 4506 1511 4564 Grimoldus
1537 4512 1734 4566 obtulit
1776 4514 1872 4566 ab-

1975 557 2284 614 sanctiones
2298 571 2524 614 uxorem
2545 557 2787 628 accipere
2813 555 3261 628 praesumpsisset,
3285 556 3338 612 in
3358 567 3554 629 quarta

1973 651 2137 706 etiam
2157 651 2506 723 generatione
2531 650 2636 706 sibi
2665 649 2988 721 copulasset,
3020 650 3298 707 sancimus
3335 663 3392 707 et
3433 659 3560 724 apo-

1973 733 2166 798 Stolica
2207 742 2639 813 promulgatione
2686 742 3070 808 decernimus,
3121 741 3281 812 hujus
3335 743 3562 802 infausti

1972 833 2209 904 coniugii
2233 833 2559 888 omnimodis
2577 832 2770 905 copula
2800 831 3143 897 dissolvatur,
3175 833 3304 903 quia
3326 835 3562 906 propriae

1975 925 2463 996 consanguinitatis
2490 935 2545 980 et
2571 925 2913 997 cognationis
2953 925 3361 981 demonstratur
3397 936 3564 998 atque

1975 1017 2319 1086 cognoscitur
2350 1031 2492 1071 esse.
2534 1017 2601 1072 Et
2629 1018 2733 1073 hoc
2765 1017 2920 1072 vobis
2956 1016 3422 1087 interrogantibus
3453 1025 3564 1073 sta-

1975 1111 2198 1175 tuimus,
2231 1123 2291 1166 ut
2314 1111 2444 1166 nulli
2474 1111 2636 1166 liceat
2658 1110 2968 1167 Christiano
2991 1110 3061 1166 de
3085 1109 3302 1181 propria
3333 1125 3566 1166 consan-

1974 1205 2242 1276 guinitate
2274 1205 2389 1260 sivc
2436 1204 2760 1276 cognatione
2810 1217 3039 1258 uxorem
3085 1202 3336 1272 accipere
3387 1216 3565 1274 usque

1975 1297 2102 1353 dum
2131 1296 2411 1368 generatio
2443 1297 2794 1362 recondatur,
2832 1295 3200 1366 cognoscitur,
3234 1305 3329 1352 aut
3357 1310 3563 1352 memo-

1972 1391 2054 1446 ria
2099 1391 2384 1447 retinetur.
2441 1391 2716 1446 Lmtamur
2745 1396 2947 1456 autem,
2986 1398 3335 1460 vestramque
3373 1387 3567 1443 lauda-

1971 1499 2096 1540 mus
2122 1483 2405 1539 industriae
2433 1481 2861 1548 observantiam,
2884 1480 3012 1551 quia
3043 1480 3098 1535 in
3132 1479 3237 1536 hac
3265 1495 3327 1536 re
3361 1479 3565 1535 beatis-

1971 1576 2237 1633 simorum
2276 1588 2684 1632 antecessorum
2729 1583 3040 1631 nostrorum
3077 1571 3329 1645 Gregorii
3368 1581 3424 1629 et
3459 1571 3562 1628 Za-

1970 1668 2176 1724 chariaa
2202 1667 2518 1738 pontiﬁcum
2545 1667 2808 1722 hactenus
2849 1665 2904 1720 in
2939 1665 3139 1720 vestris
3160 1665 3450 1735 parochiis,
3499 1673 3562 1720 ut

1969 1759 2164 1814 vestris
2191 1757 2488 1829 protulistis
2516 1759 2570 1812 in
2600 1757 2812 1820 litteris,
2852 1748 3191 1812 observando
3219 1757 3413 1813 tenetis
3442 1758 3563 1830 (de-

1897 1839 1946 1899 B
1974 1850 2165 1922 creta).
2206 1851 2427 1906 Dixistis
2454 1852 2598 1906 enim
2628 1851 2682 1905 in
2714 1858 2878 1921 quota
2917 1851 3265 1922 generatione
3295 1851 3395 1906 sibi
3423 1851 3560 1907 lide-

1974 1941 2395 2014 lcsjungantur.
2446 1941 2556 1998 Nos
2603 1951 2780 1997 autem
2811 1943 3221 2012 generationum
3261 1943 3314 1998 iu
3361 1943 3464 1999 hac
3503 1959 3563 1999 re

1974 2047 2261 2088 numerum
2299 2047 2408 2086 non
2451 2030 2760 2098 definimus,
2795 2032 2889 2085 sed
2937 2041 2998 2084 ut
3039 2045 3202 2101 supra
3251 2020 3562 2098 retulimus,

1974 2125 2354 2181 incunctanter
2393 2121 2682 2177 observare
2723 2137 3024 2178 monemus.
3072 2124 3394 2180 Sacerdotes
3422 2141 3559 2182 vero

1974 2214 2022 2270 si
2048 2214 2102 2268 in
2133 2212 2511 2269 fornicationis
2543 2213 2834 2268 inciderint
2857 2214 3106 2284 laqueum
3131 2225 3186 2272 et
3208 2217 3474 2283 criminis,
3507 2228 3566 2275 et

1975 2306 2298 2363 manifestus
2324 2306 2440 2362 sive
2468 2315 2718 2362 ostensus
2748 2305 2911 2363 fuerit
2938 2318 3113 2377 actus,
3145 2313 3432 2368 sacerdotii
3455 2329 3565 2371 non

1970 2410 2202 2472 possunt
2224 2401 2425 2456 habere
2451 2401 2734 2466 honorem,
2767 2404 3062 2458 secundum
3095 2407 3370 2461 canonica:
3402 2409 3561 2464 insti-

1974 2493 2200 2549 tutionis
2226 2493 2627 2548 auctoritatem.
2657 2492 2978 2550 Sacerdotes
3010 2495 3105 2555 illi,
3133 2497 3222 2566 qui
3248 2498 3300 2552 in
3330 2499 3562 2556 crimine

1971 2581 2346 2638 fornicationis
2381 2581 2588 2637 fuerint
2632 2585 2890 2649 accusati,
2939 2594 2995 2640 et
3045 2588 3249 2642 crimen
3299 2587 3404 2644 illis
3449 2606 3563 2649 non

1975 2676 2140 2731 fuerit
2164 2675 2596 2744 comprobatum,
2641 2684 2735 2730 aut
2777 2676 2878 2746 ipsi
2922 2689 3028 2732 non
3073 2680 3563 2750 manil‘estaverint,

1973 2766 2103 2836 quid
2134 2765 2278 2819 aliud
2306 2766 2573 2836 agendum
2617 2774 2722 2830 est,
2762 2768 2864 2822 nisi
2903 2769 3044 2838 quod
3077 2770 3128 2823 in
3157 2769 3562 2828 Neocmsarien-
3648 2827 3660 2840 ,

1973 2855 2053 2911 sis
2079 2855 2248 2910 sancti
2275 2853 2493 2909 concilii
2520 2855 2756 2925 capitulo
2781 2857 2992 2927 legitur,
3026 2873 3090 2912 ac
3115 2859 3563 2916 demonstratur?

1975 2947 2179 3002 Tamen
2204 2947 2249 3002 si
2280 2947 2380 3017 ipsi
2415 2947 2728 3015 juramento
2759 2963 2817 3002 se
2858 2949 3125 3004 voluerint
3151 2946 3464 3018 purificare,
3498 2950 3562 3006 li—

1974 3039 2207 3094 centiam
2236 3039 2489 3093 habeant.
2534 3037 2798 3094 Similiter
2829 3049 3007 3094 autem
3040 3049 3095 3094 et
3120 3040 3331 3096 diaconi
3362 3042 3406 3096 si
3438 3042 3560 3098 fue-

1977 3130 2088 3185 rint
2115 3129 2376 3193 accusati,
2418 3138 2700 3201 peragant.
2742 3127 2980 3184 Femina:
3004 3130 3209 3186 scilicet
3243 3148 3363 3201 quae
3407 3148 3565 3189 sacro

1978 3231 2107 3278 sunt
2137 3221 2406 3277 velamine
2428 3229 2760 3276 consecratae
2787 3222 2830 3275 si
2871 3219 3091 3289 fuerint,
3122 3224 3266 3294 quod
3293 3225 3565 3289 nolumus,

1979 3311 2279 3378 fornicata},
2324 3312 2569 3367 velamen
2626 3312 2895 3382 deponere
2935 3328 3040 3368 non
3071 3325 3424 3383 praesumant,
3470 3318 3566 3373 sed

1977 3404 2313 3476 pmnitcntiac
2334 3402 2465 3475 jugo
2494 3403 2779 3459 submissa:
2804 3419 3148 3474 summopere
3177 3407 3459 3463 decertare
3487 3407 3569 3463 fe-

1977 3495 2214 3559 stinent,
2261 3501 2322 3548 ut
2369 3494 2436 3548 ad
2483 3493 2828 3563 indulgentia:
2874 3503 2930 3548 et
2973 3495 3308 3551 remissionis
3351 3497 3568 3554 valeant

1977 3586 2207 3656 gratiam
2234 3585 2535 3654 pervenire.
2569 3584 2644 3639 De
2665 3584 2946 3653 patricidis
2971 3594 3027 3639 et
3055 3586 3346 3642 l'ratricidis
3371 3591 3567 3658 praeci-

1976 3677 2174 3746 pimus,
2207 3683 2267 3728 ut
2304 3690 2400 3744 per
2429 3676 2587 3736 unius
2618 3676 2745 3729 anni
2774 3675 3034 3731 circulum
3065 3687 3191 3733 ante
3227 3678 3371 3734 fores
3407 3681 3557 3736 basi-

1977 3768 2095 3823 lica:
2127 3779 2347 3822 orantes
2385 3767 2597 3822 Domini
2633 3766 2973 3823 clementiam
3004 3780 3370 3839 perseverent.
3401 3772 3562 3828 Com-

1975 3859 2120 3930 pleto
2173 3873 2304 3914 vero
2351 3857 2477 3913 anni
2522 3859 2725 3914 circulo
2775 3858 3190 3915 introducantur
3239 3855 3552 3928 ecclesiam,

1976 3960 2160 4006 tamen
2175 3951 2317 4004 inter
2339 3949 2642 4015 audientes,
2659 3966 2830 4022 usque
2844 3951 2971 4006 dum
2999 3951 3159 4007 unius
3176 3955 3302 4008 anni
3327 3956 3562 4026 spatium

1978 4042 2211 4098 finiatur.
2241 4041 2398 4096 Stent
2423 4055 2544 4096 cum
2572 4042 2640 4096 ad
2662 4042 2950 4098 missarum
2977 4043 3237 4100 solemnia
3258 4045 3343 4102 vel
3365 4048 3432 4102 ad
3455 4047 3564 4104 alia

1977 4151 2132 4193 sacra
2181 4135 2367 4191 audire
2413 4133 2594 4191 officia
2635 4135 2904 4191 venerint.
2946 4136 3042 4192 His
3082 4137 3156 4192 ita
3204 4142 3460 4211 peractis,
3510 4141 3560 4198 si

1977 4226 2307 4298 paenitentiae
2329 4226 2536 4281 fructus
2571 4225 2625 4281 in
2659 4226 2738 4281 eis
2775 4227 3200 4298 conspiciuntur,
3233 4232 3480 4302 corporis
3508 4241 3565 4288 et

1977 4319 2486 4392 sanguinis‘Domini
2525 4321 2691 4374 nostri
2712 4319 2840 4374 Jesu
2859 4320 3062 4377 Christi
3087 4323 3379 4394 participes
3407 4327 3560 4389 fiant,

1977 4424 2034 4469 ut
2085 4413 2441 4483 desperantis:
2499 4427 2605 4467 non
2658 4412 2978 4468 indurentur
3027 4414 3274 4485 caligine.
3325 4415 3560 4471 Carnem

1975 4522 2084 4561 non
2111 4504 2436 4559 manducent
2462 4503 2714 4558 omnibus
2736 4505 2927 4560 diebus
2953 4505 3073 4560 vitae
3100 4506 3341 4571 illorum,
3372 4507 3561 4562 vinum

280 4591 402 4651 has,
449 4607 724 4660 nunquam
773 4603 958 4649 nostro
991 4605 1077 4650 est
1124 4598 1326 4653 scrinio
1365 4601 1590 4671 scripta,
1619 4618 1796 4673 neque
1837 4619 1870 4658 a

1974 4606 2137 4666 atque
2167 4595 2505 4665 pulmentum
2543 4609 2758 4651 sumere
2781 4610 2887 4651 non
2925 4604 3277 4666 praesumant,
3314 4597 3418 4652 nisi
3447 4605 3561 4654 tres

279 4684 442 4739 nobis
467 4685 632 4749 edita,
663 4701 840 4755 neque
873 4702 903 4740 a
939 4697 1122 4742 nostra
1165 4691 1294 4745 sede
1318 4691 1544 4757 directa,
1575 4694 1669 4750 sed
1696 4696 1872 4751 omni-

282 4775 461 4830 modis
492 4774 742 4830 falsitatis
771 4787 1091 4848 argumeuto
1135 4779 1320 4849 plena,
1354 4791 1408 4837 et
1448 4784 1714 4841 mendacii
1742 4801 1871 4842 con-

280 4874 492 4920 structa
535 4866 938 4922 demonstratur
963 4877 1169 4923 tenore.
1217 4870 1297 4924 En
1321 4873 1448 4941 quia
1489 4874 1731 4932 Abbonis
1755 4878 1869 4949 jam

283 4957 420 5013 dicti
463 4974 684 5015 causam
733 4969 896 5030 atque
945 4961 1301 5016 intentionem
1345 4967 1640 5020 secundum
1672 4979 1871 5026 nostra:

283 5049 644 5104 institutionis
677 5050 1144 5116 deliberationem,
1188 5055 1431 5124 synodali
1473 5059 1872 5116 examinatione

282 5140 564 5212 inquirere
589 5143 896 5207 studuistis,
937 5146 1200 5216 nobisque
1246 5149 1415 5218 gestis
1461 5150 1540 5205 rei
1587 5152 1871 5209 veritatem

283 5232 666 5304 significastis,
713 5234 981 5306 ingentes
1031 5246 1226 5293 vestra:
1281 5239 1491 5310 agimus
1551 5241 1872 5300 beatitudini

282 5324 517 5395 gratias,
542 5332 600 5380 et
625 5325 754 5395 quia
779 5334 944 5382 tanta:
965 5328 1230 5386 claritatis
1260 5346 1389 5402 erga
1417 5331 1597 5388 sedem
1625 5333 1870 5403 polorum

281 5415 540 5486 clavigeri
582 5417 799 5473 habetis
827 5419 1450 5486 devotionemyovantes
1485 5435 1720 5482 vestram
1761 5427 1870 5498 spi-

282 5507 534 5564 ritalibus
560 5510 700 5566 ulnis
722 5513 1104 5584 amplectimur
1136 5515 1460 5572 almitatem.
1499 5517 1566 5572 Et
1595 5521 1721 5588 quia
1768 5520 1867 5591 ipsi

280 5599 496 5654 ΑΜ)οηί
521 5602 791 5667 veridicis,
824 5613 884 5658 ut
911 5604 1086 5673 fertis,
1103 5608 1332 5664 tesdbus
1354 5609 1408 5664 in
1431 5617 1612 5666 vestro
1634 5613 1865 5668 concilio

352 5725 380 5754 ι
424 5713 550 5768 ΠίῺο
596 5717 823 5784 epistola
870 5728 994 5774 ante
1037 5737 1238 5778 annum
1270 5723 1397 5786 858,
1426 5741 1533 5794 quo
1567 5724 1865 5783 Nicolausl

283 5799 416 5855 papa
455 5795 672 5842 creatus
712 5797 816 5853 est,
848 5805 951 5844 nou
993 5803 1077 5846 est
1121 5796 1355 5866 scripta;
1403 5797 1495 5852 scd
1531 5813 1708 5868 neque
1745 5812 1866 5870 post

605 5881 876 5941 PATRUL.
925 5882 1151 5946 CXIX.
1241 5903 1252 5914 '

1975 4687 2093 4743 dies
2118 4702 2216 4757 per
2237 4686 2649 4742 hebdomadam.
2681 4685 2934 4758 Jejunent
2969 4695 3150 4742 autem
3180 4703 3349 4758 usque
3371 4689 3438 4744 ad
3459 4683 3559 4746 no"-

1975 4793 2099 4833 nam
2132 4777 2237 4833 diei
2273 4778 2465 4832 horam
2508 4777 2770 4848 quotidie,
2799 4779 3040 4847 exceptis
3068 4777 3221 4833 festis
3258 4780 3448 4837 diebus
3473 4791 3557 4838 at—

1974 4886 2082 4941 que
2103 4869 2407 4925 dominicis.
2438 4869 2601 4923 Arma
2625 4885 2814 4939 gerere
2827 4885 2935 4924 non
2962 4871 3295 4927 audeantvel
3317 4888 3554 4941 sumere,

1975 4961 2081 5016 nisi
2125 4969 2313 5015 contra
2355 4974 2608 5030 paganos,
2654 4969 2709 5014 et
2755 4959 3063 5031 ubicunque
3115 4962 3194 5017 ire
3246 4964 3556 5031 maluerint,

1977 5051 2124 5106 nullo
2160 5049 2406 5105 vehiculo
2446 5050 2804 5115 deducantur,
2845 5051 2939 5106 sed
2974 5053 3209 5120 pedestri
3242 5071 3393 5111 more
3433 5072 3559 5128 pro-

1977 5143 2142 5197 ficisci
2168 5141 2438 5196 studeant.
2473 5141 2709 5211 Tempus
2733 5153 2910 5197 autem
2943 5143 3103 5212 hujus
3124 5147 3477 5216 paenitentiae,
3501 5151 3558 5206 in

1977 5244 2171 5289 vestra:
2206 5233 2556 5288 beatitudinis
2593 5233 2822 5290 arbitrio
2857 5237 3126 5306 ponimus,
3164 5249 3222 5294 ut
3260 5242 3556 5298 secundum

1976 5328 2382 5384 conversionem
2409 5327 2619 5382 illorum
2642 5337 2736 5383 aut
2763 5331 3070 5399 extendere,
3089 5333 3174 5389 vel
3191 5334 3434 5392 minuere
3457 5353 3553 5392 va-

1978 5424 2152 5480 leatis.
2186 5422 2264 5476 Ne
2286 5423 2567 5486 uxoribus,
2588 5422 2632 5476 si
2660 5423 2971 5493 habuerint,
3004 5442 3111 5482 non
3163 5440 3510 5499 separaretur
3537 5448 3554 5496 ;

1977 5515 2022 5570 si
2059 5522 2236 5569 autem
2270 5529 2374 5567 non
2409 5513 2715 5578 habuerint,
2761 5526 2814 5572 et
2845 5533 2904 5573 se
2937 5519 3216 5575 continere
3247 5536 3351 5575 nou
3375 5522 3559 5576 value-

1977 5606 2104 5670 rint,
2161 5605 2428 5676 lcgitimas
2473 5605 2742 5676 accipiant
2789 5608 2840 5664 in
2891 5611 3140 5683 conjugio
3187 5612 3446 5678 feminas,
3489 5628 3557 5666 ne

1975 5745 2172 5854 aguntur]
2197 5728 2322 5797 865,
2358 5745 2463 5799 quo
2484 5729 2708 5787 Carolus
2743 5731 3086 5802 Moguntinus
3117 5733 3560 5804 archiepiscopus

1975 5818 2004 5854 ο
2047 5818 2080 5854 ιι
2115 5842 2126 5854 .

1973 5810 2126 5856 Oblti.

2959 5897 3035 5957 26
