4070 6310
540 341 640 396 811

1904 337 2177 396 NICOLAI
2212 339 2412 396 ΡΑΡᾹΞ
2453 339 2474 396 ι

2571 276 2643 291 ...ρ-ν

3719 301 3844 400 an

527 454 915 515 fornicationis
934 453 1248 527 voraginem
1266 452 1516 511 incidere
1536 453 1840 510 videantur.
1872 451 1929 508 Si
1953 464 2132 510 autem
2162 459 2209 519 Α
2238 455 2642 528 probabilisque
2683 453 3127 528 promulgationis
3156 454 3372 512 effectui
3402 455 3734 529 mancipare.
3769 457 3838 514 Ιι

533 558 838 620 nntequam
880 549 1109 604 duorum
1149 546 1530 618 praedictorum
1565 561 1832 601 annorum
1877 545 2136 602 ﬁniantur

542 640 852 706 curricula,
899 638 1024 694 ﬁnis
1060 638 1184 696 vita:
1239 637 1452 692 illorum
1498 639 1830 708 pervenerit,
1876 640 2133 694 viaticum

543 731 653 790 illis
683 746 789 788 non
816 740 1062 802 negetur.
1105 728 1164 785 Si
1189 730 1312 801 quis
1336 745 1460 784 cum
1493 730 1704 786 duabus
1751 731 1916 786 fuerit
1961 731 2133 786 forni-

545 831 724 886 catus,
741 830 833 876 aut
852 837 978 876 cum
1001 822 1084 876 his
1113 821 1361 891 personis
1377 822 1442 878 de
1462 822 1660 892 quibus
1675 838 1830 878 sacra
1849 822 2134 894 Scriptura

544 911 836 981 prohibet,
883 911 930 966 si
961 911 1178 982 dignam
1221 912 1395 983 egerit
1427 912 1826 981 paenitentiam,
1861 923 1916 970 et
1953 923 2135 970 tamen

544 1017 654 1058 non
677 1002 928 1057 maluerit
948 1003 1341 1058 continentiam
1358 1005 1648 1068 sustinere,
1666 1004 1825 1060 liceat
1841 1005 2136 1076 legitimam

543 1094 798 1164 coniugio
836 1109 1060 1150 uxorem
1103 1095 1369 1166 accipere.
1402 1093 1667 1150 Similiter
1693 1105 1750 1152 et
1792 1097 1989 1152 mulier
2015 1113 2137 1166 qua:

549 1187 644 1242 tali
665 1186 833 1242 fuerit
855 1187 1062 1243 scelere
1082 1188 1252 1258 lapsa,
1277 1198 1337 1243 ut
1358 1187 1734 1244 fornicationis
1756 1190 1822 1244 ad
1843 1190 2009 1244 chaos
2029 1205 2134 1244 non

544 1277 875 1346 perducatur
902 1277 1168 1347 perﬁciat.
1209 1276 1316 1332 Sed
1351 1277 1455 1332 hoc
1488 1277 1554 1333 de
1585 1277 1738 1332 laicis
1763 1277 1898 1332 viris
1920 1293 1984 1332 ac
2014 1295 2135 1331 nut—

526 1365 769 1422 lieribus
816 1365 1158 1422 solummodo
1205 1368 1514 1422 statuimus.
1570 1365 1627 1422 Si
1682 1369 1965 1437 quisquam
2013 1382 2137 1422 cum

529 1469 722 1513 matre
761 1458 1027 1528 spirituali
1079 1459 1242 1514 fuerit
1289 1459 1610 1524 fornicatus,
1659 1462 2042 1524 anathematis,
2079 1472 2141 1514 ut

546 1550 722 1615 scitis,
763 1550 1065 1620 percutitur
1104 1550 1318 1605 ictibus.
1373 1551 1637 1606 Similiter
1665 1559 1846 1606 autem
1888 1562 1945 1606 et
1984 1552 2135 1606 illum

544 1650 831 1714 percutere
859 1641 1284 1712 promulgamus,
1318 1643 1407 1711 qui
1436 1657 1560 1697 cum
1596 1657 1659 1697 ea
1689 1657 1854 1712 quam
1883 1643 1950 1698 de
1981 1657 2138 1698 sacro

547 1734 698 1790 fonte
721 1733 1068 1804 baptismatis
1097 1735 1420 1802 susceperit,
1444 1743 1539 1787 aut
1562 1747 1684 1787 cum
1709 1732 1797 1786 illa
1820 1747 1984 1802 quam
2011 1739 2139 1786 ante

549 1827 858 1898 episcopum
881 1823 1115 1879 tenuerit
1134 1839 1258 1879 cum
1289 1838 1446 1878 sacro
1459 1823 1758 1878 chrismate
1778 1823 2140 1888 fuerituncta,
2175 1804 2216 1861 Β

548 1915 922 1971 fornicationis
941 1913 1146 1968 crimen
1185 1913 1609 1984 perpetraverit;
1641 1911 1933 1982 legitimam
1961 1921 2140 1965 autem

553 2006 598 2062 si
621 2007 868 2060 habuerit
887 2021 990 2058 non
1014 2005 1250 2059 dimittat
1265 2021 1505 2059 uxorem.
1523 2003 1577 2057 In
1587 2014 1664 2058 ter
1687 2005 1801 2059 lucc
1817 2013 1996 2059 vestra
2019 2019 2144 2058 san-

538 2076 713 2151 'ctitas
738 2096 934 2150 addere
973 2096 1200 2158 studuit,
1233 2095 1278 2150 si
1303 2093 1458 2163 cujus
1487 2109 1625 2146 uxor
1651 2093 1974 2147 adulterium
2015 2108 2142 2162 per-

551 2188 884 2258 petraverit,
940 2197 1124 2242 utrum
1175 2188 1370 2242 marito
1423 2187 1591 2257 ipsius
1638 2185 1797 2240 liceat
1849 2187 2144 2240 secundum

552 2282 884 2337 mundanam
921 2281 1094 2354 legem
1139 2296 1258 2336 eam
1289 2281 1618 2336 interficere.
1673 2278 1872 2334 Sancta
1919 2279 2009 2334 Dei
2043 2278 2144 2334 Eo-

543 2353 720 2426 Iclesia
751 2372 1048 2427 mundanis
1067 2386 1342 2440 nunquam
1369 2369 1754 2439 constringitur
1773 2368 2001 2436 legibus,
2021 2361 2143 2438 gla-

555 2463 702 2517 dium
736 2478 842 2518 non
877 2463 1039 2518 habet
1065 2463 1170 2518 nisn
1219 2461 1557 2532 spiritualcm
1595 2476 1663 2515 ac
1712 2461 1982 2527 divinum;
2035 2477 2145 2516 non

555 2555 775 2620 occidit,
804 2556 896 2611 sed
919 2555 1181 2610 viviﬁcat.
1217 2555 1292 2611 De
1313 2555 1398 2610 his
1427 2554 1518 2625 qui
1555 2568 1659 2609 non
1684 2561 1877 2624 sponte
1919 2553 2146 2608 homici-

554 2645 702 2701 dium
749 2645 1160 2710 commiserunt,
1207 2644 1263 2698 in
1314 2645 1577 2715 vigesimo
1621 2644 1860 2699 secundo
1910 2643 2147 2715 capitulo

553 2734 828 2807 Ancyrani
857 2733 1090 2799 concilii,
1124 2735 1357 2804 qualiter
1383 2751 1544 2806 agere
1572 2736 1822 2799 debeant,
1863 2734 2148 2789 deﬁnitum

555 2828 788 2882 habetis.
839 2825 1135 2882 llonticida:
1173 2835 1298 2896 post
1342 2827 1501 2882 unius
1539 2827 1667 2881 anni
1706 2827 1943 2897 spatium
1986 2826 2150 2881 liceat

555 2918 842 2973 ecclesiam
873 2917 1096 2972 intrare.
1144 2917 1315 2972 Vidua
1353 2917 1570 2986 quidem
1599 2933 1717 2987 qua:
1747 2933 1960 2971 sacrum
1981 2916 2146 2987 capiti

555 3010 803 3065 velamen
828 3011 1167 3080 imposuerit,
1195 3018 1253 3064 et
1283 3009 1424 3065 inter
1440 3020 1672 3066 ceteras
1695 3009 1896 3066 relatas
1915 3009 2148 3066 feminas

559 3102 616 3157 in
645 3102 874 3158 ecclesia
917 3104 1178 3169 oraverit,
1206 3113 1260 3158 et
1288 3103 1615 3159 oblationem
1652 3120 1774 3160 cum
1802 3105 1910 3161 illis
1937 3106 2147 3162 obtule-

2235 549 2323 604 his
2351 549 2496 603 enim
2527 548 2700 617 magis
2727 547 2962 603 letamur
2989 559 3044 602 et
3081 546 3353 603 alacribus
3382 547 3643 604 cumulati
3690 565 3836 620 apo-

2235 640 2428 694 stolico
2464 639 2802 694 instituimus
2849 638 3072 694 famine.
3119 640 3221 707 Qui
3267 641 3609 696 sacerdotem
3661 641 3836 696 inorti

2235 729 2515 784 uoluntate
2543 729 2848 792 tradiderit,
2888 731 2976 784 uel
3021 731 3372 800 parricidium
3403 733 3834 802 perpetrauerit.

2235 819 2486 874 omnibus
2512 819 2703 873 diebus
2732 819 2860 873 uita:
2886 835 2998 875 sure
3026 835 3246 875 carnem
3274 836 3386 875 non
3411 822 3686 884 comedat,
3728 835 3838 874 nec

2235 913 2422 968 uiuum
2462 912 2649 967 bibere
2695 921 3009 981 praesumat.
3064 911 3272 966 leinnet
3305 922 3487 966 autem
3539 925 3717 981 usque
3764 911 3841 965 ad

2235 1018 2521 1073 uesperum
2549 1041 2565 1067 ,
2613 1002 2858 1072 exceptis
2889 1002 3042 1057 festis
3069 1003 3260 1056 diebus
3305 1012 3468 1071 atque
3506 1001 3835 1056 Dominicis.

2235 1093 2401 1147 Arma
2428 1107 2535 1147 non
2565 1102 2764 1158 sumat,
2811 1100 2868 1148 et
2910 1092 3217 1162 ubicunque
3250 1093 3330 1147 ire
3372 1092 3636 1156 uoluerit,
3685 1091 3840 1145 nullo

2237 1184 2492 1240 vehiculo
2517 1184 2840 1249 deducatur,
2867 1185 2958 1240 sed
2991 1184 3226 1255 propriis
3257 1185 3484 1254 pedibus
3513 1184 3841 1254 proﬁcisca-
3865 1185 3869 1187 “

2240 1285 2346 1331 tur.
2391 1275 2659 1332 Eclesiam
2701 1292 2801 1346 per
2842 1277 3196 1346 rutiliqueunii
3243 1286 3453 1346 tempus
3497 1293 3607 1331 non
3654 1277 3841 1348 ingre-

2241 1368 2450 1431 diatur,
2499 1368 2592 1422 sed
2643 1383 2767 1422 cum
2833 1383 3114 1421 sacrorum
3169 1368 3476 1421 orationum
3520 1365 3700 1420 officia
3746 1365 3841 1420 uel

2240 1458 2527 1513 missarum
2574 1457 2871 1526 solempnia
2924 1457 3304 1521 celebrantur,
3334 1467 3462 1510 ante
3499 1455 3653 1510 foras
3691 1455 3842 1511 basi-

2240 1549 2358 1605 lica:
2397 1557 2731 1619 persederet,
2759 1563 2929 1602 orans
2972 1557 3029 1602 et
3074 1549 3374 1618 deprecans
3403 1547 3732 1610 Dominum,
3777 1554 3844 1601 ut

2242 1646 2391 1693 tanto
2421 1637 2650 1691 crimine
2680 1637 2955 1691 abluatur.
3004 1635 3133 1691 Post
3180 1636 3457 1707 expletum
3494 1651 3629 1691 uero
3679 1637 3841 1707 quin-

2243 1728 2459 1799 quennii
2506 1737 2724 1796 tempus
2759 1727 3094 1798 ingrediatur
3118 1727 3402 1790 eclesiam,
3432 1729 3674 1781 nomlum
3705 1743 3841 1782 uero

2247 1819 2639 1882 communicet,
2680 1820 2772 1873 sed
2805 1820 2946 1872 inter
2983 1819 3272 1874 audientes
3303 1820 3683 1872 tantummodo
3709 1827 3840 1879 stet,

2247 1910 2333 1964 uel
2375 1910 2500 1964 dum
2555 1908 2783 1964 facultas
2827 1910 3171 1972 conceditur,
3215 1910 3420 1963 sedeat.
3472 1909 3608 1963 Cum
3656 1920 3841 1963 autem

2247 2002 2554 2057 duodecimi
2603 2003 2730 2056 anni
2786 2001 2986 2057 fuerint
3015 2003 3128 2071 (sic
3175 2003 3332 2073 cod.)
3375 2018 3572 2057 cursus
3621 2003 3839 2063 linitns,

2246 2092 2682 2147 communicandi
2729 2091 2779 2146 ei
2824 2092 3044 2146 licentia
3087 2093 3440 2154 concedatur.
3472 2103 3528 2146 et
3558 2091 3842 2160 equitandi

2246 2182 2518 2236 tribuatur
2542 2181 2774 2236 medela.
2807 2181 3022 2236 Maneat
3051 2193 3232 2236 autem
3285 2184 3337 2237 in
3385 2184 3610 2252 reliquis
3649 2183 3845 2238 obser—

2247 2271 2559 2326 uationibus
2589 2280 2700 2326 tres
2728 2272 2844 2327 dies
2888 2287 2986 2342 per
3014 2274 3394 2338 ebdomadam,
3439 2283 3502 2328 ut
3541 2274 3842 2344 perfectius

2242 2363 2635 2432 ,puriticatiouis
2683 2373 2961 2418 mereatur
3006 2367 3298 2434 peruenire
3349 2367 3417 2420 ad
3467 2367 3711 2423 culmen.
3761 2368 3842 2423 llli

2247 2453 2457 2510 scilicet
2492 2454 2584 2523 qui
2629 2469 2731 2525 pro
2773 2455 3006 2510 diuersis
3035 2456 3231 2511 erratis
3272 2455 3844 2528 uelgquiltttscutnque

2247 2546 2478 2618 piaculis
2505 2547 2843 2616 paenitentia:
2866 2546 3072 2602 fuerint
3097 2549 3221 2619 iugo
3261 2547 3553 2614 submissi,
3597 2549 3845 2619 legitimo

2245 2637 2560 2693 nullatenus
2592 2638 2940 2710 matrimonio
2970 2648 3314 2709 separentur,
3359 2655 3426 2694 ne
3463 2639 3845 2696 fornicationis

2249 2711 2512 2798 uoragine
2558 2728 2976 2798 demerguntur,
3022 2737 3080 2783 et
3123 2730 3249 2783 dum
3298 2730 3364 2784 ad
3407 2729 3517 2784 alta
3564 2730 3844 2786 subleuari

2249 2831 2577 2892 sperantur,
2631 2831 2958 2876 corruantur
3008 2821 3062 2876 in
3125 2835 3302 2878 coeno.
3366 2822 3662 2877 Homicida:
3721 2831 3846 2893 post

2248 2922 2528 2983 peractam
2557 2913 2930 2983 paenitentiam
2959 2929 3113 2969 arma
3144 2930 3250 2969 non
3295 2925 3533 2979 sumant,
3567 2917 3670 2971 nisi
3713 2932 3847 2972 eon-

2254 3013 2334 3057 tra
2365 3017 2626 3075 paganos.
2661 3004 2738 3058 De
2765 3019 2873 3059 non
2903 3013 3096 3073 sponte
3145 3003 3492 3059 homicidium
3521 3016 3847 3076 perpetran-

2253 3093 2397 3150 tihus
2425 3093 2828 3164 promulgamus
2858 3111 2873 3148 :
2905 3094 3012 3149 Per
3042 3094 3258 3149 triennii
3306 3096 3566 3164 temporis
3597 3097 3846 3164 spacium

560 3191 654 3256 rit,
706 3192 752 3247 si
799 3191 1042 3263 professa
1089 3202 1177 3250 est
1223 3193 1276 3250 in
1336 3195 1526 3250 eodem
1569 3195 1756 3250 habitu
1804 3211 2146 3268 permanere,
2177 3179 2222 3244 C
2255 3199 2362 3240 non
2399 3185 2820 3251 conmunieent,
2858 3186 3076 3242 ieiuniis
3115 3196 3171 3242 et
3217 3187 3556 3242 orationibus
3604 3187 3842 3242 assiduis

559 3283 832 3353 spondens
865 3299 1139 3353 nunquam
1170 3284 1445 3356 religionis
1473 3287 1745 3356 deponere
1771 3286 2038 3350 velamen,
2063 3301 2150 3343 re-

560 3369 780 3444 ligionis
803 3373 1150 3428 observantia
1173 3373 1452 3430 discedere
1477 3390 1582 3430 non
1616 3384 1928 3445 praesumat.
1979 3376 2146 3448 Opta-

549 3480 688 3546 Itnus
711 3464 1055 3520 sanctitatem
1081 3474 1316 3521 vestram
1342 3466 1395 3520 in
1415 3463 1634 3522 Christo
1651 3465 1790 3522 bene
1817 3465 2016 3523 valere.

1247 3574 1461 3631 XXVII.

1184 3682 1252 3721 ΔΙ)
1284 3680 1527 3722 ευιιιιειι.

1163 3759 1350 3830 (Anno
1385 3757 1550 3831 863.)

565 3851 816 3925 [Primus
843 3853 986 3925 hanc
1010 3848 2002 3925 epistolam‘ediditWassarschleben,
2033 3849 2154 3925 Bei-

635 3933 782 3994 trage
822 3919 1247 3994 zurVGcschichte
1277 3921 1877 3994 deir_eargratianischen
1901 3919 2156 3994 lt’ircken-

635 3991 1032 4063 rechtsquellen,
1078 3991 1261 4062 Leipz.
1293 3991 1450 4057 1859,
1481 3991 1536 4063 p.
1571 3993 1696 4063 165,
1747 4008 1778 4048 e
1813 3994 1933 4046 cod.
1965 3993 2157 4046 Darni-

640 4064 782 4117 stad.
799 4060 962 4116 é—Atl
987 4064 1144 4118 fidem
1169 4060 1406 4130 ejusdem
1432 4060 1553 4117 eod.
1576 4060 1815 4119 Dartnst.
1839 4063 2004 4126 2117,
2027 4063 2155 4116 olim

641 4132 832 4188 Colon.
867 4134 967 4187 118
993 4133 1113 4197 fol.,
1143 4134 1235 4188 ubi
1266 4141 1446 4215 exstat
1474 4149 1527 4204 p.
1557 4133 1628 4189 49
1656 4149 1805 4259 sqq,
1843 4135 2157 4205 recognovit

643 4213 699 4256 et
757 4212 937 4257 errata
989 4201 1440 4259 Wasserschlebtt
1496 4218 1642 4259 corr.
1745 4220 1765 4242 τ
1816 4203 1970 4259 Ploss
2018 4204 2156 4259 Bon-

643 4213 699 4256 et
757 4212 937 4346 emita
989 4201 1440 4260 Wasserschlebii
1474 4201 1642 4260 'corr.
1695 4201 1765 4259 D'r
1816 4201 2156 4261 Ploss'Bon-

643 4288 843 4328 nenSIS.

638 4288 843 4328 11811815.

568 4386 766 4460 Incipit
794 4387 1014 4458 epistola
1041 4386 1293 4463 Nichqlgi
1319 4406 1472 4463 papa:
1500 4391 1570 4444 ad
1597 4388 1876 4463 Charetem
1905 4392 2160 4463 archiepi-

741 4476 946 4529 scopum
972 4469 1168 4515 sancta:
1198 4459 1648 4531 Mogonciacemis
1676 4460 1927 4517 Ecclesia:
1954 4475 2003 4516 ει.

2252 3296 2456 3336 uacare
2497 3281 2648 3336 omni
2694 3281 3058 3337 sollicitudine
3108 3282 3363 3337 studeant
3401 3299 3416 3336 :
3455 3297 3681 3336 carnetn
3737 3296 3840 3335 non

2254 3373 2543 3429 comedant
2589 3380 2700 3428 tres
2733 3372 2850 3428 dies
2882 3373 2934 3428 in
2977 3373 3306 3440 ebdomada;
3338 3389 3518 3443 neque
3547 3375 3738 3428 uinum
3767 3374 3842 3427 bi-

2253 3463 2384 3519 bere
2431 3473 2761 3534 przesumant
2797 3479 2973 3534 usque
3013 3466 3142 3520 dum
3189 3465 3434 3520 decennii
3483 3474 3698 3534 tempus
3744 3479 3838 3518 ex-

2251 3555 2539 3629 pleverint.
2565 3557 2816 3612 Mulieres
2838 3569 3020 3613 autem
3036 3573 3157 3628 qua:
3180 3567 3304 3611 ante
3329 3557 3590 3627 temporis
3614 3556 3845 3627 plenitu-

2256 3651 2436 3705 dinem
2467 3660 2763 3720 conceptos
2787 3659 2944 3705 utero
2977 3648 3210 3705 infantes
3234 3650 3510 3704 uoluntate
3538 3650 3842 3710 excutiunt,

2256 3751 2316 3796 ut
2345 3742 2627 3797 homicida:
2656 3742 2840 3812 procul
2869 3743 3032 3797 dubio
3058 3743 3358 3798 iudicanda:
3383 3753 3528 3797 sunt.
3562 3743 3672 3796 illa:
3717 3757 3845 3796 uero

2259 3848 2382 3902 qua:
2437 3832 2757 3888 dormiendo
2828 3833 2966 3888 ﬁlios
3035 3847 3164 3888 suos
3224 3832 3490 3887 suffocare
3553 3833 3844 3896 uidentur,

2256 3927 2453 3982 leuiter
2476 3928 2544 3982 de
2571 3928 2657 3982 his
2689 3927 2935 3983 iudicare
2964 3935 3199 3998 oportet,
3229 3929 3354 3996 quia
3383 3927 3632 3982 nolentes
3659 3936 3718 3981 et
3745 3941 3848 3981 non

2259 4019 2545 4074 sentiendo
2612 4020 2678 4073 ad
2733 4019 2876 4074 hunc
2921 4018 3172 4074 deuolute
3230 4027 3355 4072 sunt
3405 4034 3614 4074 casum.
3661 4019 3723 4072 Si
3767 4017 3850 4071 uir

2263 4109 2481 4162 uiduam
2527 4108 2742 4164 duxerit
2786 4109 2839 4164 in
2886 4109 3197 4179 coniugium
3227 4123 3292 4162 ex
3329 4108 3512 4178 priore
3559 4109 3850 4162 habentem

2263 4199 2459 4255 marito
2487 4199 2678 4264 ﬁliam,
2709 4207 2766 4254 et
2791 4214 2912 4253 cum
2951 4199 3142 4253 eadem
3178 4198 3285 4253 ﬁlia
3333 4199 3685 4269 postmodum
3716 4213 3849 4252 eon-

2262 4290 2553 4356 cubuerit,
2601 4291 2912 4361 coniugium
2979 4291 3158 4346 modis
3213 4291 3468 4346 omnibus
3521 4290 3850 4346 matrimonii

2264 4381 2613 4449 dissoluatur,
2640 4392 2697 4438 et
2720 4384 2804 4437 uir
2832 4382 2921 4439 ille
2945 4383 3278 4453 pmnitentia:
3305 4384 3585 4438 subiaceat
3613 4385 3852 4439 sanctiot

2266 4475 2465 4541 nibus,
2519 4476 2593 4530 ita
2641 4485 2701 4530 ut
2742 4491 2840 4545 per
2888 4477 3107 4531 triennii
3156 4486 3368 4549 tempus
3417 4491 3578 4532 sacro
3628 4491 3852 4548 corpore

640 4571 952 4628 Ntcmuus
972 4571 1282 4642 episcopus,
1304 4587 1499 4627 seruus
1531 4586 1816 4627 seruorum
1849 4570 1970 4635 Dei,
2013 4583 2163 4626 reue-
2189 4547 2241 4608 Ῐ)
2266 4563 2480 4620 Domini
2506 4565 2677 4622 nostri
2705 4565 2824 4620 Iesu
2849 4566 3052 4622 Christi
3074 4547 3440 4637 suspeu'datur
3467 4576 3526 4620 et
3547 4547 3810 4637 sanguine
3832 4584 3847 4620 :

570 4667 884 4724 rcutissimo
929 4675 984 4721 et
1031 4663 1379 4720 sanctissimo
1405 4663 1669 4718 confratri
1708 4673 1900 4718 nostro
1946 4662 2164 4718 (ἰλλοιο

501 4783 506 4786 ·
569 4759 982 4828 archiepiscopo
1010 4762 1214 4811 sancta:
1239 4752 1695 4824 Mogontiacensis
1717 4750 1958 4808 Eclesite.

576 4918 580 4922 Ι
645 4852 748 4918 Qui
797 4864 1078 4906 sacrorum
1125 4849 1440 4919 dogmatum
1483 4849 1660 4902 nitore
1703 4848 1907 4902 intacto
1942 4845 2164 4914 capiunt

552 4943 873 5018 lcertamine
921 4941 1182 5004 rutilare,
1238 4939 1461 5011 superni
1517 4939 1736 4993 lutninis
1789 4939 1815 4977 δ
1865 4947 2164 4992 cernuntur

573 5032 855 5086 fauoribus
907 5031 1090 5101 procul
1139 5029 1300 5084 dubio
1353 5043 1686 5094 coruscare,
1734 5027 1861 5096 quia
1910 5025 2164 5096 perfecta:

576 5134 734 5179 actus
761 5138 963 5178 norma:
987 5123 1283 5193 exquirunt
1306 5131 1362 5177 et
1406 5121 1671 5177 beatiﬁca:
1703 5119 1998 5176 sanetionis
2026 5135 2160 5189 ang-

577 5226 840 5273 menttnn.
866 5217 1090 5283 Quibus,
1116 5227 1176 5272 ut
1199 5233 1405 5281 remur,
1427 5214 1689 5285 compulsi
1715 5229 1930 5284 apicum
1955 5223 2162 5268 uestro-

579 5327 702 5370 rum
733 5321 952 5368 nectare
977 5325 1076 5368 nos
1098 5328 1195 5383 pro
1211 5313 1536 5384 quibusdam
1565 5311 1872 5366 salubribus
1899 5310 2165 5366 maluistis

579 5406 761 5461 causis
799 5407 1162 5478 interrogare,
1195 5415 1252 5461 ut
1301 5404 1482 5476 gregis
1524 5405 1680 5459 nobis
1719 5402 1976 5458 conmissi
2023 5403 2162 5458 inte-

579 5499 832 5571 gritatem
873 5500 1099 5555 salutari
1126 5498 1352 5553 ualeatis
1381 5495 1748 5565 gubernaculo
1770 5510 2080 5565 perornare,
2112 5502 2166 5549 et

581 5589 1008 5661 delinquentium
1057 5589 1390 5646 temeritates
1434 5595 1488 5640 et
1517 5587 1836 5641 criminosa:
1884 5595 2165 5655 perpetra-

589 5684 753 5739 tionis
797 5685 1021 5738 insidias
1071 5683 1272 5738 sollerti
1320 5680 1594 5748 corrigere
1641 5694 1870 5734 censura
1920 5679 2166 5750 possitis,

658 5807 684 5836 ι
721 5793 886 5848 Tituli
918 5793 1080 5848 verba
1114 5794 1166 5848 in
1201 5793 1387 5848 codice
1415 5791 1635 5844 miniata
1664 5802 1802 5844 sum.

2265 4668 2486 4710 carnem
2508 4669 2613 4710 non
2637 4655 2944 4721 manducet,
2967 4658 3237 4712 abstineat
3263 4668 3446 4712 autem
3473 4673 3505 4711 a
3531 4659 3666 4712 uino
3693 4669 3850 4727 atque

2264 4743 2584 4814 pulmento,
2631 4753 2686 4800 et
2736 4744 2964 4816 singulis
3012 4747 3206 4802 diebus
3252 4747 3511 4802 ieiunium
3563 4747 3850 4802 ctrlebrare

2264 4835 2519 4903 festinet,
2569 4839 2811 4910 exceptis
2857 4840 3048 4896 diebus
3097 4840 3250 4896 festis
3301 4851 3465 4912 atque
3510 4841 3846 4897 Dominicis:

2265 4929 2600 4986 orationibus
2617 4932 2764 4986 omni
2796 4932 3047 4987 insistere
3074 4932 3433 4987 sollicitudine
3455 4934 3696 4987 studeat.
3720 4931 3849 4987 Cum

2268 5036 2400 5075 uero
2427 5021 2587 5075 trium
2615 5037 2880 5076 annorum
2910 5022 3032 5076 ﬁnis
3064 5024 3393 5093 peruenerit,
3430 5037 3604 5077 sacra:
3631 5035 3852 5077 consors

2267 5115 2645 5170 conmuuionis
2679 5114 2955 5180 eflitiatur,
2991 5115 3324 5184 aliorumque
3350 5130 3448 5185 per
3477 5114 3644 5168 trium
3685 5127 3850 5168 anno-

2268 5225 2387 5264 rum
2439 5209 2728 5273 curricula,
2759 5218 2818 5264 ut
2846 5209 3204 5278 protulimus,
3233 5209 3516 5278 integriter
3560 5210 3851 5263 obseruare

2267 5313 2430 5374 atque
2454 5301 2716 5372 perﬁcere
2740 5318 3082 5373 summopere
3107 5311 3279 5357 curet.
3297 5301 3560 5356 Similiter
3587 5310 3765 5355 autem
3792 5299 3852 5353 de

2274 5395 2589 5452 mulieribus
2614 5409 2734 5463 qua:
2768 5409 2828 5449 se
2853 5393 3103 5448 clanculo
3128 5393 3265 5463 patri
3311 5392 3364 5446 in
3409 5391 3698 5445 concubitu
3729 5390 3848 5443 sub-

2274 5495 2586 5547 sterneruut
2619 5495 2677 5540 et
2723 5485 2832 5540 ﬁlio
2870 5485 3267 5540 obseruandum
3299 5492 3402 5538 est.
3432 5483 3606 5536 Aliter
3642 5479 3848 5552 quidem

2275 5583 2343 5638 de
2385 5581 2469 5636 his
2515 5579 2819 5643 sancimus,
2849 5579 2942 5648 qui
2971 5578 3180 5632 duabus
3211 5591 3269 5631 se
3295 5577 3564 5630 absconse
3588 5570 3851 5630 sororibus

2278 5673 2506 5744 pollutas
2536 5673 2633 5742 (sic
2659 5670 2800 5741 cod.)
2827 5680 3158 5744 cognoscunt
3183 5668 3280 5742 (sic
3303 5667 3471 5740 αισι).

2361 5787 2391 5828 δ
2414 5785 2547 5841 Cod.
2585 5785 2828 5840 Lumilis.
