4070 6310
327 313 437 377 815

1539 314 1898 374 ειηετοωε
1941 313 2029 369 ΕΤ
2069 315 2387 375 DECRETA
2400 360 2414 374 .

3500 334 3608 390 ⁸14

401 435 528 492 Hac
570 432 812 492 breuiter
840 449 939 505 pro
982 431 1156 515 celeri.
1181 442 1376 490 uestra
1417 434 1762 504 exposuimus
1789 449 1916 504 por-
1941 437 1990 497 Α
2017 431 2273 490 Ecclesia
2308 435 2703 496 Bellovacensls
2741 438 2881 510 juris
2920 440 3085 499 finisse
3127 445 3452 504 omnimodis
3479 464 3596 520 pro.

327 529 774 599 titoris'epistola
804 529 1148 594 necessitate,
1176 529 1267 599 qui
1318 526 1548 584 festinus
1592 539 1806 584 uestros
1835 544 1922 584 re-

326 635 512 678 meare
554 620 808 690 cupiebat
854 619 921 674 ad
965 619 1134 684 lines;
1174 628 1227 673 et
1253 633 1352 690 pro
1377 619 1696 689 quibusdam
1745 619 1923 675 eccle-

326 712 568 768 siasticis
624 709 990 774 utilitatibus,
1037 711 1090 765 in
1139 711 1334 780 quibus
1381 711 1630 780 occupati
1677 726 1915 766 eramus.

325 804 578 874 Congruo
597 818 696 875 pro
715 803 910 873 quibus
934 812 1175 872 tempore
1195 803 1444 858 idoneum
1468 811 1664 858 uestrae
1684 803 1917 874 legatum

327 897 684 953 beatitudinis
703 907 865 968 atque
891 897 1072 967 apices
1099 904 1284 951 nostro
1305 895 1618 966 prasulatui
1647 896 1919 953 destinare

329 988 600 1060 satagite;
629 996 682 1042 et
711 996 836 1042 tunc
856 986 1066 1056 plenius
1092 984 1316 1056 perfecti
1345 1000 1514 1056 usque
1545 987 1612 1041 de
1636 985 1721 1040 his
1745 987 1920 1042 omni-

321 1079 450 1145 bus,
489 1079 722 1150 superna
751 1079 971 1133 iuuante
1003 1077 1195 1150 gratia,
1226 1079 1568 1150 promulgare
1613 1079 1914 1146 studemus,

324 1180 633 1241 uestraque
663 1169 939 1225 sanctitati
980 1169 1215 1241 dirigere
1251 1185 1626 1240 procuramus.
1657 1171 1918 1240 Optamus

322 1261 669 1317 sanctitatem
699 1271 944 1317 uestram
976 1261 1028 1316 in
1056 1259 1273 1316 Christo
1296 1275 1438 1316 nunc
1461 1269 1517 1316 et
1541 1275 1754 1333 semper
1778 1262 1916 1320 bene

322 1352 529 1408 ualere.

1001 1441 1236 1500 XXVIII.

354 1573 566 1614 NICOLAI
604 1575 622 1615 Ι
661 1575 1006 1617 Ριιινιιεωωι
1045 1577 1146 1617 PRO
1183 1577 1433 1618 ECCLESIA
1472 1578 1882 1620 BELLOVACENSI.

922 1673 1102 1744 (Anno
1146 1674 1298 1746 865.)

2023 526 2204 583 batur.
2252 528 2383 596 Qua
2431 538 2609 587 tamen
2659 535 2988 590 monasteria
3016 577 3032 601 ,
3081 545 3136 592 et
3183 540 3335 608 prius
3386 543 3606 612 quidem

2021 632 2185 688 quam
2237 619 2588 676 saecularibus
2621 623 2816 680 collata
2869 624 3120 693 fuerant,
3167 640 3387 700 propter
3429 629 3608 691 civilis

2021 708 2305 765 discordia
2350 711 2684 789 seditionem
2702 731 2808 771 non
2834 731 3024 787 parum
3054 717 3272 784 fuerant
3295 722 3570 780 destructa
3595 765 3610 789 ,

2020 809 2077 855 et
2120 817 2265 857 nunc
2321 813 2544 874 propter
2588 785 2928 862 barbaricam
2977 809 3340 868 incursionem
3385 785 3604 886 penitus

2019 899 2146 946 sunt
2187 907 2398 959 eversa,
2442 896 2578 951 adeo
2606 904 2666 950 ut
2701 913 2809 952 non
2846 898 3018 953 solum
3049 901 3209 956 rebus
3255 905 3466 973 privata
3497 907 3603 965 sint

2017 985 2273 1054 propriis,
2302 1001 2488 1041 verum
2515 988 2899 1044 canonicorum
2927 1005 3311 1062 sacrarumque
3332 995 3603 1066 virginum

2017 1075 2239 1140 chorus,
2263 1076 2354 1145 qui
2388 1076 2540 1147 prius
2565 1077 2674 1134 illic
2701 1079 3099 1146 habitaverunt,
3120 1097 3184 1137 ex
3208 1085 3449 1140 maximo
3480 1087 3603 1142 inde

2016 1164 2089 1220 sit
2135 1165 2378 1232 ablatus,
2420 1173 2474 1222 et
2524 1168 2752 1224 ecclesia
2789 1177 3009 1241 totaque
3047 1173 3273 1228 adiﬁcia
3308 1174 3469 1230 simul
3494 1177 3606 1233 sint

2015 1259 2292 1316 destructa
2315 1301 2330 1324 ,
2353 1276 2455 1317 nec
2483 1276 2606 1333 spes
2633 1262 2740 1318 ulla
2771 1271 2942 1318 restat
2975 1265 3334 1323 restitutionis
3362 1267 3602 1330 illorum.

2015 1350 2062 1405 si
2091 1350 2174 1405 vcl
2205 1353 2442 1422 reposita
2473 1352 2706 1418 iuerint,
2736 1355 2792 1409 in
2818 1355 3158 1412 sacularium
3201 1373 3414 1426 manus,
3441 1361 3529 1416 vel
3557 1361 3604 1417 si

1928 1475 1930 1478 ν
2015 1443 2217 1518 absque
2255 1454 2472 1516 pastore
2500 1446 2869 1503 ecclesiastico
2911 1448 3188 1519 degerint,
3234 1458 3298 1505 ut
3340 1452 3604 1509 hactenus

2012 1533 2250 1590 fuerunt.
2285 1535 2438 1592 Unde
2483 1546 2572 1592 tua
2613 1540 2768 1608 petiit
2791 1540 3196 1604 venerabilitas,
3223 1551 3286 1597 ut
3313 1544 3379 1598 de
3409 1543 3602 1598 iisdem

2011 1621 2113 1678 sibi
2170 1625 2514 1681 monasteriis
2567 1627 2813 1683 ecclesia
2862 1637 2967 1683 tua
3013 1628 3353 1700 privilegium
3400 1639 3599 1686 nostra

2010 1715 2348 1770 auctoritatis
2406 1718 2558 1772 ﬁeret
2587 1758 2603 1784 ,
2661 1728 2716 1774 et
2762 1735 2862 1775 nec
2908 1721 3015 1776 tuis
3071 1736 3173 1776 nec
3221 1737 3596 1780 successorum

318 1783 966 1877 Ecclesianeelloracenslt:
1008 1787 1284 1877 co'nﬁlr‘m'at
1323 1789 1641 1844 monasterio
1676 1789 1892 1846 Oratori

2017 1813 2229 1860 tuorum
2277 1783 2607 1877 temporibus
2636 1788 2836 1864 auferri
2873 1811 2942 1864 ab
2971 1811 3198 1867 ecclesia
3229 1811 3599 1872 Bellovacensi

487 1866 536 1910 et
571 1855 836 1923 Flaviaci,
861 1875 896 1911 a
925 1857 1116 1912 Carolo
1142 1855 1302 1912 Calvo
1335 1875 1455 1929 rege
1479 1876 1746 1916 concessa.

356 1988 459 2062 [Ex
490 1989 662 2044 Gallia
687 1989 1017 2056 Christiana,
1049 1999 1180 2046 tom.
1209 1988 1278 2055 X,
1310 1990 1450 2046 inter
1477 1991 1870 2067 instrumenta]

387 2079 655 2137 NICOLAUS
679 2081 983 2152 episcopus,
1029 2097 1218 2139 servus
1261 2098 1542 2138 servorum
1588 2085 1704 2150 Dei,
1747 2101 1904 2142 reve-

314 2171 642 2227 rendissimo
688 2180 744 2226 et
772 2173 1116 2229 sanctissimo
1144 2172 1315 2229 Onom
1345 2175 1620 2246 episcopo,
1648 2186 1703 2232 et
1726 2193 1824 2248 per
1853 2185 1906 2233 te

313 2263 651 2319 charissima
680 2263 1048 2322 Bellovacensi
1078 2266 1334 2324 Ecclesia
1353 2307 1369 2335 ,
1398 2267 1627 2324 salutem
1678 2270 1733 2325 in
1781 2284 1905 2342 pcr-

312 2367 557 2426 petuum.
1796 2427 1800 2430 _

385 2450 705 2521 Quicunque
755 2448 810 2506 in
865 2451 1026 2524 hujus
1073 2451 1306 2508 labentis
1361 2453 1542 2509 saculi
1595 2453 1796 2511 fuerint
1846 2455 1901 2512 in

311 2542 498 2612 aliquo
547 2543 750 2598 detenti
800 2543 1136 2609 discrimine,
1185 2560 1253 2599 ne
1298 2544 1445 2599 velut
1494 2545 1546 2599 in
1593 2543 1902 2603 ﬂuctuantis

310 2635 483 2690 maris
510 2635 730 2708 pelagus
773 2636 979 2691 viribus
1007 2635 1308 2691 infirmitati
1348 2634 1640 2690 infeliciter
1684 2637 1898 2692 demer-

305 2737 538 2800 gautur,
592 2728 795 2784 nullum
851 2728 1045 2800 melius
1104 2743 1216 2783 sua
1276 2736 1505 2799 possunt
1564 2728 1899 2784 inﬁrmitatis

309 2799 556 2874 invenire
581 2818 919 2874 salutiferam
965 2799 1181 2890 partum
1212 2833 1373 2890 quam
1402 2819 1583 2873 sedem
1616 2818 1782 2885 illius,
1808 2820 1898 2876 cui

307 2909 494 2964 divino
524 2909 748 2965 oraculo
777 2909 978 2965 dictum
1005 2917 1090 2963 est
1120 2925 1133 2961 :
1166 2907 1244 2963 Tu
1287 2907 1574 2979 aliquando
1620 2923 1898 2973 conversus

304 2998 565 3067 conﬁrma
609 2998 799 3068 fratres
848 3007 985 3052 (nos.
1033 2995 1184 3053 Unde
1225 2997 1348 3068 quia
1399 3011 1498 3052 nos
1531 2996 1708 3053 vicem
1753 2997 1896 3054 illius

2011 1895 2201 1966 possit.
2225 1895 2520 1952 lnsiuuavit
2544 1913 2760 1969 quoque
2785 1914 2951 1968 super
2970 1902 3164 1957 eadem
3190 1918 3250 1957 re
3276 1905 3436 1961 nobis
3460 1906 3599 1976 peti-

2011 1985 2185 2041 tiones
2207 1985 2576 2056 gioriosissimi
2617 2000 2672 2044 et
2715 1991 3019 2047 charissimi
3066 1993 3160 2048 lilii
3205 1996 3380 2050 nostri
3417 1996 3597 2053 Caroli

2009 2077 2154 2148 regis
2177 2077 2426 2132 similiter
2447 2077 2805 2149 emagitantis.
2830 2081 3169 2153 Quapropter
3187 2085 3598 2143 considerantes

2000 2164 2202 2234 justam
2233 2169 2484 2238 piamque
2519 2169 2636 2226 fore
2662 2172 3007 2241 petitionem,
3038 2183 3307 2243 quatenus
3335 2185 3392 2231 et
3420 2176 3596 2233 eccle-

2005 2257 2086 2314 sia
2111 2257 2508 2315 Bellovaccnsis
2526 2261 2912 2318 devastationis
2932 2265 3170 2321 subsidia
3193 2281 3298 2321 non
3319 2267 3592 2334 deessent,

2003 2357 2063 2406 et
2110 2350 2332 2422 prafata
2389 2351 2721 2408 monasteria
2784 2353 3062 2425 religionis
3118 2356 3311 2412 ordine
3373 2358 3594 2428 penitus

2002 2443 2300 2512 exspoliata
2341 2459 2447 2499 non
2483 2454 2785 2513 manerent,
2811 2447 3146 2504 decrevimus
3185 2449 3302 2504 ﬁeri
3329 2453 3471 2522 quod
3495 2467 3594 2524 po-

2002 2533 2339 2600 stulabatur,
2395 2542 2450 2588 et
2497 2535 2790 2604 apostolica
2840 2537 3162 2594 auctoritate
3197 2540 3487 2596 statuimus
3530 2551 3593 2597 ut

1999 2625 2226 2697 prafata
2248 2627 2599 2688 monasteria,
2622 2626 2830 2682 scilicet
2853 2627 3159 2684 Flaviacum
3181 2637 3238 2684 et
3250 2629 3586 2698 Oratorium,

2000 2715 2333 2788 benignitate
2349 2718 2527 2774 Caroli
2551 2719 2771 2790 gloriosi
2793 2719 2934 2791 regis
2955 2718 3322 2777 Bellovacensi
3343 2722 3589 2780 ecclesia

2000 2807 2217 2874 collata,
2249 2823 2371 2863 cum
2413 2809 2667 2865 omnibus
2703 2823 2825 2880 qua
2865 2809 3145 2879 possident
3171 2811 3415 2867 ecclesia
3443 2827 3584 2884 pra-

1999 2899 2125 2956 fata
2151 2900 2426 2971 perpetuis
2468 2909 2523 2956 et
2565 2899 2762 2956 futuris
2809 2901 3143 2971 temporibus
3180 2910 3440 2974 perpetuo
3466 2919 3586 2960 ma-

1997 3007 2128 3049 nere
2175 2991 2435 3062 subjecta,
2478 3007 2578 3048 nec
2627 2993 2695 3047 ab
2736 2991 2845 3046 ulla
2888 2991 3145 3064 deinceps
3182 2995 3268 3049 vel
3298 2994 3466 3065 regali
3497 2993 3583 3050 vel

307 3104 410 3160 per
461 3088 843 3144 abundantiam
901 3105 1148 3160 superna
1193 3089 1381 3160 gratiae
1425 3089 1480 3143 in
1529 3097 1639 3143 tota
1690 3086 1895 3145 Christi
1991 3084 2234 3156 iudiciali
2263 3095 2552 3156 potestate,
2583 3086 2698 3140 sive
2727 3085 2792 3141 de
2818 3093 3085 3156 potestate
3114 3095 3206 3141 tua
3229 3087 3319 3158 qui
3367 3088 3586 3158 impra-

307 3182 601 3236 univcrsali
630 3181 868 3238 Ecclesia
896 3182 1151 3255 gerimus,
1182 3181 1440 3236 debemus
1469 3180 1709 3236 omnium
1741 3179 1895 3235 inlir-
1920 3171 1968 3236 C
1998 3177 2293 3232 sentiarum
2315 3176 2557 3246 ejusdem
2579 3176 2822 3232 ecclesia
2843 3179 3127 3248 episcopus
3150 3194 3272 3234 esse
3297 3178 3583 3249 dignosce-

305 3272 572 3325 mantium
605 3271 1059 3327 imbecillitatibus
1089 3272 1402 3336 subvenire,
1433 3279 1488 3326 et
1513 3287 1733 3326 manum
1766 3285 1897 3326 cou-

304 3360 632 3418 lirmationis
679 3372 883 3417 nostra
929 3363 1153 3416 omnino
1198 3361 1383 3417 libenti
1434 3361 1732 3433 porrigere.
1787 3361 1896 3417 Sed

305 3451 565 3519 quoniam
616 3451 874 3506 sanctitas
915 3461 1011 3505 tua
1056 3450 1245 3506 retulit
1281 3466 1345 3506 ac
1383 3451 1651 3521 suggessit
1680 3459 1896 3520 aposto-

303 3537 438 3593 latui
480 3548 666 3595 nostro
714 3542 856 3610 quod
890 3539 1120 3596 ecclesia
1161 3539 1561 3595 Bellovacensis
1599 3539 1894 3611 provincia

303 3627 655 3698 Rhemorum,
683 3632 792 3697 cui,
818 3632 1000 3687 divina
1026 3633 1240 3686 favente
1268 3633 1464 3703 gratia,
1501 3633 1893 3689 venerabilitas

305 3729 397 3776 tua
433 3739 668 3793 praesse
704 3726 1058 3795 dignoscitur.
1091 3740 1273 3780 rerum
1307 3725 1655 3780 facultatibus
1693 3726 1893 3796 quibus

301 3813 579 3884 prioribus
625 3816 960 3886 temporibus
1010 3816 1311 3879 fruebatur,
1361 3829 1460 3886 per
1496 3823 1766 3870 terrenam
1794 3830 1894 3885 po-

302 3913 553 3961 testatem
580 3907 788 3978 privata
813 3907 1033 3974 mansit,
1060 3915 1113 3961 et
1142 3907 1415 3961 modernis
1448 3920 1662 3976 quoque
1701 3907 1891 3962 diebus

299 4008 637 4067 paganorum
668 3998 975 4054 incursione
1003 3997 1210 4066 pariter
1233 4005 1289 4050 et
1313 3997 1710 4068 depradatione
1734 3996 1892 4052 valde

299 4084 580 4144 attenuata
605 4088 789 4155 fuerit,
815 4102 915 4158 pro
941 4104 1046 4160 qua
1085 4103 1144 4143 re
1167 4087 1428 4142 sollicitus
1452 4086 1714 4156 pastorali
1733 4102 1886 4154 cura,

297 4179 372 4252 pii
405 4179 664 4252 principis
689 4180 1030 4236 clementiam
1059 4181 1319 4235 sanctitas
1342 4190 1431 4236 tua
1452 4180 1604 4246 adiit,
1627 4179 1886 4238 auxilium

297 4280 491 4342 petens
533 4280 594 4326 ut
627 4272 732 4327 sibi
779 4287 911 4344 grex
956 4273 1277 4328 commissus
1325 4288 1506 4328 rerum
1559 4273 1738 4345 inopia
1778 4289 1886 4330 non

298 4367 611 4436 deperiret,
643 4382 806 4436 quam
852 4367 935 4421 vel
980 4365 1337 4420 violentorum
1369 4382 1560 4422 manus
1604 4366 1882 4433 intulerat,

292 4457 381 4514 vel
409 4457 621 4514 hostilis
651 4458 878 4512 vastitas
907 4458 1231 4528 irrogasset;
1264 4466 1320 4511 et
1349 4457 1394 4512 si
1433 4474 1541 4512 non
1583 4459 1728 4514 aliud
1751 4475 1882 4515 con-

1996 3268 2106 3334 ris,
2137 3270 2252 3324 sive
2301 3285 2674 3328 successorum
2722 3277 2939 3326 tuorum
2991 3271 3292 3326 antistitum
3337 3271 3584 3328 ecclesia

1995 3359 2164 3429 ipsius
2194 3361 2304 3415 ullo
2347 3362 2508 3417 modo
2551 3361 2868 3427 auferenda,
2893 3375 2960 3418 eo
2997 3369 3175 3417 tamen
3205 3361 3398 3417 ordine
3425 3370 3486 3416 ut
3513 3361 3583 3416 de

1993 3451 2156 3506 rebus
2201 3451 2405 3507 eisdem
2435 3450 2782 3506 monasteriis
2829 3451 3040 3507 collatis
3086 3451 3200 3506 sive
3241 3451 3584 3507 conferendis

1990 3541 2236 3596 ecclesia
2283 3540 2685 3605 Bellovacensis
2733 3540 3149 3596 necessitatibus
3193 3542 3578 3602 subveniatur.

1990 3642 2152 3704 prout
2190 3632 2440 3686 voluntas
2483 3641 2542 3687 et
2580 3631 2842 3700 judicium
2879 3631 3117 3702 episc0pi
3156 3632 3247 3701 qui
3296 3631 3576 3703 prafuerit

1990 3725 2165 3781 cidem
2211 3724 2452 3780 ecclesia
2477 3706 2798 3788 decreverit,
2835 3733 2892 3778 et
2931 3725 3261 3778 monasteria
3311 3724 3425 3795 ipsa
3474 3739 3576 3780 nec

1991 3816 2046 3872 in
2097 3815 2338 3871 adiﬁciis
2382 3817 2697 3878 domorum,
2729 3828 2831 3870 nec
2861 3814 2914 3868 in
2965 3815 3360 3870 restauratione
3395 3815 3576 3872 eccle-

1990 3908 2219 3972 siarum,
2245 3921 2346 3963 nec
2372 3906 2425 3960 in
2451 3905 2772 3961 necessitate
2801 3906 2912 3960 Deo
2934 3905 3043 3960 illic
3067 3907 3419 3962 servientium
3442 3908 3575 3963 sub-

1991 3999 2126 4053 sidia
2159 3997 2564 4067 defraudentur,
2591 3999 2685 4053 sed
2712 3999 2783 4052 ita
2814 4014 2994 4052 rerum
3041 3998 3326 4069 dispositio
3371 3999 3465 4054 liat
3506 4001 3575 4054 ab

1988 4089 2244 4160 episeopo
2274 4089 2672 4144 Bellovacensis
2695 4089 2962 4154 ecclesia,
2996 4099 3054 4144 ut
3080 4098 3134 4143 et
3163 4090 3274 4160 ipsa
3303 4100 3577 4147 monaste-

1988 4183 2067 4236 ria
2088 4179 2244 4249 juxta
2275 4181 2494 4235 modum
2536 4179 2854 4236 facultatum
2880 4182 2984 4237 sibi
3013 4181 3332 4239 collaturum
3365 4193 3575 4241 restau-

1988 4282 2195 4338 rentur,
2237 4281 2293 4326 et
2336 4280 2750 4337 conserventur,
2795 4281 2851 4326 et
2900 4272 3007 4328 illic
3060 4272 3171 4328 Deo
3222 4273 3600 4332 militantium.

1987 4369 2101 4422 sive
2129 4365 2452 4422 feminarum
2483 4366 2597 4420 sive
2621 4365 2862 4420 virorum
2891 4382 3053 4421 sexus
3083 4365 3264 4428 fuerit,
3313 4367 3572 4422 subsidiis

1984 4461 2307 4516 necessariis
2338 4458 2681 4530 adiuventur,
2707 4467 2974 4529 quatenus
2998 4459 3113 4515 loca
3155 4459 3267 4514 Deo
3309 4460 3483 4514 dicata
3516 4469 3574 4515 et

291 4548 576 4604 solutionis
606 4548 904 4604 subsidium
935 4548 1120 4612 ferret,
1151 4549 1340 4603 saltem
1389 4549 1455 4603 de
1498 4550 1660 4605 rebus
1699 4551 1874 4606 eidem
1907 4525 1959 4585 D
1986 4568 2074 4608 res
2105 4551 2211 4608 illis
2231 4551 2480 4607 ecclesiis
2507 4551 2719 4607 collata
2761 4551 2835 4606 ibi
2872 4551 3211 4621 potissimum
3239 4551 3569 4616 deserviant,

288 4642 536 4698 ecclesia
560 4641 790 4698 sublatis
810 4642 1026 4712 aliquod
1052 4643 1405 4699 restitutionis
1425 4644 1688 4699 auxilium
1704 4646 1878 4715 pietas

286 4730 510 4799 gloriosi
554 4733 700 4804 regis
736 4731 913 4789 Caroli
957 4748 1064 4788 non
1110 4732 1421 4804 denegaret,
1448 4735 1601 4805 cujus
1625 4736 1877 4806 precibus

289 4825 613 4897 religiositas
642 4827 787 4898 regis
813 4835 994 4891 mota,
1024 4840 1112 4882 res
1138 4829 1355 4897 quidem
1391 4828 1632 4884 sublatas
1675 4845 1743 4885 ex
1795 4831 1874 4887 iu-

289 4925 446 4988 tegro
489 4931 597 4972 non
649 4917 937 4972 restituere
967 4929 1026 4972 se
1052 4930 1211 4988 posse
1249 4917 1418 4982 dixit,
1449 4933 1519 4972 ne
1547 4935 1658 4973 sua
1696 4921 1876 4991 reipu-

285 5007 443 5064 blica
469 5008 715 5064 militiam
738 5009 1058 5065 defraudare
1081 5009 1356 5064 videretur
1380 5028 1393 5064 :
1417 5011 1668 5068 conferre
1696 5021 1876 5070 tamen

287 5098 542 5154 solatium
585 5107 785 5154 sancte
812 5097 1178 5154 Bellovacensi
1208 5098 1450 5154 ecclesia
1479 5101 1712 5171 benigne
1749 5118 1873 5174 spo-

284 5189 494 5261 pondit.
524 5187 886 5257 Quamobrem
919 5189 1188 5244 concessit
1210 5189 1258 5244 ei
1300 5189 1406 5244 duo
1446 5193 1770 5248 monasteria
1816 5195 1871 5249 in

283 5282 476 5336 eadem
506 5281 871 5337 Bellovacensi
915 5281 1155 5338 Ecclesia
1189 5283 1514 5350 constituta,
1562 5282 1868 5344 Oratorium

283 5372 537 5429 videlicet
585 5371 730 5444 quod
785 5372 889 5429 fuit
935 5374 1062 5429 olim
1119 5376 1361 5447 puellare
1414 5378 1762 5446 canobium,
1814 5390 1871 5437 et

283 5460 629 5530 Flaviacum,
655 5463 710 5519 in
737 5479 845 5534 quo
890 5465 1136 5521 canonici
1180 5466 1590 5536 habitaverunt,
1633 5485 1734 5541 pro
1780 5485 1870 5527 re-

281 5559 724 5630 compensatione
753 5557 1043 5616 Fontaneti
1090 5561 1432 5628 monasterii,
1471 5563 1616 5633 quod
1652 5564 1868 5635 quidem

282 5650 675 5707 monasterium
713 5651 990 5706 veracium
1022 5653 1239 5708 testium
1267 5662 1323 5708 et
1353 5653 1740 5727 irrefragabilis
1768 5671 1867 5710 au-

279 5741 548 5798 ctoritatis
593 5740 995 5803 Scripturarum
1044 5745 1343 5800 assertione
1387 5744 1624 5817 prafata
1673 5749 1866 5804 matris

1984 4647 2074 4701 ubi
2099 4644 2212 4701 Deo
2238 4644 2474 4700 ﬁdelium
2503 4643 2804 4700 oblationes
2845 4658 2969 4700 esse
2996 4643 3203 4699 collata
3230 4657 3571 4715 cognoscun-

1984 4748 2088 4804 tur,
2122 4739 2246 4811 quia
2286 4751 2388 4794 nec
2422 4738 2569 4810 pium
2595 4753 2696 4793 nec
2715 4737 2920 4808 justum
2955 4751 3074 4792 esse
3113 4737 3478 4809 cognoscitur,
3507 4746 3570 4793 ut

1980 4831 2226 4888 ecclesia
2247 4829 2485 4900 prafata
2511 4829 2584 4884 ita
2607 4829 2720 4883 suis
2741 4829 2903 4883 rebus
2922 4828 3235 4897 spolientur,
3265 4835 3322 4882 et
3343 4827 3568 4884 alterius

1981 4923 2224 4980 ecclesia
2254 4920 2668 4978 necessitatibus
2693 4920 3005 4974 deserviant
3022 4959 3038 4984 ,
3064 4929 3125 4974 ut
3149 4935 3339 4976 earum
3378 4936 3567 4977 neces-

1979 5013 2231 5071 sitatibus
2254 5011 2399 5066 nulla
2419 5011 2666 5065 videatur
2687 5023 2818 5063 cura
2841 5008 3098 5078 impendi.
3125 5007 3280 5068 Unde
3303 5009 3565 5066 sollicitus

1977 5102 2162 5158 videat
2189 5101 2475 5172 episcopus
2510 5098 2943 5164 Bellovacensis,
2989 5106 3043 5153 ut
3091 5099 3208 5155 sive
3237 5099 3306 5157 de
3345 5101 3564 5158 feminis

1975 5196 2084 5252 illic
2128 5195 2241 5251 Deo
2287 5191 2739 5257 deservientibus,
2787 5191 2902 5247 sive
2945 5193 3010 5248 de
3053 5190 3315 5264 cujusque
3353 5193 3562 5250 ordinis

1972 5291 2125 5354 viris,
2157 5288 2274 5344 sive
2313 5287 2380 5342 de
2423 5284 2878 5341 monasteriorum
2922 5286 3322 5344 restauratione
3348 5297 3404 5343 et
3427 5302 3559 5345 cono

1974 5377 2283 5437 servatioue
2311 5390 2432 5432 eam
2475 5389 2664 5430 curam
2705 5375 3002 5446 suscipiat,
3047 5385 3315 5447 quatenus
3355 5387 3411 5434 et
3446 5378 3560 5434 Deo

1977 5473 2153 5529 dicata
2181 5469 2374 5527 domus
2416 5468 2636 5540 dignum
2663 5481 2723 5525 se
2748 5468 2952 5524 habere
2992 5479 3398 5541 procuratorem
3426 5483 3564 5542 gau-

1973 5563 2118 5627 deat,
2150 5570 2208 5617 et
2236 5561 2350 5633 ipse
2373 5559 2464 5632 qui
2505 5557 2782 5631 prafuerit
2809 5569 2991 5616 rector
3025 5576 3274 5634 superna
3312 5576 3558 5618 censura

1961 5655 2228 5726 judicium
2281 5663 2507 5726 propter
2568 5653 2954 5727 negligentiam
3015 5670 3125 5711 non
3182 5655 3447 5710 incurrat.
3497 5653 3556 5708 In

1971 5748 2309 5805 sacularium
2350 5763 2480 5803 vero
2516 5761 2708 5802 manus
2731 5756 2893 5818 atque
2934 5756 3256 5818 potestatem
3299 5747 3412 5817 ipsa
3441 5760 3583 5801 W
