4070 6310
546 331 652 391 818

1893 325 2168 385 ΝιοοιΑι
2206 327 2289 384 PA
2296 327 2409 386 PE
2446 328 2468 385 ι

3720 328 3847 393 816

543 444 785 503 nasteria
806 442 952 501 nulla
976 444 1231 517 deinceps
1262 445 1472 501 ratione
1513 442 1597 501 vel
1624 440 1919 501 occasione
1942 455 2135 513 perve-
2160 446 2211 506 Α
2238 439 2599 496 conferamus.
2629 437 2786 498 Unde
2812 440 2940 513 quia
2980 456 3089 499 non
3139 441 3328 500 multis
3365 442 3843 504 intercedentibus

545 537 727 602 niant,
748 536 876 606 quia
910 551 1016 591 non
1041 546 1126 592 est
1151 536 1273 592 leve
1307 545 1436 592 ante
1473 535 1662 593 oculos
1703 534 1898 591 summi
1929 533 2131 605 judicia

528 627 843 697 ,discrimen
866 627 1131 699 religiosis
1157 626 1289 683 locis
1311 635 1368 683 et
1402 626 1748 682 monasteriis
1771 624 1885 680 Deo
1912 624 2129 692 dicatis,

524 718 857 789 ,smcularem
902 716 1180 788 praeficere
1227 725 1588 787 potestatem,
1617 725 1673 771 et
1712 716 1763 771 ei
1807 715 2132 770 contradere

544 811 834 885 pastoralis
885 825 1031 866 cura:
1055 809 1473 866 sollicitudinem
1513 810 1608 880 qui
1657 809 1788 879 quid
1829 807 1903 864 sit
1945 817 2131 878 pastor

546 906 783 977 ignorat,
812 916 913 960 nec
953 903 1148 974 quierit
1176 903 1384 959 lucrum
1414 903 1738 966 animarum,
1767 901 1861 957 sed
1886 900 2131 971 pecuniae

546 1010 789 1061 censum,
813 1010 922 1050 non
947 1003 1012 1050 ut
1033 994 1230 1049 divinis
1259 993 1494 1050 cultibus
1535 991 1814 1049 servitium
1854 990 2131 1061 impenda-

532 1097 670 1153 rtur,
731 1086 826 1142 sed
873 1092 932 1140 ut
983 1084 1097 1141 suis
1151 1085 1341 1140 usibus
1387 1084 1454 1138 ad
1500 1081 1887 1139 dominationis
1945 1091 2131 1139 votum

544 1178 900 1235 deserviatur.
929 1174 1119 1231 Nullus
1160 1176 1342 1245 itaque
1380 1189 1592 1243 regum,
1637 1173 1816 1228 nnlhts
1850 1171 2127 1240 judicum,

526 1268 726 1335 ,nullus
765 1267 1043 1325 saecularis
1090 1267 1347 1337 potentia:
1393 1265 1559 1321 fultus
1598 1264 1861 1335 dignitate
1884 1264 1937 1318 in
1971 1264 2131 1319 rebus

545 1359 895 1431 praefatorum
939 1357 1309 1414 ctenobiornm
1331 1396 1347 1423 ,
1370 1356 1455 1411 vel
1482 1357 1535 1410 in
1580 1355 1723 1411 villis
1743 1365 1799 1411 et
1830 1354 2006 1424 aquis,
2045 1352 2132 1408 vel

548 1451 868 1521 mancipiis,
914 1457 972 1505 et
1016 1448 1277 1519 quidquid
1321 1448 1390 1503 ad
1424 1445 1613 1503 eadem
1650 1445 1979 1501 monasteria
2014 1443 2128 1499 col-

546 1541 715 1597 latum
748 1539 936 1606 fuerit,
958 1548 1306 1611 potestatem
1335 1538 1535 1594 habeat
1562 1536 1647 1591 vel
1684 1534 2016 1603 dominandi,
2047 1533 2132 1588 vel

542 1631 871 1704 excipiendi,
895 1630 982 1687 vel
1009 1630 1311 1695 auferendi,
1336 1639 1535 1701 prazter
1554 1628 1865 1699 episcopum
1885 1626 2131 1682 ecclesia:

542 1724 981 1789 Bellovacensis,
1040 1723 1133 1779 sed
1191 1721 1454 1793 quidquid
1514 1719 1601 1775 vel
1658 1720 1714 1775 in
1762 1732 1897 1774 auro
1941 1716 2028 1772 vel
2073 1716 2130 1771 in

2212 532 2393 587 annis
2431 533 2822 588 monasterium
2872 533 3156 590 beatorum
3190 535 3559 606 apostolorum
3586 536 3736 592 Petri
3769 553 3843 595 ac

2232 621 2409 687 Pauli,
2439 624 2583 693 quod
2612 623 2917 693 appellatur
2942 624 3195 691 Corbeia,
3227 626 3559 682 venerabilis
3580 628 3673 697 qui
3704 640 3839 685 tunc

2234 711 2410 768 fuerat
2436 713 2602 767 abbas
2638 713 2775 777 Udo,
2810 721 2867 768 et
2906 713 3175 784 gloriosus
3205 716 3435 773 dilectus
3462 717 3609 771 filius
3643 728 3837 773 noster

2235 820 2332 861 rex
2355 804 2694 861 Francorum
2716 804 2967 872 Carolus.
2988 809 3331 864 decessorem
3359 818 3605 865 nostrum
3627 819 3836 865 sancta!

2234 895 2630 951 recordationis
2680 894 3033 953 Benedictum
3080 900 3391 969 pontificem
3419 942 3436 966 ,
3487 900 3714 956 directis
3766 903 3836 958 ad

2232 1002 2356 1043 eum
2408 996 2521 1042 tam
2572 986 2774 1042 litteris
2830 1003 2991 1057 quam
3047 991 3232 1047 missis
3280 991 3722 1062 postulaverant,
3776 1000 3835 1047 ut

2231 1076 2495 1148 praedicto
2548 1078 2923 1143 monasterio,
2973 1089 3029 1135 et
3083 1096 3263 1136 rerum
3318 1097 3541 1136 suarum
3599 1081 3836 1138 liberam

2233 1168 2558 1224 concederet
2585 1168 3024 1239 dispositionem,
3066 1181 3121 1227 et
3160 1173 3214 1227 in
3259 1172 3504 1243 eligendo
3531 1174 3597 1227 de
3625 1182 3836 1229 semct-

2234 1259 2366 1329 ipsis
2405 1261 2600 1316 abbate
2638 1260 2945 1332 regularem
2995 1266 3152 1321 daret
3194 1268 3625 1337 canonicainque
3663 1267 3837 1323 licen—

2234 1354 2385 1408 tiam.
2422 1353 2663 1421 Quornm
2710 1358 3025 1426 petitionem
3075 1357 3163 1411 ille
3204 1367 3487 1428 gratanter
3529 1360 3838 1430 accipiens,

2230 1443 2400 1512 petita
2429 1445 2721 1510 concessit,
2752 1454 2809 1501 et
2848 1457 2907 1500 ut
2935 1448 3307 1503 concessionis
3347 1446 3466 1515 eius
3491 1450 3843 1518 perpetuitas

2232 1542 2565 1601 servaretur,
2616 1536 2959 1608 privilegium
3005 1540 3340 1593 monasterio
3360 1536 3476 1606 jam
3504 1540 3653 1595 dicto
3677 1539 3839 1597 fecit.

2232 1624 2388 1681 Nunc
2436 1641 2568 1681 vero
2616 1629 2908 1683 adveniens
2954 1626 3280 1685 venerabilis
3320 1627 3440 1685 Odo
3481 1629 3842 1689 Belvacensia

2232 1718 2538 1789 episcopus,
2587 1720 2678 1790 qui
2704 1720 2858 1789 prius
2907 1720 3077 1776 abbas
3120 1722 3441 1777 monasterii
3480 1721 3840 1780 Corbeiensis

544 1829 792 1889 argento,
823 1816 908 1873 vel
936 1817 991 1871 in
1020 1828 1343 1886 quacunque
1366 1810 1722 1882 supellectile,
1764 1809 1848 1865 vel
1891 1809 1944 1864 in
1978 1808 2125 1863 omni
2164 1807 2206 1867 Β
2234 1808 2432 1873 fuerat,
2462 1809 2699 1865 innotuit
2731 1811 2890 1865 nobis
2918 1820 3027 1865 tam
3062 1812 3380 1881 petitionem
3411 1813 3584 1882 ipsius
3608 1812 3836 1884 benigni

545 1910 819 1968 facultatis
873 1907 1175 1965 substantia
1231 1906 1362 1977 ipsis
1419 1913 1504 1960 est
1560 1903 1719 1960 hodie
1786 1900 2132 1957 monasteriis

547 2002 889 2073 delegatum,
934 2007 990 2053 et
1034 1997 1232 2052 futuris
1281 1995 1611 2066 temporibus
1647 1992 1809 2048 fuerit
1840 1992 2128 2067 collatum,

547 2089 787 2161 episcopi
839 2084 1240 2142 Bellovaccnsis
1288 2082 1657 2139 distributioni
1702 2090 1759 2137 et
1803 2078 2131 2135 ordinationi

530 2181 645 2236 sliat
671 2178 996 2249 subjectum,
1028 2191 1132 2247 nec
1149 2175 1373 2229 alterius
1401 2173 1687 2245 potestatis
1707 2172 1819 2244 jus,
1846 2169 1932 2225 vel
1960 2168 2134 2227 domi-

548 2273 696 2329 natio
733 2284 897 2341 super
938 2270 1018 2325 eis
1058 2276 1387 2340 potestatem
1428 2266 1697 2337 aliquam,
1739 2265 1841 2319 nisi
1871 2273 2132 2334 quantum

544 2365 733 2437 divina
748 2363 1065 2426 auctoritas,
1088 2370 1145 2416 et
1162 2360 1247 2416 lex
1269 2368 1325 2415 et
1337 2358 1545 2428 justitia
1564 2357 1847 2428 permittit,
1867 2357 2129 2417 obtineat.

549 2454 610 2510 Si
638 2454 761 2523 quis
786 2463 964 2508 autem
997 2451 1288 2507 temerario
1306 2465 1441 2505 ausu
1468 2449 1582 2505 sive
1607 2463 1799 2518 magna
1824 2447 1940 2503 sive
1963 2462 2132 2517 parva

524 2560 775 2617 .persona
830 2544 1032 2609 fuerit,
1078 2554 1268 2599 contra
1320 2542 1426 2597 hoc
1473 2551 1722 2622 nostrum
1776 2540 2129 2612 apostolicum

532 2637 818 2701 decretum
849 2648 1010 2704 agere
1038 2632 1461 2704 praesumpserit,
1497 2631 1636 2687 sciat
1676 2644 1737 2686 se
1771 2630 2133 2685 anathematis

543 2725 760 2781 vinculo
787 2738 909 2780 esse
937 2723 1252 2789 innodatum
1278 2762 1293 2786 ,
1332 2731 1387 2778 et
1412 2737 1444 2776 a
1470 2736 1639 2793 rcgno
1664 2721 1761 2777 Dei
1789 2721 2047 2787 alienum,
2077 2730 2133 2793 et

543 2831 669 2873 cum
711 2814 965 2870 omnibus
1011 2812 1191 2881 impiis
1217 2811 1403 2866 aeterni
1436 2810 1685 2881 supplicii
1712 2811 1960 2866 incendio
2004 2825 2135 2867 con-

542 2907 877 2963 demnatum.
902 2903 974 2958 At
1001 2916 1132 2971 vero
1174 2902 1268 2972 qui
1315 2901 1637 2957 observator
1685 2901 1955 2956 exstiterit
1997 2916 2136 2972 prte-

544 2997 689 3067 cepti
724 2994 906 3066 hujus,
934 2994 1163 3066 gratiam
1190 3002 1353 3062 atque
1382 2992 1835 3057 misericordiam,
1860 2991 2135 3063 vitamque

2232 1900 2535 1972 principis,
2578 1916 2743 1970 quam
2786 1901 3202 1970 postulationem
3248 1911 3437 1967 tuam,
3475 1904 3569 1973 qui
3615 1902 3835 1973 μηνίειιί

2237 1989 2557 2044 monasterii
2606 1988 2850 2045 Corbeiaz
2900 1989 3070 2045 abbas
3123 2005 3243 2046 esse
3297 1991 3669 2063 dignosceris,
3720 2007 3833 2062 qua

2235 2079 2633 2156 postulasti,.ut
2673 2094 2793 2150 qua:
2822 2082 2974 2151 prius
3013 2082 3345 2138 monasterio
3370 2082 3445 2137 illi
3477 2097 3509 2137 a
3539 2082 3834 2139 decessum

2233 2179 2421 2226 nostro
2452 2171 2622 2225 beata:
2650 2172 3044 2228 recordationis
3073 2187 3208 2242 papa
3238 2171 3532 2228 Benedicto
3565 2188 3831 2228 concessa

2232 2260 2477 2327 fuerant,
2508 2262 2850 2318 auctoritatis
2890 2270 3089 2318 nostra:
3128 2263 3566 2334 promulgatione
3606 2264 3835 2318 firmare

2233 2369 2342 2409 non
2369 2346 2750 2410 abnueremus.
2790 2353 2899 2410 Nos
2940 2355 3126 2425 itaque
3162 2358 3576 2411 considerantes
3607 2356 3833 2427 religio-

2234 2463 2352 2504 sam
2374 2461 2495 2503 esse
2522 2449 2839 2519 petitionem
2889 2457 3060 2515 tuam,
3090 2459 3146 2503 et
3172 2449 3307 2504 nihil
3335 2449 3461 2503 novi
3496 2465 3602 2504 nos
3628 2454 3832 2508 consti-

2236 2546 2470 2603 tuturos,
2496 2538 2544 2594 si
2571 2539 3028 2609 prmdecessorum
3057 2540 3273 2595 decreta
3298 2555 3611 2609 sequamur,
3645 2554 3832 2612 pasto-

2235 2627 2365 2682 ralis
2394 2644 2607 2699 quoque
2629 2630 2834 2698 pariter
2851 2644 2971 2685 esse
2999 2627 3182 2695 ofﬁcii,
3199 2645 3479 2685 servorum
3504 2630 3605 2685 Dei
3621 2630 3835 2704 iugiter

2234 2721 2455 2777 utilitati
2501 2722 2908 2794 commodisque
2950 2725 3261 2795 prospicere
3305 2742 3321 2781 :
3370 2725 3721 2781 decernimus
3766 2738 3831 2784 nt

2237 2814 2625 2869 monasterium
2678 2814 2958 2881 Corbeiaa,
3003 2817 3147 2887 quod
3192 2814 3260 2871 ad
3309 2816 3527 2872 laudem
3580 2817 3719 2883 Dei,
3768 2819 3832 2876 in

2242 2904 2506 2965 honorem
2552 2914 2864 2961 sanctorum
2928 2906 3295 2976 apostolorum
3353 2905 3502 2962 Petri
3563 2924 3631 2964 ac
3677 2909 3831 2966 Pauli

2244 3005 2617 3054 constructum
2647 3013 2770 3054 esse
2806 2999 3172 3069 dignoscitur,
3196 3008 3252 3055 et
3281 3016 3311 3054 a
3342 2999 3612 3056 Balthilde
3636 3002 3831 3074 regina

545 3100 805 3153 aeternam
857 3104 888 3142 a
942 3084 1467 3153 misericordissima
1502 3078 1733 3141 Domino
1780 3085 1894 3141 Deo
1943 3095 2134 3141 nostro
2178 3162 2197 3163 ί
2239 3086 2575 3148 Francorum
2600 3127 2616 3153 ,
2674 3088 2895 3158 lilioque
2945 3087 3061 3157 ejus
3107 3088 3425 3155 Clothario,
3468 3105 3497 3144 a
3558 3092 3832 3163 principio

542 3176 802 3246 consequi
833 3175 1148 3243 merebitur.

616 3268 889 3337 Scriptum
918 3281 1017 3337 per
1056 3281 1280 3335 Amanum
1330 3265 1476 3322 Petri
1518 3267 1715 3324 notarii
1761 3267 2050 3339 regionarii
2077 3278 2134 3326 et

545 3356 820 3415 scriniarii
842 3364 1043 3412 sanctae
1071 3355 1330 3411 Romana:
1357 3355 1613 3413 Ecclesia:
1642 3358 1697 3412 in
1725 3372 1909 3414 mense
1937 3358 2128 3431 Aprili,

546 3449 845 3506 indictione
890 3431 1206 3502 undecima:
1244 3442 1393 3503 Bene
1438 3449 1637 3504 valete.
1683 3448 1878 3505 Amen.
1930 3451 2133 3519 Quarto

531 3539 819 3612 .Kalendas
844 3538 990 3604 Maii,
1026 3554 1124 3609 per
1143 3555 1363 3593 manuni
1385 3538 1586 3596 Tiberii
1613 3540 1907 3610 primicerii
1930 3554 2134 3603 sanctae

545 3632 692 3687 sedis
715 3630 1054 3702 apostolicae,
1102 3630 1402 3701 imperante
1427 3631 1647 3686 domino
1680 3641 1866 3688 nostro
1891 3634 2135 3704 piissimo

543 3724 787 3793 Augusto
830 3720 1104 3777 Ludovico
1131 3736 1164 3775 a
1197 3720 1308 3777 Deo
1339 3730 1631 3790 coronato,
1663 3738 1882 3795 magno,
1909 3726 2135 3795 pacifico

528 3812 910 3883 imperatore,
940 3826 1085 3869 anno
1108 3811 1320 3868 decimo
1347 3821 1563 3881 quarto.

1240 3924 1431 3980 XXIX.

770 4030 843 4072 AD
881 4030 1196 4075 'I'BASULl-‘Ul
1234 4030 1482 4072 ABBATEI
1520 4032 1906 4075 CORBEIENSEI.

1156 4128 1337 4201 (Anno
1383 4129 1533 4203 865.)

809 4240 1155 4313 Privilegium
1186 4245 1497 4300 monasterii
1520 4242 1865 4301 Corbeiensis.

865 4339 1050 4427 [Apud
1070 4352 1238 4410 Mansi
1262 4395 1279 4421 ,
1310 4353 1474 4413 Cone.
1507 4365 1637 4412 tom.
1671 4356 1814 4431 ΧΨ]

618 4465 890 4523 Νιοοιλυε
915 4465 1219 4536 episcopus,
1254 4481 1445 4524 servus
1491 4483 1776 4534 servorum
1827 4471 1944 4538 Dei,
1990 4472 2136 4528 Tna-

538 4570 712 4615 auu'o
729 4554 983 4627 religioso
1001 4554 1274 4620 abhati,et
1293 4571 1392 4627 per
1412 4566 1466 4612 te
1487 4559 1783 4615 venerabili
1806 4564 2137 4619 monasterio

541 4649 826 4707 beatorum
857 4646 1162 4717 principum
1178 4646 1333 4711 Petri
1359 4661 1425 4703 ac
1453 4647 1640 4718 Pauli,
1665 4651 1810 4721 quod
1836 4652 2139 4723 appellatur

540 4732 802 4805 Corbeia,
830 4738 886 4794 in
910 4747 1255 4809 perpetuum.
2012 4812 2017 4817 _

530 4882 535 4889 .
616 4830 883 4891 Convenit
908 4828 1207 4901 apostolico
1233 4829 1788 4905 moderamini,qnod
1815 4834 2007 4893 beatus
2036 4834 2138 4893 Pe-

544 4932 664 4980 trus
697 4923 1064 4994 apostolorum
1095 4923 1351 4991 eximius,
1379 4939 1478 4995 per
1500 4927 1817 4984 attributam
1846 4938 1902 4986 et
1929 4930 2138 4988 revela-

531 5022 658 5073 .tam
688 5013 792 5069 sibi
814 5011 1073 5070 divinitus
1092 5012 1345 5085 gratiam,
1371 5013 1497 5073 licet
1514 5016 1628 5073 suis
1642 5016 1810 5090 longe
1835 5019 2136 5090 imparibus

542 5106 790 5174 meritis,
822 5107 979 5165 nobis
1005 5117 1185 5164 tamen
1227 5108 1489 5181 singulari
1537 5111 1945 5183 pmrogativa,
1974 5123 2037 5168 ut
2079 5112 2134 5167 in

529 5200 715 5256 .totius
741 5198 1065 5257 Christiana:
1088 5200 1739 5273 religionisuniversiutte
1764 5203 2136 5279 principaliter

544 5291 956 5359 excelleremus,
986 5294 1256 5350 contulit:
1289 5304 1559 5366 quatenus
1602 5296 1743 5351 sicut
1771 5294 2037 5365 dignitate
2078 5306 2135 5352 et

534 5384 871 5441 auctoritate
899 5400 996 5457 per
1027 5385 1197 5456 ipsius
1224 5385 1495 5457 singulare
1520 5386 1854 5458 privilegium
1878 5387 2137 5462 omnibus

539 5476 983 5548 praeminemus,
1013 5476 1089 5533 ita
1110 5477 1490 5543 universarum
1516 5478 1883 5534 Ecclesiarum
1911 5479 2003 5533 Dei
2029 5479 2138 5535 sol-

544 5566 885 5623 licitudinem
916 5566 1230 5630 habeamus,
1273 5574 1331 5621 et
1369 5565 1598 5635 singulis
1627 5568 1932 5641 quibusque
1960 5566 2133 5622 fideli-

544 5658 664 5720 bus,
691 5666 854 5728 atque
877 5658 982 5729 piis
1010 5656 1164 5724 locis,
1185 5658 1246 5713 in
1263 5658 1461 5728 quibus
1481 5657 1597 5727 jugi
1626 5658 1736 5713 Deo
1756 5657 2133 5715 famulantium

542 5748 835 5827 sedulitate
885 5747 1131 5817 placatur
1180 5747 1474 5815 divinitas,
1523 5757 1825 5821 opportuna
1875 5746 2131 5823 sulfragia

2160 3162 2205 3224 (Ζ
2241 3179 2544 3258 fundatum,
2572 3189 2625 3235 et
2662 3180 2904 3235 donariis
2927 3181 3197 3251 rebusque
3231 3183 3556 3239 necessariis
3584 3162 3831 3255 locuple-

2239 3280 2443 3336 tatum,
2470 3270 2615 3341 quod
2640 3279 2727 3325 est
2753 3272 2806 3325 in
2834 3286 2974 3342 pago
3013 3272 3363 3327 Ambianensi
3404 3287 3571 3343 super
3604 3274 3831 3332 fluvium

2237 3363 2459 3419 Summa
2505 3364 2692 3429 situm,
2735 3380 2917 3419 rerum
2954 3380 3175 3419 suarum
3205 3364 3431 3420 liberam
3480 3367 3537 3420 in
3577 3370 3833 3425 omnibs

2237 3456 2434 3511 habeat
2466 3456 2783 3526 disponendi
2824 3456 3155 3524 regulariter
3189 3465 3540 3527 potestatem,
3588 3468 3649 3513 ut
3686 3475 3833 3530 qua-

2234 3562 2449 3618 cunque
2481 3548 2657 3603 eidem
2705 3548 3039 3602 monasterio
3091 3548 3145 3602 in
3193 3564 3328 3603 auro
3369 3549 3455 3621 vel
3492 3562 3742 3621 argento,
3778 3552 3830 3608 in

2235 3639 2382 3709 agris
2428 3638 2510 3693 vel
2566 3636 2829 3715 famulis,
2881 3653 2977 3695 seu
3026 3639 3357 3710 quibuslibet
3411 3640 3578 3696 rebus
3629 3641 3835 3697 fuerint

2235 3731 2435 3795 oblata,
2483 3729 2598 3786 sive
2647 3730 2702 3784 in
2748 3731 3005 3799 pnesenti
3047 3731 3135 3785 die
3174 3730 3369 3786 collata
3402 3747 3524 3788 esse
3553 3742 3830 3799 constant,

2238 3824 2293 3880 in
2321 3832 2413 3877 tua
2445 3829 2769 3891 tuorumque
2801 3837 3179 3878 successorum
3207 3824 3464 3878 abbatum
3489 3824 3832 3895 fratrumque

2237 3920 2494 3969 maneant
2540 3912 2939 3983 dispositione:
2970 3921 3031 3967 ut
3072 3914 3338 3985 quidquid
3381 3916 3682 3971 secundum
3735 3916 3831 3972 Dei

2237 4006 2511 4069 timorem,
2533 4004 2601 4058 ad
2630 4002 2883 4059 Ecclesiae
2924 4004 3094 4073 ipsius
3138 4004 3455 4073 utilitatem,
3499 4006 3829 4077 regulariter

2237 4104 2293 4152 et
2321 4096 2583 4150 canonice
2604 4095 2984 4165 disposueritis
3015 4111 3210 4168 agere,
3237 4096 3463 4151 liberam
3494 4098 3550 4151 in
3579 4098 3835 4153 omnibus

2239 4190 2488 4245 habeatis
2536 4188 2771 4244 faciendi
2815 4197 3160 4259 potestatem.
3192 4190 3491 4262 Episcopus
3527 4208 3661 4247 vero
3705 4193 3835 4247 Am-

2237 4282 2518 4338 biancnsis
2559 4280 2763 4336 nullam
2793 4296 2861 4336 ex
2889 4282 2970 4337 eis
3008 4281 3093 4337 vel
3137 4284 3405 4352 accipiat,
3439 4282 3525 4338 vel
3572 4292 3837 4353 exposcat

2238 4371 2585 4449 portionem;
2620 4385 2795 4440 neque
2840 4371 2927 4426 vel
2971 4371 3027 4426 in
3070 4371 3298 4438 abbate,
3339 4373 3426 4429 vel
3460 4374 3514 4427 in
3544 4373 3832 4440 fratribus,

2240 4464 2328 4521 vel
2374 4464 2430 4520 in
2468 4464 2587 4535 ipso
2627 4464 2881 4519 coenobio
2913 4473 3238 4534 potestatem
3265 4466 3542 4530 obtineat,
3571 4481 3750 4537 neque
3776 4467 3836 4521 in

2240 4558 2394 4615 cellis
2414 4558 2590 4631 ipsius
2615 4558 2932 4614 monasterii
2962 4559 3402 4615 denominatione
3427 4559 3671 4630 potiatur
3703 4559 3831 4624 ulla,

2238 4663 2417 4721 neque
2444 4650 2501 4706 in
2536 4649 2775 4716 clericis,
2800 4664 2977 4720 neque
3018 4649 3076 4704 in
3105 4648 3340 4714 famulis,
3384 4659 3441 4704 et
3474 4649 3530 4704 in
3558 4650 3831 4714 oninibua,

2238 4757 2577 4815 quacunque
2623 4742 2693 4798 ad
2734 4742 3125 4799 monasterium
3169 4741 3300 4799 illud
3335 4742 3594 4798 videntur
3634 4743 3834 4798 habere

2240 4832 2601 4907 possessionis
2637 4841 2977 4903 respectum,
3022 4833 3165 4889 sicut
3190 4833 3305 4904 jam
3329 4832 3463 4888 olim
3509 4848 3832 4889 concessum

2220 4926 2316 4987 illi
2348 4926 2678 4982 monasterio
2705 4924 3058 4996 cognovimus
3090 4924 3160 4980 ab
3196 4925 3452 4997 episcopo
3482 4924 3830 4982 Ambianensi

2244 5015 2637 5093 [Bcrtefrido],
2676 5026 2733 5095 et
2780 5019 2852 5074 ab
2893 5017 3013 5073 aliis
3056 5019 3330 5089 episcopis
3380 5016 3686 5073 Galliarum
3712 5059 3729 5081 .
3777 5026 3833 5074 et

2241 5110 2525 5183 privilegio
2543 5111 2809 5167 cessionis
2840 5108 3138 5172 firmatum,
3162 5118 3271 5164 tam
3296 5111 3636 5180 temporibus
3656 5108 3829 5165 dilecti

2242 5202 2337 5258 lilii
2370 5204 2543 5259 nostri
2570 5201 2771 5268 Caroli,
2797 5202 3055 5271 praesenti
3077 5209 3322 5271 tempore
3343 5202 3644 5272 regnantis.
3672 5216 3827 5272 quam

2241 5294 2483 5364 antiquis
2509 5294 2841 5364 temporibus
2857 5292 3177 5367 Baltchilde,
3199 5292 3589 5363 Clotbarioque
3613 5292 3831 5349 Francis

2240 5385 2717 5465 principantibus;
2785 5384 2890 5439 nisi
2929 5392 3190 5455 quantum
3215 5384 3515 5439 canonicos
3549 5387 3688 5459 ordo
3715 5397 3829 5454 per-

2240 5477 2579 5553 mittiLNec
2624 5477 2694 5532 ad
2738 5477 3164 5542 monasterium,
3217 5491 3312 5531 seu
3360 5475 3530 5531 cellas
3567 5474 3825 5544 ejusdem,

2237 5568 2324 5623 vel
2368 5568 2485 5639 ipse
2522 5584 2619 5639 per
2654 5584 2714 5647 se
2741 5570 3049 5640 episcopus,
3092 5570 3180 5625 vel
3224 5585 3544 5627 inconuiuus
3571 5571 3709 5640 ejus,
3749 5566 3825 5624 vel

2238 5658 2700 5731 archipresbyter,
2722 5659 2809 5716 vel
2832 5659 3252 5716 archidiaconus
3274 5660 3441 5726 illius,
3469 5673 3564 5715 aut
3583 5662 3820 5731 quaslibet

2237 5763 2304 5806 ex
2329 5748 2449 5820 ejus
2471 5752 2762 5822 agentibus
2801 5766 3056 5822 persona,
3087 5762 3412 5824 potestatein
3437 5753 3645 5810 habeat
3678 5763 3817 5805 accc-
