4070 6310
274 342 384 401 817

1488 338 1849 397 ΕΡΙΒΤΟῙΛΕ
1889 339 1979 396 ΕΤ
2017 338 2362 398 DECRETA.

3449 340 3554 396 8|8

275 454 463 525 dendi,
485 451 590 510 nisi
615 450 757 509 forte
780 452 851 508 ab
881 451 1077 507 abbate
1106 452 1440 517 monasterii,
1472 452 1561 508 vel
1584 451 1863 519 fratribus,
1893 455 1942 517 Α
1972 454 2264 510 restituant
2286 491 2303 520 ,
2353 461 2410 508 et
2454 452 2598 523 quod
2653 451 2721 508 de
2776 444 3049 521 republica
3084 466 3197 507 sua
3251 444 3554 508 retribuere

279 544 626 602 necessitatis
669 557 862 607 causa,
905 542 991 598 vel
1037 542 1342 599 dilectionis
1376 544 1550 615 gratia
1573 583 1590 611 ,
1640 544 1875 600 vocatus

278 636 596 700 advenerit;
652 650 722 691 ne
763 635 1168 706 importunitate
1216 637 1345 704 sui,
1388 636 1869 709 ministrorumque

278 744 502 787 suorum
530 729 925 801 inquietudine,
958 730 1156 786 fratres
1186 731 1272 786 vel
1300 731 1524 789 abbates
1567 733 1875 789 sustineant“

279 822 445 879 ullam
488 822 818 879 molestiam.
865 822 1052 893 Neque
1093 824 1149 879 in
1191 824 1441 881 ecclesiis
1467 827 1726 897 praedicto
1754 842 1870 883 mo-

279 913 525 969 nasterio
554 913 830 989 subiectis,
856 914 941 970 vel
968 915 1021 969 in
1044 916 1377 987 presbyteris
1397 918 1600 973 eisdem
1626 918 1875 975 ecclesiis

277 1004 576 1070 Ordinatis,
647 1006 884 1076 aliquam
925 1012 1096 1062 tentet
1137 1007 1320 1064 facere
1374 1010 1835 1078 perturbationem
1851 1018 1878 1075 ,’

280 1095 369 1151 vel
414 1096 625 1160 abbati,
680 1096 765 1151 vel
806 1095 1099 1164 fratribus,
1131 1113 1328 1154 novam
1361 1100 1770 1166 constituendo,
1817 1108 1874 1156 et

281 1188 565 1257 antiquam
606 1189 1051 1243 consuetudinem
1090 1188 1340 1245 violando
1367 1206 1383 1257 ;
1415 1190 1511 1245 sed
1536 1190 1680 1246 sicut
1708 1205 1874 1261 regu-

282 1274 474 1332 lariter
516 1286 573 1333 et
613 1277 876 1333 canonice
924 1277 1189 1348 disposita
1236 1287 1406 1343 sunt,
1449 1286 1507 1335 et
1555 1278 1717 1350 longo
1760 1276 1877 1347 iam

286 1367 874 1435 temporemaneutia,
927 1367 1002 1423 ita
1046 1375 1264 1438 quoque
1307 1367 1504 1424 futuris
1543 1369 1879 1440 temporibus

281 1466 543 1512 maneant
564 1457 904 1513 inconcussa.
937 1456 1050 1513 Nec
1070 1466 1335 1529 potestate
1357 1459 1678 1531 episcopalis
1702 1458 1879 1516 fastus

284 1548 537 1612 abutens,
565 1548 833 1604 violenter
857 1558 1046 1605 contra
1074 1551 1371 1607 constituta
1397 1550 1667 1623 maiorum
1698 1551 1878 1623 dispo—'

1969 544 2186 611 debent,
2218 544 2272 600 id
2303 543 2529 600 reddere
2573 544 2744 622 velint
2768 542 2852 599 ‘de
2893 543 2980 601 his
3025 559 3146 615 quae
3185 542 3377 600 collata
3428 553 3561 599 sunt

1968 635 2113 692 Deo..
2138 635 2267 702 Qua
2295 635 2361 691 de
2389 635 2815 706 re-prmcipimus
2851 635 3093 702 omnino,
3124 642 3196 689 ‘ut
3225 634 3559 690 monasterio

1968 733 2252 789 beatomm
2302 731 2451 786 Petri
2498 746 2565 787 ac
2614 731 2805 797 Pauli,
2850 733 2994 802 quod
3036 731 3280 788 Corbeiae
3320 730 3565 799 dicitur,

1972 821 2171 876 nullam
2195 820 2494 892 prmficiant
2518 835 2831 892 personam,
2851 821 2936 878 vel
2962 837 3028 877 ex
3054 823 3157 878 sibi
3179 822 3555 890 militantibus,

1969 912 2055 968 vel
2098 927 2164 968 ex
2208 912 2415 967 alienos
2453 912 2784 969 monasterio
2821 922 3112 982 sumptam,
3143 927 3263 982 quae
3307 928 3412 967 non
3459 928 3559 983 per

1973 1005 2294 1064 electionem
2323 1012 2570 1063 sumatur
2597 1004 2953 1075 probabilem,
2989 1005 3106 1062 sive
3131 1005 3200 1062 de
3240 1004 3400 1069 laico,
3445 1007 3564 1062 sive

1974 1096 2042 1152 de
2072 1096 2366 1160 canonico,
2400 1096 2518 1151 sive
2546 1095 2614 1150 de
2644 1109 2964 1166 quocunque
2992 1096 3154 1152 fuerit
3179 1097 3389 1152 ordine.
3416 1097 3564 1166 Quo-

1974 1188 2119 1243 niam
2147 1202 2279 1242 vero
2303 1186 2497 1242 multa}
2524 1190 2841 1256 queruntur
2872 1186 2944 1241 ab
2976 1186 3298 1256 importunis
3327 1187 3566 1245 homini:

1973 1279 2077 1334 bus
2122 1278 2479 1348 malignitatis
2527 1276 2873 1341 occasiones,
2907 1286 2963 1333 et
2989 1292 3212 1333 necesse
3235 1285 3320 1334 est
3346 1293 3565 1350 semper

1975 1369 2274 1426 adversarii
2301 1368 2406 1424 tela
2431 1367 2620 1440 clypeo
2649 1367 3003 1439 protectionis
3034 1367 3296 1439 repellere
3319 1369 3562 1434 ,‘decer-

1976 1463 2161 1519 nimus
2207 1471 2268 1518 ut
2312 1462 2509 1526 abbas,
2544 1466 2831 1532 postquam
2860 1460 3063 1517 electus
3106 1462 3268 1517 fuerit
3313 1469 3370 1517 ct
3419 1464 3567 1518 ordi-

1979 1565 2160 1623 natus,
2191 1554 2337 1611 nulla
2362 1562 2641 1626 potestate
2658 1553 2987 1625 praevalente
3029 1552 3333 1624 deiiciatur,
3364 1554 3469 1610 nisi
3509 1554 3566 1609 in

284 1647 418 1695 nere
464 1639 595 1695 velit
632 1640 835 1711 aliquid
881 1641 1142 1697 adversus
1188 1642 1521 1699 voluntatem
1557 1644 1790 1709 abbatis,
1822 1651 1887 1701 et
1980 1646 2224 1702 criminis
2279 1660 2445 1702 causa
2494 1644 2660 1700 fuerit
2708 1644 3120 1715 deprehensus,
3168 1646 3325 1716 cuius
3370 1646 3567 1701 merito

286 1726 519 1782 fratrum
562 1727 616 1782 in
665 1729 784 1798 ipso
814 1730 1068 1785 coenobio
1119 1729 1230 1787 Deo
1269 1746 1594 1803 quocunque
1637 1742 1878 1805 tempore
1981 1737 2212 1793 rectoris
2244 1752 2352 1792 non
2397 1735 2591 1792 debeat
2630 1735 3014 1791 administrare
3042 1734 3298 1792 officium.
3327 1734 3571 1792 lnfamiai

286 1817 658 1873 militantium.
702 1819 1085 1876 Ordinationes
1104 1836 1226 1886 qua:
1247 1824 1568 1879 necessariae
1595 1824 1796 1880 fuerint
1823 1825 1877 1879 in
1906 1828 1955 1889 B
1980 1842 2112 1885 vero
2154 1827 2415 1893 maculis,
2445 1843 2542 1884 seu
2587 1826 2832 1883 criminis
2862 1827 3091 1897 alicujus
3133 1828 3497 1885 denotatione'
3520 1829 3571 1884 si

286 1912 642 1978 monasterio,
668 1912 783 1971 sive
815 1913 881 1968 de
907 1915 1210 1978 monachis,
1243 1917 1359 1971 sive
1395 1917 1462 1972 de
1501 1917 1798 1981 canonicis,
1824 1925 1880 1973 et
1978 1919 2142 1977 fuerit
2164 1920 2454 1992 appetitus,
2484 1936 2589 1975 non
2619 1930 2819 1991 praeter
2837 1922 3154 1977 canonicam
3180 1928 3236 1976 et
3262 1918 3571 1990 regularem

285 2020 427 2075 quas
454 2005 713 2075 petierint
742 2006 910 2063 abbas
943 2016 998 2062 et
1040 2007 1258 2073 fratres,
1285 2024 1448 2080 agere
1487 2024 1595 2063 non
1644 2008 1876 2065 differat.

288 2103 497 2159 Altaris
538 2120 757 2175 quoque
796 2112 852 2159 et
893 2104 1243 2160 basilicarum
1284 2105 1722 2177 benedictioues,
1765 2106 1883 2161 sive

288 2196 748 2260 consecrationes,
776 2204 939 2267 prout
968 2195 1269 2251 necessitas
1298 2196 1676 2266 postulaverit,
1716 2195 1802 2251 vel
1827 2197 1882 2252 in

292 2288 413 2358 ipso
444 2288 814 2354 inouasterio,
846 2288 929 2343 vel
957 2289 1013 2342 in
1059 2289 1207 2359 agris
1252 2289 1423 2357 ipsius
1462 2290 1778 2345 monasterii
1820 2289 1886 2344 li-

292 2376 488 2433 benter
510 2377 772 2433 concedat
802 2393 818 2430 :
857 2376 1095 2432 chrisma
1118 2392 1356 2446 quoque,
1381 2376 1669 2446 oleumque
1696 2378 1888 2435 cense-‘-

291 2476 509 2522 cratum
554 2483 653 2538 per
689 2466 930 2538 singulos
972 2483 1144 2524 annos
1187 2468 1433 2540 praebere
1464 2485 1571 2525 non
1621 2469 1883 2527 differat:

293 2566 354 2635 et
393 2572 496 2627 pro
543 2557 633 2612 his
679 2556 933 2612 omnibus
982 2557 1189 2613 nullum
1246 2574 1445 2615 munus
1498 2559 1768 2631 accipiat,
1819 2574 1888 2616 ne

296 2649 541 2721 Spiritus
589 2650 759 2705 sancti
810 2650 1042 2722 gratiam
1089 2650 1324 2707 vendere
1363 2660 1610 2717 conatus,
1653 2650 1892 2707 Simonis

297 2740 701 2798 damnationem
730 2782 746 2807 ,
776 2736 920 2812 quod
962 2742 1105 2798 absit
1130 2783 1147 2808 ,
1197 2742 1486 2798 sustineat.
1533 2741 1647 2798 Hoc
1690 2742 1890 2797 consti-

298 2842 478 2890 tutum
509 2850 614 2889 non
651 2835 828 2891 solum
862 2836 1177 2907 episcopqu
1224 2835 1675 2903 Ambianensem,
1700 2852 1891 2892 verum

296 2928 466 2983 etiam
512 2941 703 2983 Ollltles
747 2943 845 2998 per
893 2926 1079 2983 Gallias
1123 2926 1538 2998 Germaniaeque
1582 2928 1892 2999 provincias

296 3019 613 3089 episcopos,
665 3018 971 3088 ubicunque
1013 3017 1296 3088 praefatum
1361 3019 1753 3075 monasterium
1805 3016 1894 3073 vel

299 3109 586 3173 ecclesias,
610 3109 695 3164 vel
725 3124 906 3180 agros,
936 3110 1020 3162 vel
1052 3108 1284 3165 famulos
1314 3109 1517 3165 habere
1537 3108 1891 3181 dignoscitur,

1980 2013 2281 2082 deponatur
2312 2011 2790 2067 examinationem.
2837 2013 2952 2068 Hoc
2976 2027 3108 2068 vero
3135 2013 3489 2068 constitutum
3522 2011 3570 2066 si

1982 2101 2149 2159 fuerit
2177 2104 2248 2159 ab
2291 2103 2474 2174 aliquo
2502 2104 2941 2174 praevaricatum,
2969 2118 3069 2174 per
3094 2102 3406 2175 episcopum
3433 2103 3571 2158 Am-i

1983 2195 2325 2261 bianensem,
2350 2195 2581 2266 quisque
2606 2194 2696 2250 ille
2717 2194 2899 2261 fuerit,
2921 2206 2989 2250 ex
3011 2202 3198 2251 nostra
3218 2192 3575 2250 conveniatur

1988 2288 2339 2354 auctoritate,
2370 2296 2432 2342 ut
2473 2302 2597 2343 eum
2626 2287 2720 2357 qui
2749 2288 2910 2359 huius
2938 2287 3085 2343 sedis
3115 2286 3407 2343 constituta
3437 2288 3573 2341 con-4

1984 2380 2235 2446 Vulserit,
2277 2380 2586 2446 conveniat,
2616 2388 2672 2436 et
2700 2380 3001 2450 iniquitatis
3038 2395 3151 2437 sua:
3180 2379 3390 2450 culpam
3417 2377 3581 2434 comi

1986 2480 2233 2535 moneat.
2280 2472 2476 2542 cuique
2522 2470 2765 2541 periculo
2800 2471 3137 2541 subjiciatur,
3166 2479 3354 2529 notum
3386 2467 3571 2524 faciat.

1987 2560 2143 2629 Quod
2194 2562 2240 2617 si
2287 2562 2374 2616 vel
2420 2562 2535 2632 ipse
2579 2560 2918 2631 neglexerit,
2967 2559 3054 2614 vel
3101 2558 3446 2629 despexerit,
3493 2556 3577 2612 vel

1988 2652 2232 2707 timuerit
2273 2652 2563 2722 perlicere,
2609 2651 3062 2722 metropolitanus
3109 2651 3396 2721 episcopus
3439 2642 3578 2705 con-'-

1987 2753 2184 2799 ventus
2212 2758 2242 2798 a
2272 2742 2533 2800 fratribus
2581 2744 2751 2814 ipsius
2798 2743 3033 2799 cmnobii
3054 2783 3069 2809 ,
3097 2758 3385 2813 personam
3413 2736 3577 2813 huius

1990 2837 2292 2894 sanctionis
2338 2836 2679 2894 violatricem
2713 2828 2864 2893 adire
2892 2851 2999 2892 non
3029 2834 3277 2902 differat,
3320 2844 3376 2891 et
3415 2830 3579 2903 huius

1990 2929 2165 2986 nostri
2214 2929 2415 2985 decreti
2466 2929 2901 2986 testificationem
2933 2929 3243 2985 innotescat
3264 2969 3278 2990 ,
3311 2923 3480 2999 utque
3508 2928 3578 2983 ab'

1992 3037 2059 3078 eo
2084 3023 2226 3092 quod
2254 3037 2420 3094 prave
2463 3022 2634 3094 gessit
2679 3020 2935 3079 recedere
2962 3036 3069 3077 non
3095 3029 3361 3086 moretur,
3384 3035 3451 3075 ex
3481 3012 3581 3076 sua

1997 3126 2289 3186 nostraque
2319 3117 2644 3173 auctoritate
2672 3123 3033 3171 contestetur.
3066 3116 3137 3169 At
3175 3115 3221 3170 si
3267 3113 3359 3169 ille
3396 3102 3585 3168 contu-

301 3201 597 3255 observare
637 3200 757 3256 sine
784 3201 1149 3266 cunctatione,
1191 3215 1286 3256 seu
1333 3201 1762 3257 contradictione
1795 3202 1890 3256 de-
1919 3185 1965 3250 (ἶ
1996 3185 2226 3264 maciter
2250 3208 2302 3263 in
2332 3208 2416 3264 sui
2460 3206 2588 3264 facti
2617 3204 3020 3279 perpetratione
3045 3200 3370 3277 permanere
3396 3204 3584 3259 decre-

301 3292 600 3357 eernimus,
626 3301 689 3347 nt
719 3291 898 3348 nullus
919 3293 1209 3362 potestatis
1221 3292 1368 3362 jure,
1391 3294 1459 3349 de
1486 3293 1650 3351 rebus
1680 3292 1893 3365 praefati
1993 3299 2156 3365 verit,
2182 3307 2239 3356 et
2267 3313 2377 3355 non
2407 3298 2554 3368 quod
2601 3298 2786 3368 inique
2809 3298 2977 3369 gessit
3006 3296 3279 3369 corrigere
3308 3294 3582 3362 maluerit,

304 3386 648 3450 monasterii,
677 3387 794 3441 sine
820 3387 1103 3445 voluntate
1120 3387 1332 3443 abbatis
1360 3388 1699 3461 fratrumque
1725 3391 1895 3462 ipsius
1995 3390 2272 3447 licentiam
2317 3390 2554 3446 habeant
2597 3389 2797 3445 fratres
2845 3390 3165 3445 monasterii
3199 3387 3441 3458 praedicti
3472 3386 3586 3442 Ro-

305 3479 543 3535 ctenobii
573 3479 864 3546 abutatur;
917 3482 1013 3536 sed
1054 3489 1311 3537 maneant
1337 3484 1516 3537 omnia
1547 3498 1670 3553 quae
1699 3483 1895 3540 collata
1996 3496 2216 3536 mauam
2246 3480 2706 3551 apostolicamque
2744 3481 2925 3534 sedem
2957 3480 3138 3544 adire,
3166 3488 3222 3533 et
3248 3477 3587 3534 necessitatis

305 3580 458 3636 sum,
506 3570 838 3641 fuerintque,
872 3571 925 3626 in
960 3572 1185 3627 rectoris
1224 3573 1393 3643 ipsius
1435 3575 1748 3630 monasterii
1796 3589 1895 3645 poc

307 3670 542 3727 testate,
580 3671 636 3717 et
687 3663 917 3735 regulari
945 3664 1335 3734 dispositione,
1372 3680 1547 3736 neque
1586 3667 1657 3724 sit
1703 3668 1900 3737 aliquis

306 3750 394 3805 vel
424 3766 632 3821 regum,
662 3752 746 3807 vel
772 3752 933 3807 ullius
958 3755 1263 3823 potestatis;
1308 3770 1403 3811 seu
1430 3752 1709 3828 dignitatis
1737 3757 1901 3814 fultus

307 3842 523 3912 gradu,
569 3842 662 3912 qui
712 3842 783 3897 de
830 3843 1145 3898 monasterii
1196 3845 1405 3915 praefati
1448 3845 1640 3913 rebus,
1668 3846 1754 3902 vel
1787 3847 1902 3905 vit)-

310 3934 506 4002 lenter,
554 3937 643 3993 vel
690 3947 940 4009 potenter
984 3940 1203 3996 invadat
1242 3934 1488 4012 aliquid,
1534 3941 1617 3996 vel
1660 3943 1898 4014 diripiat.

309 4027 578 4082 Abbatem
611 4042 740 4084 vem
770 4028 967 4085 fratres
996 4030 1163 4099 ipsius
1191 4032 1508 4087 monasterii
1552 4033 1620 4088 de
1667 4047 1726 4089 se
1771 4033 1903 4104 ipsis

311 4116 545 4187 eligendi
584 4132 800 4187 semper
824 4118 1436 4189 habeantpotestatem,
1464 4131 1521 4177 et
1558 4135 1678 4176 eam
1719 4138 1906 4193 perso-

313 4223 443 4264 nam
475 4208 696 4279 eligant,
723 4224 845 4279 qum
874 4211 1121 4265 monachi
1152 4212 1488 4282 propositum
1529 4221 1585 4267 et
1611 4212 1800 4268 habitu
1849 4221 1908 4269 et

314 4299 560 4356 moribus
604 4299 942 4370 profiteatur,
975 4316 1082 4357 non
1130 4303 1448 4358 canonicum
1475 4343 1491 4370 ,
1536 4313 1630 4358 aut
1669 4303 1904 4369 laicum,

315 4405 494 4460 neque
519 4389 742 4446 alterius
767 4393 1080 4447 monasterii
1108 4395 1431 4449 monachum
1459 4408 1475 4449 :
1500 4397 1757 4465 quoniam
1789 4412 1905 4453 mo-

314 4480 547 4536 nachico
583 4481 759 4537 ordini
796 4483 1075 4552 praeficere
1107 4484 1192 4539 vel
1216 4484 1431 4551 Iaicum,
1450 4486 1535 4542 vel
1556 4488 1902 4555 canonicum,

318 4588 429 4628 non
458 4581 546 4628 est
571 4587 793 4629 servare
818 4573 1029 4629 ordinis
1070 4574 1484 4645 professionem,
1518 4577 1613 4633 sed
1641 4585 1905 4642 evertere,

315 4665 462 4735 quod
488 4665 864 4736 unusquisque
887 4668 1210 4738 praepositus
1239 4666 1394 4738 cujus
1419 4678 1506 4725 est
1528 4669 1757 4736 ordinis,
1795 4669 1913 4740 ejus

316 4771 537 4828 quoque
572 4757 679 4813 erit
723 4768 780 4814 et
827 4768 1158 4832 propagator
1186 4779 1200 4815 :
1232 4776 1336 4816 nec
1362 4762 1504 4816 bene
1541 4762 1912 4833 disponet-ali-

316 4853 537 4921 quando
570 4852 941 4925 cujuscunque
968 4854 1177 4910 militize
1215 4855 1408 4919 vitam,
1439 4853 1595 4922 cujus
1621 4871 1726 4911 non
1750 4855 1917 4911 fuerit

320 4945 439 5016 ipse
483 4947 574 5015 qui
622 4947 864 5017 disponit
904 4946 1207 5002 aemulator.
1238 4946 1345 5001 Sed
1374 4961 1550 5017 neque
1580 4962 1671 5002 rex
1692 4989 1707 5013 ,
1738 4962 1914 5017 neque

319 5043 563 5106 potestas
592 5038 801 5109 aliqua,
832 5040 996 5093 ullam
1047 5038 1375 5093 monasterio
1417 5036 1730 5093 Corbeiensi
1776 5053 1915 5107 praeb

318 5136 486 5195 ponat
528 5142 838 5199 personam,
869 5145 1047 5199 quam.
1072 5143 1179 5183 non
1208 5127 1404 5183 fratres
1448 5128 1619 5198 ipsius
1644 5128 1914 5199 elegerint

314 5220 663 5274 monasterii.
695 5222 903 5276 Debent
931 5221 1074 5276 enim
1113 5220 1298 5274 mundi
1343 5218 1615 5290 principes
1652 5220 1912 5276 honorem

314 5323 587 5382 praestare
638 5314 778 5379 Deo,
825 5329 985 5384 quem
1035 5314 1138 5367 sibi
1175 5312 1361 5367 volunt
1402 5314 1647 5384 praestari
1693 5328 1721 5367 a
1773 5312 1913 5379 Deo,

314 5405 576 5460 videlicet
598 5413 662 5461 ut
684 5405 1139 5476 quemadmodum
1162 5406 1387 5476 cupiunt
1414 5420 1445 5460 a
1477 5405 1587 5461 Deo
1617 5404 1717 5461 sibi
1746 5404 1915 5460 colla-

322 5503 442 5550 tum
471 5496 622 5565 regni
651 5496 911 5551 honorem
941 5496 1276 5560 conservari,
1329 5495 1689 5551 sic‘Ecclesiae
1713 5493 1916 5551 Christi

318 5602 480 5643 suam
531 5603 640 5643 non
687 5589 1045 5659 dedignentur
1090 5590 1311 5643 serrare
1356 5587 1553 5658 legem.
1606 5587 1725 5642 Non
1760 5586 1913 5640 enim

321 5678 505 5743 decet,
551 5693 727 5748 neque
763 5679 972 5748 justum
1014 5679 1182 5734 videri
1214 5679 1431 5748 poterit,
1464 5687 1523 5733 ut
1548 5677 1652 5735 sibi
1683 5677 1917 5731 militan-

322 5769 493 5837 tibus,
536 5771 603 5827 de
630 5769 886 5828 Ecclesiae
913 5769 1113 5828 Christi
1150 5770 1582 5842 possessionibus
1612 5769 1915 5826 mercedem

2000 3589 2112 3628 sua:
2136 3587 2330 3628 causas
2356 3579 2483 3626 ante
2510 3585 2727 3641 papam,
2753 3571 2844 3638 qui
2870 3578 2997 3624 tunc
3022 3568 3204 3633 fuerit,
3227 3568 3378 3622 urbis
3400 3567 3588 3622 Romae

2000 3662 2297 3731 deponere,
2328 3661 2695 3732 et-praesentis
2724 3660 2979 3730 praecepti
3011 3658 3449 3714 constitutiomm
3472 3660 3588 3711 ma-'

2003 3755 2267 3811 nifestare
2297 3772 2310 3808 :
2346 3754 2534 3824 sicque
2560 3752 2839 3808 Romanus
2861 3749 3123 3823 pontifex,
3151 3749 3367 3819 cognita
3399 3764 3584 3815 causa,

1998 3847 2158 3918 iustae
2221 3844 2584 3913 damnationis
2652 3844 2918 3898 sententia
2972 3856 3124 3896 reum
3163 3839 3429 3894 mulctare
3477 3853 3588 3893 non

2004 3927 2308 3993 cunctetur.
2339 3933 2398 3990 Si
2434 3935 2557 4005 quis
2583 3948 2712 3988 vero
2741 3932 3083 3988 sacerdotum
3119 3928 3204 3985 vel
3244 3926 3590 3993 clericorum,

2005 4031 2148 4086 hanc
2180 4025 2582 4083 constitutionis
2609 4032 2808 4080 nostrae
2829 4023 3081 4094 paginam
3112 4033 3429 4090 agnoscens,
3457 4032 3593 4073 con-

2009 4131 2092 4178 tra
2146 4136 2266 4176 eam
2318 4119 2508 4175 venire
2560 4109 2883 4183 tentaverit,
2938 4116 3144 4172 ordinis
3196 4115 3297 4173 sui"
3331 4111 3595 4186 dignitate

2007 4221 2231 4277 careat;
2261 4211 2433 4267 laicus
2456 4224 2608 4274 vero,
2638 4207 3004 4279 cujuscunque
3056 4209 3145 4264 sit-
3166 4206 3470 4280 potestatis,
3510 4201 3600 4260 vel

2009 4302 2322 4375 dignitatis,
2354 4302 2398 4357 si
2428 4298 2590 4370 hujus
2619 4299 2886 4370 privilegii
2936 4300 3151 4356 decreta
3182 4299 3234 4353 in
3264 4297 3445 4366 ali‘quo
3490 4294 3604 4349 vio-

2008 4394 2223 4459 laverit,
2245 4408 2399 4448 reum
2420 4407 2481 4447 se
2506 4392 2691 4448 divino
2712 4389 2917 4461 indicio
2936 4391 3176 4447 existere
3200 4391 3267 4445 de
3290 4393 3601 4458 perpetrata

2011 4486 2297 4556 iniquitate
2325 4491 2639 4554 cognoscat,
2670 4492 2727 4537 et
2773 4481 2881 4537 nisi
2915 4481 2994 4537 vel
3019 4497 3096 4537 'ea
3138 4495 3259 4551 quae
3287 4478 3356 4533 ab
3382 4491 3448 4532 eo
3476 4484 3604 4531 sunt

2014 4576 2157 4632 mala
2198 4574 2379 4631 ablata
2427 4572 2761 4638 restituerit,
2792 4571 2879 4629 vel
2922 4572 3081 4643 digna
3122 4570 3272 4642 [edit.
3316 4565 3472 4621 Rom.
3516 4563 3605 4619 vel

2013 4663 2277 4738 legitima]
2310 4665 2631 4737 ptenitentia
2672 4663 2857 4719 illicita
2902 4672 3023 4719 acta
3071 4659 3380 4724 defleverit,
3420 4656 3513 4713 Dei
3551 4665 3609 4711 et

2014 4756 2294 4813 beatorum
2347 4755 2723 4826 apostolorum.
2765 4753 2910 4808 Petri
2962 4768 3029 4807 ac
3079 4750 3233 4805 Pauli
3278 4747 3608 4804 auctoritate

2017 4857 2181 4921 atque
2226 4858 2409 4904 nostra
2439 4847 2711 4904 sententia
2742 4843 3108 4901 anathematis
3130 4841 3347 4897 vinculo
3381 4838 3610 4895 innoda-

2017 4951 2134 5008 tus,
2188 4956 2220 4997 a
2270 4924 2655 4998 sacratissimo
2690 4953 2920 5008 corpore
2971 4951 3038 4991 ac
3080 4934 3341 5007 sanguine
3390 4930 3609 4987 Domini

2016 5036 2189 5092 nostri
2220 5032 2349 5090 .lesu
2379 5033 2582 5088 Christi
2627 5031 2835 5087 alienus
2878 5028 3095 5093 existat,
3129 5024 3373 5096 atquein
3402 5026 3614 5079 aeterno

2009 5124 2577 5182 examine-districta:
2611 5121 2803 5176 ultioni
2849 5121 3144 5190 subiaceat.
3175 5117 3399 5173 Cunctis
3427 5116 3613 5170 autern

2006 5210 2523 5274 'eidem've'nerabili
2573 5211 2907 5268 monasterio
2946 5211 3093 5282 iusta
3142 5208 3508 5275 servantibus,
3538 5204 3615 5260 s't

2012 5290 2138 5381 .pax-
2175 5308 2389 5364 Domini
2442 5304 2614 5361 nostri
2662 5302 2788 5359 Iesu
2834 5302 3057 5366 Christi,
3104 5304 3478 5370 quatenus‘et
3519 5296 3612 5352 hic

2022 5400 2263 5455 fructum
2303 5396 2461 5452 bona:
2487 5394 2716 5450 actionis
2742 5393 3028 5463 recipiant,
3055 5401 3110 5445 et
3135 5390 3275 5461 apud
3303 5389 3611 5445 districtum

2018 5492 2259 5564 iudicem
2290 5487 2511 5558 praemia
2543 5495 2761 5542 aeterna:
2787 5484 2983 5555 quietis
3009 5482 3306 5538 inveniant.
3336 5479 3609 5549 Scriptum

2022 5600 2122 5656 per
2150 5596 2369 5637 manum
2399 5578 2597 5634 Leonis
2643 5576 2839 5631 notarii
2880 5573 3195 5646 regionari'r,
3239 5580 3294 5627 et
3335 5567 3611 5625 scriniarii

2024 5683 2228 5732 sanctae
2265 5671 2526 5728 Romana:
2548 5668 2811 5725 Ecclesia:
2837 5708 2853 5734 ,
2902 5668 2956 5722 in
3005 5679 3193 5721 mense
3236 5661 3430 5733 Aprili,
3472 5656 3611 5712 ineli-

2025 5767 2203 5826 ctione
2250 5781 2324 5820 xi.
2383 5762 2518 5818 Data
2568 5775 2619 5817 tv
2665 5757 2932 5822 Kalendas
2980 5756 3151 5812 Maias
3177 5795 3193 5822 ,
3246 5762 3343 5823 per
3389 5762 3608 5808 mentun
