4070 6310
516 326 620 384 819

1880 320 2150 377 NlCOLAl
2191 322 2392 380 ΡΑΡιΕ
2430 323 2452 379 l

3691 321 3808 378 820

532 443 727 500 fiberli
779 441 1077 514 primicerii
1127 448 1331 496 sanctae
1361 437 1505 494 sedis
1548 436 1892 507 apostolica,
1931 437 2102 506 impe-
2134 437 2186 496 Α
2211 437 2381 492 nostri
2409 436 2608 510 pagina
2646 437 2917 501 continet,
2951 443 3062 490 tam
3090 435 3242 492 vobis
3279 451 3443 506 quam
3465 437 3679 492 cunctis
3707 437 3810 506 qui

518 544 677 592 rante
728 534 951 591 domino
1002 533 1249 603 piissimo
1295 531 1538 601 Augusto
1588 528 1864 587 Ludovico
1909 544 1940 585 a
1996 530 2106 586 Deo

521 633 811 692 coronato,
861 639 1076 695 magno,
1116 622 1340 694 paciﬁco
1373 622 1722 692 imperatore,
1762 636 1854 676 an.
1901 636 2014 686 xiv,
2049 629 2110 677 et

516 723 643 788 post
675 713 794 784 ejus
821 730 1020 770 annum
1049 728 1139 768 xrv
1171 711 1366 784 [forte,
1395 721 1452 768 et
1478 720 1599 784 post
1627 711 1965 768 consulatum
1990 712 2108 784 ejus

515 821 664 863 anno
693 822 807 873 ιιν,
837 804 1037 878 illam]
1065 845 1080 871 ,
1111 805 1406 861 indictione
1439 820 1517 861 ιι.

1225 915 1396 972 XXX.

518 1024 735 1066 πιοοωι
769 1023 1116 1066 Ριινιιεϐιωι
1157 1023 1258 1063 ι»κο
1296 1021 1709 1064 5ΔΝΒΙΟΝἹ81ΛΝο
1742 1022 2104 1064 ΙοΝΑδτεῐαο.

1129 1099 1317 1169 (Anno
1348 1097 1500 1168 865.)

518 1190 700 1266 [Apud
730 1188 924 1252 Felib.,
957 1188 1102 1243 Hist.
1128 1187 1193 1243 de
1219 1187 1455 1329 ι’ῗὺῖαέμῖ
1492 1187 1557 1242 de
1589 1187 1942 1244 Saint-Denis
1968 1189 2110 1245 inter

1218 1275 1251 1328 p
1283 1275 1313 1312 ο
1349 1276 1380 1312 a
1409 1297 1422 1312 .

1218 1275 1422 1328 prerat.

591 1351 866 1409 Nrcouus
891 1353 1198 1421 episcopus,
1219 1365 1412 1405 servus
1439 1347 1720 1406 servorum
1747 1351 1864 1416 Dei,
1897 1351 2109 1407 dilectis

516 1444 779 1503 fratribus
825 1459 891 1499 ac
932 1444 1059 1499 ﬁliis
1095 1444 1298 1499 nostris
1343 1443 1399 1499 in
1445 1444 1743 1499 venerabili
1777 1444 2110 1500 monasterio

519 1536 696 1594 sancti
727 1535 930 1591 Christi
970 1535 1228 1606 martyris
1277 1534 1519 1608 Dionysii
1557 1534 1656 1590 sub
1707 1535 1888 1603 regula
1935 1534 2110 1590 sancti

516 1628 800 1684 Benedicti
846 1627 1094 1699 religiosa
1135 1626 1547 1682 conversatione
1580 1626 1917 1697 degentibus,
1964 1640 2111 1682 nunc

517 1726 575 1774 et
605 1717 804 1773 futuris
833 1717 1181 1787 temporibus.

2210 527 2264 583 in
2291 542 2358 584 eo
2396 543 2508 598 quo.
2544 528 2680 586 estis
2713 528 2903 585 ordine
2937 526 3166 598 locoque
3190 528 3587 594 successerint,
3608 528 3693 583 vel
3721 528 3814 587 eis

2208 603 2440 689 quorum
2485 619 2753 676 interesse
2798 619 3102 691 potuerint,
3133 619 3190 674 in
3215 628 3537 690 perpetuum
3581 634 3813 676 consero

2208 709 2387 764 vanda
2435 709 2812 772 decernimus,
2865 709 3016 764 salva
3064 709 3122 765 in
3176 709 3429 766 omnibus
3473 725 3599 779 quae
3644 710 3815 779 hujus

2208 800 2412 858 decreti
2463 802 2660 873 pagina
2705 801 3054 858 continentur
3097 801 3449 868 auctoritate,
3492 811 3552 857 et
3595 802 3817 858 honore

2210 905 2414 952 sancta:
2443 896 2706 953 Romanae
2749 895 3040 960 Ecclesiae,
3067 903 3122 951 ct
3163 894 3308 950 sedis
3356 893 3669 964 apostolica:
3694 893 3819 966 pri-

2209 987 2426 1060 vilegio.
2451 987 2510 1045 Si
2529 989 2652 1059 quis
2672 997 2854 1045 autem
2881 987 3170 1042 temerario
3188 1002 3328 1042 ausu
3342 1001 3543 1058 magna
3567 1002 3818 1056 parvave

2209 1095 2440 1149 persona
2483 1089 2673 1136 contra
2714 1079 2820 1135 hoc
2857 1087 3102 1132 nostrum
3133 1075 3493 1146 apostolicum
3523 1076 3818 1132 decretum

2211 1186 2373 1244 agere
2400 1171 2836 1241 praesumpserit,
2888 1169 3030 1226 sciat
3072 1184 3131 1224 se
3181 1168 3550 1224 anathematis
3588 1169 3820 1224 vinculo

2210 1277 2331 1320 esse
2378 1261 2730 1328 innodatum,
2771 1270 2828 1317 et
2864 1277 2895 1316 a
2946 1275 3114 1332 regno
3153 1259 3250 1315 Dei
3295 1259 3567 1326 alienum,
3597 1269 3657 1315 et
3681 1274 3814 1315 cum

2209 1355 2463 1413 omnibus
2498 1354 2680 1426 impiis
2719 1353 2908 1409 aatemi
2950 1351 3188 1408 incendii
3231 1350 3498 1421 supplicio
3541 1351 3815 1406 condem-

2210 1456 2398 1502 natum
2428 1465 2443 1502 :
2476 1454 2534 1501 at
2559 1460 2692 1502 vero
2721 1445 2814 1516 qui
2864 1445 3184 1500 observator
3230 1441 3504 1497 exstiterit
3550 1439 3820 1512 praecepti

2212 1536 2396 1609 hujus,
2419 1537 2650 1607 gratiam
2681 1545 2844 1606 atque
2870 1532 3318 1597 misericordiam,
3349 1531 3626 1600 vitamque
3650 1539 3818 1585 aeter-

2211 1645 2340 1686 nam
2366 1647 2397 1686 a
2424 1628 2932 1688 misericordissimo
2951 1626 3182 1685 Domino
3201 1626 3317 1682 Deo
3340 1633 3529 1682 nostro
3546 1623 3815 1695 consequi

2213 1731 2513 1779 mereatur.

595 1810 823 1878 Quando
873 1811 939 1865 ad
981 1825 1044 1865 ea
1093 1825 1215 1878 quin
1262 1808 1653 1866 catholirorum
1703 1825 1890 1879 regum
1945 1810 2108 1866 corda
2141 1795 2188 1856 Β
2286 1812 2558 1884 Scriptum
2585 1825 2686 1884 per
2716 1826 2938 1868 manum
2968 1809 3258 1880 Sophronii
3287 1807 3487 1864 notarii
3513 1807 3820 1878 regionarii

520 1899 923 1974 pontiﬁcalibus
964 1909 1092 1956 sunt
1129 1900 1350 1954 monitis
1376 1900 1740 1970 provocanda,
1787 1901 1858 1954 ita
1898 1901 2110 1956 ardenti

526 1993 797 2052 desiderio
825 1991 1005 2048 divina
1038 1992 1392 2062 proveniente
1429 1992 1602 2062 gratia
1638 1993 2020 2056 succeduntur,
2052 1999 2114 2046 ut

523 2086 597 2141 ab
643 2085 726 2140 eis
771 2083 913 2139 ultro
959 2091 1288 2154 poscantur,
1335 2091 1488 2138 tanto
1531 2083 1701 2139 alacri
1745 2091 1801 2138 et
1836 2082 1960 2137 lano
1983 2089 2114 2138 sunt

521 2177 708 2232 animo
733 2175 1100 2241 concedenda,
1131 2185 1336 2245 quanto
1366 2185 1422 2230 et
1457 2191 1520 2230 ea
1569 2176 1684 2245 ipsa
1725 2191 1851 2244 quae
1869 2176 2111 2246 cupiunt,

523 2267 574 2326 si
633 2267 835 2323 nollent
880 2265 1085 2333 facere,
1134 2266 1242 2336 peti
1299 2264 1614 2322 debuerant.
1654 2265 1912 2330 Proinde,
1956 2264 2114 2336 juxta

524 2359 730 2430 scripta
773 2359 1025 2428 petitoria
1069 2356 1164 2413 ﬁlii
1216 2356 1389 2412 nostri
1438 2355 1924 2427 prmccllentissimi
1971 2355 2116 2426 regis

522 2447 730 2515 Karoli,
761 2447 1068 2519 bnjusmodi
1106 2447 1444 2518 privilegium
1473 2449 1756 2517 praesentis
1778 2447 2120 2503 auctoritatis

524 2548 729 2596 nostra:
773 2540 994 2596 decreto
1023 2539 1200 2594 eidem
1225 2539 1559 2595 monasterio
1585 2540 1786 2596 vestris
1813 2539 2118 2610 futurisque

526 2627 866 2701 temporibus
881 2629 1240 2701 indulgemus,
1261 2630 1610 2686 concedimus
1629 2640 1792 2703 atque
1811 2629 2115 2696 ﬁrmamus,

522 2721 748 2796 utsicut
771 2720 889 2792 ipse
911 2719 1334 2791 gloriosissimus
1356 2721 1498 2777 ﬁlius
1515 2730 1703 2778 noster
1724 2721 1906 2777 divino
1925 2721 2122 2776 ductus

527 2832 728 2878 amore,
777 2816 849 2872 de
886 2815 1030 2871 villis
1057 2829 1121 2870 ac
1152 2812 1531 2878 facultatibus,
1564 2828 1658 2868 seu
1684 2811 1967 2883 stipendiis
1992 2826 2117 2882 spe-

524 2907 740 2962 cialiter
785 2906 1210 2970 monachorum,
1252 2912 1310 2960 et
1353 2903 1595 2959 ecclesia:
1642 2911 2122 2970 ornamentorum,

524 2997 613 3053 vel
660 2997 1072 3052 luminariorum
1092 3038 1107 3062 ,
1136 3011 1202 3051 ac
1247 2994 1778 3059 matriculariorum,
1811 3007 1906 3048 seu
1937 2993 2120 3063 hospi-

528 3097 670 3153 tum,
699 3098 864 3160 atque
908 3103 1205 3159 pauperum
1249 3087 1440 3142 usibus
1485 3095 1728 3152 servata,
1763 3085 1851 3142 vel
1894 3085 2117 3142 emelio-

2212 1915 2268 1962 et
2317 1905 2588 1961 scriniarii
2632 1913 2831 1960 sancta:
2876 1903 3132 1958 Romanae
3179 1901 3472 1964 Ecclesiae,
3517 1898 3571 1954 in
3621 1913 3818 1952 mense

2211 1996 2384 2067 Aprili
2409 2036 2424 2059 ,
2471 1995 2764 2050 indictione
2794 1994 3098 2049 undecima.
3130 1992 3171 2062 -ι-
3200 1992 3346 2046 Bene
3371 1990 3576 2045 valete.
3609 1987 3817 2042 Datum

2214 2096 2409 2156 quarto
2453 2084 2573 2140 Kal.
2623 2083 2790 2139 Maias
2845 2099 2943 2153 per
2989 2097 3208 2136 manum
3254 2079 3460 2136 Tiberii
3509 2075 3817 2148 primicerii

2214 2186 2416 2234 sancta:
2445 2177 2588 2232 sedis
2616 2174 2942 2245 apostolicae.
2973 2174 3274 2244 imperante
3321 2172 3523 2227 domno
3561 2168 3820 2240 piissimo

2212 2269 2456 2339 Angusto
2494 2266 2792 2331 Ludovico,
2819 2281 2850 2319 a
2880 2264 2994 2320 Deo
3019 2276 3299 2327 coronato,
3329 2277 3546 2333 magno,
3580 2259 3818 2330 paciﬁca

2191 2363 2575 2432 imperatore,
2617 2373 2759 2414 anno
2806 2365 2998 2428 quarto
3029 2356 3241 2414 decimo
3288 2353 3442 2426 regni
3485 2352 3642 2423 ejus,
3671 2351 3816 2407 indi.

2216 2455 2398 2510 ctione
2422 2453 2733 2509 undecima.

2916 2539 3110 2597 XXXI.

2429 2647 2688 2690 ιρις-κοιλ
2721 2646 2932 2688 κιεοιιι
2970 2645 3040 2685 AD
3076 2643 3326 2686 οΑιιοιυι
3359 2642 3595 2686 ωνυιι.

2822 2723 3014 2796 (Anno
3043 2719 3206 2794 εδδ.)

2291 2819 2469 2892 [Apud
2498 2817 2735 2881 Dublet.,
2770 2814 2915 2870 Hist.
2936 2815 3002 2869 de
3031 2811 3402 2878 Saint-Denis,
3425 2826 3554 2884 pag.
3581 2809 3744 2882 456.}

2290 2909 2560 2965 Nrcouus
2585 2907 2893 2977 episcopus,
2920 2919 3112 2960 servus
3157 2917 3437 2960 servorum
3477 2902 3597 2968 Dei,
3627 2901 3818 2957 excel-

2220 3001 2527 3058 lentissimo
2557 2998 2776 3056 (lanoso
2801 2997 2914 3068 regi
2937 2994 3206 3053 Francia.

2295 3091 2554 3162 Supernae
2581 3089 2946 3146 miserationis
2985 3095 3236 3158 respectu
3278 3085 3346 3142 ad
3387 3086 3492 3141 hoc
3527 3084 3817 3157 regiminis

528 3189 651 3235 r313
679 3221 694 3245 ν
749 3195 847 3236 seu
900 3190 1101 3245 θυείαν
1149 3178 1489 3234 ordinatione
1547 3193 1667 3247 quae
1720 3186 1962 3249 tempore
2015 3178 2118 3249 pia?
2146 3155 2191 3219 Ε
2223 3155 2408 3243 curam
2437 3186 2796 3256 suscepimus,
2826 3194 2887 3240 ut
2926 3184 3016 3256 pie
3062 3155 3400 3254 precantium
3446 3155 3816 3236 votis'l‘avea-

529 3273 808 3328 memoria:
849 3272 1112 3343 genitoris
1139 3272 1221 3327 sui
1255 3270 1514 3328 Ludovici
1539 3270 1804 3342 Augusti,
1850 3279 1907 3327 et
1949 3270 2120 3342 Dagon

529 3362 674 3419 berti
699 3363 974 3432 quondam
1001 3363 1176 3435 regis,
1207 3371 1368 3432 atque
1390 3361 1621 3417 aliorum
1650 3377 1857 3432 regum,
1910 3375 2117 3418 necnon

529 3464 588 3510 et
614 3454 804 3526 Pepini
829 3455 1012 3528 inclyti
1052 3455 1199 3524 regis
1242 3455 1384 3510 atavi
1425 3454 1615 3524 ipsius,
1648 3454 1908 3510 etKaroli
1950 3455 2119 3525 impe-

529 3546 732 3602 ratoris
757 3546 892 3602 divzc
921 3547 1194 3602 memoriae
1221 3547 1306 3601 avi
1337 3547 1529 3616 ipsius,
1554 3547 1748 3602 exinde
1776 3545 1953 3602 fuerat
1975 3545 2118 3601 facta

526 3635 843 3700 constituit,
893 3643 948 3690 et
994 3647 1266 3706 praecepto
1315 3651 1428 3691 sua:
1467 3636 1809 3692 auctoritatis
1857 3635 2114 3702 ﬁrmavit,

527 3725 980 3797 privilegiumque
1021 3727 1420 3782 venerabilibus
1461 3726 1720 3782 fratribus
1764 3742 1830 3780 ac
1868 3726 1994 3781 ﬁliis
2019 3741 2118 3782 no-

529 3816 666 3872 stris
709 3817 981 3888 episcopis
1023 3818 1236 3872 illarum
1269 3820 1544 3889 regionum
1577 3819 1691 3874 ﬁeri
1723 3827 1779 3872 et
1805 3819 2116 3874 conﬁrmari

525 3906 676 3968 fecit,
705 3906 779 3961 ita
807 3907 949 3961 sicut
975 3907 1029 3961 in
1067 3908 1256 3962 eodem
1302 3908 1606 3979 privilegio,
1636 3918 1798 3979 atque
1831 3908 2117 3981 praeceptis

530 3998 697 4068 regiis
728 3997 820 4052 ﬁlii
850 3999 1019 4055 nostri
1050 3999 1231 4056 Karoli
1277 4001 1470 4056 exinde
1491 4001 1615 4056 fatis
1643 4003 1967 4068 continetur,
1996 4017 2118 4072 per-

523 4097 698 4160 petuo
737 4089 1049 4146 inconvuLsa
1095 4103 1467 4161 permaneant.
1517 4093 1905 4150 Constituimus
1951 4094 2115 4149 etiam

527 4181 859 4260 auctoritate
887 4183 1029 4238 beati
1055 4183 1221 4249 Petri,
1256 4193 1316 4238 ut
1339 4184 1516 4239 nullus
1545 4201 1752 4256 regum,
1786 4200 1946 4240 nemo
1973 4185 2116 4239 anti-

519 4273 850 4340 ~stitutn,vel
869 4273 1253 4340 abbatum,seu
1267 4276 1494 4346 quilibet
1514 4291 1834 4346 quacunque
1857 4275 2116 4346 prmdi-tus

529 4364 821 4436 dignitate,
846 4365 913 4422 de
941 4365 1026 4422 his
1052 4381 1171 4438 qua:
1197 4367 1249 4421 in
1281 4366 1510 4437 praefato
1557 4367 1839 4438 privilegio
1863 4406 1880 4429 ,
1915 4381 2009 4422 seu
2059 4366 2114 4423 in

529 4456 820 4526 praeceptis
869 4456 1039 4526 ipsius
1089 4457 1182 4512 ﬁlii
1237 4458 1408 4512 nostri
1457 4457 1640 4512 Karoli
1669 4497 1684 4522 ,
1740 4472 1808 4514 ex
1858 4457 1944 4514 his
1990 4473 2113 4528 qua:

527 4547 891 4616 praemisimus
933 4546 1092 4604 iactis
1124 4549 1454 4615 continetur,
1505 4549 1587 4602 vel
1619 4550 1672 4604 in
1707 4548 1888 4604 futuro
1936 4549 2004 4604 ab
2029 4565 2119 4616 eo,

530 4637 618 4692 vel
643 4653 674 4692 a
698 4639 1028 4708 quibdslibet
1051 4640 1171 4696 aliis
1197 4641 1264 4696 de
1293 4640 1512 4710 proprio
1533 4639 1853 4706 fuerint,his
1875 4640 2121 4711 speciali-

524 4727 630 4785 bus
650 4731 838 4786 usibus
853 4730 978 4801 jure
997 4732 1188 4787 collata
1201 4732 1304 4787 sub
1323 4731 1608 4802 cujuslibet
1621 4748 1796 4788 causae
1807 4732 2121 4798 occasione,

525 4821 644 4878 sive
690 4824 906 4892 specie,
937 4823 1229 4893 quidquam
1261 4822 1505 4878 minuere
1532 4821 1618 4879 vel
1636 4821 1880 4890 auferre,
1908 4830 1966 4879 et
2001 4823 2123 4880 sive

528 4913 644 4968 suis
669 4914 858 4970 usibus
881 4914 1173 4986 applicare,
1231 4913 1315 4970 vel
1361 4913 1483 4970 aliis
1535 4913 1714 4986 (quasi
1758 4915 1862 4987 piis
1913 4913 2120 4987 causis)

433 5039 440 5046 ρ
525 5019 630 5078 pro
652 5020 767 5062 suae
801 5007 1042 5063 avaritiae
1065 5008 1418 5064 excusatione
1458 5016 1753 5080 praesumat
1798 5009 2121 5075 concedere,

526 5095 624 5152 sed
653 5106 846 5153 cuncta
870 5113 988 5168 qua:
1013 5098 1252 5169 praelatis
1275 5099 1462 5155 usibus
1507 5099 1918 5164 monachorum,
1942 5108 1998 5154 et
2025 5114 2120 5155 ec-

529 5184 714 5241 clesiae
740 5197 1214 5256 ornamentorum,
1255 5187 1342 5244 vel
1384 5188 1829 5255 luminariorum,
1860 5188 2124 5246 matricu-

530 5274 819 5344 lariorutn,
858 5277 1168 5348 hospitum,
1209 5289 1265 5335 et
1304 5294 1603 5350 pauperum
1642 5279 1822 5336 oblata
1849 5287 2004 5344 sunt,
2035 5277 2122 5335 vel

527 5369 717 5428 olferri
761 5374 1124 5445 contigerint,
1163 5374 1391 5444 perenni
1438 5382 1679 5443 tempore
1717 5372 1922 5428 illibata
1949 5381 2006 5428 ct
2036 5372 2120 5428 in-

527 5463 811 5531 wnvulsa,
845 5481 911 5522 ac
953 5465 1072 5521 sine
1105 5464 1285 5534 aliqua
1316 5463 1687 5533 inquietudine
1714 5477 1900 5519 eorum
1931 5461 2121 5518 usibus

525 5571 634 5628 pro
653 5572 888 5630 quorum
922 5557 1322 5614 sustentatione
1341 5555 1839 5626 gubernationeque
1859 5568 2120 5610 concessa

530 5657 691 5716 sunt,
726 5648 910 5706 modis
953 5647 1206 5703 omnibus
1249 5645 1529 5716 profutura
1572 5655 1944 5716 permaneant.
1994 5645 2121 5701 Hinc

529 5743 702 5815 igitur
747 5742 929 5799 omnia
977 5754 1099 5810 qum
1149 5738 1452 5811 bujusmodi
1505 5738 1757 5810 praecepti
1807 5736 2120 5809 decretique

2222 3295 2360 3344 mus,
2393 3287 2450 3334 et
2479 3278 2548 3332 ad
2576 3278 2956 3334 stabiliendam
2999 3285 3317 3332 sanctorum
3357 3273 3709 3337 ﬁrmitatem,
3753 3271 3812 3326 in

2220 3369 2416 3439 quibus
2445 3369 2560 3424 laus
2589 3369 2770 3424 divina
2803 3367 2893 3424 die
2933 3377 3206 3437 noctuque
3234 3382 3331 3438 per
3363 3365 3672 3421 universam
3713 3363 3812 3418 Dei

2220 3461 2522 3517 Ecclesiam
2577 3476 2674 3532 per
2733 3459 2924 3516 orbem
2978 3457 3225 3515 diﬁ‘usam
3278 3459 3390 3513 Deo
3442 3454 3810 3526 persolvitur.

2219 3568 2406 3608 aurem
2425 3553 2915 3610 accommodcmus.
2933 3550 3039 3607 Pro
3064 3552 3169 3606 hoc
3193 3550 3338 3608 enim
3363 3549 3644 3621 praemium
3673 3546 3809 3617 piis-

2219 3645 2420 3700 simum
2465 3644 2606 3714 apud
2634 3642 3043 3700 misericordem
3075 3643 3364 3699 Dominum
3405 3640 3653 3709 recipere
3688 3653 3812 3694 cre-

2219 3735 2418 3800 dimus,
2453 3735 2500 3791 si
2527 3734 2852 3790 venerabilia
2883 3733 3003 3790 loca
3027 3743 3330 3804 opportune
3365 3732 3634 3794 ordinata,
3661 3739 3722 3785 et
3743 3730 3809 3783 ad

2219 3827 2500 3882 meliorem
2529 3835 2729 3882 statum
2754 3825 3033 3896 perducta,
3065 3823 3267 3879 nostris
3289 3822 3490 3877 fuerint
3511 3822 3814 3892 privilegiis

2220 3918 2494 3974 roborata.
2519 3917 2708 3989 Igitur,
2761 3916 2889 3986 quia
2928 3915 3128 3970 litteris
3165 3922 3269 3970 tua:
3309 3913 3646 3969 celsitudinis
3671 3953 3688 3974 ,
3736 3911 3812 3966 ﬁli

2219 4010 2562 4074 charissima,
2612 4009 2768 4064 nobis
2819 4007 3100 4064 innotuisti
3149 4007 3218 4062 de
3257 4005 3592 4061 monasterio
3631 4004 3812 4059 sancti

2219 4099 2420 4155 Christi
2471 4099 2725 4170 martyris
2776 4097 3050 4169 Dionysii,
3099 4096 3352 4168 speciali,
3399 4105 3461 4151 ut
3503 4094 3809 4163 scripsistis

2216 4191 2432 4262 patroni
2463 4190 2562 4253 tui,
2589 4189 2862 4260 quondam
2880 4205 2910 4242 a
2928 4187 3200 4244 Ludovico
3217 4188 3326 4243 ﬁlio
3349 4186 3639 4258 Dagoberti
3667 4184 3811 4255 regis

2215 4285 2481 4348 Francia),
2509 4285 2576 4339 de
2606 4292 2874 4354 potestate
2899 4284 3045 4339 sedis
3070 4283 3358 4339 Parisiacae
3385 4282 3621 4352 episcopi
3641 4321 3655 4340 ,
3685 4296 3814 4335 cum

2215 4375 2447 4430 consilio
2507 4374 2822 4444 pontiﬁcum
2891 4372 3133 4442 ejusdem
3187 4372 3380 4442 patria:
3438 4370 3585 4440 quod
3646 4368 3814 4423 fuerit

2223 4473 2468 4535 ereptum
2489 4504 2504 4528 ,
2547 4473 2602 4518 et
2631 4463 2831 4518 abhinc
2873 4463 2973 4518 sub
3029 4462 3288 4533 regimine
3317 4475 3502 4532 regum
3523 4499 3539 4525 ,
3572 4458 3659 4514 vel
3702 4458 3813 4513 cla-

2154 4528 2201 4588 Β
2227 4528 2566 4610 fisa-imorum
2614 4553 2868 4608 abbatum
2918 4528 3136 4623 semper
3187 4528 3537 4622 dispositum,
3579 4564 3612 4604 a
3657 4549 3812 4604 nobis

2223 4645 2510 4718 postulasti
2565 4654 2625 4698 ut
2672 4643 3012 4714 privilegium
3063 4643 3443 4713 episcoporum
3494 4641 3560 4696 de
3618 4643 3810 4695 eodem

2225 4736 2563 4793 titanasterio
2587 4735 2789 4791 factum
2817 4743 3007 4789 nostro
3027 4734 3327 4807 privilegio,
3355 4734 3466 4788 imo
3487 4731 3662 4803 magis
3683 4746 3811 4799 apo-

2221 4825 2484 4882 stolorum
2516 4826 2805 4897 principis,
2847 4823 3232 4881 roboraremus
3270 4824 3621 4887 auctoritate,
3666 4821 3808 4892 quod

2222 4917 2578 4974 licentissime
2605 4917 2904 4974 secundum
2943 4925 3094 4972 tuam
3123 4914 3552 4972 benevolentiam
3588 4914 3807 4983 petitio-

2224 5023 2351 5078 nem
2401 5009 2659 5066 fulcimus
2701 5026 2716 5062 :
2763 5009 3089 5064 auctoritate
3139 5007 3402 5077 siquidem
3458 5005 3603 5061 beati
3663 5004 3810 5060 Petri

2223 5099 2588 5170 apostolorum
2619 5098 2878 5170 principis
2934 5097 3028 5168 qui
3069 5105 3394 5168 potestatem
3418 5096 3620 5167 ligandi
3650 5105 3810 5164 atque

2222 5190 2468 5248 solvendi
2510 5206 2541 5245 a
2585 5190 2817 5246 Domino
2854 5188 3066 5259 accepit
3095 5187 3314 5260 (Matth.
3359 5189 3522 5257 xvi),
3550 5185 3811 5256 cujusque

2223 5300 2326 5340 nos
2365 5283 2557 5338 vicarii
2599 5282 2919 5348 existimus,
2948 5280 3255 5337 stabilimus
3307 5287 3368 5336 ut
3418 5281 3536 5353 ipse
3589 5288 3811 5334 sanctus

2223 5376 2375 5434 locus
2397 5377 2538 5431 sicut
2561 5389 2748 5446 regum
2769 5373 3078 5445 praeceptis,
3108 5381 3165 5428 et
3184 5372 3486 5443 privilegiis
3502 5369 3811 5442 apostolicis

2222 5478 2310 5526 est
2361 5467 2562 5531 fultus,
2613 5481 2710 5537 per
2761 5465 2945 5530 omnia
3002 5472 3277 5534 tempora,
3326 5463 3444 5520 sine
3491 5461 3809 5533 repetitione

2223 5556 2591 5626 cujuscunque
2631 5554 2869 5625 episc0pi
2913 5553 3210 5609 Parisiacae
3254 5553 3430 5620 sedis,
3463 5563 3558 5610 aut
3587 5551 3810 5621 alicujus

2216 5647 2520 5717 judiciarize
2560 5646 2881 5718 potestatis,
2921 5644 3006 5700 vel
3053 5646 3421 5716 cujuscunque
3465 5643 3808 5714 prapmenus

2229 5738 2490 5804 hominis,
2511 5751 2729 5808 semper
2751 5736 2896 5794 sicut
2935 5744 3201 5808 prmoptat
3241 5744 3296 5792 et
3342 5734 3552 5807 expetit
3575 5734 3807 5792 benevo-
