4070 6310
248 5983 264 6017 Ι

287 324 389 389 821

1508 330 1865 390 EPISTOLAZ
1902 330 1989 386 ΕΤ
2032 332 2207 393 DECR
2216 337 2368 395 ETA.

3458 341 3566 399 82%

289 443 456 502 lentia
499 452 621 509 tua,
664 450 815 503 ratus
852 444 1036 535 futuro
1076 459 1326 521 tempore
1356 461 1700 522 permaneat,
1736 467 1874 523 qua-
1903 455 1951 514 Α
1981 454 2255 524 provincia
2285 458 2521 541 regionis
2549 457 2776 531 Belgica:
2800 457 3120 531 regulariter
3155 457 3432 531 subjectus
3455 458 3565 517 Ec-

291 547 451 595 tenus
480 536 649 592 abbas
676 546 732 593 et
760 520 957 595 fratres
985 520 1228 609 ejusdem
1256 520 1371 598 lociT
1390 520 1877 614 venerabilesppro

286 638 436 686 statu
466 629 616 701 regni
642 630 807 686 vestri
860 638 917 685 et
953 630 1229 688 ablutione
1254 633 1517 689 scelerum
1548 645 1877 701 vestrorum,

285 732 348 778 et
392 721 627 777 filiorum
678 732 1005 789 vestrorum,
1030 722 1145 781 Deo
1168 737 1351 797 grates
1396 736 1455 783 et
1494 737 1619 784 vota
1669 729 1876 785 solvere

284 814 543 869 deiectat.
574 813 632 869 Si
656 816 778 885 quis
806 825 985 871 autem
1022 834 1216 889 magna
1250 835 1523 892 parvaque
1540 836 1769 891 persona
1797 832 1877 877 te-

285 906 525 963 merarie
566 922 703 962 ausu
754 923 917 964 causa
966 908 1278 978 cupiditatis
1324 910 1408 965 vel
1452 912 1733 981 potestatis
1774 912 1881 969 hoc

284 1008 538 1055 nostrum
588 1000 867 1056 decretum
922 1001 1122 1057 violare
1174 1005 1615 1080 praesumpserit,
1670 1005 1716 1060 si
1766 1021 1875 1061 non

286 1090 605 1159 resipuerit,
654 1092 793 1147 sciat
833 1108 892 1147 se
921 1094 1282 1149 anatbematis
1310 1095 1524 1151 vinculo
1560 1110 1685 1151 esse
1721 1096 1877 1150 iuno-

281 1182 496 1245 datnm,
522 1192 578 1238 et
603 1199 634 1239 a
658 1200 827 1255 regno
855 1186 950 1241 Dei
977 1187 1194 1256 penitus
1214 1187 1465 1252 alienum,
1495 1198 1551 1244 et
1577 1205 1698 1244 cum
1737 1188 1874 1245 Juda

286 1276 553 1331 traditore
574 1317 591 1341 ,
624 1277 707 1331 vel
738 1294 864 1335 cum
891 1280 1146 1336 erunibus
1173 1282 1370 1351 impiis,
1405 1284 1593 1339 aeterni
1638 1283 1873 1339 incendii

286 1370 466 1436 panis
510 1370 873 1438 damnatam;
925 1389 1097 1429 causa
1144 1390 1274 1431 vero
1323 1376 1661 1434 infractionis
1702 1379 1875 1434 nostri

286 1461 552 1533 privilegii
585 1465 652 1518 ad
692 1476 940 1534 posteros
973 1478 1188 1524 nostros
1215 1472 1515 1540 perveniat.
1545 1472 1877 1529 Observato:

285 1554 678 1632 autenkhujns
720 1557 996 1614 ﬁrmitatis
1034 1561 1265 1631 gratiam
1312 1572 1370 1617 et
1413 1562 1879 1629 misericordiam,

286 1646 564 1716 vitamque
591 1658 849 1703 aeternam
890 1666 924 1705 a
966 1652 1478 1710 misericordissimo
1508 1654 1735 1711 Domino
1761 1656 1874 1712 Deo

285 1736 545 1803 consequi
590 1747 881 1793 mereatur.

1978 545 2175 611 clesiaa,
2212 560 2263 604 te
2288 558 2623 622 contempto,
2654 550 2739 607 vel
2763 549 3072 622 posthabita
3116 553 3566 624 coepiscopormn

1977 637 2146 707 ipsius
2169 637 2468 696 dimceseos
2492 640 2809 711 provinciali
2838 642 3063 713 synodo,
3091 642 3313 714 impune
3344 644 3563 710 audeat,

1976 728 2275 783 seuvaleat
2302 728 2477 785 aliena
2522 741 2780 801 expetere
2823 743 2919 787 aut
2968 743 3289 802 exspectare
3334 730 3565 801 judicia,

1974 829 2069 875 aut
2098 820 2301 877 alienas
2345 833 2534 878 contra
2570 840 2807 881 canones
2852 825 3225 881 ordinationes
3268 827 3567 895 suscipere,

1975 913 2063 969 vel
2088 914 2154 968 ad
2182 914 2315 969 alias
2341 917 2647 985 provincias
2679 916 3052 988 irregulariter
3098 918 3430 983 convolare;
3469 916 3568 971 sed

1976 1003 2054 1059 ita
2082 1015 2140 1058 ut
2169 1005 2508 1061 Nicenorum
2532 1016 2586 1063 et
2604 1017 2922 1063 ceterorum
2967 1010 3322 1065 conciliorum
3343 1009 3569 1065 canoni-

1975 1095 2056 1151 cis
2106 1096 2519 1153 definitionibus
2556 1109 2640 1153 est
2688 1100 3115 1169 promulgatum,
3175 1110 3232 1156 et
3283 1101 3568 1155 beatorum

1978 1186 2180 1253 Siricii,
2232 1188 2567 1251 ltitiocentii,
2623 1189 2861 1254 Zosimi,
2923 1190 3223 1256 C(clestini,
3282 1190 3569 1256 Bonifacii,

1973 1279 2196 1346 Leonis,
2220 1280 2434 1345 Hilarii,
2458 1280 2683 1348 Gelasii,
2712 1281 2980 1352 Gregorii,
3024 1299 3087 1338 ac
3114 1293 3436 1338 cancrorum
3462 1282 3572 1338 Ro—

1975 1383 2154 1426 manze
2197 1371 2342 1427 sedis
2386 1370 2703 1441 pontificum
2740 1372 3218 1428 constitutionibus
3264 1381 3348 1430 est
3385 1373 3572 1428 decre-

1975 1471 2112 1527 tum,
2149 1461 2300 1517 salvo
2324 1462 2376 1516 in
2411 1461 2663 1517 onmibus
2682 1460 2809 1529 jure
2850 1463 3161 1532 apostolica:
3211 1464 3373 1528 sedis,
3423 1463 3572 1527 velut

1975 1555 2044 1610 ab
2073 1555 2190 1624 ipso
2212 1553 2430 1609 Christo
2450 1561 2503 1609 et
2524 1554 2697 1609 sacris
2712 1563 2796 1609 est
2826 1563 3045 1609 cantum
3085 1555 3408 1620 canonibus,
3434 1570 3572 1609 cun-

1974 1646 2048 1702 eti
2098 1646 2211 1701 sive
2245 1645 2297 1700 in
2351 1645 2685 1716 praefatione,
2740 1647 2856 1701 sive
2903 1648 2956 1701 in
3001 1647 3313 1703 subditione
3360 1645 3570 1719 [subjco

1975 1734 2180 1807 ctione]
2220 1736 2427 1801 debita,
2450 1736 2699 1791 ordinem
2725 1738 2794 1791 ab
2816 1737 3203 1795 ecclesiasticis
3229 1739 3431 1811 regulis
3462 1747 3575 1794 tra-

361 1825 634 1895 Scriptum
660 1844 758 1898 per
783 1845 976 1884 manus
995 1830 1285 1901 sophmnii
1316 1835 1511 1889 notarii
1536 1850 1601 1891 ac
1621 1836 1871 1891 εςιοίηω-ῖί
1904 1819 1949 1879 Β
1977 1829 2146 1883 diuum
2177 1829 2551 1893 observantes,
2604 1830 3032 1899 metropolitanae
3083 1842 3188 1887 ture
3238 1834 3569 1894 auctoritati,

284 1926 491 1972 sancta:
511 1916 768 1991 Romanae
788 1920 1064 1985 Ecclesiae,
1088 1924 1144 1977 in
1162 1940 1349 1980 mense
1366 1926 1557 1995 Aprili,
1582 1928 1878 1985 indictione

286 2010 594 2065 undecima.
625 2012 768 2069 Bene
796 2013 991 2070 valete.
1024 2015 1161 2071 Data
1188 2029 1386 2087 quarto
1414 2019 1684 2077 Kalendas
1710 2021 1880 2079 Maias

284 2116 384 2171 per
407 2118 626 2158 manum
654 2103 856 2161 Tiberii
897 2107 1193 2177 primicerii
1239 2120 1442 2167 sanctae
1481 2113 1625 2169 sedis
1662 2123 1879 2185 aposto-

284 2193 406 2249 licae
428 2235 444 2259 ,
489 2196 789 2268 imperante
818 2199 1017 2256 ἀοηιιιο
1055 2203 1303 2273 piissimo
1342 2215 1603 2276 perpetuo
1633 2208 1877 2279 Augusto

285 2284 561 2343 Ludovico
604 2305 635 2344 a
684 2288 795 2346 Deo
831 2303 1115 2364 coronato,
1145 2311 1360 2369 magno,
1389 2298 1617 2369 paciﬁca
1646 2298 1880 2371 impera-

285 2386 430 2447 tore,
459 2396 604 2438 auuo
634 2383 700 2439 Η
727 2386 877 2457 regni
905 2386 1045 2457 ejus.

463 2620 532 2658 ΔΙ)
557 2622 869 2662 ΗΙΝΟΣΙΔΒΙΠΙ
898 2625 1350 2668 ΔΒΕΙΙΙΕΡΙδΕΟΡυΜ
1378 2628 1713 2669 RIIEMENSEM.

924 2721 1103 2791 (Anno
1127 2722 1277 2792 εδδ.)

281 2827 864 2907 Confirmatigsynodi
886 2832 1278 2891 Suessionensis
1327 2839 1452 2892 anni
1475 2838 1603 2902 855,
1633 2857 1751 2894 cum
1781 2840 1883 2907 pri-

357 2900 538 2982 vilegio
590 2900 866 2957 Hirti-mari
912 2907 1286 2978 archiepiscopi
1331 2919 1380 2963 et
1432 2900 1684 2965 Ecclesia:
1736 2900 1881 2966 lihe-

356 2986 567 3026 mensis.

605 3085 783 3158 [Apud
806 3088 1020 3155 Mansi.,
1051 3090 1211 3146 Cone.
1245 3100 1376 3147 tom.
1410 3091 1562 3166 XM]

1979 1922 2204 1977 honeste
2228 1933 2409 1978 tamen
2431 1934 2487 1979 et
2526 1925 2788 1980 canonice
2822 1926 3179 1997 pmecipieoti,
3209 1929 3485 1991 obediant,
3519 1938 3576 1983 et

1979 2016 2277 2071 studiosius
2313 2017 2693 2086 obtemperare
2712 2028 3026 2086 procurent.
3082 2019 3151 2074 Et
3193 2020 3295 2075 hoc
3336 2020 3577 2090 promul-

1979 2122 2189 2179 gamus,
2214 2116 2376 2177 atque
2402 2108 2694 2178 apostolica
2721 2110 3047 2165 auctoritate
3069 2110 3383 2176 statuimus,
3410 2120 3469 2164 ut
3496 2120 3574 2176 te,

1979 2213 2142 2267 quem
2180 2200 2470 2269 primatem
2520 2199 2688 2269 ipsius
2740 2201 3033 2279 provinciae
3066 2211 3269 2256 sancta:
3303 2202 3578 2257 memoria:

1979 2286 2240 2357 praesules
2264 2288 2699 2357 praedecessores
2727 2291 2919 2354 nostri,
2965 2290 3081 2346 Lee
3122 2290 3332 2347 scilicet
3360 2291 3417 2347 in
3468 2290 3579 2346 lar-

1978 2378 2184 2449 gitione
2206 2394 2337 2433 usus
2369 2379 2539 2447 pallii,
2567 2389 2623 2435 et
2647 2380 2983 2436 Benedictus
3001 2382 3284 2454 priviiegio
3321 2398 3431 2439 suae
3455 2398 3577 2438 cor-

1982 2470 2372 2535 roborationis,
2404 2479 2463 2525 ut
2485 2480 2542 2524 et
2567 2480 2948 2529 antecessores
2974 2490 3163 2529 eorum
3209 2483 3330 2531 tuos
3366 2475 3578 2545 praede-

1980 2575 2249 2626 cessores,
2280 2562 2538 2616 canonica
2574 2564 2900 2619 auctoritate
2934 2574 2992 2620 et
3027 2566 3250 2635 antiqua
3282 2575 3576 2622 consuetu-

1981 2651 2128 2716 dine,
2182 2667 2281 2722 pro
2330 2654 2643 2724 metropolis
2694 2655 2950 2711 Ecclesia:
3005 2657 3372 2729 [Rhemensis]
3418 2658 3578 2729 genio

1981 2745 2461 2810 confirmaverunt,
2492 2757 2545 2801 et
2574 2763 2673 2802 nos
2697 2750 2932 2818 primatu
2979 2751 3119 2805 beati
3148 2751 3290 2805 Petri
3326 2750 3417 2806 Dei
3446 2766 3578 2808 voce

1981 2845 2237 2906 percepto
2262 2837 2469 2907 pariter
2512 2839 2918 2897 confirmamus.
2953 2840 3161 2898 Nullius
3207 2860 3443 2914 unquam
3488 2845 3577 2898 in-

1982 2926 2199 2983 festatio
2227 2938 2417 2984 contra
2461 2930 2718 2985 canonica
2746 2932 3148 3004 apostolicaque
3193 2936 3409 2990 decreta
3463 2937 3578 2992 sive

1977 3017 2178 3088 judicia
2209 3020 2493 3088 opprimat.
2525 3030 2617 3074 aut
2661 3021 2729 3074 ab
2755 3020 2992 3077 Ecclesia
3026 3025 3123 3078 tibi
3150 3026 3438 3081 commissa
3468 3027 3579 3081 vir-

1986 3118 2099 3164 tute
2127 3110 2210 3165 vel
2244 3108 2497 3166 facultate
2524 3111 2752 3176 nudare,
2791 3122 2883 3168 alit
2911 3123 3036 3169 ante
3088 3115 3418 3170 audientiam
3462 3116 3577 3171 Ru-

359 3199 648 3264 NIGOLAUS,
678 3218 869 3257 servus
896 3218 1178 3259 servorum
1210 3206 1324 3269 Dei,
1362 3208 1796 3263 reverentissimo
1822 3217 1878 3263 et
1904 3178 1950 3241 (ἶ
1984 3203 2127 3256 mani
2154 3204 2446 3273 pontificis,
2478 3205 2603 3273 quia
2628 3219 2726 3259 nec
2757 3205 2953 3275 regulae
2985 3208 3087 3261 hoc
3134 3207 3451 3277 permittunt
3486 3223 3579 3263 ec-

284 3293 638 3348 sanclissimo
687 3296 949 3352 confratri
1001 3308 1187 3354 nostro
1234 3299 1517 3356 Htxcutno
1546 3301 1879 3357 Bliemorum

284 3386 716 3456 archiepiscopo.

361 3475 661 3531 Pastoralis
717 3478 1099 3535 sollicitudinis
1151 3496 1281 3536 cura
1334 3483 1776 3554 constringimur,
1822 3493 1881 3540 et

282 3564 390 3620 loci
436 3568 783 3631 sublimitate,
815 3586 917 3639 qua
950 3586 1047 3625 nos
1075 3588 1306 3642 superna
1338 3575 1673 3642 providentia
1716 3575 1879 3630 totius

280 3656 477 3711 domus
519 3673 629 3712 suae
665 3659 1005 3727 generalitati
1056 3663 1367 3731 prteposuit,
1409 3678 1789 3732 provocamur,
1819 3670 1878 3717 ut

283 3750 620 3820 apostolatus
650 3752 818 3807 nostri
844 3768 980 3823 apex
1025 3753 1079 3807 in
1113 3768 1177 3809 ea
1210 3762 1467 3824 tanquam
1501 3750 1637 3825 lapis
1671 3756 1880 3826 positus

284 3841 585 3913 angularis,
611 3844 678 3898 ad
708 3844 1064 3900 imitationem
1119 3846 1287 3914 ipsius
1316 3886 1333 3912 ,
1374 3846 1622 3903 ﬁdelibus
1662 3847 1877 3917 quidem

281 3944 341 3989 et
364 3935 652 3991 humilibus
696 3938 1020 3991 tutissimum
1069 3946 1124 3993 et
1169 3938 1539 3994 firmissimum
1590 3938 1876 4011 refugium,

283 4040 395 4094 quo
433 4027 613 4081 cuncti
637 4026 953 4099 frangantur
975 4037 1243 4085 tumentes
1281 4030 1519 4085 hostium
1545 4030 1757 4097 fluctus,
1787 4048 1880 4090 cx-

283 4115 507 4182 ltibeat;
542 4118 627 4173 bis
663 4128 859 4203 autem.
879 4119 969 4191 qui
993 4118 1274 4174 offendunt
1300 4122 1485 4186 verbo,
1517 4136 1620 4177 nec
1652 4122 1880 4177 credunt

284 4207 342 4263 in
367 4224 475 4279 quo
503 4217 559 4265 et
603 4211 762 4281 positi
794 4221 944 4277 sunt,
990 4212 1061 4266 sit
1094 4211 1229 4281 lapis
1253 4210 1590 4278 offensionis,
1624 4221 1682 4270 et
1724 4222 1878 4284 petra

282 4301 546 4357 scandali.
575 4301 829 4367 Proinde,
865 4304 989 4373 quia
1036 4304 1252 4359 dilectio
1281 4313 1399 4369 tua,
1439 4319 1675 4373 sequens
1718 4304 1877 4360 insti-

284 4403 403 4449 tuta
454 4394 737 4466 majorum,
789 4409 854 4449 ea
903 4410 1023 4465 qua:
1068 4405 1297 4469 possunt
1356 4395 1589 4466 aliquam
1637 4396 1881 4467 recipere

280 4485 661 4557 quaestionem,
692 4484 759 4540 ad
789 4502 913 4551 nos,
952 4488 1111 4556 quasi
1135 4487 1202 4541 ad
1246 4497 1408 4559 caput
1432 4497 1487 4542 et
1514 4487 1727 4558 apicem
1767 4488 1878 4558 epi-

1978 3291 2590 3363 clcsiasticzc,jndicare
2638 3304 2691 3351 te
2734 3296 2819 3352 vel
2847 3299 3211 3354 condemnare
3260 3306 3574 3369 pmsumat.

1981 3386 2132 3453 Quod
2158 3387 2261 3442 etsi
2294 3387 2614 3443 temerarius
2642 3388 2929 3459 quisquam
2961 3390 3099 3445 forte
3149 3394 3575 3461 praesumpserit,
3628 3394 3639 3401 ‘

1980 3479 2179 3534 nullius
2202 3480 2801 3546 cxcommunicationis,
2828 3482 2910 3536 vel
2940 3484 3307 3553 obligationis,
3332 3498 3426 3539 seu
3456 3497 3581 3539 con-

1982 3572 2343 3627 demnationis
2373 3573 2641 3627 sententia
2665 3573 2782 3628 sine
2810 3574 3027 3628 decreto
3048 3574 3278 3629 Romani
3306 3574 3579 3645 pontificis
3626 3604 3649 3613 π

1983 3656 2217 3719 tenearis
2240 3666 2516 3719 astrictus.
2545 3664 2651 3720 Sed
2682 3664 2725 3719 si
2758 3680 2788 3719 a
2833 3680 3155 3736 quocunque
3190 3666 3275 3721 vel
3303 3666 3579 3721 undecun-

1979 3769 2088 3824 que
2117 3753 2287 3809 fueris
2314 3754 2668 3824 compellatus
2696 3762 2758 3809 ut
2780 3755 2983 3810 debeas
3003 3753 3261 3822 judicari,
3296 3755 3581 3824 apostolici

1981 3857 2133 3912 papae
2184 3840 2391 3910 judicio
2422 3852 2473 3899 te
2503 3844 2794 3907 reservari,
2826 3852 3033 3907 nostra,
3099 3845 3209 3899 imo
3258 3845 3399 3899 beati
3431 3844 3579 3900 Petri

1981 3934 2209 4003 apostoli
2239 3935 2560 3989 auctoritate
2582 3934 2925 3990 decernimus
2949 3952 2962 3999 ;
3015 3950 3115 3990 nec
3144 3936 3366 3991 alterius
3392 3934 3577 4001 cuius-

1978 4042 2194 4099 cunque
2215 4024 2347 4094 juri,
2386 4026 2472 4082 vel
2492 4025 2698 4094 judicio
2726 4036 2779 4083 te
2807 4026 3024 4097 subjici,
3053 4036 3278 4098 excepta
3310 4015 3580 4098 potestate

1981 4119 2127 4176 sedis
2173 4119 2401 4175 Romani
2446 4119 2735 4188 pontificis,
2789 4135 2897 4177 nec
2946 4119 3021 4176 ad,
3062 4120 3284 4175 alterius
3330 4121 3580 4191 primatis

1979 4213 2274 4283 provincia:
2299 4213 2582 4285 synodum,
2616 4213 2716 4268 nisi
2758 4227 2826 4268 ex
2855 4214 3127 4268 communi
3162 4214 3387 4284 placito,
3418 4229 3581 4285 posse

1982 4302 2272 4359 convocari
2306 4302 2646 4358 mandamus.
2677 4303 2751 4356 lta
2784 4310 2986 4366 tamen,
3011 4303 3056 4357 si
3083 4303 3135 4359 in
3166 4303 3313 4358 nullo
3340 4304 3577 4373 negotio,

1981 4394 2297 4467 apostolicae
2318 4393 2575 4450 Romana:
2602 4395 2747 4450 sedis
2770 4393 3104 4464 jussionibus
3132 4395 3381 4451 inventus
3411 4394 3580 4449 fueris

1984 4490 2318 4545 i’nebediens.
2350 4490 2418 4545 Et
2438 4490 2539 4546 hoc
2580 4482 2981 4549 constituimus.
3014 4503 3081 4543 ne
3106 4486 3326 4556 quilibet
3358 4500 3425 4539 ex
3450 4499 3582 4553 pro.

281 4553 560 4649 scopatus,
591 4579 799 4633 referre
832 4553 1213 4649 episcopaliter
1245 4553 1596 4653 [specialiter]
1651 4553 1876 4643 studuit,
1911 4553 1958 4611 θ
1985 4582 2163 4637 vincia
2200 4582 2483 4653 metropoli
2514 4590 2617 4636 tua:
2647 4582 2850 4651 tibique
2882 4553 3258 4647 sultjecta,jus
3280 4575 3582 4630 secundum

283 4669 453 4740 (quod
478 4684 577 4723 nos
599 4668 830 4723 libenter
852 4670 1180 4739 accepimus,
1222 4672 1348 4739 quia
1379 4670 1505 4727 hinc
1531 4670 1875 4725 dilectionem

284 4772 435 4816 tuam
464 4776 757 4817 memorem
799 4777 1066 4817 canonum
1113 4763 1558 4833 comprobemus)
1614 4763 1875 4833 synodum

282 4856 453 4920 illam,
482 4871 604 4927 quae
647 4872 677 4910 a
719 4865 769 4910 te
802 4866 858 4911 et
902 4858 1120 4912 caeteris
1168 4857 1565 4912 venerabilibus
1611 4858 1880 4928 archiepi-

284 4946 466 5016 scopis
500 4954 664 5015 atque
708 4946 975 5016 episcopis
1018 4946 1071 5000 in
1120 4947 1253 5001 urbe
1284 4944 1636 5000 Suessionum
1685 4945 1877 5020 [Sues-

283 5033 494 5107 sorum]
525 5050 669 5091 anno
700 5035 1090 5091 lncarnationis
1118 5035 1402 5089 dominica:
1428 5036 1553 5100 863,
1586 5036 1879 5092 indictione

284 5127 486 5198 prima,
513 5143 546 5181 v
572 5126 844 5183 Kalendas
876 5127 1001 5184 Maii
1032 5126 1206 5182 fuerat
1229 5128 1520 5192 celebrata,
1552 5136 1607 5183 et
1631 5144 1661 5182 a
1691 5129 1879 5184 deces-

282 5232 409 5273 sore
436 5227 622 5273 nostro
649 5219 822 5273 beatae
850 5219 1124 5273 memoria:
1153 5218 1444 5274 Benedicto
1466 5234 1602 5289 papa
1632 5228 1715 5275 est
1743 5235 1877 5275 con-

282 5308 521 5371 firmata,
554 5311 696 5365 sicut
744 5311 887 5366 idem
934 5320 1137 5367 sancta:
1188 5312 1581 5366 recordationis
1631 5311 1877 5381 pontifex

283 5404 434 5458 illam
463 5406 826 5471 confirmavit,
882 5407 955 5461 ita
1012 5415 1069 5461 et
1117 5423 1214 5462 nos
1240 5421 1360 5462 eam
1391 5406 1789 5470 confirmatam,
1822 5416 1879 5460 et

284 5496 757 5571 irrefragabilem,
804 5506 1173 5570 perpetuoque
1220 5514 1533 5554 mansuram
1582 5498 1877 5570 apostolica

283 5590 609 5645 auctoritate
636 5590 999 5653 decernimus,
1032 5590 1182 5645 salvo
1208 5599 1386 5645 tamen
1434 5590 1692 5645 Romana:
1735 5590 1881 5645 sedis

284 5680 342 5736 in
366 5681 624 5737 omnibus
643 5682 801 5750 jussu
834 5689 999 5751 atque
1038 5682 1261 5752 judicio.
1294 5683 1559 5738 Prmterea
1584 5682 1800 5752 quidem
1828 5691 1883 5736 et

286 5776 586 5843 sancimus,
637 5790 704 5831 ne
731 5773 956 5848 quilibet
983 5791 1048 5831 ex
1094 5774 1423 5832 Bhemorum
1454 5773 1875 5833 Durocortorum

1981 4673 2378 4729 ecclesiasticas
2426 4673 2844 4728 constitutiones
2898 4668 3149 4741 primatui
3190 4665 3447 4722 Ecclesia:
3476 4674 3583 4720 tua:

1980 4774 2036 4819 et
2066 4764 2162 4819 tibi
2190 4764 2453 4828 debitum,
2483 4772 2539 4819 et
2565 4763 2860 4819 secundum
2884 4776 3072 4816 sacros
3096 4772 3355 4821 canones,
3389 4764 3443 4812 et
3476 4758 3575 4812 de-

1981 4864 2132 4910 creta
2159 4853 2529 4908 Romanorum
2582 4852 2919 4922 pontificum.
2957 4866 3029 4907 ex
3071 4848 3297 4919 antiqua
3346 4862 3583 4933 censuej

1986 4945 2170 4999 tudine
2226 4945 2480 5000 traditum
2520 4958 2584 4997 ac
2632 4943 3004 5004 constitutum,
3056 4938 3439 5011 quoquomodo
3485 4953 3585 5009 per

1983 5044 2351 5105 contemptum
2400 5032 2723 5098 convellere,
2784 5042 2877 5086 aut
2928 5030 3273 5102 provinciam.
3315 5029 3583 5093 dividere.

1982 5136 2073 5181 aut
2097 5127 2213 5191 tibi,
2250 5127 2335 5181 vel
2363 5125 2619 5180 Ecclesiae
2668 5134 2803 5189 tum,
2836 5136 3213 5192 quamcunque
3260 5120 3583 5177 violentiam

1981 5227 2171 5274 contra
2197 5221 2385 5274 eadem
2408 5217 2667 5272 canonica
2708 5217 3033 5281 constituta,
3053 5224 3110 5271 et
3133 5213 3348 5269 decreta
3378 5212 3583 5268 Roma-

1982 5325 2177 5365 norum
2213 5308 2551 5380 pontiﬁcum,
2602 5308 2955 5377 pertinaciter
3001 5306 3206 5362 inferre
3257 5314 3575 5376 praesumat.

1982 5400 2115 5467 Qua:
2140 5401 2329 5455 omnia
2373 5399 2743 5470 suprascripta
2798 5396 3052 5457 violaria
3107 5411 3403 5465 quoquam,
3451 5407 3576 5448 cum

1982 5492 2345 5549 anathematis
2370 5492 2798 5561 interpositione,
2842 5490 2995 5546 beati
3035 5490 3401 5560 apostolorum
3428 5487 3577 5557 prin-

1984 5586 2121 5657 cipis
2142 5585 2487 5649 auctoritate,
2518 5592 2579 5639 et
2602 5592 2786 5639 nostra
2834 5583 3128 5653 apostolica
3157 5579 3425 5636 sententia
3448 5589 3576 5646 pro-

1988 5679 2254 5733 hibemus.
2288 5676 2365 5731 Eo
2388 5676 2652 5731 duntaxat
2686 5684 2870 5731 tenore
2893 5684 2949 5730 et
2993 5674 3305 5730 conditione
3334 5670 3450 5725 lucc
3476 5679 3573 5737 per

1987 5769 2147 5842 hujus
2168 5769 2421 5841 pracepti
2452 5768 2761 5839 decretique
2786 5768 3034 5840 paginam
3061 5766 3155 5822 tibi
3175 5760 3426 5821 carnibus
3448 5759 3573 5815 vita
