4070 6310
522 332 629 390 823

1881 335 2149 394 NICOLAI
2188 337 2390 396 PAPE
2429 340 2450 397 ι

3706 335 3825 395 εδει

527 454 638 500 tua
663 444 857 504 diebus
886 447 1133 506 habenda
1178 449 1547 515 concedimus,
1575 448 1644 505 ad
1673 459 1887 521 tumque
1911 451 2118 508 securi-
2142 458 2195 518 Α
2220 466 2428 510 maeror
2475 456 2763 514 continuus
2820 455 3048 529 pepulit.
3103 455 3415 516 Praesertim
3467 469 3595 511 cum
3658 462 3825 509 tanta

528 539 667 595 tatis
693 541 1071 610 quietudiaem
1099 556 1166 598 ac
1182 541 1435 601 decorem
1467 542 1647 601 valere
1668 544 2004 615 disponimus
2031 563 2045 600 :
2072 545 2121 602 si

516 642 647 692 nam
672 626 731 689 in
753 633 1031 705 praesenti,
1061 648 1225 704 quam
1258 649 1493 704 semper,
1521 637 1649 691 dum
1695 644 1878 692 tamen
1920 638 1976 693 in
2017 622 2122 694 hae

525 720 642 780 vita
674 719 954 795 superstes
977 722 1276 790 exstiteris,
1307 722 1361 778 in
1382 723 1533 779 nullo
1556 725 1629 780 ab
1652 725 1963 795 apostolicae
1978 725 2122 782 sedis

528 812 985 884 praeceptionibus
1002 811 1401 883 quoquomodo'
1426 813 1838 885 discrepaveris.
1868 813 2025 883 Quod
2075 816 2123 871 si

527 901 559 959 ξ
594 912 797 960 sanctae
830 903 1090 959 Romanae
1117 903 1375 960 Ecclesia:
1423 905 1756 971 constitutis,
1784 905 1868 961 vel
1892 906 1960 960 ab
2003 906 2124 977 ejus

527 992 827 1065 praesulum
872 991 1235 1062 jussionibus,
1282 995 1526 1066 quolibet
1576 1005 1819 1066 tempore
1871 997 2124 1067 inventus

525 1082 707 1139 fueris
726 1094 1068 1155 segregatus,
1101 1098 1399 1154 eorumque
1426 1088 1543 1141 sive
1563 1100 1661 1155 per
1680 1086 1980 1157 epistolam,
2010 1087 2126 1143 sive

523 1187 628 1245 per
656 1172 846 1239 verba,
869 1173 1141 1230 mandatis
1162 1174 1385 1230 obedire
1411 1174 1732 1245 neglexeris,
1770 1176 1930 1248 hujus
1954 1177 2122 1247 privi-

526 1266 661 1338 legii
689 1275 858 1339 atque
880 1268 1138 1339 praecepti
1168 1277 1326 1324 tenor
1367 1268 1575 1324 nullius‘
1624 1269 1882 1325 momenti
1910 1269 2127 1339 penitus

522 1355 825 1429 iudicetur,
857 1368 916 1416 et
938 1368 1135 1415 cuneta
1159 1374 1282 1430 qua:
1307 1360 1362 1414 in
1389 1361 1844 1427 eocontinentur,
1868 1360 2023 1417 irrita
2067 1361 2122 1416 in

526 1459 856 1521 perpetuum
903 1459 1068 1520 atque
1110 1450 1293 1506 inania
1333 1466 1559 1522 prorsus
1602 1451 1858 1507 existant.
1912 1450 1972 1506 Si
2000 1451 2127 1522 quis

530 1550 713 1597 autem
738 1542 1029 1599 temerario
1056 1558 1211 1609 ausu,
1236 1558 1433 1616 magna
1452 1558 1693 1614 parvave
1710 1558 1965 1615 persona,
1990 1560 2124 1600 con-

532 1642 619 1688 tra
643 1632 749 1689 hoc
782 1642 1029 1690 nostrum
1057 1634 1410 1706 apostolicum
1466 1635 1746 1691 decretum
1800 1650 1961 1703 agere
1989 1648 2127 1706 prae-

531 1725 851 1796 sumpserit,
883 1725 1021 1780 sciat
1068 1740 1129 1781 se
1168 1726 1531 1782 anathematis
1552 1726 1769 1781 vinculo
1812 1742 1933 1783 esse
1976 1726 2130 1782 inno-

2222 544 2388 602 fuerit
2414 549 2558 618 apud
2580 548 2726 605 sedis
2744 548 3061 625 apostolicae
3085 545 3346 618 praesules
3384 546 3532 603 circa
3557 559 3824 601 reveren-

2225 635 2356 699 tiam
2379 644 2527 692 tuam
2552 652 2621 692 ex
2644 635 2807 709 longo
2829 637 2943 708 jam
2974 645 3221 707 tempore
3251 635 3602 702 conﬁdentia,
3644 643 3706 689 ut
3742 634 3821 689 ibi

2221 727 2509 801 praesentia
2536 736 2640 784 tua)
2662 727 2973 784 dilectionis
2999 727 3278 793 existeret,
3311 741 3589 797 nunquam
3631 725 3824 796 appelo

2222 819 2424 874 lantem
2455 820 2689 891 aliquem
2730 818 3082 892 apostolicam
3112 818 3321 883 sedem,
3370 817 3599 888 quodvis
3646 818 3824 872 susti-

2224 925 2357 966 nere
2389 911 2781 966 detrimentum
2819 909 3043 965 credere
3093 908 3278 979 aliquo
3332 907 3495 963 modo
3542 906 3825 976 quivisse—

2224 1016 2365 1065 mus,
2387 1002 2601 1057 etiamsi
2643 1002 2710 1058 de
2739 1000 3044 1070 huiusmodi
3074 1014 3137 1055 re
3193 1000 3249 1055 in
3292 997 3467 1055 sacris
3515 997 3825 1053 canonibns

2222 1093 2356 1164 quid
2408 1092 2804 1149 observandum
2847 1101 2993 1147 esset
3029 1091 3168 1147 nihil
3206 1106 3430 1161 prorsus
3454 1089 3825 1145 inveniretur.

2224 1181 2504 1251 Praecipue
2545 1197 2667 1237 cum
2696 1189 2859 1237 tanta:
2895 1181 3173 1253 sapientize
3210 1190 3264 1237 te
3299 1181 3482 1235 virum
3525 1195 3651 1236 esse
3707 1197 3829 1236 non

2225 1274 2579 1339 nesciremus,
2612 1283 2888 1344 tantmque
2936 1272 3327 1328 familiaritatis
3368 1272 3623 1327 ﬁduciam
3670 1271 3828 1343 apud

2224 1364 2480 1420 dilectum
2508 1364 2678 1420 ﬁlium
2705 1376 2950 1421 nostrum
2990 1378 3174 1435 regem
3215 1363 3470 1421 Carolum
3518 1365 3829 1434 comperis-

2224 1469 2410 1511 semus
2435 1462 2583 1510 tuam
2612 1456 2814 1513 habere
2839 1455 3281 1522 sanctimoniam,
3315 1466 3377 1511 ut
3401 1455 3449 1511 si
3479 1471 3587 1526 qua
3626 1456 3683 1510 in
3713 1454 3831 1511 illis

2226 1546 2472 1619 partibus
2514 1545 2657 1601 mala
2706 1547 2765 1602 in
2803 1546 3042 1603 Ecclesia
3075 1546 3286 1601 Domini
3315 1545 3666 1617 pullularent.
3716 1561 3826 1616 per

2228 1646 2334 1693 tua:
2362 1636 2744 1694 sollicitudinis
2764 1638 3089 1693 industriam
3112 1652 3371 1693 resecare
3395 1637 3681 1703 radicitus,
3704 1652 3827 1692 me—

2227 1728 2548 1785 ditaremur.
2592 1728 2862 1784 Debuerat
2904 1737 3054 1785 certe
3090 1727 3369 1785 beatitudo
3397 1736 3511 1795 tua,
3551 1743 3677 1784 eum
3706 1728 3828 1784 Ro-

534 1814 744 1879 datnm,
797 1826 854 1871 et
898 1831 930 1870 a
967 1829 1134 1887 regno
1162 1816 1261 1871 Dei
1305 1815 1566 1883 alienum,
1613 1825 1671 1872 et
1708 1832 1833 1872 cum
1877 1816 2128 1872 omnibus
2157 1818 2205 1880 Β
2232 1820 2457 1876 'thadum
2493 1821 2652 1877 toties
2689 1819 3127 1886 examinaveras,
3166 1820 3416 1876 scribens
3452 1820 3626 1875 sancti
3670 1818 3825 1874 Petri

538 1905 727 1976 impiis
766 1907 959 1963 aeterni
1009 1908 1248 1964 incendii
1275 1909 1544 1993 supplicio
1593 1909 2032 1966 condemnatum.
2061 1908 2135 1965 At

535 2011 681 2080 vero
695 1998 789 2069 qui
816 1999 1140 2056 observator
1164 2001 1437 2058 exstiterit
1485 2003 1740 2073 praecepti
1792 2000 1974 2070 hujus,
2011 2016 2135 2073 grav

538 2087 673 2144 tiam
696 2097 859 2159 atque
883 2089 1335 2156 misericordiam,
1377 2092 1656 2162 vitamque
1679 2101 1942 2147 aeternam
1970 2107 2002 2146 a
2036 2092 2134 2147 mi-

539 2179 981 2237 sericordissimo
1030 2181 1261 2262 Domino
1319 2183 1431 2239 Deo
1481 2194 1666 2239 nostro
1715 2184 1970 2255 consequi
2019 2198 2134 2241 me-

539 2278 750 2325 reatur.
779 2269 1054 2342 Scriptum
1110 2287 1209 2342 per
1248 2288 1467 2328 manum
1500 2273 1778 2330 Zacharia:
1804 2274 2001 2330 notarii
2044 2289 2133 2329 re-

525 2360 794 2432 .gionarii,
840 2370 897 2417 et
930 2361 1185 2418 scrinarii
1232 2373 1435 2420 sanctae
1485 2364 1744 2421 Romana:
1788 2365 2044 2421 Ecclesia:
2073 2364 2132 2427 in

534 2466 725 2523 mense
754 2451 951 2524 Aprili,
976 2454 1271 2511 indictione
1315 2471 1391 2510 xr.
1424 2456 1572 2511 Bene
1599 2456 1737 2511 vale.
1780 2457 1915 2512 Data
1942 2472 1997 2511 IV
2030 2456 2134 2511 Ka-

533 2543 724 2599 lendas
752 2542 900 2610 Maii,
939 2558 1040 2615 per
1089 2560 1286 2601 manus
1331 2546 1536 2602 Tiberii
1587 2547 1887 2617 primicerii
1923 2555 2132 2602 sanctzn

535 2633 683 2689 sedis
710 2634 1047 2705 apostolicae,
1091 2636 1396 2707 imperante
1422 2638 1671 2707 piissimo
1701 2638 1922 2695 domino
1959 2638 2133 2708 impe-

536 2733 722 2782 ratore
743 2726 989 2798 Augusto
1018 2726 1310 2794 Ludovico,
1360 2745 1392 2784 a
1440 2730 1552 2786 Deo
1595 2739 1879 2798 coronato,
1908 2743 2128 2802 magno,

536 2815 794 2887 paciﬁco,
815 2818 1035 2890 imperii
1057 2832 1203 2877 anno
1219 2834 1334 2887 XIV,
1357 2818 1652 2878 indictione
1678 2836 1753 2878 ιι.
2108 2842 2111 2845 λ

1217 2950 1455 3010 XXXIII.

1155 3081 1226 3122 AD
1272 3082 1515 3124 EUHDEI.

1176 3181 1357 3255 (Anno
1382 3183 1535 3255 863.)

541 3290 628 3364 De
639 3290 893 3364 ΔιίοιΙριιιΙο
913 3293 1104 3349 iterum
1123 3295 1358 3364 principi!
1383 3305 1441 3349 ut
1469 3294 1691 3349 Romam
1713 3296 1957 3350 mittatur
1966 3294 2127 3364 juxta

528 3418 537 3429 ,
608 3362 818 3437 litteras
859 3364 931 3418 ad
970 3362 1229 3437 synodum
1276 3362 1576 3437 rescriptas,
1606 3376 1669 3437 ret
1714 3368 1779 3421 de
1824 3362 2125 3437 privilegiis,

603 3450 724 3509 qua:
746 3432 1069 3489 llincmar'us
1083 3433 1335 3491 Ecclesia:
1349 3432 1459 3491 sua:
1478 3436 1783 3507 conﬁrmari
1803 3432 2126 3509 postulabat,

580 3502 786 3575 .di/l'ert
813 3521 1107 3560 assensum.

1036 3615 1216 3690 [Apud
1240 3615 1433 3682 Mansi,
1471 3616 1630 3690 ibid.)

607 3738 881 3797 NICOLAUS
906 3739 1218 3809 episcopus,
1260 3754 1455 3795 servus
1491 3754 1780 3796 servorum
1818 3739 1936 3807 Dei,
1964 3737 2130 3798 Hine:-

537 3846 687 3889 uno
716 3834 1148 3905 archiepiscopo.

526 3956 531 3961 ο
607 3923 969 3981 Beatitudiuis
1015 3936 1121 3981 tua:
1150 3925 1307 3981 lectis
1344 3926 1609 3997 apicibus,
1648 3926 1775 3997 quia
1818 3926 2131 3982 fraternita-

536 4023 651 4069 tem
711 4022 865 4070 tuam
907 4016 1053 4072 circa
1102 4026 1349 4073 sanetam
1406 4017 1707 4073 Romanam
1763 4018 1989 4084 sedem,
2041 4015 2131 4073 cui

538 4115 766 4162 auctore
831 4107 1139 4164 altithrono.
1174 4107 1497 4180 'pnesumus
1519 4152 1534 4176 ,
1591 4124 1830 4182 ergaque
1881 4119 2131 4166 nostrum

536 4199 900 4271 pontificium,
927 4200 989 4254 in
1012 4201 1201 4256 eadem
1235 4217 1342 4272 qua
1384 4201 1541 4257 solita
1572 4209 1693 4258 erat
1742 4200 1893 4275 [edit.
1943 4201 2128 4268 Rom.,

540 4293 843 4369 persistere]
857 4295 1144 4353 devotione
1168 4298 1492 4369 repiremus,
1508 4296 1695 4352 lmtitia
1721 4296 1888 4352 multa
1915 4295 2131 4367 repleti,

539 4390 725 4449 debita
763 4391 1118 4462 omnipotenti
1141 4392 1369 4447 Domino
1394 4392 1695 4463 gratiarum
1723 4389 1901 4446 ofﬁcia
1923 4387 2132 4460 persol-

540 4487 739 4551 vimus,
787 4486 1239 4555 sanctitatemque
1283 4495 1516 4541 vestram
1554 4484 1623 4540 ad
1669 4483 1853 4540 sedem
1879 4480 2135 4555 apostoli-

542 4593 685 4644 cam,
716 4576 786 4633 de
822 4577 909 4634 his
936 4593 1058 4648 qua:
1086 4578 1196 4633 sibi
1216 4576 1331 4632 visa
1359 4586 1487 4632 sunt
1523 4577 1874 4642 referentem,
1923 4590 1989 4632 ac
2031 4590 2132 4646 pro

541 4668 798 4724 Ecclesia:
840 4667 942 4723 sibi
971 4668 1279 4722 commissas
1318 4667 1758 4732 necessitatibus,
1782 4674 1947 4736 atque
1986 4662 2133 4720 utili-

544 4761 765 4825 tatibus,
796 4759 1448 4830 apostolatumnostrmn
1492 4756 1852 4828 postulantem
1895 4753 2135 4810 laudavi-

546 4865 704 4916 mus;
740 4858 797 4904 et
840 4848 981 4904 nihil
1014 4848 1311 4918 essequod
1348 4846 1677 4902 fraterni-tati
1709 4855 1814 4900 tua:
1865 4846 2135 4915 denegare

545 4948 822 5011 oporteret
850 4939 1066 5010 penitus
1102 4937 1428 5008 jndieantes,
1452 4946 1514 4992 ut
1546 4951 1911 4992 annueremns
1948 4932 2137 5004 petitis

547 5032 833 5088 confeStim
864 5034 1027 5087 corde
1070 5032 1439 5101 concepimus,
1487 5040 1777 5099 menteque
1813 5026 2139 5083 deliberavi-

548 5139 692 5180 mus.
738 5123 981 5195 Cumque
1014 5124 1170 5179 lectis
1202 5123 1571 5178 nionnmentis
1600 5133 1900 5193 gestorum,
1943 5118 2140 5189 quibus

548 5234 675 5273 cum
708 5217 918 5273 caeteris
947 5216 1281 5288 coepisc0pis
1305 5216 1411 5272 tuis
1435 5216 1551 5271 visa
1578 5223 1663 5270 est
1683 5223 1773 5267 tua
1800 5226 2018 5283 quoque
2040 5224 2137 5265 ve-

548 5307 867 5363 nerabilitas
894 5304 1303 5378 subscripsisse
1326 5349 1341 5371 ,
1380 5306 1684 5363 invenimus
1733 5302 2139 5359 sanctissimum

550 5401 776 5455 fratrem
808 5397 1113 5454 Rothadum
1142 5398 1493 5470 apostolicam
1532 5396 1892 5468 appellantem
1930 5391 2137 5456 sedem,

550 5492 1110 5563 vobisjudicantibus,
1140 5492 1311 5562 gradu
1331 5492 1679 5561 episcopatus
1693 5487 1965 5557 dejectutn
1986 5481 2143 5537 valde

447 5606 453 5614 ’
554 5586 827 5644 doluimus
856 5594 946 5653 ;et
970 5584 1152 5642 cordis
1181 5585 1353 5640 nostri
1383 5584 1659 5655 gaudium,
1683 5580 1829 5653 quod
1862 5577 2049 5635 fratris
2085 5583 2143 5631 et

551 5675 856 5748 coepiscopi
883 5674 1055 5731 nostri
1080 5673 1286 5730 Odonis
1314 5675 1578 5730 adventus
1608 5671 1829 5736 fecerat,
1862 5667 2077 5738 cognito
2109 5682 2141 5720 a

551 5767 903 5827 veneratione
929 5776 1018 5821 tua
1060 5773 1247 5821 contra
1299 5780 1451 5836 spem
1487 5762 1800 5835 huiusmodi
1847 5758 2141 5821 commisso

2231 1912 2551 1967 memoriam
2609 1911 2882 1966 honorare
2906 1948 2923 1976 ,
2975 1910 3203 1980 ejusque
3244 1908 3511 1979 judicium
3536 1949 3558 1977 ,
3601 1907 3827 1965 etiamsi

2230 2018 2508 2073 nunquam
2535 2001 2857 2073 appellasset
2893 2001 3033 2057 idem
3076 2001 3381 2067 liothadus,
3424 2002 3611 2057 modis
3640 2000 3827 2056 omni-

2230 2095 2334 2150 bus
2360 2093 2685 2164 pra'stolari.
2713 2092 2844 2149 Etsi
2880 2092 2934 2147 id
2969 2106 3130 2163 agere
3161 2091 3453 2159 noiuisses,
3483 2090 3682 2146 saltem
3699 2098 3827 2161 post

2228 2186 2666 2256 appellationem,
2687 2186 2960 2241 cathedra:
2973 2184 3163 2254 ipsius,
3175 2184 3268 2255 qui
3284 2184 3572 2239 videbatur
3589 2183 3824 2253 ejectus,

2230 2278 2469 2334 alterum
2493 2294 2601 2334 non
2621 2278 2952 2349 ordinasses,
2981 2277 3295 2348 priusquam
3320 2276 3439 2346 ejus
3466 2291 3630 2330 causa
3660 2275 3828 2345 juxta

2231 2384 2418 2426 sacros
2450 2385 2690 2427 canones
2718 2371 2770 2425 in
2803 2378 2990 2425 nostro
3033 2369 3240 2441 judicio
3289 2368 3456 2425 fuisse
3504 2369 3823 2423 terminata.

2229 2460 2434 2517 Verum
2462 2460 2530 2516 de
2573 2461 2844 2525 Rothado,
2890 2460 3007 2515 viro
3030 2460 3351 2524 venerabili,
3403 2459 3705 2514 secundum
3733 2459 3829 2512 in-

2231 2553 2439 2608 dultam
2462 2553 2619 2609 nobis
2644 2570 2673 2608 a
2697 2554 2904 2609 sanctis
2930 2553 3131 2624 regulis
3160 2560 3504 2622 potestatem,
3529 2566 3653 2622 qua:
3684 2566 3830 2621 pra:-

2229 2643 2436 2714 cipiunt
2485 2644 2535 2700 id
2578 2644 3007 2709 observandum,
3048 2643 3191 2713 quod
3219 2652 3406 2699 nostro
3453 2642 3831 2713 qualicunque

2230 2736 2459 2793 consilio
2480 2737 2651 2792 visum
2693 2737 2987 2802 eaStiterit,
3031 2737 3085 2791 in
3111 2737 3339 2806 epistola
3390 2746 3602 2802 nostra,
3657 2752 3827 2806 quam

2229 2828 2299 2884 ad
2322 2841 2641 2884 communes
2662 2827 2858 2883 fratres
2876 2838 2931 2883 et
2956 2827 3309 2899 eoepiseopos
3339 2837 3558 2883 nostros
3584 2828 3638 2882 in
3653 2843 3828 2898 regno

2230 2916 2452 2989 gloriosi
2481 2917 2625 2989 regis
2645 2915 2822 2973 Caroli
2853 2916 3163 2973 charissimi
3186 2916 3278 2972 ﬁlii
3303 2916 3479 2973 nostri
3494 2917 3830 2972 constitutos

2231 3009 2653 3075 transmisimus,
2670 3009 2815 3065 inter
2833 3023 2971 3079 quos
2994 3018 3052 3064 et
3081 3017 3172 3063 tua
3197 3016 3582 3064 connumerata
3610 3007 3824 3062 sancti-

2231 3111 2318 3158 tas
2350 3101 2612 3166 eernitur,
2637 3100 2915 3156 decretum
2942 3110 3111 3169 atque
3136 3098 3417 3154 deﬁnitum
3441 3114 3475 3153 at
3498 3098 3661 3153 nobis
3698 3111 3827 3153 esse

2152 3174 2199 3239 (ἶ
2230 3193 2589 3265 dignoscitur.
2617 3191 2702 3246 Ad
2718 3206 2881 3262 quam
2913 3190 3226 3245 fraternitas
3244 3198 3673 3253 tnareenrrens,
3693 3186 3825 3256 quid
3887 3185 3908 3205 ‘

2228 3285 2296 3342 de
2349 3295 2404 3340 te
2451 3285 2826 3341 censuerimns
2863 3281 3025 3337 facile
3069 3294 3408 3352 cognoscere
3444 3279 3672 3350 poterit.
3722 3277 3825 3333 Cui

2228 3375 2527 3434 deﬁnitioni
2579 3385 2778 3432 nostra:
2832 3375 2972 3430 bene
3029 3372 3196 3428 facies
3233 3371 3567 3427 attendendo
3600 3412 3618 3436 ,
3673 3385 3744 3425 ne
3775 3370 3821 3425 si

2227 3470 2431 3528 diutius
2469 3476 2660 3524 contra
2704 3466 2993 3522 interdicta
3040 3462 3487 3534 prmsumpserit,
3542 3460 3824 3516 canonicis

2229 3560 2439 3634 legibus
2464 3567 2801 3632 angustatur.
2825 3555 3111 3625 Privilegia
3137 3562 3397 3625 pra:terea
3423 3553 3497 3608 ab
3520 3551 3821 3621 apostolica

2228 3657 2356 3713 sede
2394 3661 2592 3711 vestra:
2645 3649 2904 3707 Ecclesiae
2949 3646 3321 3703 conﬁrmanda
3364 3644 3684 3714 deposcitis,
3731 3641 3824 3712 qui

2231 3762 2412 3808 tamen
2442 3738 2626 3806 uestra
2650 3744 2931 3817 privilegia
2959 3750 3223 3813 quantum
3251 3740 3305 3795 in
3339 3739 3499 3795 vobis
3522 3747 3628 3802 est,
3666 3739 3817 3793 inﬁr-

2228 3857 2382 3900 mare
2413 3840 2676 3910 satagitis.
2727 3836 2948 3892 Portum
2979 3832 3319 3890 salutifcrum
3348 3839 3599 3887 sanctam
3624 3828 3823 3884 Roma-

2230 3947 2358 3989 nam
2384 3929 2680 3986 Ecclesiam
2708 3925 3008 3998 appellatis,
3036 3924 3129 3993 qui
3154 3932 3333 3978 tamen
3365 3921 3421 3976 in
3455 3936 3524 3977 eo
3564 3934 3633 3974 ne
3653 3917 3819 3987 aliqui

2232 4022 2533 4086 salventur,
2574 4028 2835 4090 quantum
2887 4016 3147 4087 potestis,
3195 4024 3443 4085 satagere
3494 4010 3821 4081 procantis.

2232 4111 2534 4180 Quomodo,
2572 4123 2728 4178 rogo,
2756 4106 3037 4178 privilegia
3064 4113 3155 4159 tua
3184 4113 3330 4159 stare
3360 4109 3638 4172 poterunt,
3669 4100 3718 4154 si
3748 4103 3821 4153 ita

2231 4200 2512 4274 privilegia
2545 4198 2634 4252 illa
2664 4204 2964 4255 cassentur,
3008 4207 3106 4264 per
3134 4207 3257 4262 qua:
3284 4200 3373 4245 tua
3399 4189 3681 4260 privilegia
3723 4188 3825 4242 ini-

2234 4296 2373 4353 tium
2400 4292 2695 4362 sumpsisse
2715 4286 3048 4345 noscuntur?
3074 4293 3169 4340 aut
3188 4281 3346 4353 cujus
3384 4280 3645 4337 momenti
3668 4288 3828 4335 erunt

2234 4376 2351 4452 tua,
2381 4383 2431 4441 si
2458 4397 2559 4455 pro
2593 4380 2764 4437 nihilo
2808 4385 3001 4434 nostra
3017 4374 3364 4447 pendantur?
3387 4373 3432 4429 si
3462 4386 3701 4442 namque
3746 4369 3825 4425 sal

2237 4478 2562 4535 infamatum
2586 4473 2779 4539 fuerit,
2803 4471 2859 4526 in
2900 4484 3009 4541 quo
3055 4467 3320 4524 satietur?
3366 4463 3587 4538 (Matth.
3612 4464 3695 4535 v.)
3720 4461 3828 4547 ye-

2240 4578 2545 4627 rumtamen
2587 4563 2865 4623 sanctitati
2911 4576 2977 4618 ac
3020 4560 3298 4617 dilectioni
3347 4567 3456 4613 tum
3496 4555 3827 4627 injungimus

2239 4671 2402 4732 atque
2430 4658 2794 4731 praecipimus,
2813 4664 2873 4710 ut
2890 4654 3031 4710 lecta
3054 4650 3356 4708 sanctionis
3376 4659 3581 4704 nostra:
3607 4646 3820 4717 pagina,

2239 4768 2402 4825 quam
2430 4765 2528 4822 per
2556 4750 2798 4806 Odonem
2823 4759 3168 4803 communem
3198 4742 3423 4798 fratrem
3465 4749 3525 4796 et
3551 4740 3825 4808 coepisco-

2240 4859 2368 4916 pum
2392 4838 2707 4897 beatitudini
2742 4847 2863 4901 tum,
2896 4845 3059 4905 atque
3079 4832 3294 4891 caeteris
3313 4830 3709 4887 comministris
3726 4827 3824 4882 tuis

2242 4935 2559 4996 direximus,
2592 4946 2714 5001 quae
2739 4930 2806 4985 de
2843 4942 2988 4997 sape
3025 4924 3304 4981 nominato
3341 4920 3597 4978 Botbado
3644 4920 3822 4975 decre-

2242 5024 2444 5087 vimus,
2472 5037 2579 5077 una
2612 5034 2737 5075 cum
2766 5018 2848 5073 eis
2890 5016 3112 5072 studeas
3163 5012 3641 5069 consummatione
3670 5006 3825 5080 perﬁ—

2243 5130 2371 5176 cet'e
2394 5129 2410 5169 :
2440 5122 2705 5183 quatenus
2732 5120 2788 5164 et
2810 5107 3068 5165 charitati
3097 5114 3298 5162 nostra:
3314 5111 3365 5158 et
3392 5102 3651 5159 amicitia:
3670 5110 3825 5168 atque

2246 5207 2435 5280 gratiae
2464 5203 2738 5275 particeps
2762 5214 2978 5269 semper
3001 5195 3317 5259 inveniatis,
3335 5202 3393 5250 et
3412 5193 3483 5248 ad
3502 5188 3822 5263 amputanda

2246 5299 2408 5355 noxia
2438 5296 2675 5351 hostium
2704 5300 2907 5348 sanctae
2936 5291 3029 5346 Dei
3074 5288 3333 5364 Ecclesia;
3366 5285 3643 5357 germina,
3670 5291 3825 5350 atque

2248 5389 2318 5446 ad
2346 5387 2580 5444 salubria
2626 5384 2857 5439 serenda
2903 5381 3245 5438 sanctitatem
3300 5386 3450 5433 tuam
3498 5373 3821 5432 consociant.

2246 5483 2318 5539 de
2345 5489 2540 5536 caetero
2585 5475 2928 5532 familiariter
2974 5473 3316 5528 habeamus:
3368 5469 3559 5539 sicque
3615 5465 3825 5520 demunt

2250 5582 2402 5630 tanto
2423 5571 2760 5632 studeamus,
2783 5567 2947 5621 etiam
2977 5579 3085 5618 non
3123 5561 3403 5633 postulati,
3432 5568 3627 5616 cutura
3646 5565 3827 5613 omnes

2249 5662 2544 5722 malevolos
2577 5670 2720 5724 tuos,
2769 5667 2980 5727 tuaeque
3022 5654 3278 5710 Ecclesiae
3324 5650 3692 5713 adversarios.
3739 5643 3828 5700 tibi

2247 5756 2530 5831 privilegia
2557 5750 2971 5824 promulgando,
3017 5756 3071 5805 et
3112 5744 3699 5819 arctiusinlnereudo,
3724 5738 3826 5795 for-
