  <div class='ocr_page' id='page_1' title='image "/cluster/home/n/w/nwhite01/storage/ocr_20150623/119/hvd.32044015466915/418.png"; bbox 0 0 4070 6310; ppageno 0'>
   <div class='ocr_carea' id='block_1_1' title="bbox 277 339 384 400">
    <p class='ocr_par' dir='ltr' id='par_1_1' title="bbox 277 339 384 400">
     <span class='ocr_line' id='line_1_1' title="bbox 277 339 384 400; baseline -0.019 0"><span class='ocrx_word' id='word_1_1' title='bbox 277 339 384 400; x_wconf 69' lang='lat'><strong>825</strong></span> 
     </span>
    </p>
   </div>
   <div class='ocr_carea' id='block_1_2' title="bbox 1515 337 2382 400">
    <p class='ocr_par' dir='ltr' id='par_1_2' title="bbox 1515 337 2382 400">
     <span class='ocr_line' id='line_1_2' title="bbox 1515 337 2382 400; baseline 0.006 -5"><span class='ocrx_word' id='word_1_2' title='bbox 1515 337 1876 396; x_wconf 62' lang='lat' dir='ltr'><strong>EPISTOLIE</strong></span> <span class='ocrx_word' id='word_1_3' title='bbox 1914 339 2004 397; x_wconf 83' lang='lat' dir='ltr'><strong>ET</strong></span> <span class='ocrx_word' id='word_1_4' title='bbox 2042 339 2382 400; x_wconf 75' lang='lat' dir='ltr'><strong>DECRETA.</strong></span> 
     </span>
    </p>
   </div>
   <div class='ocr_carea' id='block_1_3' title="bbox 3446 343 3553 400">
    <p class='ocr_par' dir='ltr' id='par_1_3' title="bbox 3446 343 3553 400">
     <span class='ocr_line' id='line_1_3' title="bbox 3446 343 3553 400; baseline -0.019 -1"><span class='ocrx_word' id='word_1_5' title='bbox 3446 343 3553 400; x_wconf 74' lang='lat'><strong>8&#39;26</strong></span> 
     </span>
    </p>
   </div>
   <div class='ocr_carea' id='block_1_4' title="bbox 253 449 3554 528">
    <p class='ocr_par' dir='ltr' id='par_1_4' title="bbox 253 449 3554 528">
     <span class='ocr_line' id='line_1_4' title="bbox 253 449 3554 528; baseline -0.004 -18"><span class='ocrx_word' id='word_1_6' title='bbox 253 457 409 520; x_wconf 24' lang='lat' dir='ltr'><strong>,titer</strong></span> <span class='ocrx_word' id='word_1_7' title='bbox 460 465 790 523; x_wconf 80' lang='lat' dir='ltr'><strong>expugnare,</strong></span> <span class='ocrx_word' id='word_1_8' title='bbox 843 461 1048 522; x_wconf 86' lang='lat' dir='ltr'><strong>quanto</strong></span> <span class='ocrx_word' id='word_1_9' title='bbox 1091 449 1423 509; x_wconf 83' lang='lat' dir='ltr'><strong>senserimus</strong></span> <span class='ocrx_word' id='word_1_10' title='bbox 1466 449 1862 507; x_wconf 70' lang='lat' dir='ltr'><strong>fraternitatem</strong></span> <span class='ocrx_word' id='word_1_11' title='bbox 1889 457 1940 516; x_wconf 75' lang='grc' dir='ltr'>Α</span> <span class='ocrx_word' id='word_1_12' title='bbox 1965 454 2121 524; x_wconf 85' lang='lat' dir='ltr'><strong>cipis,</strong></span> <span class='ocrx_word' id='word_1_13' title='bbox 2149 456 2303 526; x_wconf 90' lang='lat' dir='ltr'><strong>cujus</strong></span> <span class='ocrx_word' id='word_1_14' title='bbox 2323 456 2508 513; x_wconf 83' lang='lat' dir='ltr'><strong>sedem</strong></span> <span class='ocrx_word' id='word_1_15' title='bbox 2536 454 2919 528; x_wconf 81' lang='lat' dir='ltr'><strong>appellaverat,</strong></span> <span class='ocrx_word' id='word_1_16' title='bbox 2955 455 3118 524; x_wconf 91' lang='lat' dir='ltr'><strong>fame,</strong></span> <span class='ocrx_word' id='word_1_17' title='bbox 3149 464 3206 512; x_wconf 86' lang='lat' dir='ltr'><strong>et</strong></span> <span class='ocrx_word' id='word_1_18' title='bbox 3235 455 3325 512; x_wconf 80' lang='lat' dir='ltr'><strong>siti</strong></span> <span class='ocrx_word' id='word_1_19' title='bbox 3366 472 3433 512; x_wconf 64' lang='lat' dir='ltr'><strong>ac</strong></span> <span class='ocrx_word' id='word_1_20' title='bbox 3470 456 3554 511; x_wconf 73' lang='lat' dir='ltr'><strong>in-</strong></span> 
     </span>
    </p>
   </div>
   <div class='ocr_carea' id='block_1_5' title="bbox 280 544 1866 617">
    <p class='ocr_par' dir='ltr' id='par_1_5' title="bbox 280 544 1866 617">
     <span class='ocr_line' id='line_1_5' title="bbox 280 544 1866 617; baseline -0.001 -16"><span class='ocrx_word' id='word_1_21' title='bbox 280 555 431 602; x_wconf 90' lang='lat' dir='ltr'><strong>tuam</strong></span> <span class='ocrx_word' id='word_1_22' title='bbox 456 555 646 603; x_wconf 91' lang='lat' dir='ltr'><strong>contra</strong></span> <span class='ocrx_word' id='word_1_23' title='bbox 670 544 814 600; x_wconf 83' lang='lat' dir='ltr'><strong>beati</strong></span> <span class='ocrx_word' id='word_1_24' title='bbox 835 544 980 600; x_wconf 87' lang='lat' dir='ltr'><strong>Petri</strong></span> <span class='ocrx_word' id='word_1_25' title='bbox 1007 545 1372 616; x_wconf 83' lang='lat' dir='ltr'><strong>apostolorum</strong></span> <span class='ocrx_word' id='word_1_26' title='bbox 1403 545 1685 616; x_wconf 86' lang='lat' dir='ltr'><strong>principis,</strong></span> <span class='ocrx_word' id='word_1_27' title='bbox 1722 547 1866 617; x_wconf 88' lang='lat' dir='ltr'><strong>ejus-</strong></span> 
     </span>
    </p>
   </div>
   <div class='ocr_carea' id='block_1_6' title="bbox 283 635 1867 708">
    <p class='ocr_par' dir='ltr' id='par_1_6' title="bbox 283 635 1867 708">
     <span class='ocr_line' id='line_1_6' title="bbox 283 635 1867 708; baseline 0 -16"><span class='ocrx_word' id='word_1_28' title='bbox 283 651 390 708; x_wconf 86' lang='lat' dir='ltr'><strong>que</strong></span> <span class='ocrx_word' id='word_1_29' title='bbox 419 636 565 692; x_wconf 85' lang='lat' dir='ltr'><strong>sedis</strong></span> <span class='ocrx_word' id='word_1_30' title='bbox 601 635 883 706; x_wconf 80' lang='lat' dir='ltr'><strong>privilegia</strong></span> <span class='ocrx_word' id='word_1_31' title='bbox 916 635 1063 691; x_wconf 89' lang='lat' dir='ltr'><strong>nullo</strong></span> <span class='ocrx_word' id='word_1_32' title='bbox 1089 646 1432 707; x_wconf 87' lang='lat' dir='ltr'><strong>argumento,</strong></span> <span class='ocrx_word' id='word_1_33' title='bbox 1471 637 1616 691; x_wconf 91' lang='lat' dir='ltr'><strong>nulla</strong></span> <span class='ocrx_word' id='word_1_34' title='bbox 1646 652 1867 708; x_wconf 81' lang='lat' dir='ltr'><strong>prorsus</strong></span> 
     </span>
    </p>
   </div>
   <div class='ocr_carea' id='block_1_7' title="bbox 284 727 1865 796">
    <p class='ocr_par' dir='ltr' id='par_1_7' title="bbox 284 727 1865 796">
     <span class='ocr_line' id='line_1_7' title="bbox 284 727 1865 796; baseline 0.001 -13"><span class='ocrx_word' id='word_1_35' title='bbox 284 728 667 784; x_wconf 86' lang='lat' dir='ltr'><strong>adiuventione</strong></span> <span class='ocrx_word' id='word_1_36' title='bbox 703 727 1000 794; x_wconf 86' lang='lat' dir='ltr'><strong>anhelare;</strong></span> <span class='ocrx_word' id='word_1_37' title='bbox 1043 729 1138 784; x_wconf 89' lang='lat' dir='ltr'><strong>sed</strong></span> <span class='ocrx_word' id='word_1_38' title='bbox 1182 729 1236 783; x_wconf 91' lang='lat' dir='ltr'><strong>in</strong></span> <span class='ocrx_word' id='word_1_39' title='bbox 1279 745 1466 786; x_wconf 89' lang='lat' dir='ltr'><strong>eorum</strong></span> <span class='ocrx_word' id='word_1_40' title='bbox 1495 731 1865 796; x_wconf 79' lang='lat' dir='ltr'><strong>veneratione,</strong></span> 
     </span>
    </p>
   </div>
   <div class='ocr_carea' id='block_1_8' title="bbox 284 818 1869 889">
    <p class='ocr_par' dir='ltr' id='par_1_8' title="bbox 284 818 1869 889">
     <span class='ocr_line' id='line_1_8' title="bbox 284 818 1869 889; baseline 0.001 -14"><span class='ocrx_word' id='word_1_41' title='bbox 284 818 692 884; x_wconf 86' lang='lat' dir='ltr'><strong>etdefensioue,</strong></span> <span class='ocrx_word' id='word_1_42' title='bbox 726 828 890 889; x_wconf 91' lang='lat' dir='ltr'><strong>atque</strong></span> <span class='ocrx_word' id='word_1_43' title='bbox 915 820 1280 886; x_wconf 79' lang='lat' dir='ltr'><strong>excusatione,</strong></span> <span class='ocrx_word' id='word_1_44' title='bbox 1327 821 1454 876; x_wconf 90' lang='lat' dir='ltr'><strong>totis</strong></span> <span class='ocrx_word' id='word_1_45' title='bbox 1497 822 1722 884; x_wconf 87' lang='lat' dir='ltr'><strong>viribus,</strong></span> <span class='ocrx_word' id='word_1_46' title='bbox 1756 830 1869 876; x_wconf 86' lang='lat' dir='ltr'><strong>tota</strong></span> 
     </span>
    </p>
   </div>
   <div class='ocr_carea' id='block_1_9' title="bbox 288 909 1874 980">
    <p class='ocr_par' dir='ltr' id='par_1_9' title="bbox 288 909 1874 980">
     <span class='ocr_line' id='line_1_9' title="bbox 288 909 1874 980; baseline 0.001 -16"><span class='ocrx_word' id='word_1_47' title='bbox 288 909 590 965; x_wconf 89' lang='lat' dir='ltr'><strong>intentione</strong></span> <span class='ocrx_word' id='word_1_48' title='bbox 629 909 764 964; x_wconf 83' lang='lat' dir='ltr'><strong>velle</strong></span> <span class='ocrx_word' id='word_1_49' title='bbox 789 911 1102 980; x_wconf 85' lang='lat' dir='ltr'><strong>persistere.</strong></span> <span class='ocrx_word' id='word_1_50' title='bbox 1152 911 1228 966; x_wconf 90' lang='lat' dir='ltr'><strong>De</strong></span> <span class='ocrx_word' id='word_1_51' title='bbox 1257 911 1484 980; x_wconf 90' lang='lat' dir='ltr'><strong>reliquo,</strong></span> <span class='ocrx_word' id='word_1_52' title='bbox 1539 911 1710 966; x_wconf 80' lang='lat' dir='ltr'><strong>frater</strong></span> <span class='ocrx_word' id='word_1_53' title='bbox 1744 911 1874 965; x_wconf 88' lang='lat' dir='ltr'><strong>cha-</strong></span> 
     </span>
    </p>
   </div>
   <div class='ocr_carea' id='block_1_10' title="bbox 289 1002 1876 1066">
    <p class='ocr_par' dir='ltr' id='par_1_10' title="bbox 289 1002 1876 1066">
     <span class='ocr_line' id='line_1_10' title="bbox 289 1002 1876 1066; baseline 0 -10"><span class='ocrx_word' id='word_1_54' title='bbox 289 1002 529 1066; x_wconf 90' lang='lat' dir='ltr'><strong>rissime,</strong></span> <span class='ocrx_word' id='word_1_55' title='bbox 583 1003 867 1057; x_wconf 82' lang='lat' dir='ltr'><strong>hortamur</strong></span> <span class='ocrx_word' id='word_1_56' title='bbox 896 1011 956 1056; x_wconf 92' lang='lat' dir='ltr'><strong>ut</strong></span> <span class='ocrx_word' id='word_1_57' title='bbox 988 1003 1396 1058; x_wconf 84' lang='lat' dir='ltr'><strong>dilectissimum</strong></span> <span class='ocrx_word' id='word_1_58' title='bbox 1427 1003 1597 1057; x_wconf 88' lang='lat' dir='ltr'><strong>ﬁlium</strong></span> <span class='ocrx_word' id='word_1_59' title='bbox 1627 1015 1876 1058; x_wconf 87' lang='lat' dir='ltr'><strong>nostrum</strong></span> 
     </span>
    </p>
   </div>
   <div class='ocr_carea' id='block_1_11' title="bbox 289 1095 1877 1165">
    <p class='ocr_par' dir='ltr' id='par_1_11' title="bbox 289 1095 1877 1165">
     <span class='ocr_line' id='line_1_11' title="bbox 289 1095 1877 1165; baseline -0.001 -14"><span class='ocrx_word' id='word_1_60' title='bbox 289 1095 570 1162; x_wconf 89' lang='lat' dir='ltr'><strong>Carolum,</strong></span> <span class='ocrx_word' id='word_1_61' title='bbox 597 1095 1109 1151; x_wconf 81' lang='lat' dir='ltr'><strong>excellentissimum</strong></span> <span class='ocrx_word' id='word_1_62' title='bbox 1142 1111 1346 1165; x_wconf 80' lang='lat' dir='ltr'><strong>regem,</strong></span> <span class='ocrx_word' id='word_1_63' title='bbox 1393 1097 1460 1150; x_wconf 88' lang='lat' dir='ltr'><strong>ad</strong></span> <span class='ocrx_word' id='word_1_64' title='bbox 1505 1095 1686 1150; x_wconf 90' lang='lat' dir='ltr'><strong>divina</strong></span> <span class='ocrx_word' id='word_1_65' title='bbox 1739 1111 1877 1165; x_wconf 76' lang='lat' dir='ltr'><strong>pra:-</strong></span> 
     </span>
    </p>
   </div>
   <div class='ocr_carea' id='block_1_12' title="bbox 290 1187 1877 1260">
    <p class='ocr_par' dir='ltr' id='par_1_12' title="bbox 290 1187 1877 1260">
     <span class='ocr_line' id='line_1_12' title="bbox 290 1187 1877 1260; baseline -0.003 -14"><span class='ocrx_word' id='word_1_66' title='bbox 290 1199 448 1259; x_wconf 68' lang='lat' dir='ltr'><strong>crpta</strong></span> <span class='ocrx_word' id='word_1_67' title='bbox 475 1204 692 1260; x_wconf 85' lang='lat' dir='ltr'><strong>semper</strong></span> <span class='ocrx_word' id='word_1_68' title='bbox 723 1189 962 1254; x_wconf 85' lang='lat' dir='ltr'><strong>erudias,</strong></span> <span class='ocrx_word' id='word_1_69' title='bbox 1000 1204 1216 1258; x_wconf 86' lang='lat' dir='ltr'><strong>semper</strong></span> <span class='ocrx_word' id='word_1_70' title='bbox 1240 1188 1526 1253; x_wconf 84' lang='lat' dir='ltr'><strong>accendas,</strong></span> <span class='ocrx_word' id='word_1_71' title='bbox 1559 1196 1614 1243; x_wconf 93' lang='lat' dir='ltr'><strong>et</strong></span> <span class='ocrx_word' id='word_1_72' title='bbox 1644 1196 1704 1242; x_wconf 89' lang='lat' dir='ltr'><strong>ut</strong></span> <span class='ocrx_word' id='word_1_73' title='bbox 1729 1187 1782 1241; x_wconf 91' lang='lat' dir='ltr'><strong>in</strong></span> <span class='ocrx_word' id='word_1_74' title='bbox 1812 1202 1877 1242; x_wconf 88' lang='lat' dir='ltr'><strong>ea</strong></span> 
     </span>
    </p>
   </div>
   <div class='ocr_carea' id='block_1_13' title="bbox 290 1279 1881 1351">
    <p class='ocr_par' dir='ltr' id='par_1_13' title="bbox 290 1279 1881 1351">
     <span class='ocr_line' id='line_1_13' title="bbox 290 1279 1881 1351; baseline 0 -17"><span class='ocrx_word' id='word_1_75' title='bbox 290 1296 399 1350; x_wconf 84' lang='lat' dir='ltr'><strong>qua</strong></span> <span class='ocrx_word' id='word_1_76' title='bbox 424 1281 587 1350; x_wconf 73' lang='lat' dir='ltr'><strong>cmpit</strong></span> <span class='ocrx_word' id='word_1_77' title='bbox 614 1280 896 1336; x_wconf 89' lang='lat' dir='ltr'><strong>devotione</strong></span> <span class='ocrx_word' id='word_1_78' title='bbox 918 1320 934 1344; x_wconf 93' lang='lat'><strong>,</strong></span> <span class='ocrx_word' id='word_1_79' title='bbox 971 1289 1134 1350; x_wconf 87' lang='lat' dir='ltr'><strong>atque</strong></span> <span class='ocrx_word' id='word_1_80' title='bbox 1162 1279 1448 1336; x_wconf 86' lang='lat' dir='ltr'><strong>dilectione</strong></span> <span class='ocrx_word' id='word_1_81' title='bbox 1478 1295 1604 1350; x_wconf 90' lang='lat' dir='ltr'><strong>erga</strong></span> <span class='ocrx_word' id='word_1_82' title='bbox 1635 1289 1881 1351; x_wconf 87' lang='lat' dir='ltr'><strong>sanctam</strong></span> 
     </span>
    </p>
   </div>
   <div class='ocr_carea' id='block_1_14' title="bbox 293 1371 1875 1444">
    <p class='ocr_par' dir='ltr' id='par_1_14' title="bbox 293 1371 1875 1444">
     <span class='ocr_line' id='line_1_14' title="bbox 293 1371 1875 1444; baseline -0.004 -14"><span class='ocrx_word' id='word_1_83' title='bbox 293 1373 596 1430; x_wconf 81' lang='lat' dir='ltr'><strong>Romanam</strong></span> <span class='ocrx_word' id='word_1_84' title='bbox 627 1371 946 1436; x_wconf 85' lang='lat' dir='ltr'><strong>Ecclesiam,</strong></span> <span class='ocrx_word' id='word_1_85' title='bbox 975 1372 1431 1444; x_wconf 88' lang='lat' dir='ltr'><strong>apostolicamque</strong></span> <span class='ocrx_word' id='word_1_86' title='bbox 1458 1372 1643 1428; x_wconf 81' lang='lat' dir='ltr'><strong>sedem</strong></span> <span class='ocrx_word' id='word_1_87' title='bbox 1668 1387 1875 1443; x_wconf 88' lang='lat' dir='ltr'><strong>perma-</strong></span> 
     </span>
    </p>
   </div>
   <div class='ocr_carea' id='block_1_15' title="bbox 295 1461 1887 1533">
    <p class='ocr_par' dir='ltr' id='par_1_15' title="bbox 295 1461 1887 1533">
     <span class='ocr_line' id='line_1_15' title="bbox 295 1461 1887 1533; baseline -0.004 -11"><span class='ocrx_word' id='word_1_88' title='bbox 295 1473 442 1529; x_wconf 84' lang='lat' dir='ltr'><strong>neat,</strong></span> <span class='ocrx_word' id='word_1_89' title='bbox 475 1465 654 1520; x_wconf 88' lang='lat' dir='ltr'><strong>studio</strong></span> <span class='ocrx_word' id='word_1_90' title='bbox 688 1463 905 1518; x_wconf 86' lang='lat' dir='ltr'><strong>curioso</strong></span> <span class='ocrx_word' id='word_1_91' title='bbox 935 1463 1203 1529; x_wconf 84' lang='lat' dir='ltr'><strong>decertes,</strong></span> <span class='ocrx_word' id='word_1_92' title='bbox 1245 1464 1574 1533; x_wconf 87' lang='lat' dir='ltr'><strong>solertiaque</strong></span> <span class='ocrx_word' id='word_1_93' title='bbox 1628 1461 1887 1533; x_wconf 86' lang='lat' dir='ltr'><strong>prudenti</strong></span> 
     </span>
    </p>
   </div>
   <div class='ocr_carea' id='block_1_16' title="bbox 295 1552 1890 1626">
    <p class='ocr_par' dir='ltr' id='par_1_16' title="bbox 295 1552 1890 1626">
     <span class='ocr_line' id='line_1_16' title="bbox 295 1552 1890 1626; baseline -0.004 -14"><span class='ocrx_word' id='word_1_94' title='bbox 295 1571 511 1626; x_wconf 83' lang='lat' dir='ltr'><strong>semper</strong></span> <span class='ocrx_word' id='word_1_95' title='bbox 540 1554 805 1625; x_wconf 79' lang='lat' dir='ltr'><strong>invigiles.</strong></span> <span class='ocrx_word' id='word_1_96' title='bbox 836 1553 1044 1608; x_wconf 68' lang='lat' dir='ltr'><strong>Caetera</strong></span> <span class='ocrx_word' id='word_1_97' title='bbox 1090 1569 1245 1620; x_wconf 91' lang='lat' dir='ltr'><strong>vero,</strong></span> <span class='ocrx_word' id='word_1_98' title='bbox 1297 1570 1418 1624; x_wconf 61' lang='lat' dir='ltr'><strong>quae</strong></span> <span class='ocrx_word' id='word_1_99' title='bbox 1465 1552 1624 1622; x_wconf 87' lang='lat' dir='ltr'><strong>hujus</strong></span> <span class='ocrx_word' id='word_1_100' title='bbox 1678 1553 1890 1624; x_wconf 69' lang='lat' dir='ltr'><strong>paginae</strong></span> 
     </span>
    </p>
   </div>
   <div class='ocr_carea' id='block_1_17' title="bbox 298 1643 1890 1712">
    <p class='ocr_par' dir='ltr' id='par_1_17' title="bbox 298 1643 1890 1712">
     <span class='ocr_line' id='line_1_17' title="bbox 298 1643 1890 1712; baseline -0.004 -9"><span class='ocrx_word' id='word_1_101' title='bbox 298 1649 506 1704; x_wconf 87' lang='lat' dir='ltr'><strong>tenoris</strong></span> <span class='ocrx_word' id='word_1_102' title='bbox 532 1648 733 1702; x_wconf 87' lang='lat' dir='ltr'><strong>inserta</strong></span> <span class='ocrx_word' id='word_1_103' title='bbox 760 1659 868 1700; x_wconf 88' lang='lat' dir='ltr'><strong>non</strong></span> <span class='ocrx_word' id='word_1_104' title='bbox 896 1653 1040 1710; x_wconf 89' lang='lat' dir='ltr'><strong>sunt,</strong></span> <span class='ocrx_word' id='word_1_105' title='bbox 1077 1647 1380 1700; x_wconf 90' lang='lat' dir='ltr'><strong>communis</strong></span> <span class='ocrx_word' id='word_1_106' title='bbox 1407 1645 1578 1699; x_wconf 80' lang='lat' dir='ltr'><strong>frater</strong></span> <span class='ocrx_word' id='word_1_107' title='bbox 1607 1651 1662 1699; x_wconf 88' lang='lat' dir='ltr'><strong>et</strong></span> <span class='ocrx_word' id='word_1_108' title='bbox 1707 1643 1890 1712; x_wconf 84' lang='lat' dir='ltr'><strong>coepi-</strong></span> 
     </span>
    </p>
   </div>
   <div class='ocr_carea' id='block_1_18' title="bbox 301 1737 1890 1809">
    <p class='ocr_par' dir='ltr' id='par_1_18' title="bbox 301 1737 1890 1809">
     <span class='ocr_line' id='line_1_18' title="bbox 301 1737 1890 1809; baseline -0.006 -14"><span class='ocrx_word' id='word_1_109' title='bbox 301 1753 499 1808; x_wconf 81' lang='lat' dir='ltr'><strong>scopus</strong></span> <span class='ocrx_word' id='word_1_110' title='bbox 523 1738 639 1794; x_wconf 87' lang='lat' dir='ltr'><strong>Odo</strong></span> <span class='ocrx_word' id='word_1_111' title='bbox 660 1739 752 1809; x_wconf 91' lang='lat' dir='ltr'><strong>qui</strong></span> <span class='ocrx_word' id='word_1_112' title='bbox 780 1739 847 1795; x_wconf 90' lang='lat' dir='ltr'><strong>de</strong></span> <span class='ocrx_word' id='word_1_113' title='bbox 875 1751 980 1795; x_wconf 64' lang='lat' dir='ltr'><strong>tuae</strong></span> <span class='ocrx_word' id='word_1_114' title='bbox 1001 1738 1305 1794; x_wconf 85' lang='lat' dir='ltr'><strong>sanctitatis</strong></span> <span class='ocrx_word' id='word_1_115' title='bbox 1321 1737 1613 1791; x_wconf 87' lang='lat' dir='ltr'><strong>virtutibus</strong></span> <span class='ocrx_word' id='word_1_116' title='bbox 1642 1744 1890 1789; x_wconf 90' lang='lat' dir='ltr'><strong>nostrum</strong></span> 
     </span>
    </p>
   </div>
   <div class='ocr_carea' id='block_1_19' title="bbox 1968 548 3556 618">
    <p class='ocr_par' dir='ltr' id='par_1_19' title="bbox 1968 548 3556 618">
     <span class='ocr_line' id='line_1_19' title="bbox 1968 548 3556 618; baseline -0.001 -15"><span class='ocrx_word' id='word_1_117' title='bbox 1968 550 2210 604; x_wconf 88' lang='lat' dir='ltr'><strong>numeris</strong></span> <span class='ocrx_word' id='word_1_118' title='bbox 2260 557 2566 606; x_wconf 89' lang='lat' dir='ltr'><strong>maceratus</strong></span> <span class='ocrx_word' id='word_1_119' title='bbox 2595 549 2850 615; x_wconf 88' lang='lat' dir='ltr'><strong>miseriis,</strong></span> <span class='ocrx_word' id='word_1_120' title='bbox 2885 563 2950 603; x_wconf 88' lang='lat' dir='ltr'><strong>ac</strong></span> <span class='ocrx_word' id='word_1_121' title='bbox 2973 548 3253 618; x_wconf 88' lang='lat' dir='ltr'><strong>depositus</strong></span> <span class='ocrx_word' id='word_1_122' title='bbox 3275 548 3482 617; x_wconf 91' lang='lat' dir='ltr'><strong>pariter</strong></span> <span class='ocrx_word' id='word_1_123' title='bbox 3499 555 3556 602; x_wconf 88' lang='lat' dir='ltr'><strong>et</strong></span> 
     </span>
    </p>
   </div>
   <div class='ocr_carea' id='block_1_20' title="bbox 1969 640 3558 712">
    <p class='ocr_par' dir='ltr' id='par_1_20' title="bbox 1969 640 3558 712">
     <span class='ocr_line' id='line_1_20' title="bbox 1969 640 3558 712; baseline -0.003 -16"><span class='ocrx_word' id='word_1_124' title='bbox 1969 643 2214 712; x_wconf 73' lang='lat' dir='ltr'><strong>abiectus</strong></span> <span class='ocrx_word' id='word_1_125' title='bbox 2242 641 2448 696; x_wconf 76' lang='lat' dir='ltr'><strong>existit.</strong></span> <span class='ocrx_word' id='word_1_126' title='bbox 2491 640 2643 696; x_wconf 86' lang='lat' dir='ltr'><strong>Unde</strong></span> <span class='ocrx_word' id='word_1_127' title='bbox 2668 641 2822 696; x_wconf 87' lang='lat' dir='ltr'><strong>valde</strong></span> <span class='ocrx_word' id='word_1_128' title='bbox 2860 640 3141 704; x_wconf 86' lang='lat' dir='ltr'><strong>miramur,</strong></span> <span class='ocrx_word' id='word_1_129' title='bbox 3182 655 3246 695; x_wconf 91' lang='lat' dir='ltr'><strong>ac</strong></span> <span class='ocrx_word' id='word_1_130' title='bbox 3271 641 3558 693; x_wconf 85' lang='lat' dir='ltr'><strong>vehemen-</strong></span> 
     </span>
    </p>
   </div>
   <div class='ocr_carea' id='block_1_21' title="bbox 1970 729 3556 802">
    <p class='ocr_par' dir='ltr' id='par_1_21' title="bbox 1970 729 3556 802">
     <span class='ocr_line' id='line_1_21' title="bbox 1970 729 3556 802; baseline -0.006 -14"><span class='ocrx_word' id='word_1_131' title='bbox 1970 734 2180 789; x_wconf 88' lang='lat' dir='ltr'><strong>tissime</strong></span> <span class='ocrx_word' id='word_1_132' title='bbox 2204 731 2660 802; x_wconf 88' lang='lat' dir='ltr'><strong>obstupescimus,</strong></span> <span class='ocrx_word' id='word_1_133' title='bbox 2678 730 2948 800; x_wconf 87' lang='lat' dir='ltr'><strong>quomodo</strong></span> <span class='ocrx_word' id='word_1_134' title='bbox 2963 729 3226 783; x_wconf 89' lang='lat' dir='ltr'><strong>luminum</strong></span> <span class='ocrx_word' id='word_1_135' title='bbox 3248 736 3556 782; x_wconf 89' lang='lat' dir='ltr'><strong>vestrorum</strong></span> 
     </span>
    </p>
   </div>
   <div class='ocr_carea' id='block_1_22' title="bbox 1972 819 3560 892">
    <p class='ocr_par' dir='ltr' id='par_1_22' title="bbox 1972 819 3560 892">
     <span class='ocr_line' id='line_1_22' title="bbox 1972 819 3560 892; baseline -0.007 -11"><span class='ocrx_word' id='word_1_136' title='bbox 1972 826 2321 882; x_wconf 87' lang='lat' dir='ltr'><strong>serenitatem</strong></span> <span class='ocrx_word' id='word_1_137' title='bbox 2345 833 2454 877; x_wconf 90' lang='lat' dir='ltr'><strong>tam</strong></span> <span class='ocrx_word' id='word_1_138' title='bbox 2485 824 2765 892; x_wconf 88' lang='lat' dir='ltr'><strong>repentina</strong></span> <span class='ocrx_word' id='word_1_139' title='bbox 2789 821 3026 892; x_wconf 89' lang='lat' dir='ltr'><strong>potuerit</strong></span> <span class='ocrx_word' id='word_1_140' title='bbox 3069 819 3428 874; x_wconf 89' lang='lat' dir='ltr'><strong>obtenebrare</strong></span> <span class='ocrx_word' id='word_1_141' title='bbox 3461 833 3560 871; x_wconf 89' lang='lat' dir='ltr'><strong>ca-</strong></span> 
     </span>
    </p>
   </div>
   <div class='ocr_carea' id='block_1_23' title="bbox 1972 907 3559 988">
    <p class='ocr_par' dir='ltr' id='par_1_23' title="bbox 1972 907 3559 988">
     <span class='ocr_line' id='line_1_23' title="bbox 1972 907 3559 988; baseline -0.008 -15"><span class='ocrx_word' id='word_1_142' title='bbox 1972 917 2101 988; x_wconf 86' lang='lat' dir='ltr'><strong>ligo,</strong></span> <span class='ocrx_word' id='word_1_143' title='bbox 2131 917 2265 971; x_wconf 89' lang='lat' dir='ltr'><strong>adeo</strong></span> <span class='ocrx_word' id='word_1_144' title='bbox 2292 923 2350 969; x_wconf 92' lang='lat' dir='ltr'><strong>ut</strong></span> <span class='ocrx_word' id='word_1_145' title='bbox 2386 913 2665 984; x_wconf 84' lang='lat' dir='ltr'><strong>privilegia</strong></span> <span class='ocrx_word' id='word_1_146' title='bbox 2693 911 2998 982; x_wconf 72' lang='lat' dir='ltr'><strong>apostolica:</strong></span> <span class='ocrx_word' id='word_1_147' title='bbox 3040 909 3205 974; x_wconf 88' lang='lat' dir='ltr'><strong>sedis,</strong></span> <span class='ocrx_word' id='word_1_148' title='bbox 3250 923 3372 978; x_wconf 72' lang='lat' dir='ltr'><strong>qua:</strong></span> <span class='ocrx_word' id='word_1_149' title='bbox 3415 907 3559 961; x_wconf 88' lang='lat' dir='ltr'><strong>inte-</strong></span> 
     </span>
    </p>
   </div>
   <div class='ocr_carea' id='block_1_24' title="bbox 1977 996 3563 1067">
    <p class='ocr_par' dir='ltr' id='par_1_24' title="bbox 1977 996 3563 1067">
     <span class='ocr_line' id='line_1_24' title="bbox 1977 996 3563 1067; baseline -0.007 -7"><span class='ocrx_word' id='word_1_150' title='bbox 1977 1015 2182 1061; x_wconf 81' lang='lat' dir='ltr'><strong>nterata</strong></span> <span class='ocrx_word' id='word_1_151' title='bbox 2201 1021 2232 1060; x_wconf 91' lang='lat' dir='ltr'><strong>a</strong></span> <span class='ocrx_word' id='word_1_152' title='bbox 2256 1013 2367 1060; x_wconf 92' lang='lat' dir='ltr'><strong>tota</strong></span> <span class='ocrx_word' id='word_1_153' title='bbox 2393 1003 2594 1058; x_wconf 89' lang='lat' dir='ltr'><strong>Christi</strong></span> <span class='ocrx_word' id='word_1_154' title='bbox 2622 1010 2906 1058; x_wconf 84' lang='lat' dir='ltr'><strong>servantur</strong></span> <span class='ocrx_word' id='word_1_155' title='bbox 2920 1000 3179 1065; x_wconf 88' lang='lat' dir='ltr'><strong>Ecclesia,</strong></span> <span class='ocrx_word' id='word_1_156' title='bbox 3208 996 3563 1067; x_wconf 88' lang='lat' dir='ltr'><strong>contemplari</strong></span> 
     </span>
    </p>
   </div>
   <div class='ocr_carea' id='block_1_25' title="bbox 1977 1093 3568 1170">
    <p class='ocr_par' dir='ltr' id='par_1_25' title="bbox 1977 1093 3568 1170">
     <span class='ocr_line' id='line_1_25' title="bbox 1977 1093 3568 1170; baseline -0.006 -15"><span class='ocrx_word' id='word_1_157' title='bbox 1977 1099 2358 1170; x_wconf 79' lang='lat' dir='ltr'><strong>despexeritis,</strong></span> <span class='ocrx_word' id='word_1_158' title='bbox 2383 1107 2547 1166; x_wconf 86' lang='lat' dir='ltr'><strong>atque</strong></span> <span class='ocrx_word' id='word_1_159' title='bbox 2583 1097 2730 1167; x_wconf 89' lang='lat' dir='ltr'><strong>ipsos</strong></span> <span class='ocrx_word' id='word_1_160' title='bbox 2749 1104 3003 1166; x_wconf 90' lang='lat' dir='ltr'><strong>paternos</strong></span> <span class='ocrx_word' id='word_1_161' title='bbox 3026 1107 3264 1168; x_wconf 86' lang='lat' dir='ltr'><strong>canones</strong></span> <span class='ocrx_word' id='word_1_162' title='bbox 3292 1093 3568 1148; x_wconf 85' lang='lat' dir='ltr'><strong>nescimus</strong></span> 
     </span>
    </p>
   </div>
   <div class='ocr_carea' id='block_1_26' title="bbox 1980 1183 3565 1262">
    <p class='ocr_par' dir='ltr' id='par_1_26' title="bbox 1980 1183 3565 1262">
     <span class='ocr_line' id='line_1_26' title="bbox 1980 1183 3565 1262; baseline -0.007 -15"><span class='ocrx_word' id='word_1_163' title='bbox 1980 1207 2084 1262; x_wconf 90' lang='lat' dir='ltr'><strong>qua</strong></span> <span class='ocrx_word' id='word_1_164' title='bbox 2133 1190 2457 1246; x_wconf 85' lang='lat' dir='ltr'><strong>auctoritate</strong></span> <span class='ocrx_word' id='word_1_165' title='bbox 2480 1188 2842 1258; x_wconf 85' lang='lat' dir='ltr'><strong>disruperitis.</strong></span> <span class='ocrx_word' id='word_1_166' title='bbox 2865 1187 3020 1254; x_wconf 85' lang='lat' dir='ltr'><strong>Quod</strong></span> <span class='ocrx_word' id='word_1_167' title='bbox 3068 1186 3291 1241; x_wconf 89' lang='lat' dir='ltr'><strong>omnino</strong></span> <span class='ocrx_word' id='word_1_168' title='bbox 3337 1183 3565 1238; x_wconf 87' lang='lat' dir='ltr'><strong>inultum</strong></span> 
     </span>
    </p>
   </div>
   <div class='ocr_carea' id='block_1_27' title="bbox 1980 1278 3565 1351">
    <p class='ocr_par' dir='ltr' id='par_1_27' title="bbox 1980 1278 3565 1351">
     <span class='ocr_line' id='line_1_27' title="bbox 1980 1278 3565 1351; baseline -0.006 -13"><span class='ocrx_word' id='word_1_169' title='bbox 1980 1297 2203 1338; x_wconf 86' lang='lat' dir='ltr'><strong>manere</strong></span> <span class='ocrx_word' id='word_1_170' title='bbox 2224 1297 2328 1336; x_wconf 93' lang='lat' dir='ltr'><strong>non</strong></span> <span class='ocrx_word' id='word_1_171' title='bbox 2359 1281 2647 1351; x_wconf 89' lang='lat' dir='ltr'><strong>patiemur,</strong></span> <span class='ocrx_word' id='word_1_172' title='bbox 2672 1289 2732 1334; x_wconf 94' lang='lat' dir='ltr'><strong>ut</strong></span> <span class='ocrx_word' id='word_1_173' title='bbox 2774 1280 2865 1350; x_wconf 90' lang='lat' dir='ltr'><strong>qui</strong></span> <span class='ocrx_word' id='word_1_174' title='bbox 2903 1279 3171 1349; x_wconf 88' lang='lat' dir='ltr'><strong>prohibita</strong></span> <span class='ocrx_word' id='word_1_175' title='bbox 3202 1278 3565 1348; x_wconf 71' lang='lat' dir='ltr'><strong>pnesumpsit,</strong></span> 
     </span>
    </p>
   </div>
   <div class='ocr_carea' id='block_1_28' title="bbox 1982 1366 3572 1444">
    <p class='ocr_par' dir='ltr' id='par_1_28' title="bbox 1982 1366 3572 1444">
     <span class='ocr_line' id='line_1_28' title="bbox 1982 1366 3572 1444; baseline -0.006 -13"><span class='ocrx_word' id='word_1_176' title='bbox 1982 1376 2207 1432; x_wconf 89' lang='lat' dir='ltr'><strong>minime</strong></span> <span class='ocrx_word' id='word_1_177' title='bbox 2241 1389 2361 1444; x_wconf 67' lang='lat' dir='ltr'><strong>qua:</strong></span> <span class='ocrx_word' id='word_1_178' title='bbox 2391 1375 2464 1428; x_wconf 86' lang='lat' dir='ltr'><strong>sit</strong></span> <span class='ocrx_word' id='word_1_179' title='bbox 2494 1387 2724 1428; x_wconf 89' lang='lat' dir='ltr'><strong>censura</strong></span> <span class='ocrx_word' id='word_1_180' title='bbox 2753 1366 3013 1427; x_wconf 89' lang='lat' dir='ltr'><strong>canonica</strong></span> <span class='ocrx_word' id='word_1_181' title='bbox 3041 1370 3372 1440; x_wconf 82' lang='lat' dir='ltr'><strong>experiatur.</strong></span> <span class='ocrx_word' id='word_1_182' title='bbox 3403 1369 3479 1422; x_wconf 90' lang='lat' dir='ltr'><strong>lta</strong></span> <span class='ocrx_word' id='word_1_183' title='bbox 3510 1375 3572 1422; x_wconf 90' lang='lat' dir='ltr'><strong>ut</strong></span> 
     </span>
    </p>
   </div>
   <div class='ocr_carea' id='block_1_29' title="bbox 1983 1461 3572 1534">
    <p class='ocr_par' dir='ltr' id='par_1_29' title="bbox 1983 1461 3572 1534">
     <span class='ocr_line' id='line_1_29' title="bbox 1983 1461 3572 1534; baseline -0.006 -10"><span class='ocrx_word' id='word_1_184' title='bbox 1983 1468 2235 1525; x_wconf 89' lang='lat' dir='ltr'><strong>omnibus</strong></span> <span class='ocrx_word' id='word_1_185' title='bbox 2254 1465 2599 1522; x_wconf 89' lang='lat' dir='ltr'><strong>manifestum</strong></span> <span class='ocrx_word' id='word_1_186' title='bbox 2639 1465 2922 1528; x_wconf 88' lang='lat' dir='ltr'><strong>faciamus,</strong></span> <span class='ocrx_word' id='word_1_187' title='bbox 2949 1463 3093 1534; x_wconf 89' lang='lat' dir='ltr'><strong>quod</strong></span> <span class='ocrx_word' id='word_1_188' title='bbox 3140 1461 3346 1517; x_wconf 89' lang='lat' dir='ltr'><strong>nullum</strong></span> <span class='ocrx_word' id='word_1_189' title='bbox 3372 1461 3572 1516; x_wconf 87' lang='lat' dir='ltr'><strong>fratres</strong></span> 
     </span>
    </p>
   </div>
   <div class='ocr_carea' id='block_1_30' title="bbox 1984 1550 3574 1626">
    <p class='ocr_par' dir='ltr' id='par_1_30' title="bbox 1984 1550 3574 1626">
     <span class='ocr_line' id='line_1_30' title="bbox 1984 1550 3574 1626; baseline -0.008 -12"><span class='ocrx_word' id='word_1_190' title='bbox 1984 1569 2201 1614; x_wconf 88' lang='lat' dir='ltr'><strong>nostros</strong></span> <span class='ocrx_word' id='word_1_191' title='bbox 2223 1557 2405 1625; x_wconf 86' lang='lat' dir='ltr'><strong>aliquo</strong></span> <span class='ocrx_word' id='word_1_192' title='bbox 2439 1557 2598 1612; x_wconf 90' lang='lat' dir='ltr'><strong>modo</strong></span> <span class='ocrx_word' id='word_1_193' title='bbox 2630 1556 2902 1626; x_wconf 85' lang='lat' dir='ltr'><strong>patiamur</strong></span> <span class='ocrx_word' id='word_1_194' title='bbox 2925 1553 3007 1608; x_wconf 92' lang='lat' dir='ltr'><strong>sui</strong></span> <span class='ocrx_word' id='word_1_195' title='bbox 3051 1553 3319 1608; x_wconf 90' lang='lat' dir='ltr'><strong>sustinere</strong></span> <span class='ocrx_word' id='word_1_196' title='bbox 3362 1550 3574 1618; x_wconf 87' lang='lat' dir='ltr'><strong>dispen-</strong></span> 
     </span>
    </p>
   </div>
   <div class='ocr_carea' id='block_1_31' title="bbox 1988 1642 3574 1721">
    <p class='ocr_par' dir='ltr' id='par_1_31' title="bbox 1988 1642 3574 1721">
     <span class='ocr_line' id='line_1_31' title="bbox 1988 1642 3574 1721; baseline -0.008 -14"><span class='ocrx_word' id='word_1_197' title='bbox 1988 1652 2158 1718; x_wconf 88' lang='lat' dir='ltr'><strong>dium,</strong></span> <span class='ocrx_word' id='word_1_198' title='bbox 2206 1666 2382 1721; x_wconf 88' lang='lat' dir='ltr'><strong>neque</strong></span> <span class='ocrx_word' id='word_1_199' title='bbox 2416 1657 2727 1704; x_wconf 87' lang='lat' dir='ltr'><strong>sanctorum</strong></span> <span class='ocrx_word' id='word_1_200' title='bbox 2777 1648 2996 1704; x_wconf 87' lang='lat' dir='ltr'><strong>Patrum</strong></span> <span class='ocrx_word' id='word_1_201' title='bbox 3056 1653 3258 1701; x_wconf 90' lang='lat' dir='ltr'><strong>statuta</strong></span> <span class='ocrx_word' id='word_1_202' title='bbox 3310 1642 3574 1697; x_wconf 85' lang='lat' dir='ltr'><strong>vilescere</strong></span> 
     </span>
    </p>
   </div>
   <div class='ocr_carea' id='block_1_32' title="bbox 1989 1735 3577 1814">
    <p class='ocr_par' dir='ltr' id='par_1_32' title="bbox 1989 1735 3577 1814">
     <span class='ocr_line' id='line_1_32' title="bbox 1989 1735 3577 1814; baseline -0.009 -16"><span class='ocrx_word' id='word_1_203' title='bbox 1989 1743 2388 1814; x_wconf 88' lang='lat' dir='ltr'><strong>permittamus.</strong></span> <span class='ocrx_word' id='word_1_204' title='bbox 2425 1740 2619 1795; x_wconf 87' lang='lat' dir='ltr'><strong>Verum</strong></span> <span class='ocrx_word' id='word_1_205' title='bbox 2649 1740 2863 1795; x_wconf 88' lang='lat' dir='ltr'><strong>interim</strong></span> <span class='ocrx_word' id='word_1_206' title='bbox 2897 1738 2992 1792; x_wconf 86' lang='lat' dir='ltr'><strong>Dei</strong></span> <span class='ocrx_word' id='word_1_207' title='bbox 3017 1735 3212 1792; x_wconf 89' lang='lat' dir='ltr'><strong>summi</strong></span> <span class='ocrx_word' id='word_1_208' title='bbox 3241 1743 3577 1789; x_wconf 87' lang='lat' dir='ltr'><strong>sanctorum-</strong></span> 
     </span>
    </p>
   </div>
   <div class='ocr_carea' id='block_1_33' title="bbox 303 1825 1911 1908">
    <p class='ocr_par' dir='ltr' id='par_1_33' title="bbox 303 1827 1890 1904">
     <span class='ocr_line' id='line_1_33' title="bbox 303 1827 1890 1904; baseline -0.005 -16"><span class='ocrx_word' id='word_1_209' title='bbox 303 1835 545 1888; x_wconf 84' lang='lat' dir='ltr'><strong>animum</strong></span> <span class='ocrx_word' id='word_1_210' title='bbox 595 1834 886 1904; x_wconf 90' lang='lat' dir='ltr'><strong>plurimum</strong></span> <span class='ocrx_word' id='word_1_211' title='bbox 937 1832 1299 1896; x_wconf 80' lang='lat' dir='ltr'><strong>exhilaravit,</strong></span> <span class='ocrx_word' id='word_1_212' title='bbox 1342 1831 1464 1885; x_wconf 90' lang='lat' dir='ltr'><strong>viva</strong></span> <span class='ocrx_word' id='word_1_213' title='bbox 1504 1843 1639 1883; x_wconf 86' lang='lat' dir='ltr'><strong>voce</strong></span> <span class='ocrx_word' id='word_1_214' title='bbox 1690 1827 1890 1897; x_wconf 89' lang='lat' dir='ltr'><strong>poterit</strong></span> 
     </span>
    </p>
   </div>
   <div class='ocr_carea' id='block_1_34' title="bbox 2003 1825 3577 1908">
    <p class='ocr_par' dir='ltr' id='par_1_34' title="bbox 2003 1825 3577 1908">
     <span class='ocr_line' id='line_1_34' title="bbox 2003 1825 3577 1908; baseline -0.011 -17"><span class='ocrx_word' id='word_1_215' title='bbox 2003 1853 2098 1908; x_wconf 77' lang='lat' dir='ltr'><strong>que</strong></span> <span class='ocrx_word' id='word_1_216' title='bbox 2120 1835 2484 1906; x_wconf 87' lang='lat' dir='ltr'><strong>apostolorum</strong></span> <span class='ocrx_word' id='word_1_217' title='bbox 2511 1831 2816 1903; x_wconf 85' lang='lat' dir='ltr'><strong>principum</strong></span> <span class='ocrx_word' id='word_1_218' title='bbox 2845 1829 2992 1884; x_wconf 89' lang='lat' dir='ltr'><strong>Petri</strong></span> <span class='ocrx_word' id='word_1_219' title='bbox 3023 1838 3078 1881; x_wconf 92' lang='lat' dir='ltr'><strong>et</strong></span> <span class='ocrx_word' id='word_1_220' title='bbox 3103 1825 3278 1889; x_wconf 89' lang='lat' dir='ltr'><strong>Pauli,</strong></span> <span class='ocrx_word' id='word_1_221' title='bbox 3305 1834 3360 1877; x_wconf 90' lang='lat' dir='ltr'><strong>et</strong></span> <span class='ocrx_word' id='word_1_222' title='bbox 3389 1831 3577 1876; x_wconf 85' lang='lat' dir='ltr'><strong>nostra</strong></span> 
     </span>
    </p>
   </div>
   <div class='ocr_carea' id='block_1_35' title="bbox 305 1917 1894 1994">
    <p class='ocr_par' dir='ltr' id='par_1_35' title="bbox 305 1917 1894 1994">
     <span class='ocr_line' id='line_1_35' title="bbox 305 1917 1894 1994; baseline -0.006 -15"><span class='ocrx_word' id='word_1_223' title='bbox 305 1939 584 1980; x_wconf 89' lang='lat' dir='ltr'><strong>enarrare.</strong></span> <span class='ocrx_word' id='word_1_224' title='bbox 616 1924 759 1979; x_wconf 89' lang='lat' dir='ltr'><strong>Sane</strong></span> <span class='ocrx_word' id='word_1_225' title='bbox 785 1933 1058 1994; x_wconf 90' lang='lat' dir='ltr'><strong>postremo</strong></span> <span class='ocrx_word' id='word_1_226' title='bbox 1087 1925 1154 1976; x_wconf 90' lang='lat' dir='ltr'><strong>ad</strong></span> <span class='ocrx_word' id='word_1_227' title='bbox 1199 1920 1516 1976; x_wconf 88' lang='lat' dir='ltr'><strong>memoriam</strong></span> <span class='ocrx_word' id='word_1_228' title='bbox 1538 1927 1688 1972; x_wconf 84' lang='lat' dir='ltr'><strong>tuam</strong></span> <span class='ocrx_word' id='word_1_229' title='bbox 1732 1917 1894 1971; x_wconf 89' lang='lat' dir='ltr'><strong>redu-</strong></span> 
     </span>
    </p>
   </div>
   <div class='ocr_carea' id='block_1_36' title="bbox 307 2011 1894 2086">
    <p class='ocr_par' dir='ltr' id='par_1_36' title="bbox 307 2011 1894 2086">
     <span class='ocr_line' id='line_1_36' title="bbox 307 2011 1894 2086; baseline -0.005 -16"><span class='ocrx_word' id='word_1_230' title='bbox 307 2030 436 2070; x_wconf 90' lang='lat' dir='ltr'><strong>cere</strong></span> <span class='ocrx_word' id='word_1_231' title='bbox 461 2015 727 2081; x_wconf 90' lang='lat' dir='ltr'><strong>volumus,</strong></span> <span class='ocrx_word' id='word_1_232' title='bbox 753 2031 852 2070; x_wconf 90' lang='lat' dir='ltr'><strong>nos</strong></span> <span class='ocrx_word' id='word_1_233' title='bbox 879 2031 1008 2071; x_wconf 89' lang='lat' dir='ltr'><strong>ecce</strong></span> <span class='ocrx_word' id='word_1_234' title='bbox 1029 2016 1141 2086; x_wconf 87' lang='lat' dir='ltr'><strong>jam</strong></span> <span class='ocrx_word' id='word_1_235' title='bbox 1156 2013 1415 2077; x_wconf 79' lang='lat' dir='ltr'><strong>secundo,</strong></span> <span class='ocrx_word' id='word_1_236' title='bbox 1442 2020 1503 2066; x_wconf 92' lang='lat' dir='ltr'><strong>ut</strong></span> <span class='ocrx_word' id='word_1_237' title='bbox 1529 2011 1704 2065; x_wconf 91' lang='lat' dir='ltr'><strong>virum</strong></span> <span class='ocrx_word' id='word_1_238' title='bbox 1730 2023 1894 2062; x_wconf 89' lang='lat' dir='ltr'><strong>vene-</strong></span> 
     </span>
    </p>
   </div>
   <div class='ocr_carea' id='block_1_37' title="bbox 309 2103 1890 2179">
    <p class='ocr_par' dir='ltr' id='par_1_37' title="bbox 309 2103 1890 2179">
     <span class='ocr_line' id='line_1_37' title="bbox 309 2103 1890 2179; baseline -0.009 -11"><span class='ocrx_word' id='word_1_239' title='bbox 309 2111 548 2169; x_wconf 87' lang='lat' dir='ltr'><strong>rabilem</strong></span> <span class='ocrx_word' id='word_1_240' title='bbox 593 2109 904 2164; x_wconf 83' lang='lat' dir='ltr'><strong>Rothadum</strong></span> <span class='ocrx_word' id='word_1_241' title='bbox 965 2106 1276 2179; x_wconf 72' lang='lat' dir='ltr'><strong>apostolica:</strong></span> <span class='ocrx_word' id='word_1_242' title='bbox 1343 2104 1457 2159; x_wconf 90' lang='lat' dir='ltr'><strong>sedi</strong></span> <span class='ocrx_word' id='word_1_243' title='bbox 1525 2103 1890 2164; x_wconf 90' lang='lat' dir='ltr'><strong>destinasses,</strong></span> 
     </span>
    </p>
   </div>
   <div class='ocr_carea' id='block_1_38' title="bbox 311 2191 1893 2266">
    <p class='ocr_par' dir='ltr' id='par_1_38' title="bbox 311 2191 1893 2266">
     <span class='ocr_line' id='line_1_38' title="bbox 311 2191 1893 2266; baseline -0.011 -5"><span class='ocrx_word' id='word_1_244' title='bbox 311 2203 589 2261; x_wconf 68' lang='lat' dir='ltr'><strong>sanctitati</strong></span> <span class='ocrx_word' id='word_1_245' title='bbox 635 2211 740 2256; x_wconf 63' lang='lat' dir='ltr'><strong>tua!</strong></span> <span class='ocrx_word' id='word_1_246' title='bbox 783 2202 1015 2256; x_wconf 86' lang='lat' dir='ltr'><strong>misisse.</strong></span> <span class='ocrx_word' id='word_1_247' title='bbox 1067 2199 1220 2266; x_wconf 88' lang='lat' dir='ltr'><strong>Quod</strong></span> <span class='ocrx_word' id='word_1_248' title='bbox 1275 2195 1664 2266; x_wconf 89' lang='lat' dir='ltr'><strong>providendum</strong></span> <span class='ocrx_word' id='word_1_249' title='bbox 1692 2202 1796 2255; x_wconf 89' lang='lat' dir='ltr'><strong>est,</strong></span> <span class='ocrx_word' id='word_1_250' title='bbox 1847 2191 1893 2245; x_wconf 89' lang='lat' dir='ltr'><strong>si</strong></span> 
     </span>
    </p>
   </div>
   <div class='ocr_carea' id='block_1_39' title="bbox 313 2281 1894 2359">
    <p class='ocr_par' dir='ltr' id='par_1_39' title="bbox 313 2281 1894 2359">
     <span class='ocr_line' id='line_1_39' title="bbox 313 2281 1894 2359; baseline -0.01 -8"><span class='ocrx_word' id='word_1_251' title='bbox 313 2296 476 2351; x_wconf 91' lang='lat' dir='ltr'><strong>tertio</strong></span> <span class='ocrx_word' id='word_1_252' title='bbox 512 2292 786 2347; x_wconf 89' lang='lat' dir='ltr'><strong>dilectioni</strong></span> <span class='ocrx_word' id='word_1_253' title='bbox 838 2302 942 2345; x_wconf 84' lang='lat' dir='ltr'><strong>tuae</strong></span> <span class='ocrx_word' id='word_1_254' title='bbox 987 2289 1220 2359; x_wconf 82' lang='lat' dir='ltr'><strong>dirigere</strong></span> <span class='ocrx_word' id='word_1_255' title='bbox 1262 2301 1362 2357; x_wconf 89' lang='lat' dir='ltr'><strong>pro</strong></span> <span class='ocrx_word' id='word_1_256' title='bbox 1413 2285 1516 2339; x_wconf 92' lang='lat' dir='ltr'><strong>hoc</strong></span> <span class='ocrx_word' id='word_1_257' title='bbox 1561 2285 1680 2354; x_wconf 90' lang='lat' dir='ltr'><strong>ipso</strong></span> <span class='ocrx_word' id='word_1_258' title='bbox 1722 2281 1894 2337; x_wconf 88' lang='lat' dir='ltr'><strong>coacti</strong></span> 
     </span>
    </p>
   </div>
   <div class='ocr_carea' id='block_1_40' title="bbox 314 2374 1896 2452">
    <p class='ocr_par' dir='ltr' id='par_1_40' title="bbox 314 2374 1896 2452">
     <span class='ocr_line' id='line_1_40' title="bbox 314 2374 1896 2452; baseline -0.011 -9"><span class='ocrx_word' id='word_1_259' title='bbox 314 2387 596 2450; x_wconf 82' lang='lat' dir='ltr'><strong>fuerimus,</strong></span> <span class='ocrx_word' id='word_1_260' title='bbox 634 2400 702 2439; x_wconf 92' lang='lat' dir='ltr'><strong>ne</strong></span> <span class='ocrx_word' id='word_1_261' title='bbox 745 2384 799 2438; x_wconf 90' lang='lat' dir='ltr'><strong>in</strong></span> <span class='ocrx_word' id='word_1_262' title='bbox 827 2374 1252 2452; x_wconf 81' lang='lat' dir='ltr'><strong>contemptorem</strong></span> <span class='ocrx_word' id='word_1_263' title='bbox 1298 2392 1581 2434; x_wconf 88' lang='lat' dir='ltr'><strong>sacrorum</strong></span> <span class='ocrx_word' id='word_1_264' title='bbox 1629 2389 1896 2430; x_wconf 88' lang='lat' dir='ltr'><strong>canonum</strong></span> 
     </span>
    </p>
   </div>
   <div class='ocr_carea' id='block_1_41' title="bbox 314 2469 1898 2541">
    <p class='ocr_par' dir='ltr' id='par_1_41' title="bbox 314 2469 1898 2541">
     <span class='ocr_line' id='line_1_41' title="bbox 314 2469 1898 2541; baseline -0.009 -10"><span class='ocrx_word' id='word_1_265' title='bbox 314 2475 650 2531; x_wconf 83' lang='lat' dir='ltr'><strong>difﬁuitivam</strong></span> <span class='ocrx_word' id='word_1_266' title='bbox 688 2489 752 2528; x_wconf 89' lang='lat' dir='ltr'><strong>ac</strong></span> <span class='ocrx_word' id='word_1_267' title='bbox 798 2471 1238 2541; x_wconf 74' lang='lat' dir='ltr'><strong>peremptorium,</strong></span> <span class='ocrx_word' id='word_1_268' title='bbox 1279 2469 1422 2540; x_wconf 87' lang='lat' dir='ltr'><strong>quod</strong></span> <span class='ocrx_word' id='word_1_269' title='bbox 1467 2483 1574 2522; x_wconf 92' lang='lat' dir='ltr'><strong>non</strong></span> <span class='ocrx_word' id='word_1_270' title='bbox 1626 2474 1898 2534; x_wconf 90' lang='lat' dir='ltr'><strong>optamus,</strong></span> 
     </span>
    </p>
   </div>
   <div class='ocr_carea' id='block_1_42' title="bbox 315 2553 1903 2634">
    <p class='ocr_par' dir='ltr' id='par_1_42' title="bbox 315 2553 1903 2634">
     <span class='ocr_line' id='line_1_42' title="bbox 315 2553 1903 2634; baseline -0.011 -11"><span class='ocrx_word' id='word_1_271' title='bbox 315 2567 638 2623; x_wconf 84' lang='lat' dir='ltr'><strong>sententiam</strong></span> <span class='ocrx_word' id='word_1_272' title='bbox 666 2564 1022 2634; x_wconf 87' lang='lat' dir='ltr'><strong>proferamus.</strong></span> <span class='ocrx_word' id='word_1_273' title='bbox 1057 2563 1286 2616; x_wconf 75' lang='lat' dir='ltr'><strong>Dextera</strong></span> <span class='ocrx_word' id='word_1_274' title='bbox 1331 2569 1382 2614; x_wconf 91' lang='lat' dir='ltr'><strong>te</strong></span> <span class='ocrx_word' id='word_1_275' title='bbox 1431 2571 1680 2627; x_wconf 65' lang='lat' dir='ltr'><strong>supernae.</strong></span> <span class='ocrx_word' id='word_1_276' title='bbox 1734 2553 1903 2622; x_wconf 87' lang='lat' dir='ltr'><strong>maje-</strong></span> 
     </span>
    </p>
   </div>
   <div class='ocr_carea' id='block_1_43' title="bbox 317 2646 1903 2727">
    <p class='ocr_par' dir='ltr' id='par_1_43' title="bbox 317 2646 1903 2727">
     <span class='ocr_line' id='line_1_43' title="bbox 317 2646 1903 2727; baseline -0.008 -14"><span class='ocrx_word' id='word_1_277' title='bbox 317 2658 478 2713; x_wconf 85' lang='lat' dir='ltr'><strong>statis</strong></span> <span class='ocrx_word' id='word_1_278' title='bbox 502 2663 750 2727; x_wconf 79' lang='lat' dir='ltr'><strong>protegat</strong></span> <span class='ocrx_word' id='word_1_279' title='bbox 776 2670 1011 2724; x_wconf 91' lang='lat' dir='ltr'><strong>semper,</strong></span> <span class='ocrx_word' id='word_1_280' title='bbox 1044 2653 1186 2708; x_wconf 84' lang='lat' dir='ltr'><strong>etab</strong></span> <span class='ocrx_word' id='word_1_281' title='bbox 1205 2651 1459 2707; x_wconf 87' lang='lat' dir='ltr'><strong>omnibus</strong></span> <span class='ocrx_word' id='word_1_282' title='bbox 1483 2646 1903 2704; x_wconf 82' lang='lat' dir='ltr'><strong>adversitatibus</strong></span> 
     </span>
    </p>
   </div>
   <div class='ocr_carea' id='block_1_44' title="bbox 316 2747 1138 2817">
    <p class='ocr_par' dir='ltr' id='par_1_44' title="bbox 316 2747 1138 2817">
     <span class='ocr_line' id='line_1_44' title="bbox 316 2747 1138 2817; baseline -0.006 -11"><span class='ocrx_word' id='word_1_283' title='bbox 316 2750 548 2806; x_wconf 67' lang='lat' dir='ltr'><strong>illaesum</strong></span> <span class='ocrx_word' id='word_1_284' title='bbox 569 2749 844 2806; x_wconf 90' lang='lat' dir='ltr'><strong>custodire</strong></span> <span class='ocrx_word' id='word_1_285' title='bbox 868 2747 1138 2817; x_wconf 77' lang='lat' dir='ltr'><strong>dignetur.</strong></span> 
     </span>
    </p>
   </div>
   <div class='ocr_carea' id='block_1_45' title="bbox 993 2875 1231 2932">
    <p class='ocr_par' dir='ltr' id='par_1_45' title="bbox 993 2875 1231 2932">
     <span class='ocr_line' id='line_1_45' title="bbox 993 2875 1231 2932; baseline 0.004 -1"><span class='ocrx_word' id='word_1_286' title='bbox 993 2875 1231 2932; x_wconf 81' lang='lat' dir='ltr'><strong>XXXIV.</strong></span> 
     </span>
    </p>
   </div>
   <div class='ocr_carea' id='block_1_46' title="bbox 935 2983 1284 3026">
    <p class='ocr_par' dir='ltr' id='par_1_46' title="bbox 935 2983 1284 3026">
     <span class='ocr_line' id='line_1_46' title="bbox 935 2983 1284 3026; baseline -0.009 -1"><span class='ocrx_word' id='word_1_287' title='bbox 935 2986 1006 3026; x_wconf 69' lang='lat' dir='ltr'><strong>AD</strong></span> <span class='ocrx_word' id='word_1_288' title='bbox 1044 2983 1284 3025; x_wconf 71' lang='lat' dir='ltr'><strong>EUIDEI.</strong></span> 
     </span>
    </p>
   </div>
   <div class='ocr_carea' id='block_1_47' title="bbox 958 3081 1318 3155">
    <p class='ocr_par' dir='ltr' id='par_1_47' title="bbox 958 3081 1318 3155">
     <span class='ocr_line' id='line_1_47' title="bbox 958 3081 1318 3155; baseline -0.003 -19"><span class='ocrx_word' id='word_1_289' title='bbox 958 3083 1136 3155; x_wconf 76' lang='lat' dir='ltr'><strong>(Anno</strong></span> <span class='ocrx_word' id='word_1_290' title='bbox 1164 3081 1318 3152; x_wconf 79' lang='lat'><strong>863.).</strong></span> 
     </span>
    </p>
   </div>
   <div class='ocr_carea' id='block_1_48' title="bbox 1990 1914 3575 1998">
    <p class='ocr_par' dir='ltr' id='par_1_48' title="bbox 1990 1914 3575 1998">
     <span class='ocr_line' id='line_1_48' title="bbox 1990 1914 3575 1998; baseline -0.01 -15"><span class='ocrx_word' id='word_1_291' title='bbox 1990 1942 2090 1998; x_wconf 84' lang='lat' dir='ltr'><strong>per</strong></span> <span class='ocrx_word' id='word_1_292' title='bbox 2115 1943 2210 1982; x_wconf 89' lang='lat' dir='ltr'><strong>eos</strong></span> <span class='ocrx_word' id='word_1_293' title='bbox 2233 1927 2574 1988; x_wconf 87' lang='lat' dir='ltr'><strong>auctoritate,</strong></span> <span class='ocrx_word' id='word_1_294' title='bbox 2616 1922 2935 1977; x_wconf 85' lang='lat' dir='ltr'><strong>fraternitati</strong></span> <span class='ocrx_word' id='word_1_295' title='bbox 2979 1929 3173 1973; x_wconf 76' lang='lat' dir='ltr'><strong>vestrae</strong></span> <span class='ocrx_word' id='word_1_296' title='bbox 3225 1914 3575 1984; x_wconf 72' lang='lat' dir='ltr'><strong>iniungimus,</strong></span> 
     </span>
    </p>
   </div>
   <div class='ocr_carea' id='block_1_49' title="bbox 1992 2002 3583 2074">
    <p class='ocr_par' dir='ltr' id='par_1_49' title="bbox 1992 2002 3583 2074">
     <span class='ocr_line' id='line_1_49' title="bbox 1992 2002 3583 2074; baseline -0.011 0"><span class='ocrx_word' id='word_1_297' title='bbox 1992 2029 2052 2074; x_wconf 90' lang='lat' dir='ltr'><strong>ut</strong></span> <span class='ocrx_word' id='word_1_298' title='bbox 2081 2020 2126 2074; x_wconf 92' lang='lat' dir='ltr'><strong>si</strong></span> <span class='ocrx_word' id='word_1_299' title='bbox 2163 2025 2362 2073; x_wconf 74' lang='lat' dir='ltr'><strong>nostra:</strong></span> <span class='ocrx_word' id='word_1_300' title='bbox 2391 2015 2674 2070; x_wconf 86' lang='lat' dir='ltr'><strong>charitatis</strong></span> <span class='ocrx_word' id='word_1_301' title='bbox 2707 2023 2760 2066; x_wconf 91' lang='lat' dir='ltr'><strong>ct</strong></span> <span class='ocrx_word' id='word_1_302' title='bbox 2805 2007 3222 2071; x_wconf 90' lang='lat' dir='ltr'><strong>communionis,</strong></span> <span class='ocrx_word' id='word_1_303' title='bbox 3267 2006 3404 2059; x_wconf 86' lang='lat' dir='ltr'><strong>sicut</strong></span> <span class='ocrx_word' id='word_1_304' title='bbox 3449 2002 3583 2056; x_wconf 85' lang='lat' dir='ltr'><strong>hac-</strong></span> 
     </span>
    </p>
   </div>
   <div class='ocr_carea' id='block_1_50' title="bbox 1993 2096 3580 2173">
    <p class='ocr_par' dir='ltr' id='par_1_50' title="bbox 1993 2096 3580 2173">
     <span class='ocr_line' id='line_1_50' title="bbox 1993 2096 3580 2173; baseline -0.012 -9"><span class='ocrx_word' id='word_1_305' title='bbox 1993 2118 2152 2164; x_wconf 87' lang='lat' dir='ltr'><strong>tenus</strong></span> <span class='ocrx_word' id='word_1_306' title='bbox 2174 2107 2422 2161; x_wconf 86' lang='lat' dir='ltr'><strong>voluistis</strong></span> <span class='ocrx_word' id='word_1_307' title='bbox 2446 2105 2619 2158; x_wconf 86' lang='lat' dir='ltr'><strong>videri</strong></span> <span class='ocrx_word' id='word_1_308' title='bbox 2645 2103 2951 2173; x_wconf 88' lang='lat' dir='ltr'><strong>participes,</strong></span> <span class='ocrx_word' id='word_1_309' title='bbox 2973 2101 3085 2170; x_wconf 88' lang='lat' dir='ltr'><strong>jam</strong></span> <span class='ocrx_word' id='word_1_310' title='bbox 3127 2097 3330 2151; x_wconf 88' lang='lat' dir='ltr'><strong>dictum</strong></span> <span class='ocrx_word' id='word_1_311' title='bbox 3357 2096 3580 2148; x_wconf 83' lang='lat' dir='ltr'><strong>fratrem</strong></span> 
     </span>
    </p>
   </div>
   <div class='ocr_carea' id='block_1_51' title="bbox 1995 2185 3585 2264">
    <p class='ocr_par' dir='ltr' id='par_1_51' title="bbox 1995 2185 3585 2264">
     <span class='ocr_line' id='line_1_51' title="bbox 1995 2185 3585 2264; baseline -0.012 -8"><span class='ocrx_word' id='word_1_312' title='bbox 1995 2211 2241 2256; x_wconf 89' lang='lat' dir='ltr'><strong>nostrum</strong></span> <span class='ocrx_word' id='word_1_313' title='bbox 2296 2197 2604 2251; x_wconf 84' lang='lat' dir='ltr'><strong>Rothadum</strong></span> <span class='ocrx_word' id='word_1_314' title='bbox 2658 2193 2938 2264; x_wconf 89' lang='lat' dir='ltr'><strong>episcopio</strong></span> <span class='ocrx_word' id='word_1_315' title='bbox 2989 2191 3196 2261; x_wconf 86' lang='lat' dir='ltr'><strong>pariter</strong></span> <span class='ocrx_word' id='word_1_316' title='bbox 3245 2197 3302 2242; x_wconf 87' lang='lat' dir='ltr'><strong>et</strong></span> <span class='ocrx_word' id='word_1_317' title='bbox 3355 2185 3585 2257; x_wconf 87' lang='lat' dir='ltr'><strong>pristino</strong></span> 
     </span>
    </p>
   </div>
   <div class='ocr_carea' id='block_1_52' title="bbox 1996 2275 3587 2347">
    <p class='ocr_par' dir='ltr' id='par_1_52' title="bbox 1996 2275 3587 2347">
     <span class='ocr_line' id='line_1_52' title="bbox 1996 2275 3587 2347; baseline -0.011 -2"><span class='ocrx_word' id='word_1_318' title='bbox 1996 2289 2219 2346; x_wconf 88' lang='lat' dir='ltr'><strong>honoris</strong></span> <span class='ocrx_word' id='word_1_319' title='bbox 2244 2288 2327 2342; x_wconf 93' lang='lat' dir='ltr'><strong>sui</strong></span> <span class='ocrx_word' id='word_1_320' title='bbox 2348 2286 2531 2342; x_wconf 91' lang='lat' dir='ltr'><strong>ofﬁcio</strong></span> <span class='ocrx_word' id='word_1_321' title='bbox 2559 2284 2892 2338; x_wconf 85' lang='lat' dir='ltr'><strong>restituatis:</strong></span> <span class='ocrx_word' id='word_1_322' title='bbox 2929 2283 3004 2336; x_wconf 89' lang='lat' dir='ltr'><strong>ita</strong></span> <span class='ocrx_word' id='word_1_323' title='bbox 3033 2289 3092 2334; x_wconf 89' lang='lat' dir='ltr'><strong>ut</strong></span> <span class='ocrx_word' id='word_1_324' title='bbox 3131 2279 3226 2332; x_wconf 90' lang='lat' dir='ltr'><strong>tali</strong></span> <span class='ocrx_word' id='word_1_325' title='bbox 3278 2293 3376 2347; x_wconf 88' lang='lat' dir='ltr'><strong>per</strong></span> <span class='ocrx_word' id='word_1_326' title='bbox 3399 2275 3587 2330; x_wconf 76' lang='lat' dir='ltr'><strong>omnia</strong></span> 
     </span>
    </p>
   </div>
   <div class='ocr_carea' id='block_1_53' title="bbox 1998 2373 3587 2448">
    <p class='ocr_par' dir='ltr' id='par_1_53' title="bbox 1998 2373 3587 2448">
     <span class='ocr_line' id='line_1_53' title="bbox 1998 2373 3587 2448; baseline -0.013 -4"><span class='ocrx_word' id='word_1_327' title='bbox 1998 2388 2286 2444; x_wconf 86' lang='lat' dir='ltr'><strong>decoretur</strong></span> <span class='ocrx_word' id='word_1_328' title='bbox 2305 2385 2535 2448; x_wconf 87' lang='lat' dir='ltr'><strong>honore,</strong></span> <span class='ocrx_word' id='word_1_329' title='bbox 2560 2391 2613 2436; x_wconf 88' lang='lat' dir='ltr'><strong>et</strong></span> <span class='ocrx_word' id='word_1_330' title='bbox 2642 2380 2892 2434; x_wconf 89' lang='lat' dir='ltr'><strong>onmibus</strong></span> <span class='ocrx_word' id='word_1_331' title='bbox 2940 2379 3014 2432; x_wconf 88' lang='lat' dir='ltr'><strong>ita</strong></span> <span class='ocrx_word' id='word_1_332' title='bbox 3063 2375 3322 2430; x_wconf 85' lang='lat' dir='ltr'><strong>reddatur</strong></span> <span class='ocrx_word' id='word_1_333' title='bbox 3375 2373 3587 2440; x_wconf 82' lang='lat' dir='ltr'><strong>integer</strong></span> 
     </span>
    </p>
   </div>
   <div class='ocr_carea' id='block_1_54' title="bbox 1999 2465 3582 2546">
    <p class='ocr_par' dir='ltr' id='par_1_54' title="bbox 1999 2465 3582 2546">
     <span class='ocr_line' id='line_1_54' title="bbox 1999 2465 3582 2546; baseline -0.016 -9"><span class='ocrx_word' id='word_1_334' title='bbox 1999 2479 2210 2542; x_wconf 83' lang='lat' dir='ltr'><strong>oﬂiciis,</strong></span> <span class='ocrx_word' id='word_1_335' title='bbox 2263 2475 2480 2546; x_wconf 88' lang='lat' dir='ltr'><strong>qualem</strong></span> <span class='ocrx_word' id='word_1_336' title='bbox 2533 2472 2682 2526; x_wconf 77' lang='lat' dir='ltr'><strong>iihnn</strong></span> <span class='ocrx_word' id='word_1_337' title='bbox 2737 2485 2802 2525; x_wconf 87' lang='lat' dir='ltr'><strong>eo</strong></span> <span class='ocrx_word' id='word_1_338' title='bbox 2847 2475 3064 2524; x_wconf 86' lang='lat' dir='ltr'><strong>constat</strong></span> <span class='ocrx_word' id='word_1_339' title='bbox 3115 2465 3281 2519; x_wconf 90' lang='lat' dir='ltr'><strong>fuisse</strong></span> <span class='ocrx_word' id='word_1_340' title='bbox 3319 2472 3582 2530; x_wconf 89' lang='lat' dir='ltr'><strong>tempore,</strong></span> 
     </span>
    </p>
   </div>
   <div class='ocr_carea' id='block_1_55' title="bbox 2000 2551 3584 2641">
    <p class='ocr_par' dir='ltr' id='par_1_55' title="bbox 2000 2551 3584 2641">
     <span class='ocr_line' id='line_1_55' title="bbox 2000 2551 3584 2641; baseline -0.013 -15"><span class='ocrx_word' id='word_1_341' title='bbox 2000 2570 2215 2641; x_wconf 87' lang='lat' dir='ltr'><strong>quando</strong></span> <span class='ocrx_word' id='word_1_342' title='bbox 2232 2565 2579 2638; x_wconf 78' lang='lat' dir='ltr'><strong>cxpellendus</strong></span> <span class='ocrx_word' id='word_1_343' title='bbox 2601 2561 2908 2632; x_wconf 58' lang='lat' dir='ltr'><strong>apostolicae</strong></span> <span class='ocrx_word' id='word_1_344' title='bbox 2933 2557 3076 2613; x_wconf 90' lang='lat' dir='ltr'><strong>sedis</strong></span> <span class='ocrx_word' id='word_1_345' title='bbox 3102 2553 3417 2609; x_wconf 89' lang='lat' dir='ltr'><strong>memoriam</strong></span> <span class='ocrx_word' id='word_1_346' title='bbox 3436 2551 3584 2605; x_wconf 86' lang='lat' dir='ltr'><strong>fecit.</strong></span> 
     </span>
    </p>
   </div>
   <div class='ocr_carea' id='block_1_56' title="bbox 2001 2643 3588 2725">
    <p class='ocr_par' dir='ltr' id='par_1_56' title="bbox 2001 2643 3588 2725">
     <span class='ocr_line' id='line_1_56' title="bbox 2001 2643 3588 2725; baseline -0.016 -6"><span class='ocrx_word' id='word_1_347' title='bbox 2001 2662 2069 2720; x_wconf 85' lang='lat' dir='ltr'><strong>Et</strong></span> <span class='ocrx_word' id='word_1_348' title='bbox 2092 2661 2168 2716; x_wconf 89' lang='lat' dir='ltr'><strong>ita</strong></span> <span class='ocrx_word' id='word_1_349' title='bbox 2195 2660 2432 2722; x_wconf 87' lang='lat' dir='ltr'><strong>demum,</strong></span> <span class='ocrx_word' id='word_1_350' title='bbox 2471 2655 2518 2710; x_wconf 82' lang='lat' dir='ltr'><strong>si</strong></span> <span class='ocrx_word' id='word_1_351' title='bbox 2547 2655 2636 2725; x_wconf 88' lang='lat' dir='ltr'><strong>qui</strong></span> <span class='ocrx_word' id='word_1_352' title='bbox 2666 2653 2916 2707; x_wconf 89' lang='lat' dir='ltr'><strong>videntur</strong></span> <span class='ocrx_word' id='word_1_353' title='bbox 2964 2649 3106 2702; x_wconf 86' lang='lat' dir='ltr'><strong>illius</strong></span> <span class='ocrx_word' id='word_1_354' title='bbox 3146 2659 3266 2700; x_wconf 89' lang='lat' dir='ltr'><strong>esse</strong></span> <span class='ocrx_word' id='word_1_355' title='bbox 3293 2643 3588 2698; x_wconf 90' lang='lat' dir='ltr'><strong>calumnia-</strong></span> 
     </span>
    </p>
   </div>
   <div class='ocr_carea' id='block_1_57' title="bbox 2003 2733 3592 2819">
    <p class='ocr_par' dir='ltr' id='par_1_57' title="bbox 2003 2733 3592 2819">
     <span class='ocr_line' id='line_1_57' title="bbox 2003 2733 3592 2819; baseline -0.017 -8"><span class='ocrx_word' id='word_1_356' title='bbox 2003 2763 2171 2818; x_wconf 90' lang='lat' dir='ltr'><strong>tores,</strong></span> <span class='ocrx_word' id='word_1_357' title='bbox 2214 2766 2336 2807; x_wconf 87' lang='lat' dir='ltr'><strong>cum</strong></span> <span class='ocrx_word' id='word_1_358' title='bbox 2381 2747 2701 2819; x_wconf 77' lang='lat' dir='ltr'><strong>presbytero</strong></span> <span class='ocrx_word' id='word_1_359' title='bbox 2756 2742 2850 2796; x_wconf 94' lang='lat' dir='ltr'><strong>illo</strong></span> <span class='ocrx_word' id='word_1_360' title='bbox 2903 2741 2995 2810; x_wconf 90' lang='lat' dir='ltr'><strong>qui</strong></span> <span class='ocrx_word' id='word_1_361' title='bbox 3052 2734 3368 2806; x_wconf 83' lang='lat' dir='ltr'><strong>dejectionis</strong></span> <span class='ocrx_word' id='word_1_362' title='bbox 3422 2733 3592 2803; x_wconf 87' lang='lat' dir='ltr'><strong>ipsius</strong></span> 
     </span>
    </p>
   </div>
   <div class='ocr_carea' id='block_1_58' title="bbox 2003 2826 3595 2907">
    <p class='ocr_par' dir='ltr' id='par_1_58' title="bbox 2003 2826 3595 2907">
     <span class='ocr_line' id='line_1_58' title="bbox 2003 2826 3595 2907; baseline -0.018 -4"><span class='ocrx_word' id='word_1_363' title='bbox 2003 2861 2168 2904; x_wconf 86' lang='lat' dir='ltr'><strong>causa</strong></span> <span class='ocrx_word' id='word_1_364' title='bbox 2203 2843 2431 2907; x_wconf 84' lang='lat' dir='ltr'><strong>exstitit,</strong></span> <span class='ocrx_word' id='word_1_365' title='bbox 2455 2839 2683 2894; x_wconf 82' lang='lat' dir='ltr'><strong>Romam</strong></span> <span class='ocrx_word' id='word_1_366' title='bbox 2722 2835 2930 2907; x_wconf 89' lang='lat' dir='ltr'><strong>pariter</strong></span> <span class='ocrx_word' id='word_1_367' title='bbox 2973 2847 3095 2889; x_wconf 91' lang='lat' dir='ltr'><strong>cum</strong></span> <span class='ocrx_word' id='word_1_368' title='bbox 3125 2843 3267 2898; x_wconf 70' lang='lat' dir='ltr'><strong>stcpe</strong></span> <span class='ocrx_word' id='word_1_369' title='bbox 3316 2826 3595 2881; x_wconf 88' lang='lat' dir='ltr'><strong>nominato</strong></span> 
     </span>
    </p>
   </div>
   <div class='ocr_carea' id='block_1_59' title="bbox 2005 2919 3594 3003">
    <p class='ocr_par' dir='ltr' id='par_1_59' title="bbox 2005 2919 3594 3003">
     <span class='ocr_line' id='line_1_59' title="bbox 2005 2919 3594 3003; baseline -0.018 -8"><span class='ocrx_word' id='word_1_370' title='bbox 2005 2938 2275 3000; x_wconf 78' lang='lat' dir='ltr'><strong>Rothado,</strong></span> <span class='ocrx_word' id='word_1_371' title='bbox 2304 2933 2449 2989; x_wconf 91' lang='lat' dir='ltr'><strong>omni</strong></span> <span class='ocrx_word' id='word_1_372' title='bbox 2482 2937 2686 3003; x_wconf 87' lang='lat' dir='ltr'><strong>remota</strong></span> <span class='ocrx_word' id='word_1_373' title='bbox 2727 2925 3033 2986; x_wconf 90' lang='lat' dir='ltr'><strong>occasione,</strong></span> <span class='ocrx_word' id='word_1_374' title='bbox 3082 2919 3450 2976; x_wconf 84' lang='lat' dir='ltr'><strong>indesinenter</strong></span> <span class='ocrx_word' id='word_1_375' title='bbox 3500 2929 3594 2968; x_wconf 77' lang='lat' dir='ltr'><strong>oc-</strong></span> 
     </span>
    </p>
   </div>
   <div class='ocr_carea' id='block_1_60' title="bbox 2003 3011 3597 3087">
    <p class='ocr_par' dir='ltr' id='par_1_60' title="bbox 2003 3011 3597 3087">
     <span class='ocr_line' id='line_1_60' title="bbox 2003 3011 3597 3087; baseline -0.017 -3"><span class='ocrx_word' id='word_1_376' title='bbox 2003 3034 2249 3084; x_wconf 90' lang='lat' dir='ltr'><strong>currant.</strong></span> <span class='ocrx_word' id='word_1_377' title='bbox 2279 3023 2392 3078; x_wconf 80' lang='lat' dir='ltr'><strong>lioc</strong></span> <span class='ocrx_word' id='word_1_378' title='bbox 2435 3029 2613 3076; x_wconf 88' lang='lat' dir='ltr'><strong>autem</strong></span> <span class='ocrx_word' id='word_1_379' title='bbox 2639 3030 2896 3087; x_wconf 79' lang='lat' dir='ltr'><strong>expresse</strong></span> <span class='ocrx_word' id='word_1_380' title='bbox 2946 3011 3314 3074; x_wconf 89' lang='lat' dir='ltr'><strong>decernimus,</strong></span> <span class='ocrx_word' id='word_1_381' title='bbox 3366 3015 3427 3060; x_wconf 95' lang='lat' dir='ltr'><strong>ut</strong></span> <span class='ocrx_word' id='word_1_382' title='bbox 3474 3013 3597 3075; x_wconf 90' lang='lat' dir='ltr'><strong>post</strong></span> 
     </span>
    </p>
   </div>
   <div class='ocr_carea' id='block_1_61' title="bbox 2005 3097 3598 3190">
    <p class='ocr_par' dir='ltr' id='par_1_61' title="bbox 2005 3097 3598 3190">
     <span class='ocr_line' id='line_1_61' title="bbox 2005 3097 3598 3190; baseline -0.016 -15"><span class='ocrx_word' id='word_1_383' title='bbox 2005 3119 2232 3190; x_wconf 81' lang='lat' dir='ltr'><strong>triginta</strong></span> <span class='ocrx_word' id='word_1_384' title='bbox 2259 3115 2400 3178; x_wconf 91' lang='lat' dir='ltr'><strong>dies,</strong></span> <span class='ocrx_word' id='word_1_385' title='bbox 2429 3119 2712 3184; x_wconf 81' lang='lat' dir='ltr'><strong>postquam</strong></span> <span class='ocrx_word' id='word_1_386' title='bbox 2753 3109 2868 3162; x_wconf 72' lang='lat' dir='ltr'><strong>hmo</strong></span> <span class='ocrx_word' id='word_1_387' title='bbox 2892 3100 3087 3160; x_wconf 75' lang='lat' dir='ltr'><strong>nostra</strong></span> <span class='ocrx_word' id='word_1_388' title='bbox 3126 3099 3352 3171; x_wconf 89' lang='lat' dir='ltr'><strong>epistola</strong></span> <span class='ocrx_word' id='word_1_389' title='bbox 3390 3097 3457 3152; x_wconf 89' lang='lat' dir='ltr'><strong>ad</strong></span> <span class='ocrx_word' id='word_1_390' title='bbox 3499 3110 3598 3150; x_wconf 90' lang='lat' dir='ltr'><strong>vos</strong></span> 
     </span>
    </p>
   </div>
   <div class='ocr_carea' id='block_1_62' title="bbox 323 3185 1911 3268">
    <p class='ocr_par' dir='ltr' id='par_1_62' title="bbox 323 3189 1907 3268">
     <span class='ocr_line' id='line_1_62' title="bbox 323 3189 1907 3268; baseline -0.01 -12"><span class='ocrx_word' id='word_1_391' title='bbox 323 3198 395 3257; x_wconf 70' lang='grc' dir='ltr'><strong>[τι</strong></span> <span class='ocrx_word' id='word_1_392' title='bbox 448 3198 747 3254; x_wconf 80' lang='lat' dir='ltr'><strong>Rothadum</strong></span> <span class='ocrx_word' id='word_1_393' title='bbox 805 3197 1126 3268; x_wconf 11' lang='lat' dir='ltr'><strong>episcopum,</strong></span> <span class='ocrx_word' id='word_1_394' title='bbox 1169 3193 1594 3268; x_wconf 73' lang='lat' dir='ltr'><strong>Suessionemem</strong></span> <span class='ocrx_word' id='word_1_395' title='bbox 1646 3189 1907 3268; x_wconf 61' lang='lat' dir='ltr'><strong>defectum</strong></span> 
     </span>
    </p>
   </div>
   <div class='ocr_carea' id='block_1_63' title="bbox 2003 3185 3600 3268">
    <p class='ocr_par' dir='ltr' id='par_1_63' title="bbox 2013 3185 3600 3268">
     <span class='ocr_line' id='line_1_63' title="bbox 2013 3185 3600 3268; baseline -0.016 -5"><span class='ocrx_word' id='word_1_396' title='bbox 2013 3185 2187 3263; x_wconf 62' lang='lat' dir='ltr'><strong>delata</strong></span> <span class='ocrx_word' id='word_1_397' title='bbox 2213 3204 2394 3266; x_wconf 88' lang='lat' dir='ltr'><strong>fuerit,</strong></span> <span class='ocrx_word' id='word_1_398' title='bbox 2419 3209 2512 3255; x_wconf 89' lang='lat' dir='ltr'><strong>aut</strong></span> <span class='ocrx_word' id='word_1_399' title='bbox 2533 3198 2815 3268; x_wconf 74' lang='lat' dir='ltr'><strong>pnnfatum</strong></span> <span class='ocrx_word' id='word_1_400' title='bbox 2839 3194 3015 3248; x_wconf 90' lang='lat' dir='ltr'><strong>virum</strong></span> <span class='ocrx_word' id='word_1_401' title='bbox 3043 3190 3349 3247; x_wconf 80' lang='lat' dir='ltr'><strong>Bothadum</strong></span> <span class='ocrx_word' id='word_1_402' title='bbox 3375 3185 3600 3242; x_wconf 90' lang='lat' dir='ltr'><strong>omnino</strong></span> 
     </span>
    </p>
   </div>
   <div class='ocr_carea' id='block_1_64' title="bbox 391 3265 1660 3334">
    <p class='ocr_par' dir='ltr' id='par_1_64' title="bbox 391 3265 1660 3334">
     <span class='ocr_line' id='line_1_64' title="bbox 391 3265 1660 3334; baseline -0.007 -10"><span class='ocrx_word' id='word_1_403' title='bbox 391 3271 504 3326; x_wconf 75' lang='lat' dir='ltr'><strong>sedi</strong></span> <span class='ocrx_word' id='word_1_404' title='bbox 532 3286 643 3324; x_wconf 73' lang='lat' dir='ltr'><strong>suae</strong></span> <span class='ocrx_word' id='word_1_405' title='bbox 677 3265 983 3322; x_wconf 48' lang='lat' dir='ltr'><strong>intra&#39;dies</strong></span> <span class='ocrx_word' id='word_1_406' title='bbox 1006 3267 1222 3334; x_wconf 78' lang='lat' dir='ltr'><strong>triginta</strong></span> <span class='ocrx_word' id='word_1_407' title='bbox 1268 3265 1529 3325; x_wconf 84' lang='lat' dir='ltr'><strong>restituat,</strong></span> <span class='ocrx_word' id='word_1_408' title='bbox 1569 3269 1660 3316; x_wconf 86' lang='lat' dir='ltr'><strong>aut</strong></span> 
     </span>
    </p>
   </div>
   <div class='ocr_carea' id='block_1_65' title="bbox 391 3334 1560 3396">
    <p class='ocr_par' dir='ltr' id='par_1_65' title="bbox 391 3334 1560 3396">
     <span class='ocr_line' id='line_1_65' title="bbox 391 3334 1560 3396; baseline -0.009 0"><span class='ocrx_word' id='word_1_409' title='bbox 391 3357 512 3396; x_wconf 76' lang='lat' dir='ltr'><strong>cum</strong></span> <span class='ocrx_word' id='word_1_410' title='bbox 537 3339 717 3395; x_wconf 78' lang='grc' dir='ltr'><strong>εοάεηι</strong></span> <span class='ocrx_word' id='word_1_411' title='bbox 737 3339 804 3392; x_wconf 86' lang='lat' dir='ltr'><strong>ad</strong></span> <span class='ocrx_word' id='word_1_412' title='bbox 827 3353 1042 3391; x_wconf 84' lang='lat' dir='ltr'><strong>causam</strong></span> <span class='ocrx_word' id='word_1_413' title='bbox 1067 3335 1346 3390; x_wconf 81' lang='lat' dir='ltr'><strong>dicendum</strong></span> <span class='ocrx_word' id='word_1_414' title='bbox 1370 3334 1560 3388; x_wconf 84' lang='lat' dir='ltr'><strong>veniat.</strong></span> 
     </span>
    </p>
   </div>
   <div class='ocr_carea' id='block_1_66' title="bbox 824 3443 1424 3520">
    <p class='ocr_par' dir='ltr' id='par_1_66' title="bbox 824 3443 1424 3520">
     <span class='ocr_line' id='line_1_66' title="bbox 824 3443 1424 3520; baseline -0.012 -16"><span class='ocrx_word' id='word_1_415' title='bbox 824 3448 1002 3520; x_wconf 73' lang='lat' dir='ltr'><strong>[Apud</strong></span> <span class='ocrx_word' id='word_1_416' title='bbox 1036 3447 1230 3512; x_wconf 77' lang='lat' dir='ltr'><strong>Mansi,</strong></span> <span class='ocrx_word' id='word_1_417' title='bbox 1267 3443 1424 3517; x_wconf 82' lang='lat' dir='ltr'><strong>ibid.]</strong></span> 
     </span>
    </p>
   </div>
   <div class='ocr_carea' id='block_1_67' title="bbox 395 3549 1913 3631">
    <p class='ocr_par' dir='ltr' id='par_1_67' title="bbox 395 3549 1913 3631">
     <span class='ocr_line' id='line_1_67' title="bbox 395 3549 1913 3631; baseline -0.011 -13"><span class='ocrx_word' id='word_1_418' title='bbox 395 3560 667 3618; x_wconf 73' lang='lat' dir='ltr'><strong>NICOLAUS</strong></span> <span class='ocrx_word' id='word_1_419' title='bbox 700 3559 1008 3631; x_wconf 88' lang='lat' dir='ltr'><strong>episcopus,</strong></span> <span class='ocrx_word' id='word_1_420' title='bbox 1042 3572 1232 3612; x_wconf 89' lang='lat' dir='ltr'><strong>servus</strong></span> <span class='ocrx_word' id='word_1_421' title='bbox 1266 3569 1547 3611; x_wconf 87' lang='lat' dir='ltr'><strong>servorum</strong></span> <span class='ocrx_word' id='word_1_422' title='bbox 1593 3549 1710 3616; x_wconf 91' lang='lat' dir='ltr'><strong>Dei,</strong></span> <span class='ocrx_word' id='word_1_423' title='bbox 1757 3560 1913 3604; x_wconf 88' lang='lat' dir='ltr'><strong>reve-</strong></span> 
     </span>
    </p>
   </div>
   <div class='ocr_carea' id='block_1_68' title="bbox 325 3643 1910 3714">
    <p class='ocr_par' dir='ltr' id='par_1_68' title="bbox 325 3643 1910 3714">
     <span class='ocr_line' id='line_1_68' title="bbox 325 3643 1910 3714; baseline -0.01 0"><span class='ocrx_word' id='word_1_424' title='bbox 325 3657 636 3714; x_wconf 86' lang='lat' dir='ltr'><strong>rentissimo</strong></span> <span class='ocrx_word' id='word_1_425' title='bbox 669 3662 725 3708; x_wconf 91' lang='lat' dir='ltr'><strong>et</strong></span> <span class='ocrx_word' id='word_1_426' title='bbox 775 3651 1121 3708; x_wconf 87' lang='lat' dir='ltr'><strong>sanctissimo</strong></span> <span class='ocrx_word' id='word_1_427' title='bbox 1169 3649 1327 3706; x_wconf 87' lang='lat' dir='ltr'><strong>fratri</strong></span> <span class='ocrx_word' id='word_1_428' title='bbox 1383 3656 1567 3703; x_wconf 82' lang='lat' dir='ltr'><strong>nostro</strong></span> <span class='ocrx_word' id='word_1_429' title='bbox 1615 3643 1910 3700; x_wconf 73' lang='lat' dir='ltr'><strong>llmcuuto</strong></span> 
     </span>
    </p>
   </div>
   <div class='ocr_carea' id='block_1_69' title="bbox 327 3744 1125 3813">
    <p class='ocr_par' dir='ltr' id='par_1_69' title="bbox 327 3744 1125 3813">
     <span class='ocr_line' id='line_1_69' title="bbox 327 3744 1125 3813; baseline -0.013 -9"><span class='ocrx_word' id='word_1_430' title='bbox 327 3749 664 3804; x_wconf 76' lang='lat' dir='ltr'><strong>Bhemorum</strong></span> <span class='ocrx_word' id='word_1_431' title='bbox 695 3744 1125 3813; x_wconf 85' lang='lat' dir='ltr'><strong>archiepiscopo.</strong></span> 
     </span>
    </p>
   </div>
   <div class='ocr_carea' id='block_1_70' title="bbox 402 3827 1918 3902">
    <p class='ocr_par' dir='ltr' id='par_1_70' title="bbox 402 3827 1918 3902">
     <span class='ocr_line' id='line_1_70' title="bbox 402 3827 1918 3902; baseline -0.011 -7"><span class='ocrx_word' id='word_1_432' title='bbox 402 3836 759 3895; x_wconf 87' lang='lat' dir='ltr'><strong>Sanctitatem</strong></span> <span class='ocrx_word' id='word_1_433' title='bbox 788 3843 1058 3898; x_wconf 86' lang='lat' dir='ltr'><strong>vestram,</strong></span> <span class='ocrx_word' id='word_1_434' title='bbox 1106 3846 1269 3902; x_wconf 90' lang='lat' dir='ltr'><strong>quam</strong></span> <span class='ocrx_word' id='word_1_435' title='bbox 1315 3844 1530 3900; x_wconf 87' lang='lat' dir='ltr'><strong>semper</strong></span> <span class='ocrx_word' id='word_1_436' title='bbox 1571 3828 1625 3883; x_wconf 89' lang='lat' dir='ltr'><strong>in</strong></span> <span class='ocrx_word' id='word_1_437' title='bbox 1656 3827 1918 3882; x_wconf 90' lang='lat' dir='ltr'><strong>virtutum</strong></span> 
     </span>
    </p>
   </div>
   <div class='ocr_carea' id='block_1_71' title="bbox 329 3918 1920 3993">
    <p class='ocr_par' dir='ltr' id='par_1_71' title="bbox 329 3918 1920 3993">
     <span class='ocr_line' id='line_1_71' title="bbox 329 3918 1920 3993; baseline -0.009 -6"><span class='ocrx_word' id='word_1_438' title='bbox 329 3931 609 3987; x_wconf 80' lang='lat' dir='ltr'><strong>exercitiis</strong></span> <span class='ocrx_word' id='word_1_439' title='bbox 629 3935 1037 3984; x_wconf 88' lang='lat' dir='ltr'><strong>conversantem</strong></span> <span class='ocrx_word' id='word_1_440' title='bbox 1069 3923 1454 3993; x_wconf 89' lang='lat' dir='ltr'><strong>comperimus,</strong></span> <span class='ocrx_word' id='word_1_441' title='bbox 1487 3931 1544 3977; x_wconf 91' lang='lat' dir='ltr'><strong>et</strong></span> <span class='ocrx_word' id='word_1_442' title='bbox 1572 3920 1626 3975; x_wconf 92' lang='lat' dir='ltr'><strong>in</strong></span> <span class='ocrx_word' id='word_1_443' title='bbox 1657 3918 1920 3975; x_wconf 87' lang='lat' dir='ltr'><strong>doctrinis</strong></span> 
     </span>
    </p>
   </div>
   <div class='ocr_carea' id='block_1_72' title="bbox 331 4008 1924 4098">
    <p class='ocr_par' dir='ltr' id='par_1_72' title="bbox 331 4008 1924 4098">
     <span class='ocr_line' id='line_1_72' title="bbox 331 4008 1924 4098; baseline -0.012 -17"><span class='ocrx_word' id='word_1_444' title='bbox 331 4021 717 4081; x_wconf 81' lang='lat' dir='ltr'><strong>ecclesiasticis</strong></span> <span class='ocrx_word' id='word_1_445' title='bbox 743 4017 1133 4098; x_wconf 80' lang='lat' dir='ltr'><strong>proﬁcientem,</strong></span> <span class='ocrx_word' id='word_1_446' title='bbox 1166 4014 1309 4068; x_wconf 83' lang='lat' dir='ltr'><strong>fama</strong></span> <span class='ocrx_word' id='word_1_447' title='bbox 1333 4014 1715 4068; x_wconf 81' lang='lat' dir='ltr'><strong>crebrescente</strong></span> <span class='ocrx_word' id='word_1_448' title='bbox 1735 4008 1924 4063; x_wconf 88' lang='lat' dir='ltr'><strong>didici-</strong></span> 
     </span>
    </p>
   </div>
   <div class='ocr_carea' id='block_1_73' title="bbox 334 4103 1922 4184">
    <p class='ocr_par' dir='ltr' id='par_1_73' title="bbox 334 4103 1922 4184">
     <span class='ocr_line' id='line_1_73' title="bbox 334 4103 1922 4184; baseline -0.011 -13"><span class='ocrx_word' id='word_1_449' title='bbox 334 4133 480 4182; x_wconf 89' lang='lat' dir='ltr'><strong>mus,</strong></span> <span class='ocrx_word' id='word_1_450' title='bbox 521 4115 679 4170; x_wconf 91' lang='lat' dir='ltr'><strong>aliter</strong></span> <span class='ocrx_word' id='word_1_451' title='bbox 703 4111 1052 4184; x_wconf 86' lang='lat' dir='ltr'><strong>apostolicam</strong></span> <span class='ocrx_word' id='word_1_452' title='bbox 1081 4107 1441 4163; x_wconf 89' lang='lat' dir='ltr'><strong>reverentiam</strong></span> <span class='ocrx_word' id='word_1_453' title='bbox 1481 4121 1591 4176; x_wconf 70' lang='lat' dir='ltr'><strong>prze</strong></span> <span class='ocrx_word' id='word_1_454' title='bbox 1619 4103 1793 4158; x_wconf 87' lang='lat' dir='ltr'><strong>oculis</strong></span> <span class='ocrx_word' id='word_1_455' title='bbox 1822 4103 1922 4156; x_wconf 82' lang='lat' dir='ltr'><strong>ha-</strong></span> 
     </span>
    </p>
   </div>
   <div class='ocr_carea' id='block_1_74' title="bbox 334 4188 1925 4274">
    <p class='ocr_par' dir='ltr' id='par_1_74' title="bbox 334 4188 1925 4274">
     <span class='ocr_line' id='line_1_74' title="bbox 334 4188 1925 4274; baseline -0.013 -12"><span class='ocrx_word' id='word_1_456' title='bbox 334 4206 469 4262; x_wconf 89' lang='lat' dir='ltr'><strong>bere</strong></span> <span class='ocrx_word' id='word_1_457' title='bbox 498 4203 872 4274; x_wconf 87' lang='lat' dir='ltr'><strong>sperabamus,</strong></span> <span class='ocrx_word' id='word_1_458' title='bbox 899 4214 1062 4269; x_wconf 90' lang='lat' dir='ltr'><strong>quam</strong></span> <span class='ocrx_word' id='word_1_459' title='bbox 1090 4197 1344 4267; x_wconf 89' lang='lat' dir='ltr'><strong>frequens</strong></span> <span class='ocrx_word' id='word_1_460' title='bbox 1373 4193 1542 4249; x_wconf 86' lang='lat' dir='ltr'><strong>dictat</strong></span> <span class='ocrx_word' id='word_1_461' title='bbox 1573 4191 1778 4262; x_wconf 81' lang='lat' dir='ltr'><strong>Opinio.</strong></span> <span class='ocrx_word' id='word_1_462' title='bbox 1824 4188 1925 4243; x_wconf 42' lang='lat' dir='ltr'><strong>De</strong></span> 
     </span>
    </p>
   </div>
   <div class='ocr_carea' id='block_1_75' title="bbox 337 4282 1924 4368">
    <p class='ocr_par' dir='ltr' id='par_1_75' title="bbox 337 4282 1924 4368">
     <span class='ocr_line' id='line_1_75' title="bbox 337 4282 1924 4368; baseline -0.013 -13"><span class='ocrx_word' id='word_1_463' title='bbox 337 4299 508 4368; x_wconf 88' lang='lat' dir='ltr'><strong>nique</strong></span> <span class='ocrx_word' id='word_1_464' title='bbox 535 4296 774 4351; x_wconf 89' lang='lat' dir='ltr'><strong>ﬁdelium</strong></span> <span class='ocrx_word' id='word_1_465' title='bbox 811 4293 1103 4348; x_wconf 89' lang='lat' dir='ltr'><strong>multorum</strong></span> <span class='ocrx_word' id='word_1_466' title='bbox 1139 4289 1338 4344; x_wconf 79' lang='lat' dir='ltr'><strong>exinde</strong></span> <span class='ocrx_word' id='word_1_467' title='bbox 1388 4286 1682 4341; x_wconf 85' lang='lat' dir='ltr'><strong>dolentium</strong></span> <span class='ocrx_word' id='word_1_468' title='bbox 1740 4282 1924 4338; x_wconf 87' lang='lat' dir='ltr'><strong>auditu</strong></span> 
     </span>
    </p>
   </div>
   <div class='ocr_carea' id='block_1_76' title="bbox 338 4371 1928 4455">
    <p class='ocr_par' dir='ltr' id='par_1_76' title="bbox 338 4371 1928 4455">
     <span class='ocr_line' id='line_1_76' title="bbox 338 4371 1928 4455; baseline -0.011 -13"><span class='ocrx_word' id='word_1_469' title='bbox 338 4387 520 4444; x_wconf 86' lang='lat' dir='ltr'><strong>veraci</strong></span> <span class='ocrx_word' id='word_1_470' title='bbox 551 4385 920 4455; x_wconf 83' lang='lat' dir='ltr'><strong>cognovimus,</strong></span> <span class='ocrx_word' id='word_1_471' title='bbox 952 4382 1096 4452; x_wconf 85' lang='lat' dir='ltr'><strong>quod</strong></span> <span class='ocrx_word' id='word_1_472' title='bbox 1126 4379 1404 4433; x_wconf 81' lang='lat' dir='ltr'><strong>Rothadus</strong></span> <span class='ocrx_word' id='word_1_473' title='bbox 1432 4374 1600 4430; x_wconf 86' lang='lat' dir='ltr'><strong>frater</strong></span> <span class='ocrx_word' id='word_1_474' title='bbox 1653 4383 1709 4429; x_wconf 91' lang='lat' dir='ltr'><strong>et</strong></span> <span class='ocrx_word' id='word_1_475' title='bbox 1747 4371 1928 4442; x_wconf 78' lang='lat' dir='ltr'><strong>coepi-</strong></span> 
     </span>
    </p>
   </div>
   <div class='ocr_carea' id='block_1_77' title="bbox 341 4465 1929 4551">
    <p class='ocr_par' dir='ltr' id='par_1_77' title="bbox 341 4465 1929 4551">
     <span class='ocr_line' id='line_1_77' title="bbox 341 4465 1929 4551; baseline -0.013 -15"><span class='ocrx_word' id='word_1_476' title='bbox 341 4494 541 4551; x_wconf 88' lang='lat' dir='ltr'><strong>scopus</strong></span> <span class='ocrx_word' id='word_1_477' title='bbox 598 4487 786 4533; x_wconf 91' lang='lat' dir='ltr'><strong>noster</strong></span> <span class='ocrx_word' id='word_1_478' title='bbox 850 4474 1105 4529; x_wconf 77' lang='lat' dir='ltr'><strong>Ecclesia:</strong></span> <span class='ocrx_word' id='word_1_479' title='bbox 1161 4469 1520 4526; x_wconf 64' lang='lat' dir='ltr'><strong>Suessiouicaa</strong></span> <span class='ocrx_word' id='word_1_480' title='bbox 1572 4480 1670 4536; x_wconf 91' lang='lat' dir='ltr'><strong>pro</strong></span> <span class='ocrx_word' id='word_1_481' title='bbox 1696 4465 1929 4534; x_wconf 90' lang='lat' dir='ltr'><strong>quodam</strong></span> 
     </span>
    </p>
   </div>
   <div class='ocr_carea' id='block_1_78' title="bbox 1733 3274 1909 3315">
    <p class='ocr_par' dir='ltr' id='par_1_78' title="bbox 1733 3274 1909 3315">
     <span class='ocr_line' id='line_1_78' title="bbox 1733 3274 1909 3315; baseline -0.023 0"><span class='ocrx_word' id='word_1_482' title='bbox 1733 3274 1909 3315; x_wconf 87' lang='lat' dir='ltr'><strong>omam</strong></span> 
     </span>
    </p>
   </div>
   <div class='ocr_carea' id='block_1_79' title="bbox 341 4554 2010 4646">
    <p class='ocr_par' dir='ltr' id='par_1_79' title="bbox 341 4554 2010 4646">
     <span class='ocr_line' id='line_1_79' title="bbox 341 4554 2010 4646; baseline -0.013 -19"><span class='ocrx_word' id='word_1_483' title='bbox 341 4573 665 4644; x_wconf 85' lang='lat' dir='ltr'><strong>presbytero</strong></span> <span class='ocrx_word' id='word_1_484' title='bbox 694 4568 784 4636; x_wconf 90' lang='lat' dir='ltr'><strong>qui</strong></span> <span class='ocrx_word' id='word_1_485' title='bbox 810 4580 907 4636; x_wconf 91' lang='lat' dir='ltr'><strong>pro</strong></span> <span class='ocrx_word' id='word_1_486' title='bbox 930 4565 1058 4619; x_wconf 87' lang='lat' dir='ltr'><strong>facti</strong></span> <span class='ocrx_word' id='word_1_487' title='bbox 1078 4563 1162 4617; x_wconf 90' lang='lat' dir='ltr'><strong>sui</strong></span> <span class='ocrx_word' id='word_1_488' title='bbox 1189 4561 1452 4646; x_wconf 39' lang='lat' dir='ltr'><strong>qua-litate</strong></span> <span class='ocrx_word' id='word_1_489' title='bbox 1477 4557 1702 4613; x_wconf 90' lang='lat' dir='ltr'><strong>honoris</strong></span> <span class='ocrx_word' id='word_1_490' title='bbox 1726 4554 1928 4625; x_wconf 91' lang='lat' dir='ltr'><strong>proprii</strong></span> <span class='ocrx_word' id='word_1_491' title='bbox 1957 4558 2010 4620; x_wconf 81' lang='lat' dir='ltr'><strong>D</strong></span> 
     </span>
    </p>
   </div>
   <div class='ocr_carea' id='block_1_80' title="bbox 346 4648 1934 4720">
    <p class='ocr_par' dir='ltr' id='par_1_80' title="bbox 346 4648 1934 4720">
     <span class='ocr_line' id='line_1_80' title="bbox 346 4648 1934 4720; baseline -0.015 1"><span class='ocrx_word' id='word_1_492' title='bbox 346 4675 478 4720; x_wconf 87' lang='lat' dir='ltr'><strong>ante</strong></span> <span class='ocrx_word' id='word_1_493' title='bbox 536 4648 1342 4720; x_wconf 27' lang='lat' dir='ltr'><strong>triennium,.fqerakprivatus</strong></span> <span class='ocrx_word' id='word_1_494' title='bbox 1389 4649 1570 4706; x_wconf 91' lang='lat' dir='ltr'><strong>oflicio</strong></span> <span class='ocrx_word' id='word_1_495' title='bbox 1601 4688 1616 4714; x_wconf 93' lang='lat'><strong>,</strong></span> <span class='ocrx_word' id='word_1_496' title='bbox 1666 4662 1698 4700; x_wconf 91' lang='lat' dir='ltr'><strong>a</strong></span> <span class='ocrx_word' id='word_1_497' title='bbox 1749 4653 1934 4700; x_wconf 90' lang='lat' dir='ltr'><strong>vestra</strong></span> 
     </span>
    </p>
   </div>
   <div class='ocr_carea' id='block_1_81' title="bbox 347 4656 1935 4819">
    <p class='ocr_par' dir='ltr' id='par_1_81' title="bbox 347 4656 1935 4819">
     <span class='ocr_line' id='line_1_81' title="bbox 347 4656 1934 4720; baseline -0.015 1"><span class='ocrx_word' id='word_1_498' title='bbox 347 4675 478 4720; x_wconf 88' lang='lat' dir='ltr'><strong>ante</strong></span> <span class='ocrx_word' id='word_1_499' title='bbox 536 4661 830 4719; x_wconf 89' lang='lat' dir='ltr'><strong>triennium</strong></span> <span class='ocrx_word' id='word_1_500' title='bbox 940 4673 1000 4711; x_wconf 88' lang='lat' dir='ltr'><strong>er</strong></span> <span class='ocrx_word' id='word_1_501' title='bbox 1139 4657 1342 4708; x_wconf 88' lang='lat' dir='ltr'><strong>rivatus</strong></span> <span class='ocrx_word' id='word_1_502' title='bbox 1389 4656 1570 4706; x_wconf 85' lang='lat' dir='ltr'><strong>oﬂicio</strong></span> <span class='ocrx_word' id='word_1_503' title='bbox 1601 4688 1616 4714; x_wconf 93' lang='lat'><strong>,</strong></span> <span class='ocrx_word' id='word_1_504' title='bbox 1666 4662 1698 4700; x_wconf 91' lang='lat' dir='ltr'><strong>a</strong></span> <span class='ocrx_word' id='word_1_505' title='bbox 1749 4656 1934 4700; x_wconf 90' lang='lat' dir='ltr'><strong>vestra</strong></span> 
     </span>
     <span class='ocr_line' id='line_1_82' title="bbox 347 4656 1935 4819; baseline -0.014 -8"><span class='ocrx_word' id='word_1_506' title='bbox 347 4755 639 4812; x_wconf 86' lang='lat' dir='ltr'><strong>sanctitate</strong></span> <span class='ocrx_word' id='word_1_507' title='bbox 668 4751 769 4806; x_wconf 82' lang='lat' dir='ltr'><strong>fuit</strong></span> <span class='ocrx_word' id='word_1_508' title='bbox 809 4656 1133 4819; x_wconf 44' lang='lat' dir='ltr'><strong>dm</strong></span> <span class='ocrx_word' id='word_1_509' title='bbox 1137 4753 1192 4798; x_wconf 90' lang='lat' dir='ltr'><strong>et</strong></span> <span class='ocrx_word' id='word_1_510' title='bbox 1229 4744 1424 4804; x_wconf 89' lang='lat' dir='ltr'><strong>adhuc,</strong></span> <span class='ocrx_word' id='word_1_511' title='bbox 1457 4737 1602 4810; x_wconf 89' lang='lat' dir='ltr'><strong>quod</strong></span> <span class='ocrx_word' id='word_1_512' title='bbox 1635 4735 1786 4792; x_wconf 84' lang='lat' dir='ltr'><strong>nefas</strong></span> <span class='ocrx_word' id='word_1_513' title='bbox 1826 4741 1935 4799; x_wconf 79' lang='lat' dir='ltr'><strong>est,</strong></span> 
     </span>
    </p>
   </div>
   <div class='ocr_carea' id='block_1_82' title="bbox 352 4829 1938 4916">
    <p class='ocr_par' dir='ltr' id='par_1_82' title="bbox 352 4829 1938 4916">
     <span class='ocr_line' id='line_1_83' title="bbox 352 4829 1938 4916; baseline -0.016 -12"><span class='ocrx_word' id='word_1_514' title='bbox 352 4849 537 4904; x_wconf 90' lang='lat' dir='ltr'><strong>sedem</strong></span> <span class='ocrx_word' id='word_1_515' title='bbox 562 4845 912 4916; x_wconf 89' lang='lat' dir='ltr'><strong>apostolicam</strong></span> <span class='ocrx_word' id='word_1_516' title='bbox 942 4837 1242 4911; x_wconf 87' lang='lat' dir='ltr'><strong>appellans,</strong></span> <span class='ocrx_word' id='word_1_517' title='bbox 1264 4835 1420 4904; x_wconf 81' lang='lat' dir='ltr'><strong>juxta</strong></span> <span class='ocrx_word' id='word_1_518' title='bbox 1460 4831 1602 4903; x_wconf 87' lang='lat' dir='ltr'><strong>quod</strong></span> <span class='ocrx_word' id='word_1_519' title='bbox 1636 4829 1740 4886; x_wconf 90' lang='lat' dir='ltr'><strong>sibi</strong></span> <span class='ocrx_word' id='word_1_520' title='bbox 1767 4843 1798 4882; x_wconf 90' lang='lat' dir='ltr'><strong>a</strong></span> <span class='ocrx_word' id='word_1_521' title='bbox 1841 4841 1938 4896; x_wconf 83' lang='lat' dir='ltr'><strong>pa—</strong></span> 
     </span>
    </p>
   </div>
   <div class='ocr_carea' id='block_1_83' title="bbox 351 4921 1941 5002">
    <p class='ocr_par' dir='ltr' id='par_1_83' title="bbox 351 4921 1941 5002">
     <span class='ocr_line' id='line_1_84' title="bbox 351 4921 1941 5002; baseline -0.014 -7"><span class='ocrx_word' id='word_1_522' title='bbox 351 4940 529 4995; x_wconf 90' lang='lat' dir='ltr'><strong>tribus</strong></span> <span class='ocrx_word' id='word_1_523' title='bbox 559 4945 775 4993; x_wconf 87' lang='lat' dir='ltr'><strong>constat</strong></span> <span class='ocrx_word' id='word_1_524' title='bbox 815 4949 935 4990; x_wconf 89' lang='lat' dir='ltr'><strong>esse</strong></span> <span class='ocrx_word' id='word_1_525' title='bbox 977 4930 1326 5002; x_wconf 88' lang='lat' dir='ltr'><strong>permissum,</strong></span> <span class='ocrx_word' id='word_1_526' title='bbox 1388 4924 1731 4995; x_wconf 85' lang='lat' dir='ltr'><strong>episcopatus</strong></span> <span class='ocrx_word' id='word_1_527' title='bbox 1776 4921 1941 4975; x_wconf 87' lang='lat' dir='ltr'><strong>etiam</strong></span> 
     </span>
    </p>
   </div>
   <div class='ocr_carea' id='block_1_84' title="bbox 355 5012 1940 5095">
    <p class='ocr_par' dir='ltr' id='par_1_84' title="bbox 355 5012 1940 5095">
     <span class='ocr_line' id='line_1_85' title="bbox 355 5012 1940 5095; baseline -0.013 -12"><span class='ocrx_word' id='word_1_528' title='bbox 355 5029 552 5083; x_wconf 88' lang='lat' dir='ltr'><strong>absens</strong></span> <span class='ocrx_word' id='word_1_529' title='bbox 572 5025 902 5095; x_wconf 81' lang='lat' dir='ltr'><strong>exspoliatus</strong></span> <span class='ocrx_word' id='word_1_530' title='bbox 926 5023 1156 5084; x_wconf 89' lang='lat' dir='ltr'><strong>honore,</strong></span> <span class='ocrx_word' id='word_1_531' title='bbox 1186 5027 1241 5072; x_wconf 91' lang='lat' dir='ltr'><strong>et</strong></span> <span class='ocrx_word' id='word_1_532' title='bbox 1261 5017 1314 5071; x_wconf 90' lang='lat' dir='ltr'><strong>in</strong></span> <span class='ocrx_word' id='word_1_533' title='bbox 1336 5013 1586 5071; x_wconf 77' lang='lat' dir='ltr'><strong>exsilium</strong></span> <span class='ocrx_word' id='word_1_534' title='bbox 1605 5012 1940 5080; x_wconf 89' lang='lat' dir='ltr'><strong>deportatus,</strong></span> 
     </span>
    </p>
   </div>
   <div class='ocr_carea' id='block_1_85' title="bbox 354 5099 1945 5176">
    <p class='ocr_par' dir='ltr' id='par_1_85' title="bbox 354 5099 1945 5176">
     <span class='ocr_line' id='line_1_86' title="bbox 354 5099 1945 5176; baseline -0.015 0"><span class='ocrx_word' id='word_1_535' title='bbox 354 5121 621 5176; x_wconf 88' lang='lat' dir='ltr'><strong>hactenus</strong></span> <span class='ocrx_word' id='word_1_536' title='bbox 643 5118 698 5171; x_wconf 91' lang='lat' dir='ltr'><strong>in</strong></span> <span class='ocrx_word' id='word_1_537' title='bbox 723 5114 1054 5170; x_wconf 89' lang='lat' dir='ltr'><strong>monasterio</strong></span> <span class='ocrx_word' id='word_1_538' title='bbox 1077 5119 1320 5164; x_wconf 89' lang='lat' dir='ltr'><strong>retrusus</strong></span> <span class='ocrx_word' id='word_1_539' title='bbox 1341 5106 1560 5162; x_wconf 79' lang='lat' dir='ltr'><strong>existat.</strong></span> <span class='ocrx_word' id='word_1_540' title='bbox 1587 5101 1740 5158; x_wconf 84' lang='lat' dir='ltr'><strong>Unde</strong></span> <span class='ocrx_word' id='word_1_541' title='bbox 1782 5099 1945 5171; x_wconf 89' lang='lat' dir='ltr'><strong>gemi-</strong></span> 
     </span>
    </p>
   </div>
   <div class='ocr_carea' id='block_1_86' title="bbox 356 5190 1946 5277">
    <p class='ocr_par' dir='ltr' id='par_1_86' title="bbox 356 5190 1946 5277">
     <span class='ocr_line' id='line_1_87' title="bbox 356 5190 1946 5277; baseline -0.013 -11"><span class='ocrx_word' id='word_1_542' title='bbox 356 5225 499 5273; x_wconf 88' lang='lat' dir='ltr'><strong>mus,</strong></span> <span class='ocrx_word' id='word_1_543' title='bbox 529 5208 793 5277; x_wconf 89' lang='lat' dir='ltr'><strong>valdeque</strong></span> <span class='ocrx_word' id='word_1_544' title='bbox 817 5205 1081 5260; x_wconf 86' lang='lat' dir='ltr'><strong>dolemus.</strong></span> <span class='ocrx_word' id='word_1_545' title='bbox 1107 5201 1242 5256; x_wconf 80' lang='lat' dir='ltr'><strong>Nam</strong></span> <span class='ocrx_word' id='word_1_546' title='bbox 1279 5215 1403 5256; x_wconf 90' lang='lat' dir='ltr'><strong>cum</strong></span> <span class='ocrx_word' id='word_1_547' title='bbox 1438 5197 1698 5252; x_wconf 88' lang='lat' dir='ltr'><strong>debuerat</strong></span> <span class='ocrx_word' id='word_1_548' title='bbox 1726 5190 1946 5248; x_wconf 85' lang='lat' dir='ltr'><strong>honori-</strong></span> 
     </span>
    </p>
   </div>
   <div class='ocr_carea' id='block_1_87' title="bbox 356 5286 1945 5374">
    <p class='ocr_par' dir='ltr' id='par_1_87' title="bbox 356 5286 1945 5374">
     <span class='ocr_line' id='line_1_88' title="bbox 356 5286 1945 5374; baseline -0.014 -15"><span class='ocrx_word' id='word_1_549' title='bbox 356 5303 462 5359; x_wconf 88' lang='lat' dir='ltr'><strong>bus</strong></span> <span class='ocrx_word' id='word_1_550' title='bbox 484 5317 584 5374; x_wconf 87' lang='lat' dir='ltr'><strong>pro</strong></span> <span class='ocrx_word' id='word_1_551' title='bbox 617 5317 714 5356; x_wconf 90' lang='lat' dir='ltr'><strong>sua</strong></span> <span class='ocrx_word' id='word_1_552' title='bbox 733 5306 1012 5356; x_wconf 90' lang='lat' dir='ltr'><strong>senectute</strong></span> <span class='ocrx_word' id='word_1_553' title='bbox 1037 5293 1425 5365; x_wconf 90' lang='lat' dir='ltr'><strong>multiplicibus</strong></span> <span class='ocrx_word' id='word_1_554' title='bbox 1453 5286 1721 5360; x_wconf 89' lang='lat' dir='ltr'><strong>ampliari,</strong></span> <span class='ocrx_word' id='word_1_555' title='bbox 1749 5293 1804 5339; x_wconf 91' lang='lat' dir='ltr'><strong>et</strong></span> <span class='ocrx_word' id='word_1_556' title='bbox 1845 5297 1945 5353; x_wconf 90' lang='lat' dir='ltr'><strong>pro</strong></span> 
     </span>
    </p>
   </div>
   <div class='ocr_carea' id='block_1_88' title="bbox 356 5375 1948 5459">
    <p class='ocr_par' dir='ltr' id='par_1_88' title="bbox 356 5375 1948 5459">
     <span class='ocr_line' id='line_1_89' title="bbox 356 5375 1948 5459; baseline -0.016 -7"><span class='ocrx_word' id='word_1_557' title='bbox 356 5403 436 5452; x_wconf 84' lang='lat' dir='ltr'><strong>tot</strong></span> <span class='ocrx_word' id='word_1_558' title='bbox 463 5393 740 5450; x_wconf 87' lang='lat' dir='ltr'><strong>laboribus</strong></span> <span class='ocrx_word' id='word_1_559' title='bbox 761 5401 815 5447; x_wconf 88' lang='lat' dir='ltr'><strong>et</strong></span> <span class='ocrx_word' id='word_1_560' title='bbox 833 5387 1110 5459; x_wconf 88' lang='lat' dir='ltr'><strong>obsequiis</strong></span> <span class='ocrx_word' id='word_1_561' title='bbox 1140 5387 1192 5440; x_wconf 92' lang='lat' dir='ltr'><strong>in</strong></span> <span class='ocrx_word' id='word_1_562' title='bbox 1231 5382 1474 5439; x_wconf 79' lang='lat' dir='ltr'><strong>Ecclesia</strong></span> <span class='ocrx_word' id='word_1_563' title='bbox 1497 5379 1614 5443; x_wconf 85' lang='lat' dir='ltr'><strong>Dei,</strong></span> <span class='ocrx_word' id='word_1_564' title='bbox 1658 5375 1864 5448; x_wconf 89' lang='lat' dir='ltr'><strong>pariter</strong></span> <span class='ocrx_word' id='word_1_565' title='bbox 1891 5380 1948 5428; x_wconf 92' lang='lat' dir='ltr'><strong>et</strong></span> 
     </span>
    </p>
   </div>
   <div class='ocr_carea' id='block_1_89' title="bbox 359 5465 1952 5561">
    <p class='ocr_par' dir='ltr' id='par_1_89' title="bbox 359 5465 1952 5561">
     <span class='ocr_line' id='line_1_90' title="bbox 359 5465 1952 5561; baseline -0.014 -17"><span class='ocrx_word' id='word_1_566' title='bbox 359 5487 702 5561; x_wconf 88' lang='lat' dir='ltr'><strong>principibus</strong></span> <span class='ocrx_word' id='word_1_567' title='bbox 745 5465 966 5546; x_wconf 87' lang='lat' dir='ltr'><strong>mundi,</strong></span> <span class='ocrx_word' id='word_1_568' title='bbox 1026 5479 1255 5535; x_wconf 83' lang='lat' dir='ltr'><strong>ﬁdeliter</strong></span> <span class='ocrx_word' id='word_1_569' title='bbox 1309 5491 1376 5532; x_wconf 88' lang='lat' dir='ltr'><strong>ac</strong></span> <span class='ocrx_word' id='word_1_570' title='bbox 1429 5472 1630 5528; x_wconf 88' lang='lat' dir='ltr'><strong>utiliter</strong></span> <span class='ocrx_word' id='word_1_571' title='bbox 1671 5465 1952 5538; x_wconf 88' lang='lat' dir='ltr'><strong>impensis,</strong></span> 
     </span>
    </p>
   </div>
   <div class='ocr_carea' id='block_1_90' title="bbox 365 5561 1954 5651">
    <p class='ocr_par' dir='ltr' id='par_1_90' title="bbox 365 5561 1954 5651">
     <span class='ocr_line' id='line_1_91' title="bbox 365 5561 1954 5651; baseline -0.016 -14"><span class='ocrx_word' id='word_1_572' title='bbox 365 5580 558 5651; x_wconf 84' lang='lat' dir='ltr'><strong>majori</strong></span> <span class='ocrx_word' id='word_1_573' title='bbox 580 5578 841 5650; x_wconf 89' lang='lat' dir='ltr'><strong>dignitate</strong></span> <span class='ocrx_word' id='word_1_574' title='bbox 867 5575 995 5640; x_wconf 90' lang='lat' dir='ltr'><strong>frui,</strong></span> <span class='ocrx_word' id='word_1_575' title='bbox 1018 5583 1072 5629; x_wconf 92' lang='lat' dir='ltr'><strong>et</strong></span> <span class='ocrx_word' id='word_1_576' title='bbox 1095 5570 1209 5641; x_wconf 84' lang='lat' dir='ltr'><strong>jam</strong></span> <span class='ocrx_word' id='word_1_577' title='bbox 1242 5569 1456 5625; x_wconf 86' lang='lat' dir='ltr'><strong>tandem</strong></span> <span class='ocrx_word' id='word_1_578' title='bbox 1495 5566 1612 5620; x_wconf 92' lang='lat' dir='ltr'><strong>sine</strong></span> <span class='ocrx_word' id='word_1_579' title='bbox 1635 5561 1954 5630; x_wconf 87' lang='lat' dir='ltr'><strong>cujusquam</strong></span> 
     </span>
    </p>
   </div>
   <div class='ocr_carea' id='block_1_91' title="bbox 366 5656 1960 5749">
    <p class='ocr_par' dir='ltr' id='par_1_91' title="bbox 366 5656 1960 5749">
     <span class='ocr_line' id='line_1_92' title="bbox 366 5656 1960 5749; baseline -0.016 -16"><span class='ocrx_word' id='word_1_580' title='bbox 366 5676 690 5749; x_wconf 86' lang='lat' dir='ltr'><strong>impulsione</strong></span> <span class='ocrx_word' id='word_1_581' title='bbox 710 5673 927 5743; x_wconf 86' lang='lat' dir='ltr'><strong>quietus</strong></span> <span class='ocrx_word' id='word_1_582' title='bbox 949 5670 1184 5725; x_wconf 83' lang='lat' dir='ltr'><strong>existere</strong></span> <span class='ocrx_word' id='word_1_583' title='bbox 1207 5684 1220 5720; x_wconf 92' lang='lat'><strong>:</strong></span> <span class='ocrx_word' id='word_1_584' title='bbox 1246 5677 1389 5719; x_wconf 87' lang='lat' dir='ltr'><strong>nunc</strong></span> <span class='ocrx_word' id='word_1_585' title='bbox 1412 5676 1443 5716; x_wconf 93' lang='lat' dir='ltr'><strong>e</strong></span> <span class='ocrx_word' id='word_1_586' title='bbox 1465 5668 1654 5715; x_wconf 88' lang='lat' dir='ltr'><strong>contra</strong></span> <span class='ocrx_word' id='word_1_587' title='bbox 1691 5656 1960 5711; x_wconf 84' lang='lat' dir='ltr'><strong>dehones-</strong></span> 
     </span>
    </p>
   </div>
   <div class='ocr_carea' id='block_1_92' title="bbox 367 5749 1959 5836">
    <p class='ocr_par' dir='ltr' id='par_1_92' title="bbox 367 5749 1959 5836">
     <span class='ocr_line' id='line_1_93' title="bbox 367 5749 1959 5836; baseline -0.014 -12"><span class='ocrx_word' id='word_1_588' title='bbox 367 5777 535 5836; x_wconf 88' lang='lat' dir='ltr'><strong>talus,</strong></span> <span class='ocrx_word' id='word_1_589' title='bbox 563 5776 620 5822; x_wconf 88' lang='lat' dir='ltr'><strong>et</strong></span> <span class='ocrx_word' id='word_1_590' title='bbox 660 5764 728 5821; x_wconf 88' lang='lat' dir='ltr'><strong>ad</strong></span> <span class='ocrx_word' id='word_1_591' title='bbox 755 5761 1003 5832; x_wconf 71' lang='lat' dir='ltr'><strong>iniuriam</strong></span> <span class='ocrx_word' id='word_1_592' title='bbox 1033 5759 1178 5817; x_wconf 83' lang='lat' dir='ltr'><strong>beati</strong></span> <span class='ocrx_word' id='word_1_593' title='bbox 1218 5755 1364 5815; x_wconf 82' lang='lat' dir='ltr'><strong>Petri</strong></span> <span class='ocrx_word' id='word_1_594' title='bbox 1401 5751 1763 5826; x_wconf 86' lang='lat' dir='ltr'><strong>apostolorum</strong></span> <span class='ocrx_word' id='word_1_595' title='bbox 1811 5749 1959 5820; x_wconf 67' lang='grc' dir='ltr'><strong>ιιι-ξιι-</strong></span> 
     </span>
    </p>
   </div>
   <div class='ocr_carea' id='block_1_93' title="bbox 2011 3279 3601 3365">
    <p class='ocr_par' dir='ltr' id='par_1_93' title="bbox 2011 3279 3601 3365">
     <span class='ocr_line' id='line_1_94' title="bbox 2011 3279 3601 3365; baseline -0.016 -10"><span class='ocrx_word' id='word_1_596' title='bbox 2011 3299 2312 3357; x_wconf 88' lang='lat' dir='ltr'><strong>restituatis</strong></span> <span class='ocrx_word' id='word_1_597' title='bbox 2341 3293 2579 3365; x_wconf 74' lang='lat' dir='ltr'><strong>pristina:</strong></span> <span class='ocrx_word' id='word_1_598' title='bbox 2607 3288 3013 3360; x_wconf 85' lang='lat' dir='ltr'><strong>dignitati,aut,</strong></span> <span class='ocrx_word' id='word_1_599' title='bbox 3038 3284 3082 3338; x_wconf 92' lang='lat' dir='ltr'><strong>si</strong></span> <span class='ocrx_word' id='word_1_600' title='bbox 3104 3281 3250 3352; x_wconf 90' lang='lat' dir='ltr'><strong>juste</strong></span> <span class='ocrx_word' id='word_1_601' title='bbox 3275 3295 3370 3335; x_wconf 89' lang='lat' dir='ltr'><strong>vos</strong></span> <span class='ocrx_word' id='word_1_602' title='bbox 3393 3279 3447 3332; x_wconf 90' lang='lat' dir='ltr'><strong>in</strong></span> <span class='ocrx_word' id='word_1_603' title='bbox 3475 3291 3601 3330; x_wconf 89' lang='lat' dir='ltr'><strong>eum</strong></span> 
     </span>
    </p>
   </div>
   <div class='ocr_carea' id='block_1_94' title="bbox 2012 3373 3605 3466">
    <p class='ocr_par' dir='ltr' id='par_1_94' title="bbox 2012 3373 3605 3466">
     <span class='ocr_line' id='line_1_95' title="bbox 2012 3373 3605 3466; baseline -0.018 -15"><span class='ocrx_word' id='word_1_604' title='bbox 2012 3396 2189 3466; x_wconf 91' lang='lat' dir='ltr'><strong>egisse</strong></span> <span class='ocrx_word' id='word_1_605' title='bbox 2219 3390 2438 3463; x_wconf 86' lang='lat' dir='ltr'><strong>putatis,</strong></span> <span class='ocrx_word' id='word_1_606' title='bbox 2476 3386 2705 3441; x_wconf 84' lang='lat' dir='ltr'><strong>Romam</strong></span> <span class='ocrx_word' id='word_1_607' title='bbox 2745 3398 2869 3438; x_wconf 91' lang='lat' dir='ltr'><strong>cum</strong></span> <span class='ocrx_word' id='word_1_608' title='bbox 2896 3381 3087 3436; x_wconf 84' lang='lat' dir='ltr'><strong>eodem</strong></span> <span class='ocrx_word' id='word_1_609' title='bbox 3121 3393 3240 3442; x_wconf 81' lang='lat' dir='ltr'><strong>vos,</strong></span> <span class='ocrx_word' id='word_1_610' title='bbox 3287 3373 3373 3429; x_wconf 86' lang='lat' dir='ltr'><strong>vel</strong></span> <span class='ocrx_word' id='word_1_611' title='bbox 3424 3380 3605 3425; x_wconf 88' lang='lat' dir='ltr'><strong>vester</strong></span> 
     </span>
    </p>
   </div>
   <div class='ocr_carea' id='block_1_95' title="bbox 2014 3463 3607 3557">
    <p class='ocr_par' dir='ltr' id='par_1_95' title="bbox 2014 3463 3607 3557">
     <span class='ocr_line' id='line_1_96' title="bbox 2014 3463 3607 3557; baseline -0.019 -14"><span class='ocrx_word' id='word_1_612' title='bbox 2014 3463 2226 3557; x_wconf 74' lang='lat' dir='ltr'><strong>legatus</strong></span> <span class='ocrx_word' id='word_1_613' title='bbox 2238 3491 2472 3538; x_wconf 88' lang='lat' dir='ltr'><strong>vestram</strong></span> <span class='ocrx_word' id='word_1_614' title='bbox 2495 3479 2670 3532; x_wconf 90' lang='lat' dir='ltr'><strong>vicem</strong></span> <span class='ocrx_word' id='word_1_615' title='bbox 2684 3475 2735 3528; x_wconf 88' lang='lat' dir='ltr'><strong>in</strong></span> <span class='ocrx_word' id='word_1_616' title='bbox 2761 3473 3013 3528; x_wconf 84' lang='lat' dir='ltr'><strong>omnibus</strong></span> <span class='ocrx_word' id='word_1_617' title='bbox 3033 3469 3235 3530; x_wconf 88' lang='lat' dir='ltr'><strong>ferens,</strong></span> <span class='ocrx_word' id='word_1_618' title='bbox 3253 3474 3310 3518; x_wconf 92' lang='lat' dir='ltr'><strong>ut</strong></span> <span class='ocrx_word' id='word_1_619' title='bbox 3325 3463 3607 3529; x_wconf 82' lang='lat' dir='ltr'><strong>utriusque</strong></span> 
     </span>
    </p>
   </div>
   <div class='ocr_carea' id='block_1_96' title="bbox 2013 3552 3604 3649">
    <p class='ocr_par' dir='ltr' id='par_1_96' title="bbox 2013 3552 3604 3649">
     <span class='ocr_line' id='line_1_97' title="bbox 2013 3552 3604 3649; baseline -0.019 -16"><span class='ocrx_word' id='word_1_620' title='bbox 2013 3577 2186 3649; x_wconf 86' lang='lat' dir='ltr'><strong>partis</strong></span> <span class='ocrx_word' id='word_1_621' title='bbox 2209 3588 2424 3630; x_wconf 86' lang='lat' dir='ltr'><strong>causam</strong></span> <span class='ocrx_word' id='word_1_622' title='bbox 2455 3569 2522 3623; x_wconf 88' lang='lat' dir='ltr'><strong>ad</strong></span> <span class='ocrx_word' id='word_1_623' title='bbox 2541 3567 2804 3636; x_wconf 84' lang='lat' dir='ltr'><strong>liquidum</strong></span> <span class='ocrx_word' id='word_1_624' title='bbox 2834 3562 3070 3618; x_wconf 88' lang='lat' dir='ltr'><strong>sciamus</strong></span> <span class='ocrx_word' id='word_1_625' title='bbox 3094 3601 3108 3622; x_wconf 71' lang='grc' dir='ltr'><strong>ν</strong></span> <span class='ocrx_word' id='word_1_626' title='bbox 3149 3555 3422 3612; x_wconf 77' lang='lat' dir='ltr'><strong>adveniat.</strong></span> <span class='ocrx_word' id='word_1_627' title='bbox 3453 3552 3604 3618; x_wconf 82' lang='lat' dir='ltr'><strong>Quod</strong></span> 
     </span>
    </p>
   </div>
   <div class='ocr_carea' id='block_1_97' title="bbox 2020 3644 3608 3739">
    <p class='ocr_par' dir='ltr' id='par_1_97' title="bbox 2020 3644 3608 3739">
     <span class='ocr_line' id='line_1_98' title="bbox 2020 3644 3608 3739; baseline -0.018 -15"><span class='ocrx_word' id='word_1_628' title='bbox 2020 3644 2065 3726; x_wconf 76' lang='lat' dir='ltr'><strong>si</strong></span> <span class='ocrx_word' id='word_1_629' title='bbox 2094 3677 2214 3739; x_wconf 90' lang='lat' dir='ltr'><strong>post</strong></span> <span class='ocrx_word' id='word_1_630' title='bbox 2243 3664 2493 3736; x_wconf 73' lang='lat' dir='ltr'><strong>praeﬁxos</strong></span> <span class='ocrx_word' id='word_1_631' title='bbox 2519 3660 2736 3730; x_wconf 85' lang='lat' dir='ltr'><strong>triginta</strong></span> <span class='ocrx_word' id='word_1_632' title='bbox 2767 3656 2906 3721; x_wconf 88' lang='lat' dir='ltr'><strong>dies,</strong></span> <span class='ocrx_word' id='word_1_633' title='bbox 2937 3669 3056 3723; x_wconf 73' lang='lat' dir='ltr'><strong>qua:</strong></span> <span class='ocrx_word' id='word_1_634' title='bbox 3091 3652 3142 3705; x_wconf 92' lang='lat' dir='ltr'><strong>in</strong></span> <span class='ocrx_word' id='word_1_635' title='bbox 3189 3651 3291 3703; x_wconf 92' lang='lat' dir='ltr'><strong>hac</strong></span> <span class='ocrx_word' id='word_1_636' title='bbox 3314 3644 3608 3716; x_wconf 78' lang='lat' dir='ltr'><strong>apostolica</strong></span> 
     </span>
    </p>
   </div>
   <div class='ocr_carea' id='block_1_98' title="bbox 2019 3736 3608 3824">
    <p class='ocr_par' dir='ltr' id='par_1_98' title="bbox 2019 3736 3608 3824">
     <span class='ocr_line' id='line_1_99' title="bbox 2019 3736 3608 3824; baseline -0.018 -8"><span class='ocrx_word' id='word_1_637' title='bbox 2019 3736 2339 3816; x_wconf 80' lang='lat' dir='ltr'><strong>auctoritate</strong></span> <span class='ocrx_word' id='word_1_638' title='bbox 2369 3755 2522 3824; x_wconf 90' lang='lat' dir='ltr'><strong>plena</strong></span> <span class='ocrx_word' id='word_1_639' title='bbox 2538 3751 2886 3807; x_wconf 88' lang='lat' dir='ltr'><strong>continentur</strong></span> <span class='ocrx_word' id='word_1_640' title='bbox 2900 3743 3128 3816; x_wconf 88' lang='lat' dir='ltr'><strong>cpistola</strong></span> <span class='ocrx_word' id='word_1_641' title='bbox 3146 3740 3367 3796; x_wconf 90' lang='lat' dir='ltr'><strong>minime</strong></span> <span class='ocrx_word' id='word_1_642' title='bbox 3385 3736 3608 3791; x_wconf 84' lang='lat' dir='ltr'><strong>obedire</strong></span> 
     </span>
    </p>
   </div>
   <div class='ocr_carea' id='block_1_99' title="bbox 2021 3827 3609 3923">
    <p class='ocr_par' dir='ltr' id='par_1_99' title="bbox 2021 3827 3609 3923">
     <span class='ocr_line' id='line_1_100' title="bbox 2021 3827 3609 3923; baseline -0.02 -15"><span class='ocrx_word' id='word_1_643' title='bbox 2021 3869 2086 3908; x_wconf 88' lang='lat' dir='ltr'><strong>ac</strong></span> <span class='ocrx_word' id='word_1_644' title='bbox 2115 3850 2375 3923; x_wconf 86' lang='lat' dir='ltr'><strong>perﬁcere</strong></span> <span class='ocrx_word' id='word_1_645' title='bbox 2415 3842 2750 3905; x_wconf 86' lang='lat' dir='ltr'><strong>studueritis,</strong></span> <span class='ocrx_word' id='word_1_646' title='bbox 2802 3837 3145 3893; x_wconf 90' lang='lat' dir='ltr'><strong>decernimus</strong></span> <span class='ocrx_word' id='word_1_647' title='bbox 3189 3847 3253 3886; x_wconf 90' lang='lat' dir='ltr'><strong>ac</strong></span> <span class='ocrx_word' id='word_1_648' title='bbox 3295 3827 3609 3900; x_wconf 82' lang='lat' dir='ltr'><strong>promulga—</strong></span> 
     </span>
    </p>
   </div>
   <div class='ocr_carea' id='block_1_100' title="bbox 2023 3919 3612 4004">
    <p class='ocr_par' dir='ltr' id='par_1_100' title="bbox 2023 3919 3612 4004">
     <span class='ocr_line' id='line_1_101' title="bbox 2023 3919 3612 4004; baseline -0.018 -6"><span class='ocrx_word' id='word_1_649' title='bbox 2023 3919 2164 4004; x_wconf 78' lang='lat' dir='ltr'><strong>mus,</strong></span> <span class='ocrx_word' id='word_1_650' title='bbox 2197 3949 2256 3993; x_wconf 93' lang='lat' dir='ltr'><strong>ut</strong></span> <span class='ocrx_word' id='word_1_651' title='bbox 2291 3937 2582 3993; x_wconf 79' lang='lat' dir='ltr'><strong>missarum</strong></span> <span class='ocrx_word' id='word_1_652' title='bbox 2633 3929 2891 3986; x_wconf 86' lang='lat' dir='ltr'><strong>solemnia</strong></span> <span class='ocrx_word' id='word_1_653' title='bbox 2922 3921 3105 3980; x_wconf 84' lang='lat' dir='ltr'><strong>tandiu</strong></span> <span class='ocrx_word' id='word_1_654' title='bbox 3147 3919 3455 3977; x_wconf 87' lang='lat' dir='ltr'><strong>celebrandi</strong></span> <span class='ocrx_word' id='word_1_655' title='bbox 3504 3932 3612 3972; x_wconf 90' lang='lat' dir='ltr'><strong>non</strong></span> 
     </span>
    </p>
   </div>
   <div class='ocr_carea' id='block_1_101' title="bbox 2025 4014 3598 4092">
    <p class='ocr_par' dir='ltr' id='par_1_101' title="bbox 2025 4014 3598 4092">
     <span class='ocr_line' id='line_1_102' title="bbox 2025 4014 3598 4092; baseline -0.016 -4"><span class='ocrx_word' id='word_1_656' title='bbox 2025 4031 2269 4089; x_wconf 84' lang='lat' dir='ltr'><strong>habeatis</strong></span> <span class='ocrx_word' id='word_1_657' title='bbox 2303 4026 2598 4087; x_wconf 89' lang='lat' dir='ltr'><strong>licentiam,</strong></span> <span class='ocrx_word' id='word_1_658' title='bbox 2655 4020 2891 4092; x_wconf 84' lang='lat' dir='ltr'><strong>quandiu</strong></span> <span class='ocrx_word' id='word_1_659' title='bbox 2947 4033 3067 4088; x_wconf 76' lang='lat' dir='ltr'><strong>qute</strong></span> <span class='ocrx_word' id='word_1_660' title='bbox 3113 4014 3456 4069; x_wconf 81' lang='lat' dir='ltr'><strong>deﬁnivimus</strong></span> <span class='ocrx_word' id='word_1_661' title='bbox 3487 4027 3598 4080; x_wconf 87' lang='lat' dir='ltr'><strong>pcr-</strong></span> 
     </span>
    </p>
   </div>
   <div class='ocr_carea' id='block_1_102' title="bbox 2027 4106 3616 4178">
    <p class='ocr_par' dir='ltr' id='par_1_102' title="bbox 2027 4106 3616 4178">
     <span class='ocr_line' id='line_1_103' title="bbox 2027 4106 3616 4178; baseline -0.016 0"><span class='ocrx_word' id='word_1_662' title='bbox 2027 4123 2186 4178; x_wconf 80' lang='lat' dir='ltr'><strong>ducta</strong></span> <span class='ocrx_word' id='word_1_663' title='bbox 2219 4120 2286 4176; x_wconf 90' lang='lat' dir='ltr'><strong>ad</strong></span> <span class='ocrx_word' id='word_1_664' title='bbox 2311 4115 2832 4174; x_wconf 86' lang='lat' dir='ltr'><strong>consummationem</strong></span> <span class='ocrx_word' id='word_1_665' title='bbox 2863 4125 2969 4164; x_wconf 89' lang='lat' dir='ltr'><strong>non</strong></span> <span class='ocrx_word' id='word_1_666' title='bbox 3009 4106 3228 4162; x_wconf 89' lang='lat' dir='ltr'><strong>fuerint.</strong></span> <span class='ocrx_word' id='word_1_667' title='bbox 3255 4106 3370 4170; x_wconf 80' lang='lat' dir='ltr'><strong>Qua</strong></span> <span class='ocrx_word' id='word_1_668' title='bbox 3398 4112 3616 4158; x_wconf 80' lang='lat' dir='ltr'><strong>sentcn-</strong></span> 
     </span>
    </p>
   </div>
   <div class='ocr_carea' id='block_1_103' title="bbox 2028 4194 3617 4270">
    <p class='ocr_par' dir='ltr' id='par_1_103' title="bbox 2028 4194 3617 4270">
     <span class='ocr_line' id='line_1_104' title="bbox 2028 4194 3617 4270; baseline -0.016 -1"><span class='ocrx_word' id='word_1_669' title='bbox 2028 4215 2104 4268; x_wconf 83' lang='lat' dir='ltr'><strong>tia</strong></span> <span class='ocrx_word' id='word_1_670' title='bbox 2134 4227 2238 4267; x_wconf 91' lang='lat' dir='ltr'><strong>non</strong></span> <span class='ocrx_word' id='word_1_671' title='bbox 2273 4208 2445 4266; x_wconf 89' lang='lat' dir='ltr'><strong>solum</strong></span> <span class='ocrx_word' id='word_1_672' title='bbox 2473 4221 2589 4270; x_wconf 85' lang='lat' dir='ltr'><strong>vos,</strong></span> <span class='ocrx_word' id='word_1_673' title='bbox 2618 4204 2713 4259; x_wconf 91' lang='lat' dir='ltr'><strong>sed</strong></span> <span class='ocrx_word' id='word_1_674' title='bbox 2751 4214 2807 4257; x_wconf 90' lang='lat' dir='ltr'><strong>et</strong></span> <span class='ocrx_word' id='word_1_675' title='bbox 2849 4214 3042 4257; x_wconf 89' lang='lat' dir='ltr'><strong>omnes</strong></span> <span class='ocrx_word' id='word_1_676' title='bbox 3070 4197 3352 4268; x_wconf 80' lang='lat' dir='ltr'><strong>episcopos</strong></span> <span class='ocrx_word' id='word_1_677' title='bbox 3377 4194 3617 4262; x_wconf 83' lang='lat' dir='ltr'><strong>obligare</strong></span> 
     </span>
    </p>
   </div>
   <div class='ocr_carea' id='block_1_104' title="bbox 2031 4284 3616 4371">
    <p class='ocr_par' dir='ltr' id='par_1_104' title="bbox 2031 4284 3616 4371">
     <span class='ocr_line' id='line_1_105' title="bbox 2031 4284 3616 4371; baseline -0.016 -9"><span class='ocrx_word' id='word_1_678' title='bbox 2031 4305 2392 4365; x_wconf 82' lang='lat' dir='ltr'><strong>deccmimus,</strong></span> <span class='ocrx_word' id='word_1_679' title='bbox 2440 4301 2532 4371; x_wconf 85' lang='lat' dir='ltr'><strong>qui</strong></span> <span class='ocrx_word' id='word_1_680' title='bbox 2578 4298 2731 4352; x_wconf 88' lang='lat' dir='ltr'><strong>vobis</strong></span> <span class='ocrx_word' id='word_1_681' title='bbox 2781 4297 2835 4350; x_wconf 90' lang='lat' dir='ltr'><strong>in</strong></span> <span class='ocrx_word' id='word_1_682' title='bbox 2866 4292 3204 4364; x_wconf 90' lang='lat' dir='ltr'><strong>depositione</strong></span> <span class='ocrx_word' id='word_1_683' title='bbox 3254 4287 3463 4360; x_wconf 64' lang='lat' dir='ltr'><strong>praefati</strong></span> <span class='ocrx_word' id='word_1_684' title='bbox 3515 4284 3616 4337; x_wconf 73' lang='lat' dir='ltr'><strong>viri</strong></span> 
     </span>
    </p>
   </div>
   <div class='ocr_carea' id='block_1_105' title="bbox 2033 4377 3618 4457">
    <p class='ocr_par' dir='ltr' id='par_1_105' title="bbox 2033 4377 3618 4457">
     <span class='ocr_line' id='line_1_106' title="bbox 2033 4377 3618 4457; baseline -0.016 0"><span class='ocrx_word' id='word_1_685' title='bbox 2033 4398 2266 4457; x_wconf 82' lang='lat' dir='ltr'><strong>Rothadi</strong></span> <span class='ocrx_word' id='word_1_686' title='bbox 2295 4393 2639 4451; x_wconf 88' lang='lat' dir='ltr'><strong>consensisse</strong></span> <span class='ocrx_word' id='word_1_687' title='bbox 2670 4397 2986 4444; x_wconf 91' lang='lat' dir='ltr'><strong>noscuntur.</strong></span> <span class='ocrx_word' id='word_1_688' title='bbox 3039 4385 3277 4455; x_wconf 89' lang='lat' dir='ltr'><strong>ldipsum</strong></span> <span class='ocrx_word' id='word_1_689' title='bbox 3327 4393 3457 4434; x_wconf 79' lang='lat' dir='ltr'><strong>vero</strong></span> <span class='ocrx_word' id='word_1_690' title='bbox 3503 4377 3618 4431; x_wconf 83' lang='lat' dir='ltr'><strong>illos</strong></span> 
     </span>
    </p>
   </div>
   <div class='ocr_carea' id='block_1_106' title="bbox 2035 4482 2811 4564">
    <p class='ocr_par' dir='ltr' id='par_1_106' title="bbox 2035 4482 2811 4564">
     <span class='ocr_line' id='line_1_107' title="bbox 2035 4482 2811 4564; baseline -0.022 -15"><span class='ocrx_word' id='word_1_691' title='bbox 2035 4507 2135 4564; x_wconf 90' lang='lat' dir='ltr'><strong>per</strong></span> <span class='ocrx_word' id='word_1_692' title='bbox 2161 4505 2259 4546; x_wconf 90' lang='lat' dir='ltr'><strong>vos</strong></span> <span class='ocrx_word' id='word_1_693' title='bbox 2279 4487 2422 4544; x_wconf 87' lang='lat' dir='ltr'><strong>scire</strong></span> <span class='ocrx_word' id='word_1_694' title='bbox 2445 4482 2811 4556; x_wconf 71' lang='lat' dir='ltr'><strong>pmcipimus.</strong></span> 
     </span>
    </p>
   </div>
   <div class='ocr_carea' id='block_1_107' title="bbox 2719 4610 2938 4668">
    <p class='ocr_par' dir='ltr' id='par_1_107' title="bbox 2719 4610 2938 4668">
     <span class='ocr_line' id='line_1_108' title="bbox 2719 4610 2938 4668; baseline -0.018 0"><span class='ocrx_word' id='word_1_695' title='bbox 2719 4610 2938 4668; x_wconf 77' lang='lat' dir='ltr'><strong>XXXV.</strong></span> 
     </span>
    </p>
   </div>
   <div class='ocr_carea' id='block_1_108' title="bbox 2279 4731 3372 4789">
    <p class='ocr_par' dir='ltr' id='par_1_108' title="bbox 2279 4731 3372 4789">
     <span class='ocr_line' id='line_1_109' title="bbox 2279 4731 3372 4789; baseline -0.018 0"><span class='ocrx_word' id='word_1_696' title='bbox 2279 4748 2347 4789; x_wconf 70' lang='grc' dir='ltr'><strong>ιβ</strong></span> <span class='ocrx_word' id='word_1_697' title='bbox 2380 4744 2659 4788; x_wconf 71' lang='grc' dir='ltr'><strong>εῐηεεορυε</strong></span> <span class='ocrx_word' id='word_1_698' title='bbox 2685 4740 2871 4782; x_wconf 61' lang='grc' dir='ltr'><strong>εϊθιουι</strong></span> <span class='ocrx_word' id='word_1_699' title='bbox 2913 4731 3372 4777; x_wconf 66' lang='grc' dir='ltr'><strong>ειινΑΝεοτεΝειδ.</strong></span> 
     </span>
    </p>
   </div>
   <div class='ocr_carea' id='block_1_109' title="bbox 2669 4832 3027 4911">
    <p class='ocr_par' dir='ltr' id='par_1_109' title="bbox 2669 4832 3027 4911">
     <span class='ocr_line' id='line_1_110' title="bbox 2669 4832 3027 4911; baseline -0.02 -16"><span class='ocrx_word' id='word_1_700' title='bbox 2669 4840 2848 4911; x_wconf 76' lang='grc' dir='ltr'><strong>(Λιιηο</strong></span> <span class='ocrx_word' id='word_1_701' title='bbox 2875 4832 3027 4904; x_wconf 82' lang='grc'><strong>865.)</strong></span> 
     </span>
    </p>
   </div>
   <div class='ocr_carea' id='block_1_110' title="bbox 2047 4955 3629 5044">
    <p class='ocr_par' dir='ltr' id='par_1_110' title="bbox 2047 4955 3629 5044">
     <span class='ocr_line' id='line_1_111' title="bbox 2047 4955 3629 5044; baseline -0.02 -5"><span class='ocrx_word' id='word_1_702' title='bbox 2047 4980 2318 5039; x_wconf 75' lang='lat' dir='ltr'><strong>Rescindit</strong></span> <span class='ocrx_word' id='word_1_703' title='bbox 2345 4987 2464 5033; x_wconf 82' lang='lat' dir='ltr'><strong>acta</strong></span> <span class='ocrx_word' id='word_1_704' title='bbox 2494 4971 2687 5044; x_wconf 62' lang='lat' dir='ltr'><strong>synodi</strong></span> <span class='ocrx_word' id='word_1_705' title='bbox 2709 4979 2891 5022; x_wconf 86' lang='lat' dir='ltr'><strong>contra</strong></span> <span class='ocrx_word' id='word_1_706' title='bbox 2935 4962 3236 5044; x_wconf 64' lang='lat' dir='ltr'><strong>Rolhadum</strong></span> <span class='ocrx_word' id='word_1_707' title='bbox 3261 4957 3444 5044; x_wconf 61' lang='lat' dir='ltr'><strong>.‘jultel</strong></span> <span class='ocrx_word' id='word_1_708' title='bbox 3482 4965 3538 5038; x_wconf 69' lang='lat' dir='ltr'><strong>ut</strong></span> <span class='ocrx_word' id='word_1_709' title='bbox 3564 4955 3629 5044; x_wconf 53' lang='lat' dir='ltr'><strong>ab</strong></span> 
     </span>
    </p>
   </div>
   <div class='ocr_carea' id='block_1_111' title="bbox 2119 5026 3632 5107">
    <p class='ocr_par' dir='ltr' id='par_1_111' title="bbox 2119 5026 3632 5107">
     <span class='ocr_line' id='line_1_112' title="bbox 2119 5026 3632 5107; baseline -0.02 0"><span class='ocrx_word' id='word_1_710' title='bbox 2119 5026 2617 5107; x_wconf 47' lang='lat' dir='ltr'><strong>reae—ceti&quot;,</strong></span> <span class='ocrx_word' id='word_1_711' title='bbox 2647 5041 2968 5106; x_wconf 84' lang='lat' dir='ltr'><strong>Romamque</strong></span> <span class='ocrx_word' id='word_1_712' title='bbox 2989 5035 3056 5087; x_wconf 87' lang='lat' dir='ltr'><strong>ad</strong></span> <span class='ocrx_word' id='word_1_713' title='bbox 3083 5026 3471 5107; x_wconf 59' lang='lat' dir='ltr'><strong>retgtctundum</strong></span> <span class='ocrx_word' id='word_1_714' title='bbox 3483 5026 3632 5107; x_wconf 72' lang='lat' dir='ltr'><strong>judi—</strong></span> 
     </span>
    </p>
   </div>
   <div class='ocr_carea' id='block_1_112' title="bbox 2119 5097 3632 5184">
    <p class='ocr_par' dir='ltr' id='par_1_112' title="bbox 2119 5097 3632 5184">
     <span class='ocr_line' id='line_1_113' title="bbox 2119 5097 3632 5184; baseline -0.019 -8"><span class='ocrx_word' id='word_1_715' title='bbox 2422 5097 2617 5184; x_wconf 30' lang='lat' dir='ltr'><strong>vs&#39;y&#39;uodi</strong></span> <span class='ocrx_word' id='word_1_716' title='bbox 2637 5110 2821 5184; x_wconf 64' lang='lat' dir='ltr'><strong>legatis</strong></span> <span class='ocrx_word' id='word_1_717' title='bbox 2847 5097 3126 5184; x_wconf 58' lang='lat' dir='ltr'><strong>dirigatur.</strong></span> <span class='ocrx_word' id='word_1_718' title='bbox 3161 5101 3450 5184; x_wconf 66' lang='lat' dir='ltr'><strong>Responde</strong></span> <span class='ocrx_word' id='word_1_719' title='bbox 3475 5097 3632 5179; x_wconf 59' lang='lat' dir='ltr'><strong>etiam</strong></span> 
     </span>
    </p>
   </div>
   <div class='ocr_carea' id='block_1_113' title="bbox 2117 5163 3632 5258">
    <p class='ocr_par' dir='ltr' id='par_1_113' title="bbox 2117 5163 3632 5258">
     <span class='ocr_line' id='line_1_114' title="bbox 2117 5163 3632 5258; baseline -0.018 -12"><span class='ocrx_word' id='word_1_720' title='bbox 2433 5163 2819 5238; x_wconf 43' lang='grc' dir='ltr'><strong>’ἦέ-ΒΜάῖιὲηο</strong></span> <span class='ocrx_word' id='word_1_721' title='bbox 2847 5217 2862 5242; x_wconf 86' lang='grc'><strong><em>,</em></strong></span> <span class='ocrx_word' id='word_1_722' title='bbox 2898 5163 3050 5232; x_wconf 65' lang='grc' dir='ltr'><strong>ρι’άε</strong></span> <span class='ocrx_word' id='word_1_723' title='bbox 3087 5163 3271 5228; x_wconf 61' lang='grc' dir='ltr'><strong>ειηιειί</strong></span> <span class='ocrx_word' id='word_1_724' title='bbox 3293 5163 3533 5223; x_wconf 79' lang='lat' dir='ltr'><strong>Lotltarii</strong></span> <span class='ocrx_word' id='word_1_725' title='bbox 3569 5183 3632 5219; x_wconf 89' lang='lat' dir='ltr'><strong>ac</strong></span> 
     </span>
    </p>
   </div>
   <div class='ocr_carea' id='block_1_114' title="bbox 2121 5260 2478 5328">
    <p class='ocr_par' dir='ltr' id='par_1_114' title="bbox 2121 5260 2478 5328">
     <span class='ocr_line' id='line_1_115' title="bbox 2121 5260 2478 5328; baseline -0.022 -10"><span class='ocrx_word' id='word_1_726' title='bbox 2121 5260 2478 5328; x_wconf 67' lang='lat' dir='ltr'><strong>Tlteutbergae.</strong></span> 
     </span>
    </p>
   </div>
   <div class='ocr_carea' id='block_1_115' title="bbox 2555 5312 3161 5397">
    <p class='ocr_par' dir='ltr' id='par_1_115' title="bbox 2555 5312 3161 5397">
     <span class='ocr_line' id='line_1_116' title="bbox 2555 5312 3161 5397; baseline -0.015 -20"><span class='ocrx_word' id='word_1_727' title='bbox 2555 5320 2745 5397; x_wconf 80' lang='lat' dir='ltr'><strong>[Apud</strong></span> <span class='ocrx_word' id='word_1_728' title='bbox 2773 5317 2966 5383; x_wconf 79' lang='lat' dir='ltr'><strong>Mausi,</strong></span> <span class='ocrx_word' id='word_1_729' title='bbox 2996 5315 3121 5370; x_wconf 84' lang='lat' dir='ltr'><strong>ibid.</strong></span> <span class='ocrx_word' id='word_1_730' title='bbox 3140 5312 3161 5387; x_wconf 80' lang='lat'>]</span> 
     </span>
    </p>
   </div>
   <div class='ocr_carea' id='block_1_116' title="bbox 2129 5439 3634 5527">
    <p class='ocr_par' dir='ltr' id='par_1_116' title="bbox 2129 5439 3634 5527">
     <span class='ocr_line' id='line_1_117' title="bbox 2129 5439 3634 5527; baseline -0.021 -7"><span class='ocrx_word' id='word_1_731' title='bbox 2129 5464 2403 5522; x_wconf 75' lang='lat' dir='ltr'><strong>NICOLMJS</strong></span> <span class='ocrx_word' id='word_1_732' title='bbox 2431 5457 2733 5527; x_wconf 80' lang='lat' dir='ltr'><strong>episcopus,</strong></span> <span class='ocrx_word' id='word_1_733' title='bbox 2772 5463 2961 5506; x_wconf 89' lang='lat' dir='ltr'><strong>servus</strong></span> <span class='ocrx_word' id='word_1_734' title='bbox 2990 5458 3271 5502; x_wconf 86' lang='lat' dir='ltr'><strong>servorum</strong></span> <span class='ocrx_word' id='word_1_735' title='bbox 3306 5439 3432 5502; x_wconf 88' lang='lat' dir='ltr'><strong>Dei,</strong></span> <span class='ocrx_word' id='word_1_736' title='bbox 3479 5450 3634 5490; x_wconf 86' lang='lat' dir='ltr'><strong>reve-</strong></span> 
     </span>
    </p>
   </div>
   <div class='ocr_carea' id='block_1_117' title="bbox 2057 5528 3638 5618">
    <p class='ocr_par' dir='ltr' id='par_1_117' title="bbox 2057 5528 3638 5618">
     <span class='ocr_line' id='line_1_118' title="bbox 2057 5528 3638 5618; baseline -0.023 0"><span class='ocrx_word' id='word_1_737' title='bbox 2057 5554 2383 5618; x_wconf 88' lang='lat' dir='ltr'><strong>rentissimis</strong></span> <span class='ocrx_word' id='word_1_738' title='bbox 2446 5547 2813 5608; x_wconf 87' lang='lat' dir='ltr'><strong>confratribus</strong></span> <span class='ocrx_word' id='word_1_739' title='bbox 2874 5543 3118 5605; x_wconf 91' lang='lat' dir='ltr'><strong>nostris,</strong></span> <span class='ocrx_word' id='word_1_740' title='bbox 3183 5528 3638 5602; x_wconf 81' lang='lat' dir='ltr'><strong>metropolitanis.</strong></span> 
     </span>
    </p>
   </div>
   <div class='ocr_carea' id='block_1_118' title="bbox 2057 5627 3640 5723">
    <p class='ocr_par' dir='ltr' id='par_1_118' title="bbox 2057 5627 3640 5723">
     <span class='ocr_line' id='line_1_119' title="bbox 2057 5627 3640 5723; baseline -0.023 -14"><span class='ocrx_word' id='word_1_741' title='bbox 2057 5648 2326 5723; x_wconf 88' lang='lat' dir='ltr'><strong>episcopis</strong></span> <span class='ocrx_word' id='word_1_742' title='bbox 2374 5654 2427 5700; x_wconf 91' lang='lat' dir='ltr'><strong>ct</strong></span> <span class='ocrx_word' id='word_1_743' title='bbox 2475 5639 2688 5698; x_wconf 65' lang='lat' dir='ltr'><strong>cancris</strong></span> <span class='ocrx_word' id='word_1_744' title='bbox 2737 5638 3077 5692; x_wconf 85' lang='lat' dir='ltr'><strong>diversarum</strong></span> <span class='ocrx_word' id='word_1_745' title='bbox 3125 5627 3528 5702; x_wconf 78' lang='lat' dir='ltr'><strong>provinciarum</strong></span> <span class='ocrx_word' id='word_1_746' title='bbox 3574 5634 3640 5674; x_wconf 77' lang='lat' dir='ltr'><strong>ac</strong></span> 
     </span>
    </p>
   </div>
   <div class='ocr_carea' id='block_1_119' title="bbox 2061 5707 3643 5812">
    <p class='ocr_par' dir='ltr' id='par_1_119' title="bbox 2061 5707 3643 5812">
     <span class='ocr_line' id='line_1_120' title="bbox 2061 5707 3643 5812; baseline -0.022 -11"><span class='ocrx_word' id='word_1_747' title='bbox 2061 5707 2276 5801; x_wconf 61' lang='lat' dir='ltr'><strong>erun</strong></span> <span class='ocrx_word' id='word_1_748' title='bbox 2308 5734 2646 5812; x_wconf 68' lang='lat' dir='ltr'><strong>prmsulibus,</strong></span> <span class='ocrx_word' id='word_1_749' title='bbox 2678 5728 2772 5802; x_wconf 88' lang='lat' dir='ltr'><strong>qui</strong></span> <span class='ocrx_word' id='word_1_750' title='bbox 2799 5728 2852 5785; x_wconf 92' lang='lat' dir='ltr'><strong>iu</strong></span> <span class='ocrx_word' id='word_1_751' title='bbox 2875 5723 3227 5783; x_wconf 85' lang='lat' dir='ltr'><strong>Conviciuum</strong></span> <span class='ocrx_word' id='word_1_752' title='bbox 3258 5714 3438 5774; x_wconf 85' lang='lat' dir='ltr'><strong>villam</strong></span> <span class='ocrx_word' id='word_1_753' title='bbox 3465 5707 3643 5783; x_wconf 81' lang='lat' dir='ltr'><strong>publi-</strong></span> 
     </span>
    </p>
   </div>
  </div>
