4070 6310
505 308 625 367 εἰτ’

1861 298 2135 365 κιαοωι
2170 297 2371 359 PAPE
2408 302 2433 359 1

505 438 631 480 cam
666 435 827 477 secus
862 393 1135 476 civitatem
1165 416 1588 481 Silvamtensis
1609 414 1826 473 concilii
1856 412 2091 489 [Legat-
2120 416 2168 477 Α
2195 428 2539 494 recusamus,
2571 415 2828 486 quoniam
2856 431 2989 483 nos,
3026 424 3088 472 ut
3124 415 3316 473 eadem
3350 415 3421 472 ad
3459 415 3785 473 Flavianum

507 515 638 569 dum
658 511 898 577 videtur,
938 509 1153 567 concilii
1178 524 1378 579 causa,
1404 524 1474 566 ea:
1497 505 1653 565 Grut.
1692 508 1818 562 dist.
1852 522 1915 572 χ,
1938 522 1987 561 c.
2019 501 2091 578 l]

507 601 867 661 convenistis.

576 692 814 763 Scriptis
836 690 1051 749 dilectae
1074 665 1436 748 fraternitatis
1462 700 1658 748 vestrae
1689 690 1996 759 susceptis,
2031 695 2105 757 et.

507 784 772 855 inspectis
792 783 1055 847 attentius
1077 783 1132 838 in
1159 783 1241 839 eis
1263 783 1443 839 omnis
1470 783 1778 838 scientiaeet
1805 780 2091 851 sapientia:

503 873 809 932 sanctitatis
842 882 1043 930 vestrae
1086 872 1325 944 ﬂuentis,
1356 889 1478 944 qua:
1510 889 1616 931 non
1652 872 1879 927 aliunde
1894 871 1950 926 in
1997 886 2091 942 pe-

510 973 665 1027 ctora
688 971 871 1027 vestra
894 963 1082 1033 utique
1120 936 1322 1019 nisi'ab
1350 936 1469 1033 ipso
1511 962 1661 1018 fonte
1683 962 1815 1017 vitae
1836 936 2091 1031 poterant

503 1069 785 1121 emanare,
806 1054 1020 1126 cognita
1041 1053 1330 1111 devotione
1343 1062 1400 1109 et
1419 1052 1623 1109 summi
1644 1052 1848 1108 amoris
1870 1051 2087 1118 all’ectu,

501 1161 665 1220 quem
713 1147 858 1204 circa
908 1147 1049 1202 hanc
1097 1154 1344 1203 sanctam
1390 1144 1697 1201 ltonxanam
1742 1144 2045 1200 Ecclesiam
2068 1182 2086 1210 ,

501 1238 966 1310 apostolicamque
992 1238 1178 1294 sedem
1206 1252 1307 1293 vos
1333 1237 1573 1293 retinere
1614 1236 2002 1303 monstrastis;
2032 1244 2090 1291 et

505 1331 759 1402 quoniam
789 1345 858 1387 ex
902 1345 1091 1387 amore
1118 1329 1419 1386 secundum
1444 1328 1887 1385 constitutionem
1919 1329 2088 1401 majo-

505 1437 651 1489 rum,
690 1429 752 1477 ut
773 1422 964 1478 eadem
993 1423 1109 1493 ipsa
1139 1422 1304 1478 verba
1333 1436 1620 1492 ponamus,
1651 1436 1760 1477 non
1799 1421 1975 1476 solum
2018 1422 2093 1477 de

500 1511 755 1568 omnibus
789 1526 912 1583 qua:
957 1520 1187 1582 possunt
1233 1510 1475 1582 aliquam
1523 1510 1770 1583 recipere
1797 1511 2091 1569 dubitatio-

500 1617 650 1669 nem,
679 1601 763 1657 vel
776 1617 1158 1673 quamcunque
1178 1602 1458 1658 incurrere
1477 1603 1868 1671 quzestioucm;
1896 1615 2094 1657 verum

504 1694 573 1752 de
617 1694 829 1751 ueteris
871 1704 1037 1766 atque
1083 1693 1382 1765 majoribus
1420 1694 1653 1766 negotiis
1697 1694 2094 1751 ecclesiasticis

2192 504 2368 559 sancti
2397 503 2594 563 Leonis
2616 504 2759 565 dicta
2780 520 3072 579 ponamus,
3100 506 3193 577 qui
3225 505 3570 563 sacerdotum
3596 504 3789 564 Doni-

2190 595 2249 651 ni
2275 605 2490 653 matura
2529 597 2786 656 volumus
2809 613 2931 656 esse
2970 598 3194 671 judicia,
3224 598 3360 653 niﬂl
3379 613 3671 670 pessumus
3694 600 3784 656 in-

2189 686 2420 757 cognitis
2466 687 2627 747 rebus
2650 686 2913 759 cujusque
2937 690 3109 760 partis
3148 689 3469 761 praeiudicio
3498 689 3796 755 mone,-

2187 776 2499 847 priusquam
2524 777 2776 835 universa
2802 792 2923 848 quae
2948 786 3103 850 gesta
3132 787 3260 835 sunt
3288 783 3563 836 veraciter
3583 779 3782 835 audia-

2190 880 2330 921 mus.
2366 864 2473 922 Sed
2507 865 2742 923 liortasse
2766 866 2982 932 dicetis.
3014 883 3114 925 vos
3144 869 3399 926 universa
3429 884 3552 940 qua
3597 869 3669 925 de
3709 884 3787 925 eo

2190 967 2345 1030 gesta
2379 967 2509 1015 sunt
2538 959 2705 1015 nobis
2727 976 2826 1032 per
2846 961 3136 1033 scripturae
3165 963 3366 1018 seriem
3396 962 3670 1019 veraciter
3695 977 3793 1017 re-

2190 1048 2407 1116 tulisse,
2428 1058 2484 1105 et
2504 1065 2606 1122 per
2631 1048 2862 1108 fratrem
2884 1052 3350 1139 «coepiscopum
3369 1060 3615 1108 nostrum
3636 1050 3786 1108 Odo-

2188 1156 2359 1207 nem,
2401 1143 2503 1215 qui
2539 1159 2682 1216 pene
2726 1144 2984 1203 conciliis
3017 1146 3217 1202 vestris
3267 1160 3484 1216 semper
3526 1142 3790 1210 affuerit,

2189 1244 2385 1295 cuncta
2433 1234 2666 1306 plcititer
2691 1235 2996 1292 intimasse.
3027 1234 3236 1304 Quibus
3276 1235 3471 1291 scitote
3513 1249 3618 1291 nos
3645 1234 3785 1290 satis

2189 1327 2414 1382 credere
2436 1367 2461 1391 ,
2503 1336 2563 1383 et
2603 1327 2673 1382 ad
2702 1328 3002 1385 custodiam
3050 1327 3354 1398 disciplinae
3390 1326 3795 1385 ecclesiastica

2189 1431 2512 1472 consensum
2553 1418 2807 1488 praebere
2838 1420 3123 1488 potuisse,
3162 1417 3269 1473 nisi
3301 1416 3692 1474 exeusaiones
3724 1424 3791 1472 et

2189 1507 2530 1565 defensiones
2540 1509 2706 1574 illius,
2724 1520 3040 1581 suggestum
3048 1523 3208 1578 mque
3223 1510 3394 1571 series
3409 1508 3785 1565 innocentiam

2189 1601 2387 1671 ipsius,
2406 1610 2461 1658 et
2484 1610 2724 1658 vestram
2751 1602 3056 1659 nocentium
3082 1599 3607 1665 demonstrantium,
3631 1615 3665 1654 a
3694 1600 3789 1654 vi-

2191 1693 2333 1749 cinis
2368 1693 2565 1751 vestris
2585 1693 2965 1761 complurimis
2979 1692 3307 1762 apostolatui
3335 1700 3605 1760 porrectte
3633 1693 3786 1761 apud

499 1785 882 1858 exsequendis,
906 1787 975 1840 ad
1002 1786 1212 1856 apicem
1232 1787 1597 1856 episcopatus,
1631 1786 1791 1843 idest
1811 1786 1877 1841 ad
1906 1784 2088 1856 magni
2119 1775 2167 1836 Β
2191 1798 2303 1839 nos
2338 1783 2671 1839 haberentur
2693 1823 2717 1850 ,
2751 1792 2809 1838 et
2850 1782 3020 1837 frater
3046 1782 3398 1852 coepiscopus
3446 1788 3636 1836 noster
3662 1779 3793 1837 Odo

500 1875 649 1932 Petri
678 1876 862 1932 sedem
889 1875 1091 1934 debere
1118 1891 1219 1933 vos
1244 1876 1451 1933 referre
1479 1877 1808 1946 cognoscitis
1832 1891 1847 1930 :
1891 1877 2091 1932 horum

501 1969 712 2026 auctori
742 1984 808 2024 ac
856 1970 1099 2025 omnium
1132 1970 1399 2025 bonorum
1432 1967 1677 2038 largitori
1709 1968 1839 2034 Deo,
1884 1977 1940 2023 et
1963 1969 2089 2033 ,θο-

500 2060 649 2115 mino
678 2068 868 2116 nostro
893 2061 1194 2133 gratiarum
1217 2058 1567 2115 multimodas
1598 2058 1889 2114 retulimus
1908 2059 2085 2114 actio-

499 2166 620 2208 ncs.
648 2150 756 2219 'Qui
779 2152 901 2208 ideo
929 2151 985 2207 in
1009 2159 1197 2207 sant-ta
1222 2150 1463 2205 Ecclesia
1493 2164 1593 2205 vos
1636 2148 1941 2214 rutilantes,
1968 2157 2088 2205 lan-

494 2255 663 2312 quam
688 2239 1000 2310 splendidas
1024 2238 1208 2295 stellas
1234 2238 1461 2293 verbum
1488 2236 1613 2293 vita:
1647 2237 2011 2302 continuantes,
2033 2247 2091 2294 et

496 2345 714 2387 morum
741 2344 809 2385 ac
830 2330 1088 2384 virtutum
1114 2338 1420 2384 vestrarum
1453 2327 1658 2382 lumine
1685 2326 1844 2399 longe
1870 2327 2089 2398 lateque

498 2421 782 2495 proximos
830 2419 1167 2475 illustrantes
1212 2418 1382 2474 voluit
1427 2418 1735 2481 collocare,
1785 2428 1846 2474 ut
1892 2419 2088 2475 merito

497 2512 746 2569 eamdem
776 2520 1022 2569 sanctam
1049 2511 1373 2578 Ecclesiam,
1395 2513 1551 2583 juxta
1586 2512 1755 2582 ipsius
1788 2511 2088 2584 magisterii

434 2600 439 2605 ’
495 2604 723 2670 dictum,
752 2605 876 2662 εωιί
921 2605 1162 2669 nomine,
1201 2606 1290 2663 ubi
1318 2604 1446 2661 talia
1477 2604 1733 2660 nimirum
1769 2603 1975 2676 fulgent
2000 2604 2086 2658 lu-

495 2698 729 2757 minaria
751 2738 769 2765 ,
802 2698 1082 2754 valeamus
1132 2696 1406 2752 veraciter
1435 2695 1729 2767 appellare.
1773 2694 1851 2751 De
1887 2704 2093 2750 caetero

498 2788 889 2855 vero,.fratres
910 2786 1244 2851 charissimi,
1278 2787 1553 2843 discentes
1583 2786 1636 2840 in
1659 2785 1952 2855 provinciis
1994 2799 2086 2840 ve—

400 2914 405 2924 ‹
503 2879 638 2936 stris
657 2894 985 2951 paganorum
1005 2877 1215 2936 crebris
1240 2892 1337 2932 vos
1352 2875 1601 2932 laborare
1627 2874 2088 2940 infestationibus,

501 2971 726 3041 insuper
758 2979 815 3025 et
841 2969 1111 3025 Ecclesias
1137 2967 1338 3023 Christi
1369 2967 1422 3022 in
1472 2966 1580 3021 illis
1612 2966 1856 3037 partibus
1881 2966 2085 3020 consti-

500 3071 649 3118 tutas
683 3061 752 3116 ab
783 3060 1078 3123 intestinis,
1110 3060 1165 3115 id
1193 3067 1278 3114 est
1305 3073 1337 3113 a
1372 3057 1507 3123 suis,
1543 3055 1711 3111 multa
1743 3055 2084 3115 incommoda

2190 1872 2323 1928 nihil
2348 1871 2951 1944 accusationispuhlica:
2972 1871 3204 1928 voluerit
3231 1886 3261 1926 a
3298 1871 3458 1927 nobis
3476 1870 3791 1941 interroga-

2190 1970 2281 2017 tus
2302 1963 2353 2018 ei
2396 1961 2662 2030 obiicere.
2700 1963 3018 2032 Quanquam
3070 1962 3117 2018 si
3151 1960 3479 2029 obiecisset,
3534 1961 3677 2018 nihil
3708 1962 3792 2018 ad

2189 2054 2589 2111 danmationem
2613 2053 2728 2122 jmn
2751 2055 2878 2110 dicti
2915 2053 3146 2110 Rothadi
3178 2053 3499 2127 pmlltyret,
3521 2068 3650 2109 cum
3680 2069 3782 2107 ne-

2190 2145 2395 2201 minem
2434 2146 2607 2216 partis
2632 2145 2798 2212 illius,
2842 2146 2936 2217 qui
2965 2145 3197 2215 objectis
3233 2145 3319 2199 vel
3349 2152 3619 2200 aunueret
3642 2183 3662 2210 ,
3692 2144 3789 2199 vel

2190 2245 2487 2305 renueret,
2536 2248 2777 2292 nostram
2818 2246 3098 2293 constaret
3168 2237 3369 2293 adiisse
3430 2235 3789 2309 praesentiam

2189 2326 2347 2399 (nam
2376 2336 2729 2383 accusatores.
2757 2342 3103 2398 quaecunque
3133 2327 3403 2383 voluerint
3434 2327 3682 2397 dicunt),
3720 2330 3794 2382 et

2190 2416 2439 2473 sciamus
2453 2417 2662 2487 justum
2691 2417 3041 2484 mediatorem
3069 2434 3176 2473 non
3205 2432 3349 2482 esse,
3372 2416 3578 2489 quisic
3602 2431 3789 2472 unam

2188 2519 2399 2580 partem
2429 2510 2598 2574 audit,
2624 2518 2687 2564 ut
2714 2510 2867 2565 alteri
2899 2510 3045 2582 parti
3069 2509 3211 2564 nihil
3234 2518 3495 2565 reservet.
3533 2508 3783 2564 Prester-

2192 2604 2289 2661 tim
2318 2618 2442 2660 cum
2470 2602 2734 2659 Dominus
2770 2618 2870 2673 pro
2896 2603 3140 2668 absente,
3191 2612 3248 2657 et
3274 2617 3380 2658 non
3410 2602 3598 2658 audito
3623 2641 3643 2667 ,
3675 2615 3782 2672 per

2194 2692 2456 2766 Moysem,
2508 2693 2805 2764 praecipiat,
2839 2692 2957 2763 jam
2997 2709 3101 2746 nou
3140 2691 3455 2758 maledicas,
3492 2691 3789 2762 inquiens,

2187 2785 2373 2850 surdo,
2395 2802 2487 2840 nec
2501 2802 2675 2840 coram
2698 2802 2835 2839 circa
2849 2799 3006 2854 pones
3028 2782 3405 2854 o/[cndiculum
3426 2781 3616 2853 (Leuit.
3631 2783 3781 2853 xu).

2187 2868 2443 2942 lgnorare
2468 2879 2647 2925 autem
2682 2868 3087 2925 hatcrnitatem.
3116 2877 3351 2925 vestram
3381 2883 3487 2923 non
3512 2868 3787 2938 patimur,

2187 2961 2426 3016 aliimum
2474 2970 2719 3016 nostrum
2743 2975 2851 3015 non
2883 2959 3231 3015 mediocriter
3267 2958 3452 3015 laesum
3472 2999 3489 3025 ,
3526 2974 3593 3015 eo
3626 2960 3782 3030 quod

2187 3053 2484 3108 secundum
2530 3061 2804 3123 gestorum
2844 3060 3111 3116 tenorem,
3139 3058 3196 3106 et
3224 3060 3531 3106 vestrarum
3577 3067 3781 3123 sugge-

498 3152 738 3208 tolerare
761 3189 779 3216 ,
824 3149 1117 3218 plurimum
1144 3147 1507 3203 lamentamur
1528 3187 1544 3212 ,
1592 3155 1647 3201 et
1690 3145 1844 3201 vobis
1888 3144 2085 3214 oppido
2114 3132 2159 3195 C
2191 3143 2461 3210 stionum,
2483 3159 2619 3215 quas
2654 3143 2723 3197 ad
2745 3141 2891 3199 sedis
2917 3142 3233 3212 apostolica:
3260 3142 3565 3208 direxistis,
3589 3143 3779 3214 cognio

499 3243 883 3313 compatiuntur,
908 3251 965 3299 et
987 3242 1394 3299 contristamur.
1420 3241 1702 3310 Quamvis,
1727 3238 2083 3303 dilectissimi,

498 3350 612 3391 non
640 3333 775 3389 adeo
813 3348 976 3403 super
1022 3334 1108 3389 his
1135 3334 1447 3389 contristari
1489 3349 1555 3388 ac
1585 3330 1913 3386 llllBl‘Ol‘lbllS
1936 3326 2081 3384 allici

499 3423 777 3490 debeatis,
826 3425 1064 3480 scientes
1116 3424 1373 3495 quoniam
1421 3422 1738 3489 tribulatio,
1784 3421 2084 3477 secundum

496 3514 840 3587 Apostolum,
870 3515 1130 3587 patientia
1158 3523 1340 3570 autem
1366 3515 1741 3586 probationem
1766 3552 1782 3579 ,
1831 3511 2083 3591 probatio

495 3620 632 3662 vero
673 3621 823 3677 spem
843 3645 862 3673 ,
902 3621 1027 3676 spes
1054 3613 1234 3661 autem
1263 3621 1371 3677 non
1400 3592 1766 3660 confundetur
1793 3602 1972 3676 (Rom.
2004 3601 2081 3676 v).

494 3695 779 3769 Siquidem
818 3696 971 3754 locus
999 3697 1090 3753 hic
1113 3684 1199 3753 est
1226 3696 1556 3763 alllictionis,
1607 3697 1696 3752 hic
1717 3695 1981 3751 convallis
2008 3695 2082 3749 la-

493 3805 829 3863 crymarum,
878 3791 1050 3847 donec
1075 3790 1354 3846 videamus
1393 3791 1564 3846 Deum
1598 3790 1821 3847 deorum
1848 3789 1902 3845 in
1928 3788 2081 3844 Sion.

494 3879 601 3936 llic
628 3888 713 3937 est
732 3881 824 3936 ubi
848 3881 906 3936 in
939 3879 1198 3953 lacrymis
1224 3880 1559 3937 seminamus
1582 3919 1600 3946 ,
1640 3889 1702 3935 ιιι
1741 3878 2083 3950 postmodum

497 3972 556 4028 in
578 3973 775 4043 gaudio
795 3982 1085 4028 metamus.
1115 3972 1216 4028 llic
1242 3981 1346 4038 est,
1389 3972 1634 4043 inquam,
1664 3972 1965 4045 Egyptus,
1995 3972 2085 4030 hic

496 4072 586 4121 est
615 4062 810 4120 fornax
840 4064 1041 4131 ferrea,
1062 4064 1154 4120 ubi
1174 4064 1476 4135 spiritalem
1495 4064 1750 4120 lsraelem
1767 4064 1900 4118 diris
1925 4079 2086 4135 opor-

498 4161 581 4210 tet
611 4153 872 4211 lateribus
895 4153 1136 4227 fatigari,
1166 4157 1338 4211 donec
1370 4164 1570 4210 terram
1597 4156 1974 4226 promissionis
2000 4157 2088 4211 in-

492 4246 809 4319 grediamur
829 4286 848 4314 ,
892 4245 947 4301 id
977 4254 1082 4313 est,
1110 4246 1283 4302 donec
1312 4245 1585 4301 Dominus
1608 4261 1730 4301 cum
1760 4244 1810 4300 ei
1842 4244 2090 4316 perfecte

492 4335 886 4408 placuerimus,
915 4336 973 4393 in
994 4338 1215 4408 regione
1233 4338 1478 4393 vivorum
1499 4353 1558 4393 se
1579 4337 1735 4392 nobis
1755 4336 2083 4408 promissum

493 4429 764 4485 ostendat.
789 4428 889 4485 Hic
916 4426 1054 4500 opus
1073 4439 1180 4493 est,
1212 4439 1272 4484 ut
1291 4444 1412 4499 quae
1439 4428 1508 4483 ad
1535 4428 1716 4498 templi
1744 4428 1915 4485 sancti
1940 4436 2081 4483 strtt-

2190 3237 2417 3302 tionem,
2441 3235 3068 3307 appellantemeumdem
3097 3234 3402 3290 Ilothadum
3418 3235 3781 3305 apostolicam

2187 3330 2372 3387 sedem
2419 3328 2797 3398 deposueritis,
2830 3343 2897 3383 ac
2925 3328 2980 3383 in
3024 3328 3359 3383 monasterio
3387 3327 3725 3384 retruseritis
3754 3346 3775 3382 :

2185 3420 2332 3491 quod
2360 3418 2577 3474 nonnisi
2599 3418 2653 3473 in
2681 3427 3059 3490 contemptum
3096 3418 3243 3475 beati
3277 3418 3446 3484 Petri,
3497 3419 3658 3491 cujus
3684 3418 3776 3489 ju-

2185 3510 2392 3567 dicium
2411 3510 2694 3581 expetivit,
2720 3519 2778 3565 et
2798 3511 2851 3566 in
2879 3510 3269 3567 contumeliam
3289 3525 3579 3567 sacrorum
3602 3526 3770 3567 cauo-

2185 3615 2317 3659 uum
2335 3640 2357 3667 ,
2377 3609 2435 3656 et
2457 3600 2949 3661 ecclesiasticarum
2983 3601 3333 3658 traditionum
3360 3612 3781 3673 praesumptum,

2186 3704 2253 3746 ac
2284 3698 2490 3744 temere
2520 3689 2816 3745 admissum
2844 3690 3069 3745 minime
3088 3689 3387 3745 dubitatur.
3417 3690 3649 3762 Insuper
3671 3707 3771 3746 au-

2184 3787 2321 3844 tem,
2344 3789 2401 3836 et
2426 3781 2495 3837 ad
2517 3780 2957 3851 imminutionem
2972 3781 3283 3851 apostolica:
3304 3790 3364 3838 et
3382 3783 3775 3840 summaesedis

2183 3871 2621 3945 privilegiorum,
2637 3873 2834 3944 quibus
2852 3881 3155 3929 vestrarum
3180 3889 3398 3946 quoque
3416 3874 3777 3934 ecclesiarum

2184 3966 2466 4037 privilegia
2510 3964 2739 4021 firmare
2786 3965 3076 4036 deposcitis
3104 4005 3129 4032 ι
3178 3965 3569 4035 imperatorum
3625 3966 3779 4037 leges

2184 4056 2517 4129 proponitis,
2531 4056 2728 4126 quibus
2755 4055 2909 4127 quasi
2933 4055 3367 4125 prohibentibus,
3394 4064 3645 4111 astruere
3664 4071 3781 4115 non

2184 4148 2445 4205 habuisse
2492 4146 2879 4219 appellationis
2915 4160 3101 4202 vocem
3148 4145 3458 4223 Rothadum
3490 4145 3731 4202 nitimini
3754 4186 3781 4213 ,

2183 4253 2313 4295 cum
2360 4247 2571 4295 constet
2606 4237 3087 4295 constitutionibus
3125 4237 3523 4292 mundanarum
3566 4236 3784 4308 legum,

2183 4338 2241 4389 et
2271 4330 2685 4401 imperatorum,
2707 4344 2817 4385 non
2842 4328 3099 4384 omnibus
3131 4326 3320 4399 [[οτιε,
3351 4342 3460 4382 non
3498 4327 3557 4383 in
3597 4327 3781 4383 omni-

2182 4420 2307 4477 bus.
2356 4417 2569 4490 llum]
2611 4417 2996 4474 ecclesiasticis
3058 4416 3448 4473 controversiis
3510 4417 3779 4472 utendum

493 4526 705 4574 cturam
726 4520 1023 4590 pertinent,
1044 4518 1242 4575 summi
1261 4519 1492 4574 artificis
1517 4534 1678 4573 manu
1700 4528 1754 4575 et
1768 4519 2084 4590 provisione
2105 4490 2161 4551 Ῑ)
2181 4526 2324 4576 esse.
2352 4510 2655 4582 Pmsel'lim
2681 4525 2805 4566 cum
2833 4509 3185 4565 inveniuntur
3204 4508 3595 4566 ecclesiastica!
3618 4507 3779 4582 [εάἱιι

493 4616 787 4679 aptentur:
822 4617 883 4663 ut
912 4624 1037 4664 eum
1080 4608 1393 4672 tonsiones,
1418 4607 1660 4671 sonitus,
1687 4622 1986 4677 pressurae,
2013 4622 2083 4663 ac
2186 4605 2371 4670 Rom,
2405 4601 2755 4675 evangelica}
2788 4618 2852 4659 ac
2887 4603 3164 4658 canonica:
3208 4602 3478 4658 san‘ctioni
3527 4601 3774 4657 obviare.

490 4697 899 4767 persecutiones
943 4696 1123 4753 seaculi
1149 4697 1433 4767 praesentis
1461 4694 1945 4760 transierint,-sine
1975 4694 2080 4749 ali-
2184 4695 2267 4752 Ad
2296 4694 2438 4764 quod
2468 4692 2863 4749 ostendendum
2891 4692 3120 4748 duorum
3166 4692 3427 4757 heroum,
3475 4692 3784 4749 Innocentii

492 4800 599 4855 qua
630 4787 945 4841 tortitudine
986 4786 1071 4842 vel
1102 4784 1465 4855 inmqualitate
1508 4783 1562 4840 in
1601 4783 1809 4840 etulein
1851 4783 2082 4850 fabrica,

2187 4788 2397 4844 scilicet
2418 4794 2475 4842 et
2500 4786 2769 4858 Gregorii,
2801 4785 2938 4841 satis
2966 4783 3238 4841 suliiciunt
3260 4784 3595 4839 testimonia.
3630 4783 3775 4840 San-

493 4882 755 4945 tanquam
787 4876 992 4947 lapides
1015 4876 1121 4930 vivi
1152 4875 1353 4942 idonei,
1385 4876 1440 4930 in
1479 4875 1730 4930 omnibus
1760 4875 2082 4945 comprobe-
2187 4887 2310 4936 ctus
2340 4876 2682 4934 Innocentius
2710 4876 2937 4948 quidem
2965 4876 3021 4931 in
3043 4874 3303 4932 decretali
3324 4874 3555 4946 epistola
3582 4892 3679 4931 sua
3706 4878 3783 4931 ad

493 4980 640 5021 mur.
692 4966 1032 5039 Quapropter
1078 4967 1192 5024 haec
1236 4967 1504 5032 scientes,
1545 4964 1914 5031 dilectissimi,
1963 4965 2081 5035 spei
2188 4968 2558 5024 Alexandrum
2601 4968 2999 5024 Antiochenam
3049 4966 3364 5039 episcopum
3393 5007 3415 5029 .
3464 4967 3586 5022 ait:
3635 4966 3781 5021 Nam

494 5064 691 5111 vestrae
731 5058 1024 5113 anchoram
1056 5059 1109 5113 in
1138 5058 1352 5114 caelesti
1383 5058 1617 5113 statione
1640 5056 1890 5126 ligentes,
1921 5056 2085 5127 hujus
2186 5061 2332 5132 quod
2365 5061 2676 5125 sciscitatis,
2722 5061 2975 5131 inquiens
2995 5100 3017 5127 ,
3052 5068 3234 5117 utrum
3264 5059 3456 5116 divisis
3502 5060 3775 5131 imperiali

494 5146 687 5202 mundi
710 5148 976 5217 procellas
991 5149 1279 5220 despicite:
1306 5150 1432 5221 quia
1458 5157 1733 5220 protector
1754 5158 1940 5204 noster
1962 5163 2081 5203 om-
2179 5152 2386 5223 judicio
2428 5153 2743 5223 provinciis,
2772 5161 2832 5208 ut
2862 5153 2985 5208 duze
3008 5150 3335 5222 metropoles
3372 5151 3530 5216 fiant,
3557 5152 3641 5208 sic
3667 5153 3781 5207 duo

493 5241 751 5311 nipotens
775 5241 890 5312 jam
926 5258 1032 5298 non
1081 5243 1282 5298 dormit
1303 5283 1317 5305 .
1350 5242 1441 5313 qui
1477 5243 1730 5312 imperat,
1760 5250 1817 5296 et
1847 5255 1998 5295 mare
2023 5248 2081 5296 et
2186 5242 2588 5312 metropolitani
2616 5241 2855 5312 episcopi
2889 5241 3124 5296 debeant
3166 5240 3459 5296 nominari.
3489 5239 3608 5297 Non
3640 5256 3770 5312 ergo

489 5333 643 5399 4venti
694 5334 952 5390 obediunt
991 5336 1040 5391 ei
1060 5377 1076 5401 ,
1108 5335 1273 5406 fitque
1309 5336 1672 5406 tranquillitas
1702 5349 1919 5406 magna.
1946 5331 2080 5388 Pro-
2183 5332 2360 5388 visum
2380 5340 2487 5398 est,
2513 5331 2582 5395 ad
2602 5331 2957 5387 mobilitatem
2973 5329 3356 5386 necessitatum
3375 5332 3778 5386 mundanarutn

491 5432 683 5497 pterea
720 5428 789 5484 de
828 5427 1062 5485 Rothadi
1105 5429 1455 5485 damnatione
1495 5428 1806 5499 apostolica:
1833 5427 1949 5483 sedi
1995 5442 2083 5482 re-
2185 5423 2283 5478 Dei
2310 5423 2614 5478 Ecclesium
2633 5423 2981 5485 commutari,
3010 5419 3352 5489 honoresque
3379 5436 3446 5474 ac
3474 5419 3780 5476 divisiones

492 5514 641 5585 ferre
669 5516 796 5586 jure
822 5521 1124 5585 studentes,
1157 5519 1370 5590 petistis
1409 5528 1469 5574 ut
1491 5530 1674 5576 nostra
1705 5519 1869 5575 etiam
1896 5524 2074 5573 aucto-
2184 5519 2412 5590 perpeti,
2460 5532 2598 5588 quas
2623 5532 2723 5587 pro
2764 5516 2883 5572 suis
2900 5517 3085 5571 causis
3126 5514 3406 5570 faciendas
3429 5513 3649 5568 duxerit
3676 5513 3777 5567 im-

493 5609 657 5669 ritate
687 5620 802 5666 rata
833 5627 954 5668 esse
974 5612 1355 5683 probarentur,
1400 5626 1521 5681 quas
1547 5612 1614 5667 de
1640 5626 1707 5667 eo
1732 5610 1873 5682 apud
1903 5626 1998 5666 vos
2024 5610 2079 5666 in
2185 5617 2422 5681 perator.
2454 5608 2652 5663 Beatus
2680 5616 2863 5662 autem
2886 5604 3179 5677 Gregorius
3223 5604 3469 5660 scribens
3497 5602 3567 5657 ad
3598 5602 3779 5657 Theo-

488 5701 727 5779 concilio
752 5710 875 5761 acta
898 5701 1068 5761 fuisse
1095 5702 1468 5772 perhibuistis.
1498 5702 1654 5772 Quod
1674 5719 1839 5776 agere
1860 5702 2079 5776 penitus
2185 5701 2401 5758 ctistam
2447 5698 2732 5791 patriciam
2754 5738 2775 5766 ,
2805 5698 2947 5755 inter
2990 5706 3185 5755 caetera
3213 5714 3226 5751 :
3264 5694 3322 5753 Si
3351 5694 3501 5751 enim
3520 5735 3536 5762 ,
3576 5694 3773 5765 inquit,
