4070 6310
302 374 406 432 829

1503 328 1867 416 Εριδτῡω
1911 356 1998 414 ter
2037 335 2379 415 DECRETA.

3489 366 3596 422 830

305 484 582 558 religionis
628 496 790 537 causa
846 476 1093 549 conjugia
1144 475 1340 530 debere
1389 470 1610 528 dissolvi
1660 468 1848 525 dicunt
1876 507 1892 535 ,
1922 471 1970 532 Α
1998 485 2388 541 nunquamque
2413 469 2558 529 sedis
2583 471 2891 542 apostolicae
2919 473 3249 531 mentionem
3275 476 3513 546 fecisset,
3550 497 3579 533 a

304 577 584 634 sciendum
632 581 718 628 est
767 572 919 642 quia,
961 569 1062 625 etsi
1093 568 1194 623 hoc
1223 568 1459 622 humana
1487 561 1758 619 concessit
1783 559 1893 627 lex,

307 677 491 723 tamen
519 665 698 722 divina
725 661 1029 732 prohibeat.
1075 658 1214 713 Ecce
1244 653 1698 727 quemadmodum
1725 652 1898 718 impe-

307 760 426 817 riali
447 760 655 830 judicro
681 773 785 812 non
817 762 1039 826 possunt
1077 750 1445 808 ecclesiastica
1465 746 1588 816 jura
1620 745 1842 801 dissolvi
1877 761 1890 800 :

305 869 434 909 ecce
463 851 700 923 qualiter
721 850 864 920 quod
894 847 977 904 lex
1006 847 1241 902 humana
1269 843 1560 906 concessit,
1595 839 1685 896 lex
1708 840 1893 895 divina

305 946 614 1016 prohibeat.
639 943 756 1000 Non
777 943 921 1013 quod
943 941 1329 1013 imperatorum
1347 937 1513 1008 leges,
1543 936 1740 1008 quibus
1754 947 1896 1004 sape

305 1036 546 1092 Ecclesia
567 1035 710 1091 circa
739 1033 1022 1088 haereticos
1048 1031 1236 1093 utitur,
1267 1044 1410 1099 saepe
1438 1029 1583 1085 circa
1610 1036 1892 1098 tyrannos,

305 1137 472 1200 atque
507 1129 655 1184 circa
685 1141 880 1197 pravos
907 1139 1154 1195 quosque
1183 1122 1508 1185 defenditur,
1535 1120 1776 1176 dicamus
1803 1130 1897 1186 pe-

306 1223 457 1276 nitus
485 1219 794 1275 renuendas
823 1236 835 1272 :
866 1220 962 1273 sed
983 1215 1125 1288 quod
1153 1230 1249 1272 eas
1269 1212 1616 1282 evangelicis,
1639 1208 1896 1280 apostoli-

302 1310 383 1366 cis
405 1351 421 1376 ,
455 1317 617 1379 atque
645 1307 926 1364 canonicis
972 1306 1229 1370 decretis,
1263 1304 1461 1376 quibus
1503 1301 1894 1374 postponendae

303 1410 464 1464 sunt,
491 1399 696 1455 nullum
732 1413 891 1470 posse
917 1395 1120 1451 inferre
1163 1395 1531 1466 praajudicium
1562 1406 1892 1448 asseranms.

303 1489 625 1561 Quanquam
672 1488 998 1560 scripseritis
1028 1485 1416 1556 appellationes
1448 1484 1566 1554 ejus
1611 1482 1896 1536 frustrato-

302 1581 438 1646 rias,
474 1581 856 1636 excusationes
904 1595 968 1635 ac
999 1577 1288 1633 dilationes
1319 1575 1484 1630 fuisse
1516 1585 1725 1629 tantum
1762 1588 1896 1644 que-

303 1679 510 1737 rentes,
542 1671 687 1741 quod
717 1671 917 1741 quibus
948 1667 1283 1741 argumentis
1311 1667 1558 1729 tirmetis,
1590 1664 1893 1736 praesertim

297 1779 427 1818 cum
456 1761 820 1817 aunuentibus
862 1760 964 1816 sibi
998 1759 1299 1815 canonibus
1326 1757 1679 1828 apostolicam
1706 1757 1892 1812 sedem

1997 559 2175 625 vobis,
2204 561 2298 630 qui
2329 576 2550 617 causam
2596 559 2714 631 ejus
2745 563 3128 630 examinastis,
3153 567 3414 623 memoria
3451 585 3581 626 san-

1998 651 2073 708 cti
2098 651 2247 708 Petri
2274 652 2531 708 honorari
2561 655 2841 720 debuerat,
2873 663 3036 726 atque
3059 656 3109 712 ei
3131 659 3417 728 perscribi,
3447 671 3508 717 ut
3535 661 3582 721 si

1991 744 2263 816 judicaret
2293 745 2661 801 renovandum
2706 761 2830 802 esse
2854 745 3119 815 judicium
3144 791 3159 816 ,
3193 761 3574 818 renovaretur,

1996 833 2226 917 etdaret
2242 833 2472 904 iudices.
2488 835 2665 892 Verba
2684 847 2832 894 certe
2847 837 3024 910 [[ονεε,
3049 839 3135 896 vel
3155 850 3323 896 certe.
3352 841 3583 917 Hann],

1998 921 2139 977 sicut
2158 925 2406 994 superius
2427 929 2999 995 commemoravimus,
3035 946 3102 986 ex
3129 933 3373 1001 ejusdem
3398 937 3580 992 conci-

1997 1015 2055 1071 lii
2084 1018 2380 1082 sanctione,
2412 1019 2553 1090 quod
2579 1020 2622 1076 si
2651 1022 2872 1092 probata
2914 1025 3260 1092 viderentur,
3293 1035 3576 1086 statueret.

1999 1105 2105 1162 Sed
2149 1109 2278 1179 quid
2322 1111 2518 1165 mirum
2561 1111 2667 1173 sit,
2717 1112 2821 1168 hoc
2847 1114 2903 1169 in
2929 1115 3180 1184 despectu
3212 1119 3581 1188 apostolorum

1997 1198 2262 1270 principis
2294 1215 2389 1256 vos
2411 1202 2824 1273 contempsisse,
2859 1220 2980 1262 cum
3012 1206 3078 1260 ad
3111 1207 3366 1278 injuriam
3399 1226 3583 1267 sacro-

1997 1304 2117 1344 rum
2145 1305 2431 1357 canonnm,
2466 1302 2522 1347 et
2549 1295 2937 1352 venerabilium
2970 1296 3340 1356 Romanorum
3365 1304 3585 1373 pontifi-

1996 1395 2121 1436 cum
2168 1383 2508 1439 decretorum
2537 1427 2552 1450 ,
2580 1397 2925 1456 perpetrasse
2954 1390 3132 1446 adhuc
3159 1395 3310 1463 pejus
3343 1393 3586 1452 invenia-

1996 1469 2173 1524 mini?
2198 1472 2427 1539 scilicet,
2466 1484 2525 1529 ut
2553 1485 2675 1546 post
2706 1478 3121 1546 appellationem
3153 1492 3207 1537 et
3232 1484 3580 1542 reclamatio-

1997 1578 2120 1618 nem
2155 1563 2386 1620 Rothadi
2411 1609 2425 1632 ,
2459 1568 2511 1622 in
2553 1570 2810 1624 cathedra
2838 1571 3006 1642 ipsius
3034 1574 3262 1630 alterum
3291 1592 3582 1635 consecra-

1995 1654 2128 1709 retis
2173 1654 2318 1727 [edit.
2357 1654 2506 1711 Rom.
2559 1663 3074 1736 consecraveritis]:
3109 1669 3232 1722 etim
3263 1668 3314 1722 id
3345 1669 3578 1728 manife-

1995 1743 2233 1799 stissime
2273 1761 2302 1800 a
2353 1747 2524 1803 sacris
2570 1750 2772 1821 regulis
2813 1763 3026 1809 Constet
3071 1770 3193 1811 esse
3219 1757 3491 1826 alienum,
3523 1771 3585 1818 ut

300 1854 604 1924 appellasse
655 1851 972 1908 solemniter
1021 1851 1273 1907 videatur
1298 1891 1315 1916 ,
1360 1865 1466 1904 non
1509 1848 1665 1903 facile
1720 1854 1888 1918 patet.
1922 1838 1970 1898 Β
1999 1833 2117 1890 Ῑοοο
2147 1837 2373 1907 depositi
2403 1839 2625 1896 omnino
2655 1857 2761 1896 non
2797 1845 3098 1912 ordinetur,
3128 1847 3232 1904 nisi
3259 1865 3422 1908 causa
3471 1853 3586 1909 me.

300 1945 509 2015 Quippe
537 1959 661 1999 cum
693 1957 854 1998 nemo
879 1942 1034 2005 sciat,
1069 1941 1367 1998 secundum
1399 1940 1642 1996 veritatis
1670 1948 1896 1994 attesta-

303 2039 503 2093 tionem
529 2078 545 2102 ,
576 2053 696 2108 quae
722 2045 850 2092 sunt
880 2036 932 2090 in
977 2034 1230 2100 homine,
1265 2033 1370 2088 nisi
1408 2033 1628 2103 spiritus
1659 2030 1775 2101 ejus
1801 2031 1895 2101 qui

301 2145 356 2183 In
385 2128 502 2198 ipso
527 2136 610 2184 est
640 2125 692 2198 (1
717 2125 841 2182 Cor.
871 2124 956 2195 ιι).
995 2123 1126 2192 Quis
1155 2131 1334 2178 autem
1365 2122 1574 2178 nesciat
1601 2121 1895 2177 constituta

300 2217 642 2274 Sardieensis
686 2215 945 2273 concilii?
989 2230 1110 2287 qua:
1155 2213 1474 2286 przecipiunt
1517 2221 1640 2284 post
1690 2212 1896 2283 aliquot

299 2307 539 2380 capitulo
587 2319 824 2380 quarto:
857 2306 916 2362 Si
942 2306 1065 2378 quis
1106 2303 1690 2377 episcopusjudicatus
1731 2301 1897 2359 fuerit

301 2400 358 2454 in
397 2398 578 2470 aliqua
625 2413 809 2464 causa,
843 2407 900 2454 et
917 2397 1192 2468 putaverit
1215 2412 1274 2452 se
1300 2397 1499 2452 bonam
1539 2409 1762 2451 causam
1797 2394 1895 2450 ha-

301 2493 464 2559 bere,
500 2500 560 2546 ut
602 2491 800 2547 iterum
830 2489 1120 2546 concilium
1144 2487 1452 2563 [judicium]
1491 2495 1814 2549 renovetur,
1846 2484 1894 2541 si

301 2583 455 2641 vobis
496 2583 698 2654 placet,
724 2583 900 2642 sancti
924 2582 1073 2638 Petri
1103 2581 1332 2653 apostoli
1365 2579 1686 2636 memoriam
1715 2579 1893 2634 hono-

300 2691 486 2732 remus
512 2687 572 2732 ut
592 2676 862 2732 scribatur
890 2675 960 2732 ab
986 2675 1072 2730 his
1111 2675 1202 2745 qui
1231 2689 1454 2729 causam
1488 2672 1892 2735 examinarunt,

300 2767 445 2827 Iulio
470 2769 716 2825 Romano
740 2769 1018 2840 episcopo,
1051 2775 1106 2829 et
1125 2767 1171 2823 si
1177 2764 1891 2836 judicaveritrenovandum

300 2879 424 2918 esse
463 2861 728 2932 judicium
756 2902 771 2927 ,
809 2869 1128 2926 renovetur,
1156 2868 1211 2916 et
1244 2859 1333 2914 det
1353 2857 1596 2928 judices:
1630 2857 1674 2912 si
1711 2840 1892 2911 autem

301 2951 613 3024 probaverit
629 2951 789 3007 talem
817 2966 1036 3006 causam
1057 2966 1178 3006 esse
1202 2959 1260 3005 ut
1289 2965 1394 3004 non
1428 2948 1735 3014 refricetur,
1757 2963 1897 3018 prte-

299 3042 492 3098 sertim
550 3057 670 3112 quae
724 3050 844 3097 acta
910 3049 1039 3096 sunt
1085 3039 1132 3095 si
1176 3039 1516 3106 decreverit,
1571 3038 1892 3094 confirmata

301 3143 481 3189 erunt.
513 3133 646 3189 ltem
678 3133 854 3204 capite
892 3141 1086 3187 octavo
1109 3172 1126 3197 ,
1175 3130 1335 3188 Osius
1381 3131 1668 3202 episcopus
1714 3129 1887 3185 dixit:

302 3229 513 3287 Placuit
561 3237 780 3294 autem,
833 3234 894 3281 ut
933 3226 978 3281 si
1020 3225 1142 3296 quis
1190 3225 1564 3296 episcoporum
1608 3233 1895 3279 accusatus

303 3321 502 3384 fuerit,
551 3328 608 3376 et
643 3318 1011 3388 judicaverint
1043 3317 1354 3387 congregati
1387 3315 1624 3386 episcopi
1655 3315 1892 3384 regionis

303 3412 492 3482 ipsius,
519 3419 574 3466 et
593 3409 658 3465 de
681 3410 848 3478 gradu
873 3423 970 3463 suo
983 3423 1106 3462 eum
1130 3405 1442 3476 dejecerint,
1473 3406 1518 3460 si
1543 3404 1894 3476 appellaverit

303 3505 396 3574 qui
429 3504 670 3574 dejectus
693 3511 797 3566 est,
829 3511 883 3557 et
912 3500 1218 3572 confugerit
1247 3499 1314 3554 ad
1348 3499 1661 3570 episcopum
1695 3497 1894 3552 Roma-

303 3610 388 3647 na:
417 3593 693 3658 Ecclesize,
723 3602 778 3647 et
805 3591 1034 3646 voluerit
1064 3606 1122 3646 se
1149 3589 1347 3656 audiri,
1371 3590 1415 3645 si
1434 3587 1640 3656 justum
1671 3597 1894 3658 putave-

304 3685 398 3750 rit,
430 3693 488 3738 ut
537 3692 826 3739 renovetur
862 3697 1117 3748 examen,
1147 3681 1387 3736 scribere
1422 3680 1506 3734 his
1539 3677 1787 3734 ecclesiis
1814 3677 1894 3731 di—

303 3785 523 3847 gnetur,
554 3791 671 3846 quae
703 3775 755 3831 in
800 3774 1029 3830 finitima
1057 3782 1112 3827 et
1152 3771 1400 3843 proxima
1435 3768 1710 3842 provincia
1743 3775 1892 3832 sunt,

249 3931 252 3933 Α
303 3876 364 3921 ut
391 3867 489 3937 ipsi
521 3867 806 3938 diligenter
834 3864 1056 3921 omnino
1103 3863 1385 3933 requirant
1411 3902 1426 3928 ,
1473 3858 1703 3928 etjuxta
1729 3857 1891 3912 fidem

301 3959 588 4015 charitatis
638 3956 920 4013 dilﬁuiant.
956 3955 1109 4024 Quod
1156 3955 1200 4010 si
1246 3953 1293 4008 is
1332 3952 1425 4024 qui
1469 3957 1624 4022 rogat
1670 3962 1893 4004 causam

303 4067 455 4107 suam
486 4051 680 4104 iterum
712 4048 920 4112 audiri,
955 4044 1341 4117 deprecatione
1372 4057 1469 4098 sua
1515 4040 1745 4094 meverit
1770 4038 1891 4108 epi-

300 4155 525 4211 scopqu
555 4138 879 4201 Romanum,
914 4146 972 4192 ut
991 4155 1022 4192 e
1048 4137 1216 4190 latere
1245 4149 1344 4189 suo
1362 4133 1740 4204 presbyterum
1762 4129 1890 4184 mit-

303 4241 414 4297 tat,
463 4232 568 4288 erit
607 4231 659 4285 in
703 4237 974 4301 potestate
1013 4227 1273 4298 episcopi,
1297 4225 1425 4296 quid
1455 4223 1630 4289 velit,
1679 4231 1734 4278 et
1763 4221 1894 4292 quid

299 4322 554 4378 estimet.
585 4320 652 4376 Et
684 4321 730 4376 si
757 4319 1058 4375 decreverit
1088 4319 1379 4374 mittendos
1419 4331 1540 4373 esse
1564 4356 1580 4381 ,
1616 4315 1710 4386 qui
1753 4327 1893 4384 pne-

299 4424 486 4472 sentes
518 4429 640 4469 cum
670 4409 1217 4485 episcopisjudicent,
1254 4411 1515 4467 habentes
1559 4395 1676 4478 ejus
1705 4415 1895 4463 aucto-

300 4507 522 4562 ritatem
553 4520 584 4559 a
614 4520 721 4576 quo
743 4505 994 4559 destinati
1019 4511 1164 4567 sunt,
1207 4502 1311 4558 erit
1342 4501 1395 4556 in
1424 4517 1522 4556 suo
1549 4498 1796 4555 arbitrio.
1831 4497 1889 4552 Si

299 4613 432 4653 vero
461 4596 753 4653 crediderit
782 4595 1064 4668 episcopos
1086 4591 1349 4659 sullicere,
1373 4601 1434 4648 ut
1455 4591 1670 4664 negotio
1697 4589 1886 4646 termi—
1914 4572 1968 4632 D

299 4704 430 4746 num
460 4689 782 4758 imponant,
829 4686 990 4742 faciet
1031 4686 1172 4756 quod
1218 4684 1619 4755 sapientissimo
1663 4681 1890 4738 consilio

299 4777 642 4848 iudicaverit.
689 4776 798 4834 Sed
840 4777 980 4832 sicut
1023 4776 1078 4830 in
1131 4775 1535 4846 suggestionum
1582 4783 1889 4830 vestrarum

304 4871 609 4928 Invenimus
661 4871 910 4942 scriptis,
969 4886 1074 4924 non
1139 4869 1391 4924 habuisse
1444 4868 1751 4924 Rothadum
1799 4884 1892 4940 ap-

301 4964 610 5035 pellationis
654 4979 843 5018 vocem
889 4961 1161 5017 allirmare
1209 4960 1586 5024 conamini,eo
1614 4959 1757 5030 quod
1784 4975 1891 5013 non

301 5056 554 5113 habuerit
598 5055 794 5109 bonam
839 5067 1100 5109 causam:
1151 5067 1276 5106 cum
1310 5060 1523 5106 constet
1572 5048 1888 5120 saepefatum

307 5146 612 5202 Rothadum
662 5160 834 5215 usque
872 5143 1034 5199 hodie
1077 5143 1274 5198 bonam
1323 5157 1382 5196 se
1429 5141 1627 5196 habere
1668 5155 1889 5195 causam

303 5251 519 5311 putare,
551 5248 602 5294 et
651 5237 1021 5293 venerandum
1050 5234 1361 5296 concilium,
1397 5248 1504 5288 non
1551 5232 1728 5288 solum
1763 5248 1889 5287 eum

304 5334 396 5404 qui
429 5348 652 5390 causam
689 5331 874 5396 habet,
911 5329 1006 5386 sed
1049 5336 1104 5383 et
1141 5328 1289 5382 illum
1320 5327 1413 5397 qui
1446 5339 1506 5381 se
1537 5324 1734 5379 bonam
1765 5339 1894 5380 cau-

303 5439 419 5481 eam
446 5425 647 5479 habere
668 5422 856 5477 saltem
879 5411 1176 5493 putaverit,
1207 5419 1390 5475 sedem
1419 5417 1770 5486 apostolicam
1798 5431 1893 5485 ap-

304 5517 507 5589 pellare
538 5515 866 5587 permiserit,
892 5525 946 5571 et
973 5515 1132 5586 hujus
1153 5514 1221 5569 ab
1251 5529 1316 5570 ea
1346 5513 1710 5568 renovandum
1741 5510 1892 5582 judi-

302 5608 448 5665 cium
477 5607 797 5664 dccreverit.
831 5606 1065 5662 Maxime
1114 5622 1237 5663 cum
1265 5604 1419 5675 juxta
1453 5604 1893 5662 constitutionem

305 5710 510 5768 sancta:
541 5701 702 5772 hujus
721 5701 930 5773 synodi,
955 5701 1169 5760 etiamsi
1217 5716 1490 5772 nunquam
1526 5686 1892 5765 reclamasset,

381 5825 405 5856 ι
438 5811 612 5870 Locus
639 5816 924 5874 obscurus.

1997 1927 2070 1982 rit
2091 1927 2145 1982 in
2170 1929 2375 2000 judicio
2404 1931 2642 2002 episcopi
2681 1933 2908 1990 Romani
2936 1936 3320 1994 determinata.
3354 1941 3461 1998 Sed
3501 1945 3585 1999 di-

1997 2016 2118 2073 citis
2141 2057 2155 2082 ,
2189 2027 2312 2088 post
2338 2020 2750 2089 appellationem
2783 2027 3090 2095 apostolica:
3121 2030 3266 2085 sedis
3302 2031 3452 2088 illum
3485 2050 3585 2090 vo-

1995 2128 2114 2170 cem
2153 2123 2421 2179 mutasse,
2446 2125 2497 2171 et
2521 2117 2896 2188 episc0porum
2944 2121 3234 2178 concilium
3284 2126 3579 2197 expetisse.

1996 2202 2203 2271 Quibus
2232 2218 2356 2260 cum
2399 2220 2536 2274 pace
2594 2217 2774 2263 vestra
2811 2208 3079 2279 fatemur,
3111 2215 3362 2284 quamvis
3385 2220 3586 2276 vestris

1996 2296 2388 2351 assertionibus
2411 2297 2572 2353 fidem
2600 2299 2976 2368 adhibeamus,
2997 2311 3052 2358 et
3080 2303 3156 2359 ita
3185 2304 3382 2363 fecisse
3407 2308 3588 2379 illum,

1994 2386 2252 2458 quoniam
2279 2403 2386 2442 non
2408 2397 2492 2444 est
2511 2391 2654 2460 quod
2683 2391 2856 2461 possit
2884 2408 2993 2448 non
3018 2394 3166 2450 credi
3197 2398 3584 2469 sanctimonia,

1993 2475 2265 2532 veraciter
2302 2487 2582 2532 teneamus
2609 2496 2622 2533 :
2654 2488 2833 2534 tamen
2863 2497 2972 2551 qua
3002 2482 3106 2538 hoc
3138 2484 3435 2544 intentione
3461 2505 3588 2562 ege-

1996 2569 2090 2636 rit,
2119 2581 2148 2612 ι
2175 2569 2260 2625 vel
2291 2571 2434 2641 quod
2461 2572 2506 2627 si
2553 2572 2917 2644 interrogetur
2942 2591 2973 2629 a
3013 2577 3169 2632 nobis
3189 2619 3206 2644 ,
3254 2583 3588 2651 respondere

1995 2662 2211 2734 penitus
2238 2679 2344 2718 non
2386 2664 2698 2735 ignoramus
2720 2707 2736 2730 ,
2770 2675 2826 2719 ut
2855 2667 2994 2722 sicut
3019 2667 3073 2722 in
3103 2669 3244 2734 aliis,
3275 2679 3330 2725 et
3361 2671 3584 2730 incertae

1996 2752 2073 2808 rei
2097 2751 2315 2808 dubium
2338 2769 2508 2824 usque
2525 2752 2788 2824 [ιω-ιε,οδ
2809 2756 3027 2812 incerta:
3049 2758 3126 2812 rei
3149 2758 3370 2815 dubium
3387 2778 3582 2833 usque,

1996 2843 2209 2917 Hum]
2246 2845 2315 2901 ad
2363 2846 2645 2917 utriusque
2689 2848 2861 2917 partis
2907 2850 3363 2907 examinationem
3397 2856 3588 2925 procul

1997 2936 2159 2992 dubio
2179 2947 2470 2993 remeetur.
2501 2938 2766 2993 Prmterea
2792 2939 3182 2997 fraternitatem
3205 2951 3444 2999 vestram
3475 2962 3584 3002 non

1995 3030 2270 3085 credimus
2316 3031 2588 3101 ignorare,
2639 3040 2764 3087 ante
2794 3032 3117 3094 adfratrem
3158 3045 3402 3092 nostrum
3430 3037 3594 3094 Rhe-'

1997 3135 2208 3175 morum
2231 3121 2540 3191 episcopum
2566 3122 2895 3192 apostolatus
2918 3125 3085 3180 nostri
3115 3141 3214 3180 nos
3238 3128 3449 3184 misisse
3470 3129 3588 3200 api-

1921 3198 1966 3261 C
1998 3230 2110 3279 ces,
2149 3223 2210 3269 ut
2236 3222 2330 3269 aut
2369 3214 2682 3284 saapefatum
2709 3215 3011 3272 liothadum
3052 3219 3414 3275 venerabilem
3444 3198 3582 3277 infra

2002 3309 2218 3381 triginta
2249 3309 2365 3364 dies
2403 3320 2524 3380 post
2548 3309 2850 3365 litterarum
2892 3319 3198 3366 nostrarum
3229 3313 3330 3368 sibi
3362 3315 3585 3370 missam

1996 3401 2278 3471 epistolam
2329 3402 2558 3472 pristino
2585 3402 2774 3472 gradui
2805 3404 3148 3468 restitueret,
3180 3413 3273 3459 aut
3297 3421 3420 3460 eum
3456 3423 3584 3463 cum

1997 3492 2190 3548 idoneo
2231 3508 2329 3548 suo
2360 3493 2537 3564 legato
2561 3535 2574 3558 ,
2621 3495 2666 3548 si
2696 3494 2809 3563 ipse
2852 3495 3037 3549 venire
3066 3511 3172 3550 non
3205 3504 3426 3568 posset,
3476 3514 3586 3554 una

1996 3600 2120 3639 cum
2157 3585 2569 3640 accusatoribus
2597 3583 3009 3652 ejusdem'viri,
3057 3586 3102 3640 si
3152 3594 3331 3640 tamen
3375 3599 3581 3654 essent,

1995 3685 2158 3746 atque
2201 3691 2324 3731 eum
2365 3677 2719 3748 presbytero,
2770 3677 3058 3746 qui'causa
3104 3675 3421 3746 dejectionis
3466 3678 3584 3747 ejus

1995 3768 2120 3832 fuit,
2150 3768 2404 3824 misisset.
2439 3768 2590 3835 Quod
2621 3771 2663 3822 si
2693 3777 2942 3821 neutrum
2969 3782 3130 3838 agere
3157 3767 3431 3834 voluisset,
3463 3778 3585 3838 post

1997 3860 2213 3932 triginta
2243 3860 2358 3914 dies
2380 3859 2649 3930 praefixos,
2675 3874 2772 3914 nec
2801 3861 2935 3929 ipse,
2978 3873 3076 3913 nec
3122 3859 3348 3928 quilibet
3375 3860 3586 3930 episco-

1993 3965 2187 4022 porum
2213 3991 2228 4016 ,
2277 3950 2366 4020 qui
2398 3950 2450 4004 in
2487 3950 2819 4020 depositione
2849 3949 3055 4020 pra-fati
3088 3951 3324 4020 epiSCOpi
3353 3967 3586 4008 consen-

1996 4053 2206 4109 serant,
2243 4043 2518 4098 licentiam
2543 4043 2830 4098 missarnm
2861 4042 3122 4097 solemnia
3148 4043 3459 4100 celebrandi
3492 4041 3588 4116 pe.

1995 4143 2142 4199 nitus
2172 4140 2508 4206 habuissent,
2542 4155 2822 4210 quousque
2859 4155 2979 4210 qua:
3027 4140 3319 4195 salubriter
3365 4141 3584 4198 decreta

1995 4235 2151 4291 nobis
2169 4241 2371 4296 essent,
2396 4231 2712 4288 obedienter
2740 4247 2804 4287 ac
2828 4231 3058 4302 pleniter
3087 4231 3153 4285 ad
3176 4230 3425 4287 ellectnm
3455 4248 3585 4288 con-

1994 4324 2374 4382 summationis
2401 4323 2778 4394 perducerent.
2810 4321 2915 4377 Sed
2942 4324 3009 4377 ad
3030 4324 3229 4395 scripta
3257 4333 3434 4378 vestra
3470 4333 3588 4378 ten—

1994 4417 2184 4473 dentes
2209 4455 2224 4481 ,
2257 4431 2378 4488 quae
2407 4430 2553 4469 nunc
2592 4429 2690 4484 per
2719 4412 2941 4468 fratrem
2988 4422 3044 4470 et
3085 4413 3462 4484 coepiscopum
3495 4429 3589 4468 no-

1994 4518 2168 4566 strum
2210 4507 2451 4564 Odonem
2506 4506 2573 4561 ad
2614 4505 2796 4561 sedem
2845 4505 3195 4576 apostolicam
3244 4505 3578 4572 destinastis,

1994 4603 2298 4660 invenimus
2323 4603 2438 4674 jam
2467 4601 2672 4657 dictum
2719 4603 3123 4657 sanctissimum
3170 4599 3345 4653 virum
3366 4596 3575 4666 judicio
3617 4659 3623 4665 ,

1985 4712 2059 4772 ac
2105 4710 2372 4757 consensu
2408 4704 2589 4750 vestro
2613 4735 2628 4760 ,
2680 4702 2736 4748 et
2759 4693 3067 4762 episcopatu
3099 4691 3367 4761 privatum
3391 4730 3406 4754 ,
3439 4698 3493 4743 et
3511 4689 3579 4768 -in

1995 4787 2327 4844 monasterio
2357 4786 2626 4842 hactenus
2670 4800 2791 4840 esse
2820 4792 3133 4838 retrusum;
3181 4780 3400 4849 insuper
3429 4787 3484 4834 et
3529 4781 3583 4833 in

1996 4881 2251 4937 cathedra
2278 4881 2448 4950 ipsius
2472 4879 2702 4934 alterum
2731 4878 3043 4948 episcopum
3065 4875 3397 4930 ordinatum.
3427 4872 3583 4942 Quod

1997 4988 2155 5043 quam
2184 4972 2254 5026 sit
2276 4970 2692 5034 exsecrandum,
2724 4981 2994 5040 quamque
3023 4982 3054 5021 a
3082 4965 3235 5022 nobis
3258 4965 3402 5020 nulla
3435 4966 3586 5036 peni-

1999 5075 2084 5123 tus
2113 5067 2371 5138 patientia
2416 5065 2772 5129 tolerandum,
2803 5063 2907 5117 dici
2939 5079 3043 5118 non
3069 5059 3345 5133 praevalet,
3371 5060 3586 5117 etiamsi

1997 5157 2176 5213 cuncti
2197 5157 2442 5226 corporis
2465 5163 2615 5209 artus
2640 5161 2920 5208 vertantur
2941 5153 2993 5207 in
3016 5152 3244 5223 linguas.
3272 5149 3431 5206 Certe
3457 5151 3588 5214 dum

1997 5249 2389 5320 suggestiones,
2418 5247 2733 5311 relationes,
2760 5259 2970 5315 preces,
2993 5243 3237 5298 consulta
3250 5251 3444 5297 vestrae
3459 5257 3616 5302 sam

1998 5339 2204 5395 ctitatis
2229 5337 2446 5408 scriptis
2471 5344 2635 5406 atque
2671 5334 2850 5390 verbis
2881 5335 3081 5390 nostris
3111 5333 3339 5388 fuissent
3364 5333 3593 5386 auribus

2002 5429 2291 5490 inculcata,
2315 5443 2438 5480 mox
2468 5434 2649 5480 mente
2672 5424 3038 5494 concepimus,
3065 5433 3121 5478 et
3145 5437 3282 5494 pene
3303 5431 3497 5476 cuncta
3530 5428 3589 5478 ut

2002 5536 2366 5576 annueremns
2385 5530 2550 5590 atque
2573 5519 2971 5589 indulgeremus
2992 5516 3376 5588 disposuimus.
3404 5513 3475 5567 At
3498 5511 3593 5572 ubi

2005 5612 2254 5682 injuriam
2284 5613 2454 5668 sancti
2483 5611 2652 5678 Petri,
2677 5611 2821 5666 sedis
2852 5610 3160 5681 apostolica:
3185 5606 3595 5678 privilegiorum

2007 5705 2411 5762 imminutiones
2438 5745 2451 5772 ,
2504 5718 2782 5759 sacrorum
2829 5717 3094 5758 canonum
3123 5695 3594 5756 conculcationem
