4070 6310
390 1276 397 1279 ⁷
488 1267 678 1333 fuerit,
709 1268 889 1339 colligi
919 1279 976 1324 et
1014 1269 1227 1324 ostendi
1256 1267 1469 1324 facilius
1494 1276 1739 1339 possunt.
1771 1267 1914 1323 Sane
1945 1267 2084 1321 inte-

656 230 695 270 1

489 319 601 381 εει.
1868 324 2078 385 NICOL

2180 321 2381 378 ΡΑΡιΕ
2422 319 2442 377 1
2586 362 2591 371 ρ
3671 317 3803 374 853

489 436 900 509 perspeximus;
927 439 1061 497 nihil
1084 440 1357 515 potuimus
1386 438 1539 496 Vobls
1578 437 1867 511 propinare
1895 437 2078 494 dulce-
2106 446 2153 505 Α
2181 442 2236 488 et
2254 432 2373 488 sine
2397 431 2714 503 ptenltentta
2737 428 3150 488 condemnatur.
3174 428 3312 486 Nam
3329 427 3537 484 fructus
3555 426 3803 483 divinus

492 525 675 596 diuis,
720 532 813 601 qui
841 535 938 589 toti
982 534 1237 589 nimirum
1264 533 1455 605 repleti
1481 548 1671 589 sumus
1697 531 2079 587 amaritudine.
2175 525 2384 596 justitia
2416 540 2606 582 recens
2651 528 2795 592 erit,
2830 525 3032 581 fratres
3074 523 3387 579 charissimi
3414 564 3429 589 ,
3468 520 3797 593 przesertim

492 619 775 690 Siquidem
819 639 852 678 e
902 624 1178 679 contrario
1220 638 1320 693 pro
1364 623 1500 678 tanti
1548 631 1888 691 contemptus
1938 620 2081 677 mole
2181 632 2305 673 cum
2335 617 2467 673 nihil
2495 617 2650 672 nobis
2672 616 2905 686 amplius
2935 616 3152 671 sitcum
3179 613 3431 671 Rothado
3457 629 3622 684 quam
3650 628 3799 667 cum

492 713 655 783 digna
686 728 783 770 vos
800 715 1266 771 animadversione
1295 716 1555 770 canonica
1577 716 1866 771 severitate
1887 714 2081 769 merito
2180 709 2433 764 omnibus
2458 708 2800 764 Christianis.
2834 708 3036 764 Verum
3072 706 3361 778 privilegia
3396 705 3542 761 sedis
3569 713 3802 760 nostra:

491 805 809 875 puniremus
834 846 851 871 ,
909 807 1015 863 nisi
1085 807 1384 878 apostolica
1444 806 1746 861 moderatio
1804 805 2081 877 paululum
2180 817 2351 873 usque
2386 802 2453 856 ad
2484 812 2736 862 mortem,
2769 800 2949 854 divina
2997 808 3273 854 annuente
3311 799 3508 869 gratia,
3539 797 3797 866 vestigia

494 913 594 953 nos
622 898 691 952 ad
719 899 1245 971 magnanimitatem,
1274 909 1331 956 et
1355 899 1766 955 vestradilectio
1785 912 2079 968 provocas-
2180 906 2394 966 patrum
2446 906 2756 948 nostrorum
2811 899 3103 963 sequentes
3147 890 3518 946 defendemus.
3574 886 3684 942 Sed
3733 895 3802 941 et

492 1003 599 1049 set.
629 994 783 1063 Quod
809 1004 992 1050 autem
1019 995 1254 1067 qualiter
1282 996 1336 1049 in
1379 1010 1477 1050 vos
1517 1001 1889 1064 competenter
1914 1000 1972 1047 et
1997 1006 2083 1063 reg
2181 1003 2278 1042 vos
2323 987 2413 1041 illa
2462 995 2729 1056 quatenus
2783 984 2988 1039 illibata
3016 1023 3033 1047 ,
3082 990 3269 1053 utpote
3314 981 3479 1036 totius
3520 978 3805 1034 Ecclesia:

492 1084 755 1155 gulariter
782 1100 1201 1152 exerceremus,
1248 1087 1348 1164 ipsi
1375 1102 1472 1142 nos
1506 1086 1705 1142 litteris
1732 1085 1927 1139 vestris
1953 1084 2083 1137 alfa-
2183 1079 2393 1134 Domini
2443 1077 2705 1140 remedia,
2758 1075 3149 1136 custodiantur,
3204 1082 3317 1127 toto
3363 1069 3674 1133 conamine,
3735 1076 3805 1122 et

491 1177 614 1240 tim,
634 1187 691 1234 et
718 1179 1160 1234 manifestissime
1183 1161 1618 1247 docuistis,qu:e,
1634 1178 1678 1233 si
1707 1176 2083 1247 opportunitas
2182 1174 2431 1228 onmibus
2453 1171 2595 1225 votis
2620 1169 2833 1240 operari
2863 1184 2926 1223 ac
2954 1167 3182 1222 suadere
3209 1164 3471 1219 debeatis.
3504 1161 3803 1229 Quoniam

2183 1264 2460 1335 privilegia
2502 1263 2647 1317 sedis
2690 1259 2998 1332 apostolicae
3034 1259 3268 1330 tegmina
3307 1264 3455 1321 sunt,
3485 1265 3545 1310 ut
3586 1255 3664 1309 ita
3702 1254 3799 1305 di-

2183 1371 2407 1418 camus,
2450 1355 2615 1408 totius
2661 1353 2915 1408 Ecclesiae
2966 1349 3281 1412 catholica},
3328 1345 3649 1417 privilegia,
3696 1343 3805 1397 in-

2181 1462 2369 1518 quam,
2397 1443 2556 1511 hujus
2587 1442 2841 1498 Ecclesia:
2883 1440 3180 1495 munimina
3223 1448 3350 1493 sunt
3396 1437 3541 1491 circa
3590 1446 3805 1487 omnes

2183 1538 2415 1607 impetus
2443 1535 2791 1604 pravitatum.
2838 1532 2973 1586 Nam
3002 1530 3144 1601 quod
3168 1528 3416 1582 Rothado
3448 1526 3613 1581 hodie
3646 1539 3804 1580 con-

490 1632 814 1705 prmbuistis.
852 1634 1197 1706 praecipimus
1225 1642 1283 1690 ut
1302 1649 1425 1690 eum
1455 1649 1579 1689 mox
1607 1634 1677 1689 ab
1701 1633 1892 1689 exsilio
1929 1649 2084 1689 revo-
2185 1631 2323 1701 tigit,
2356 1630 2499 1684 unde
2524 1628 2675 1683 scitis
2703 1627 2845 1696 quod
2890 1640 3013 1681 cras
3045 1622 3267 1678 cuilibet
3305 1634 3410 1674 non
3442 1618 3661 1673 eveniat
3686 1630 3801 1671 ve-

495 1725 652 1779 cetis.
688 1725 751 1780 Et
780 1726 906 1795 quia
935 1727 1231 1782 secundum
1264 1725 1523 1781 indultam
1554 1726 1656 1781 sibi
1689 1741 1719 1780 a
1752 1726 1970 1795 scriptis
2001 1740 2082 1779 rc—
2183 1723 2392 1779 strutn?
2426 1724 2515 1777 Sic
2542 1721 2828 1791 Apostolus
2856 1719 3108 1774 admonet
3136 1717 3361 1771 dicens:
3397 1712 3503 1778 Qui
3529 1721 3683 1781 putat
3712 1726 3785 1765 se

491 1816 632 1887 gulis
660 1815 933 1873 licentiam
960 1856 975 1880 ,
1018 1816 1278 1872 hactenus
1307 1816 1575 1887 appellare
1604 1817 1785 1871 sedem
1833 1816 2083 1886 apostoli-
2116 1796 2159 1857 Β
2188 1825 2349 1877 stare,
2375 1816 2543 1868 rideat
2575 1831 2639 1869 ne
2664 1814 2816 1867 radat
2846 1811 2897 1891 ¹(1
2924 1810 3047 1865 Cor.
3079 1810 3160 1880 x).
3211 1806 3363 1875 Quod
3393 1805 3436 1861 si
3467 1804 3799 1875 contigerit.

491 1923 613 1965 eam
639 1908 856 1969 dicitur,
887 1908 1115 1963 Romam
1140 1908 1291 1963 illum
1317 1909 1385 1962 ad
1407 1923 1559 1962 suam
1576 1923 1799 1963 causam
1821 1908 1874 1961 in
1898 1915 2082 1961 nostra
2189 1915 2246 1959 ut
2271 1904 2459 1959 verbis
2482 1914 2697 1957 utamur
2726 1901 3078 1972 propheticis,
3106 1900 3173 1953 ad
3203 1898 3378 1968 cujus,
3411 1910 3566 1965 rogo,
3594 1892 3803 1949 confu-

497 2000 792 2070 apostolira
818 2001 1101 2070 praesentia
1130 2001 1493 2070 peragendam
1523 2016 1588 2055 ac
1613 2001 2083 2055 determiuandam
2186 1996 2345 2068 gietis
2394 1995 2688 2050 auxilium?
2720 1994 2845 2048 llazc
2892 1992 3114 2063 quidem
3144 1991 3211 2046 de
3240 1988 3485 2043 llothado
3534 1987 3671 2042 satis
3697 1986 3798 2040 di-

498 2091 791 2153 destiuare,
824 2091 934 2145 imo
961 2090 1193 2161 dirigere
1239 2090 1385 2145 nullo
1412 2092 1570 2145 modo
1600 2093 1958 2159 postponatis.
1989 2089 2088 2155 Di-
2185 2087 2337 2142 xisse
2370 2084 2619 2141 sulliciat.
2659 2085 2926 2140 (la-terum
2962 2084 3029 2138 de
3057 2081 3343 2147 Balduino,
3374 2081 3440 2135 de
3475 2090 3587 2150 quo
3615 2076 3797 2131 multa

496 2198 664 2254 guunt
710 2182 907 2252 quippe
934 2191 1017 2237 est
1046 2191 1141 2250 ut,
1175 2183 1266 2253 qui
1292 2192 1470 2237 vestro
1515 2183 1759 2237 etnnium
1792 2180 1999 2251 judicio
2030 2185 2093 2255 in?
2150 2168 2153 2171 ’
2179 2178 2291 2247 jant
2330 2176 2646 2247 scripsistis,
2686 2176 2824 2230 sciat
2860 2173 3136 2229 beatitudo
3166 2182 3370 2234 vestra,
3403 2185 3510 2224 non
3549 2184 3651 2223 nos
3689 2183 3795 2221 re-

494 2274 747 2328 exsiliunt
776 2274 1063 2344 deputatus
1102 2283 1187 2330 est
1209 2315 1224 2340 ,
1257 2282 1439 2329 vestro
1464 2273 1594 2329 site
1636 2275 1915 2330 contrario
1937 2256 2088 2329 com;
2186 2272 2340 2344 gulas
2368 2280 2533 2340 atque
2582 2278 2767 2324 sancta
2809 2268 3027 2322 decreta
3074 2264 3211 2321 velle
3249 2277 3606 2333 corrumpere
3641 2279 3656 2314 :
3686 2258 3799 2315 sed

493 2366 645 2421 uiuui
674 2365 853 2420 studio
874 2366 1017 2422 beati
1048 2365 1191 2421 Petri
1220 2368 1514 2430 memoriae,
1546 2374 1602 2419 et
1632 2365 1744 2420 sedi
1769 2366 1887 2433 ejus
1917 2367 2089 2420 hono-
2185 2366 2314 2435 quia
2345 2366 2412 2418 ad
2446 2363 2630 2419 limina
2674 2360 3041 2433 apostolorum
3073 2357 3296 2412 veniens
3336 2371 3365 2408 a
3398 2354 3557 2408 nobis
3594 2366 3655 2407 se
3684 2364 3793 2421 pe-

492 2456 645 2511 rilice
690 2463 1067 2526 praisentatus.
1113 2455 1191 2509 Ex
1241 2455 1395 2509 vobis
1440 2469 1570 2508 vero
1615 2455 1987 2525 praecipimus,
2023 2464 2089 2510 ut
2187 2459 2272 2512 tiit
2299 2455 2525 2526 ajnvari,
2565 2455 2874 2526 quatiquati:
2908 2464 3211 2515 nossemus,
3243 2449 3386 2519 quod
3414 2447 3559 2501 filius
3594 2453 3801 2499 noster

491 2548 600 2602 duo
626 2588 642 2611 ,
683 2548 767 2603 vel
798 2555 942 2613 tres,
989 2555 1082 2605 aut
1111 2555 1259 2603 certe
1306 2547 1351 2602 si
1381 2546 1510 2601 libet
1536 2546 1720 2616 plures
1758 2547 2085 2610 mittantur,
2183 2549 2408 2605 Carolus
2435 2548 2700 2618 gloriosus
2728 2562 2824 2601 rex
2862 2545 3104 2618 legaliter
3127 2550 3309 2612 posset
3334 2541 3407 2604 ei,
3434 2540 3478 2594 si
3511 2537 3699 2601 vellet,
3725 2545 3800 2591 et

491 2641 584 2712 qui
616 2640 692 2695 ita
722 2640 934 2697 cunctis
965 2649 1204 2697 vestrum
1233 2639 1477 2694 ninnium
1505 2638 1851 2708 praesentiam
1891 2637 2084 2709 pra‘fe-
2186 2640 2351 2695 filiam
2396 2656 2548 2694 suam
2586 2642 2638 2694 in
2672 2656 2896 2695 uxorem
2936 2637 3230 2698 dimittere,
3284 2643 3340 2688 et
3386 2629 3798 2687 misericordia

491 1358 595 1415 rim
619 1347 916 1430 apostolica
940 1369 1103 1430 atque
1130 1361 1394 1416 canonica
1419 1361 1745 1416 auctoritate
1770 1361 1921 1415 vobis
1945 1360 2081 1413 dun-

492 1458 645 1505 taxat
677 1450 967 1519 episcopis,
998 1451 1091 1522 qui
1139 1451 1195 1506 in
1224 1452 1559 1522 depositione
1581 1461 1637 1507 et
1661 1451 1853 1506 exsilio
1882 1467 2079 1521 supra-

491 1543 622 1599 dicti
653 1542 884 1598 llotltadi
917 1543 999 1598 vel
1035 1542 1300 1613 judicium
1344 1543 1572 1599 dedistis
1592 1585 1608 1609 ,
1640 1544 1725 1599 vel
1753 1559 2079 1600 consensum

490 2742 634 2799 rant,
654 2742 712 2787 ut
734 2733 994 2803 quidquid
1025 2732 1289 2805 agendum
1310 2738 1412 2797 est,
1434 2731 1523 2785 vel
1546 2731 1934 2801 experiean
1961 2730 2081 2786 fue-

492 2824 606 2887 rit,
654 2824 909 2880 refricata
949 2840 1071 2894 quae
1112 2832 1234 2879 acta
1278 2831 1406 2881 sunt
1450 2832 1632 2879 vestra
1676 2823 1917 2879 omnium
1964 2824 2091 2880 vice

489 2929 716 2986 prorsus
745 2915 1106 2971 sciscitentur.
1133 2915 1287 2983 Quod
1314 2916 1360 2971 si
1392 2929 1487 2971 vos
1510 2930 1803 2972 occurrere
1830 2917 2085 2988 nequive-

488 3004 633 3068 ritis,
685 3004 915 3063 vicarios
942 3014 1152 3060 vestros
1182 3004 1417 3060 mittite:
1449 3013 1506 3060 et
1546 3005 1621 3059 ita
1652 3021 1755 3061 una
1785 3021 1909 3061 cum
1940 3022 2081 3074 prae-

492 3094 607 3152 fato
638 3095 891 3167 religioso
914 3096 1082 3152 fratre
1103 3106 1288 3152 vestro
1327 3097 1575 3152 Rothado
1602 3098 1808 3168 pariter
1833 3100 2085 3166 veniant,

491 3186 549 3261 in
580 3187 854 3251 onmibus,
883 3187 1026 3242 sicut
1053 3187 1301 3256 superius
1328 3188 1583 3254 diximus,
1611 3192 1677 3244 ad
1705 3200 1898 3246 cuncta
1917 3207 2078 3247 exse—

489 3277 726 3348 quenda,
771 3278 856 3332 vel
901 3289 1051 3333 certe
1078 3279 1407 3349 experienda
1441 3296 1561 3352 quin
1592 3283 1847 3337 ventilata
1897 3297 2087 3339 coram

491 3369 650 3424 nobis
678 3369 1008 3436 exstiterint,
1033 3373 1207 3427 vicem
1228 3382 1464 3428 vestram
1484 3383 1538 3428 et
1563 3389 1851 3445 personam
1876 3376 2083 3431 haben-

496 3471 596 3515 tes.
625 3458 778 3526 Quod
810 3460 855 3516 si
884 3462 1183 3531 postposito
1206 3471 1393 3517 nostro
1412 3463 1638 3533 judicio,
1667 3466 1810 3534 quod
1838 3466 2080 3521 auctori-

492 3556 606 3601 tate
657 3549 954 3618 apostolica
995 3550 1457 3621 promulgavimus
1495 3561 1659 3623 atque
1699 3555 2037 3610 decrevimus
2062 3596 2085 3621 ,

489 3651 780 3692 occurrere
794 3640 1166 3705 contemnitis,
1190 3640 1283 3695 Dei
1310 3642 1694 3711 omnipotentis
1719 3652 1774 3697 et
1794 3645 2080 3700 beatorum

489 3726 635 3783 Petri
681 3738 736 3783 et
764 3729 913 3785 Pauli
946 3733 1312 3801 apostolorum
1342 3734 1668 3804 principum,
1702 3750 1931 3804 quorum
1961 3736 2083 3805 glo-

434 3876 443 3887 ,
490 3819 640 3873 rioso
667 3835 840 3889 agone
865 3832 1053 3877 sancta
1082 3823 1195 3878 haec
1215 3821 1458 3879 Romana
1487 3825 1745 3889 Ecclesia,
1779 3827 1865 3882 cui
1896 3829 2088 3883 divina

491 3908 843 3980 dispositione
868 3927 1191 3981 praesumus,
1243 3922 1326 3969 est
1354 3913 1586 3970 Domino
1616 3927 1959 3983 consecrata,
1995 3921 2079 3973 a't-

490 4015 599 4071 que
620 4011 932 4056 sanctorqu
959 4018 1253 4068 canonum,
1286 4021 1513 4074 quorum
1549 4022 1646 4063 VOS
1672 4018 2084 4079 contemptores

490 4089 712 4159 scriptis
733 4093 966 4161 propriis
991 4096 1301 4154 ostenditis.
1331 4113 1540 4152 necnon
1566 4108 1614 4153 ct
1649 4111 1850 4155 nostra:
1874 4103 2077 4156 medio.

489 4181 704 4237 critatis
725 4186 1051 4243 auctoritate
1069 4203 1099 4241 a
1124 4189 1407 4244 missarum
1434 4192 1711 4248 soiemniis
1739 4195 2081 4252 celebrandis

488 4281 666 4328 eatote
690 4288 933 4343 prorsus,
964 4290 1242 4348 quousque
1277 4282 1480 4336 nostris
1507 4284 1915 4341 dilllnitionibus
1946 4289 2077 4344 obe-

488 4364 687 4429 diatis,
730 4381 978 4423 extorres
1003 4388 1016 4423 :
1051 4371 1122 4424 ita
1152 4387 1281 4427 sane
1306 4414 1321 4437 ,
1360 4382 1419 4427 ut
1449 4376 1491 4429 si
1518 4386 1640 4445 post
1667 4376 1863 4431 lectum
1913 4378 2076 4449 hujus

2184 2745 2296 2786 sua:
2320 2731 2549 2799 gratiam
2599 2730 2863 2802 impartiri
2894 2747 2907 2782 :
2941 2738 3122 2783 tamen
3170 2741 3274 2780 non
3300 2724 3451 2792 jussa
3502 2724 3797 2792 misimus,

2183 2822 2277 2876 sed
2304 2837 2493 2891 preces
2521 2823 2835 2879 obtulimus.
2886 2821 3038 2889 Quod
3073 2827 3250 2875 textus
3284 2817 3641 2887 epistularum
3686 2831 3797 2873 no-

2183 2923 2440 2978 strarum,
2470 2929 2605 2984 quas
2644 2913 2709 2967 ad
2746 2912 2860 2982 jam
2908 2912 3075 2966 fatum
3124 2908 3644 2965 excellentissimum
3694 2923 3796 2962 re-

2182 3017 2320 3074 gem,
2353 3011 2407 3057 et
2438 3002 2602 3057 filiam
2644 3012 2887 3059 nostram
2933 3003 3198 3072 reginam,
3225 3001 3294 3055 ad
3328 3000 3381 3054 id
3415 2998 3785 3054 obtinendum

2182 3093 2501 3171 direximus,
2533 3095 2681 3149 vobis
2707 3095 2839 3148 satis
2864 3092 3064 3162 poterit
3089 3092 3345 3146 indicare.
3377 3089 3509 3144 Nam
3536 3104 3639 3159 pro
3666 3101 3789 3143 tam

2186 3200 2612 3261 prmsumptuosa
2644 3187 2950 3241 temeritate
2978 3186 3147 3255 ipsius
3191 3183 3317 3248 viri,
3364 3183 3602 3237 maxime
3650 3199 3787 3238 cum

2185 3284 2592 3339 consideremus
2628 3276 2964 3333 dilectissimi
2996 3278 3087 3331 lilii
3120 3276 3288 3330 nostri
3320 3273 3497 3331 Caroli
3527 3275 3791 3331 sublimis

2183 3376 2330 3447 regis
2380 3374 2758 3430 contritionem
2810 3370 3033 3435 cordis,
3079 3377 3133 3423 et
3185 3365 3421 3438 pectoris
3467 3366 3783 3422 naturalem

2184 3468 2470 3532 allectum,
2500 3474 2555 3521 et
2584 3480 2683 3520 nos
2709 3463 2863 3518 valde
2902 3462 3196 3524 doluimus,
3237 3470 3291 3514 et
3332 3459 3382 3512 ei
3423 3467 3533 3512 tota
3578 3457 3785 3512 mentis

2183 3559 2467 3615 affectione
2499 3573 2670 3626 usque
2703 3554 2865 3610 hodie
2901 3552 3284 3622 compatiuntur.
3319 3549 3427 3603 Sed
3456 3558 3637 3603 vestra
3668 3547 3781 3601 fra-

2183 3651 2412 3707 ternitas
2455 3648 2767 3721 praevaleat,
2818 3646 2958 3700 sicut
2986 3646 3064 3698 ait
3088 3642 3413 3711 Apostolus:
3440 3639 3779 3694 Redimeutes

2181 3753 2404 3811 (corpus,
2444 3741 2701 3810 quoniam
2733 3737 2844 3790 dies
2876 3734 3005 3789 mali
3047 3745 3169 3788 sunt
3193 3732 3415 3804 (Ephes.
3438 3732 3494 3800 ν)
3521 3750 3535 3784 :
3561 3740 3616 3786 et
3636 3730 3776 3800 jam,

2180 3833 2324 3888 sicut
2368 3831 2465 3901 ipsi
2513 3831 2566 3884 in
2621 3837 2798 3883 vestra
2850 3827 3045 3897 pagina
3101 3824 3412 3887 testarnini,
3466 3822 3776 3893 periculosa

2181 3933 2423 3995 tempora
2468 3924 2691 3978 instant.
2725 3918 2801 3974 Ne
2835 3934 2967 3988 ergo
2995 3917 3149 3988 pejus
3179 3916 3359 3970 adhuc
3395 3914 3601 3983 aliquid
3635 3914 3779 3969 oria-

2183 4028 2303 4083 tur,
2340 4016 2766 4073 interVenieutes
2806 4015 2947 4083 apud
3014 4011 3263 4066 emndent
3316 4008 3777 4079 gloriosissimum

2180 4125 2387 4180 regem,
2424 4108 2591 4163 lilium
2631 4115 2876 4162 nostrum
2928 4103 3330 4162 charissimam,
3365 4116 3472 4167 quo
3508 4108 3563 4154 et
3599 4099 3777 4168 ipsius

2177 4202 2368 4257 cordis
2404 4214 2694 4254 mterorem
2745 4197 2978 4267 pellatis,
3025 4204 3082 4249 et
3128 4194 3303 4247 eidem
3353 4191 3617 4245 Balduino
3662 4207 3773 4245 non

2176 4306 2566 4363 usquequaque
2606 4287 2914 4343 inflexibilis
2945 4293 3292 4355 perseveret;
3339 4282 3610 4351 prmcipue
3637 4296 3784 4350 quo-

2176 4383 2321 4437 niam
2363 4380 2730 4451 apostolorum
2769 4378 2966 4432 auxrlia
3018 4376 3339 4445 deprecatus
3368 4381 3473 4435 est,
3504 4381 3562 4425 et
3588 4372 3775 4426 divina

488 4458 700 4529 pagina:
719 4465 983 4525 tenorem,
1009 4461 1145 4515 infra
1178 4464 1396 4533 triginta
1427 4465 1634 4519 dierum
1666 4468 1923 4536 spatium,
1952 4487 2074 4541 quae
2102 4513 2151 4571 ο
2176 4471 2429 4543 praesidia
2468 4469 2764 4537 requisivit.
2820 4465 2958 4520 Nulli
2995 4467 3193 4517 etenim
3238 4479 3424 4532 regunt
3452 4476 3620 4532 grave
3648 4476 3778 4515 esse

493 4548 553 4571 Δ-
585 4548 827 4571 ιιηιι.-.ι-
861 4552 972 4571 με..-
1026 4568 1187 4571 -.νηΑγ
1225 4554 1313 4571 ιιι·
1498 4556 1509 4567 ο
1840 4560 1850 4571 ι
1938 4561 1958 4571 ,ι
2214 4564 2263 4571 -.
2332 4563 2343 4571 .
2381 4563 2391 4571 .
2429 4562 2442 4571 ι
2508 4570 2511 4571 ,
2948 4559 2957 4571 ι
2998 4558 3067 4571 ιο-
3296 4564 3306 4571 .
3366 4570 3393 4571 ,,
3442 4554 3637 4571 .-κΑηφμ
3756 4570 3761 4571 ,

484 4548 555 4606 de
585 4548 833 4605 llotbado
861 4552 979 4606 viro
1025 4554 1315 4607 venerabili
1361 4556 1637 4611 sanxirnus
1682 4560 1885 4629 agenda
1933 4561 2071 4627 fore,

481 4640 712 4696 minime
769 4643 1087 4698 studueritis
1140 4644 1421 4713 perlicere.
1488 4646 1736 4703 Scientes
1792 4650 2069 4719 profecto,

479 4733 743 4802 quoniam
797 4734 841 4788 si
874 4745 996 4803 post
1040 4736 1154 4791 lucc
1196 4736 1249 4790 iu
1298 4746 1610 4792 sanctarum
1657 4740 1962 4810 regularum
2015 4751 2073 4798 et

482 4821 668 4894 [[οηε,
705 4834 968 4891 nostrum,
1000 4825 1200 4900 lixam]
1233 4837 1538 4883 uostrarttm
1568 4840 1932 4903 contemptum
1959 4834 2072 4890 fue-

482 4912 609 4967 ritis
635 4914 839 4970 diutius
868 4919 1171 4972 conversati
1193 4960 1208 4984 ,
1249 4918 1423 4990 ipsum
1452 4921 1667 4990 quidem
1705 4923 2009 4979 llothadum
2038 4942 2069 4981 a

485 5003 663 5067 nobis,
694 5006 1001 5075 apostolicae
1030 5009 1173 5064 sedis
1202 5025 1368 5075 more,
1400 5027 1432 5067 a
1471 5012 1835 5069 damnationis
1855 5016 2071 5071 vinculo

485 5092 605 5149 fore
633 5095 966 5160 solvendum,
992 5107 1154 5169 atque
1182 5110 1475 5157 convocato
1500 5103 1875 5173 episcoporum
1904 5116 2071 5172 coetu,

488 5184 704 5242 foveam
726 5203 887 5257 quam
917 5190 965 5243 ei
993 5193 1239 5260 parastis,
1276 5194 1429 5250 vobis
1453 5197 1641 5265 procul
1678 5196 1843 5252 dubio
1865 5182 2083 5269 prmpa:

487 5276 736 5332 rendam.
785 5278 892 5335 Vos
925 5290 1126 5347 autem,
1167 5284 1525 5350 dilectissimi,
1568 5285 1731 5341 nolite
1766 5297 1950 5342 nostra
1980 5288 2076 5345 de—

485 5378 637 5425 creta
686 5370 910 5427 moleste
953 5371 1133 5430 ferre:
1178 5376 1303 5444 quia
1333 5376 1472 5430 sicut
1508 5378 1699 5432 beatus
1731 5378 2077 5438 Innocentius

486 5458 870 5541 Macedonibus
903 5464 1131 5530 scribit,
1164 5482 1328 5535 grave
1352 5483 1458 5521 non
1484 5469 1722 5537 oportuit
1751 5472 1917 5526 videri
1946 5473 2074 5542 piis-

489 5555 643 5612 simis
669 5557 942 5613 mentibus
970 5559 1186 5622 vestris,
1228 5557 1594 5631 cujuscunque
1626 5564 1906 5618 retractari
1929 5562 2077 5635 judié

490 5649 635 5705 cium
662 5667 680 5705 :
710 5650 835 5720 quia
866 5650 1065 5704 veritas
1094 5651 1366 5722 exagitata
1389 5652 1585 5723 saepius
1614 5655 1784 5725 magis
1821 5654 2072 5726 splende-

490 5743 600 5801 scit
618 5743 824 5811 inluce,
858 5753 912 5802 et
937 5742 1202 5814 pernicies
1228 5755 1474 5802 revocata
1498 5744 1551 5802 in
1574 5744 1835 5815 judicium
1859 5750 2075 5819 gravius

2177 4563 2345 4617 videri
2362 4562 2520 4616 debet
2536 4576 2798 4616 conservo
2814 4575 2911 4614 suo
2928 4558 3165 4612 debitum
3190 4564 3404 4609 centum
3422 4554 3771 4607 denariorum

2175 4654 2476 4717 dimittere,
2500 4654 2589 4723 qui
2615 4651 2843 4705 fortasse
2860 4665 2958 4704 suo
2972 4666 3001 4703 a
3018 4663 3428 4716 summorcgum
3440 4687 3454 4711 ,
3469 4655 3527 4700 et
3542 4645 3772 4700 Domino

2175 4743 2515 4798 dominorum
2549 4742 2733 4797 decent
2762 4739 2925 4794 millia
2958 4737 3411 4792 talentoruunsibi
3436 4737 3637 4791 dimitti
3669 4736 3767 4790 de-

2173 4834 2397 4888 siderat.
2428 4832 2605 4886 Porro
2625 4830 2753 4900 quid
2793 4831 2860 4883 de
2886 4826 3127 4883 Lotharii
3177 4827 3437 4881 uxoribus
3478 4826 3765 4879 censueri-

2175 4940 2314 4988 mus,
2355 4926 2571 4993 quando
2610 4933 2662 4977 et
2694 4923 2760 4977 de
2792 4921 2895 4975 hoc
2937 4928 3123 4974 nostro
3164 4918 3462 4989 scripsistis
3507 4916 3770 4987 praesula-

2177 5016 2274 5080 tui,
2312 5015 2364 5069 in
2395 5013 2747 5083 epistularum
2790 5020 3119 5073 nostrarum,
3157 5025 3293 5079 quas
3344 5024 3441 5079 per
3480 5008 3679 5062 fratres
3713 5018 3771 5062 et

2176 5109 2526 5177 coepiscopos
2551 5117 2767 5161 nostros
2794 5102 3165 5158 Rhadoaldum
3195 5110 3249 5155 et
3270 5097 3532 5154 Joannem
3565 5099 3619 5153 in
3641 5098 3769 5155 Gal-

2177 5202 2302 5257 liam
2328 5201 2595 5266 misimus,
2626 5200 2879 5271 pnteritis
2912 5195 3310 5267 exemplaribus
3342 5194 3607 5262 reperire.
3636 5194 3769 5260 Quae

2177 5295 2430 5350 videlicet
2466 5292 2793 5362 exemplaria
2838 5305 2943 5344 una
2979 5305 3105 5345 cum
3154 5287 3591 5348 commonitorio,
3622 5284 3767 5354 quod

2181 5385 2420 5457 przefatis
2466 5383 2726 5439 fratribus
2773 5382 2977 5449 nostris
3020 5397 3119 5452 pro
3141 5380 3243 5434 hac
3271 5380 3461 5434 eadem
3501 5393 3670 5432 causa
3698 5376 3767 5431 ad

2181 5476 2497 5549 Lotharium
2544 5490 2725 5545 regem
2774 5473 2956 5528 missis
3010 5471 3288 5534 dedimus,
3328 5485 3425 5537 per
3456 5467 3682 5522 fratrem
3713 5478 3767 5520 et

2181 5565 2560 5636 coepiscopum
2620 5572 2864 5619 nostrum
2913 5561 3156 5618 Odonem
3224 5568 3417 5617 vestra:
3488 5556 3767 5612 sanctitati

2183 5656 2602 5713 transmisimus.
2642 5655 2698 5709 In
2731 5655 2926 5725 quibus
2955 5660 3201 5725 patenter
3230 5650 3664 5705 animadvertere
3689 5657 3766 5700 at-

2182 5766 2288 5821 que
2316 5749 2458 5808 scire
2482 5749 2728 5822 potestis,
2780 5747 2933 5806 nobis
2970 5747 3192 5804 omnino
3234 5760 3341 5801 non
3370 5759 3507 5814 opus
3535 5759 3679 5807 esse,
3709 5748 3766 5794 ut
