4070 6310
296 344 409 403 833

1511 339 1870 400 ΕΡΙΞΤοῐηΕ
1912 340 2003 399 ΕΤ
2042 341 2386 403 DECRETA.

3472 349 3580 417 83}

300 454 564 521 sentiam,
604 454 1056 527 quemadmodum
1093 471 1192 513 nos
1219 454 1430 512 hortari
1455 455 1726 520 voluistis,
1773 470 1886 511 me-
1912 460 1963 519 Α
2057 452 2104 510 Ο
2132 470 2294 526 quam
2323 470 2453 512 vera
2500 463 2607 523 est,
2658 456 2731 512 liii
2763 456 3102 526 charissima,
3144 458 3234 516 illa
3282 460 3576 528 sententia,
3618 498 3627 503 ι

300 546 412 602 lius
441 546 521 620 [in
551 546 681 601 edit.
704 546 865 602 'Itom.
885 548 1026 603 deest
1049 546 1264 619 melius]
1294 555 1711 604 commutemus.
1747 545 1893 613 Quo—

302 641 455 694 niam
481 638 662 694 divina
702 638 921 696 favente
944 640 1141 711 gratia,
1172 649 1379 695 tantum
1417 641 1665 710 cupimus
1707 639 1896 710 hujus-

303 732 454 787 modi
490 730 687 797 scelus,
726 733 1022 787 secundum
1058 732 1327 787 creditum
1360 732 1518 788 nobis
1546 733 1760 788 cmlitus
1795 731 1896 787 mi—

291 822 624 887 .nistcrium,
655 823 724 878 ab
755 823 1007 879 Ecclesize
1042 824 1180 879 facie
1209 822 1468 879 radicitus
1487 832 1808 893 amputare;
1838 831 1897 878 ut

301 915 353 971 si
406 916 509 971 hac
544 915 663 972 vice
700 915 844 970 idem
876 916 1162 973 Lotharius
1204 917 1424 973 monitis
1463 918 1788 983 salubribus,
1829 933 1895 973 ac

306 1004 716 1063 dill'tnitionibus
769 1009 970 1064 nostris
1039 1008 1277 1077 prtclatis
1328 1007 1367 1080 .[
1383 1008 1563 1077 forte,
1628 1009 1891 1077 praefatis,

306 1097 536 1170 lixam],
584 1108 639 1154 et
679 1098 923 1168 epistolis
961 1102 1163 1157 nostris
1210 1100 1535 1171 regulariter
1569 1100 1672 1156 sibi
1710 1100 1896 1155 missis

304 1189 545 1245 noluerit
596 1192 840 1256 obedire,
880 1206 982 1247 nec
1028 1192 1094 1246 ad
1140 1192 1516 1262 pteuitentiam
1567 1192 1894 1262 competenti
1932 1232 1935 1237 .

305 1281 683 1337 satisfactione
708 1284 988 1353 prmnissa
1010 1284 1341 1353 quantocius
1370 1283 1631 1353 repedare
1659 1299 1689 1337 a
1717 1284 1889 1346 nobis,

299 1382 472 1443 atque
523 1389 555 1427 a
599 1373 768 1430 totius
810 1374 1068 1430 Ecclesia:
1114 1389 1380 1445 corpore,
1421 1374 1683 1430 canonica
1731 1384 1894 1445 atque

300 1463 602 1535 apostolica
653 1466 921 1521 sententia
968 1465 1250 1532 elicietur,
1306 1481 1413 1521 una
1465 1480 1590 1521 cum
1638 1467 1892 1521 omnibus

307 1554 611 1610 fautoribus
647 1563 706 1610 et
746 1544 1479 1623 eommuuicatoribus'suis,
1504 1556 1721 1627 penitus
1762 1555 1892 1611 alie-

1990 562 2178 618 quam,
2206 548 2499 605 Salomone
2522 558 2831 617 attestatur,
2860 552 2929 607 de
2953 566 3013 608 se
3044 552 3319 623 Sapientia
3344 556 3577 626 profert,

1992 653 2118 694 cum
2162 639 2439 707 perhibet,
2485 641 2717 697 dicens:
2760 641 2869 696 Per
2921 659 3005 697 me
3053 660 3196 714 reges
3253 657 3490 716 regnant,
3527 658 3580 703 et

1996 726 2170 797 legum
2198 729 2492 783 conditores
2514 729 2661 798 justa
2702 731 3019 786 decernunt!
3050 731 3231 804 (Prov.
3255 741 3398 807 vui.)
3421 737 3579 804 Quod

1994 818 2098 874 nisi
2122 832 2307 874 verum
2330 828 2497 885 esset,
2521 837 2795 892 nunquam
2820 824 3045 881 omnino
3064 834 3246 880 vestra
3277 828 3582 883 sublimitas

1995 916 2160 963 tantae
2206 909 2527 967 humilitatis
2550 919 2767 980 poterat
2790 913 2986 977 decore
3031 916 3240 970 vestiri.
3271 916 3426 984 Quod
3474 918 3581 973 nisi

1995 1013 2185 1054 verum
2209 1009 2374 1065 esset,
2402 1017 2673 1071 nunquam
2701 1003 3034 1071 privatarum
3058 1005 3240 1070 legum
3269 1008 3580 1077 apostolica:

1994 1092 2138 1146 sedis
2163 1091 2380 1147 decreta
2426 1102 2538 1148 tam
2592 1093 2735 1149 facili
2770 1095 3108 1164 potuissetis
3143 1111 3336 1166 capere
3386 1099 3583 1155 mentis

1995 1184 2215 1239 intuitu.
2245 1184 2377 1240 Nam
2402 1200 2527 1243 cum
2564 1188 2633 1242 de
2673 1189 2909 1258 quodam
2936 1199 3128 1244 contra
3166 1191 3334 1245 Deum
3369 1207 3429 1247 se
3457 1191 3584 1248 ell‘e-

1996 1284 2148 1331 rente
2176 1277 2387 1331 dicatur
2415 1295 2428 1330 :
2462 1276 2584 1347 Ipse
2612 1294 2705 1334 rea:
2727 1295 2886 1350 super
2913 1283 3179 1336 universos
3207 1282 3348 1351 [illos
3385 1300 3574 1353 super—

1992 1365 2244 1434 binob
2293 1371 2426 1439 xta),
2469 1375 2525 1422 et
2558 1383 2656 1425 vos
2704 1383 2737 1424 e
2785 1371 2999 1426 diverso
3044 1386 3253 1427 summa
3302 1373 3582 1429 videamus

1994 1457 2300 1514 humilitate
2346 1461 2656 1530 praeditum,
2711 1463 2842 1531 quid
2890 1463 2994 1518 nisi
3046 1472 3287 1519 vestram
3338 1465 3577 1536 regalem

1991 1548 2366 1605 excellentiam
2396 1551 2698 1607 imitatione
2737 1552 2907 1607 ﬁlium
2934 1568 3057 1610 esse
3099 1554 3245 1609 illius
3282 1556 3583 1624 poterimus

303 1662 429 1702 nus.
456 1645 736 1716 Prmeipue
771 1661 903 1701 vero
927 1649 1106 1716 quoad
1142 1663 1267 1702 eum
1294 1662 1454 1717 quem
1482 1647 1778 1717 perhibetis
1805 1647 1892 1702 die
1991 1638 2298 1704 advertere,
2325 1642 2417 1710 qui
2440 1643 2516 1697 ait
2541 1661 2554 1697 :
2576 1642 2776 1698 Discite
2802 1661 2836 1697 a
2863 1660 2946 1698 me
2971 1645 3094 1715 quia
3107 1647 3250 1701 mitis
3273 1661 3390 1699 sum
3408 1656 3455 1700 et
3478 1647 3581 1699 Im-

290 1735 504 1791 .natnlis
533 1735 743 1789 Domini
787 1751 953 1806 super
981 1735 1257 1792 adulteros
1291 1736 1742 1801 benedictionem,
1769 1750 1890 1804 qum
1992 1727 2131 1782 milis
2159 1729 2358 1783 corde?
2383 1728 2599 1801 (Matth.
2633 1732 2734 1803 ιι.)
2774 1731 2875 1787 Per
2919 1733 3239 1803 sapientiam
3271 1748 3401 1801 ergo
3428 1748 3582 1803 reges

304 1829 616 1886 maledictio
641 1829 823 1899 potius
855 1829 1121 1885 credenda
1161 1836 1267 1895 est,
1316 1828 1607 1899 protulisse
1651 1827 1732 1899 {in
1758 1828 1884 1882 edit.
1922 1817 1968 1880 Β
1994 1828 2244 1890 regnant.
2294 1821 2418 1889 quia
2462 1823 2726 1893 sapientia
2775 1823 2981 1888 Patris,
3028 1822 3186 1891 juxta
3234 1824 3578 1894 Apostolum,

303 1921 459 1976 Rom.
484 1920 788 1994 petivisse].
835 1922 915 1977 Ne
943 1937 1075 1978 vero
1098 1922 1373 1992 simplices
1399 1921 1604 1992 quique
1627 1920 1890 1976 adulteris

299 2013 648 2082 aliquatenus
669 2013 902 2069 cessisse
930 2012 1066 2068 falso
1095 2027 1193 2068 nos
1221 2012 1528 2085 opinentur,
1561 2027 1668 2067 non
1705 2012 1891 2066 incon-

300 2120 438 2173 grue
475 2104 648 2160 nostri
684 2119 849 2174 super
872 2104 975 2160 hoc
1009 2104 1177 2159 animi
1206 2112 1390 2160 votum
1420 2103 1676 2159 omnibus
1700 2100 1891 2157 fratri-

302 2196 409 2251 bus
451 2204 508 2250 et
542 2195 882 2265 coepiscopis
926 2194 1128 2250 nostris
1183 2193 1532 2256 intimantes,
1571 2201 1629 2248 et
1668 2191 1890 2248 concio-

302 2285 501 2341 nando.
529 2285 584 2340 in
614 2286 861 2341 ecclesiis
892 2286 1088 2341 vestris
1114 2284 1351 2356 publice,
1381 2284 1593 2339 cunctis
1630 2284 1684 2340 id
1715 2282 1785 2338 ad
1826 2282 1892 2339 li-

299 2377 530 2447 quidum
572 2375 806 2432 subditis
850 2376 1123 2448 exponite.
1175 2376 1253 2432 De
1296 2376 1554 2432 vocandis
1602 2383 1784 2430 autem
1823 2390 1894 2430 ex

304 2467 535 2539 singulis
565 2468 860 2539 provinciis
889 2483 988 2539 pro
1024 2470 1401 2541 congreganda
1438 2469 1644 2541 synodo
1684 2468 1894 2539 episco«

286 2559 414 2629 :pis,
440 2559 586 2614 unde
627 2560 944 2629 scripsistis,
979 2560 1119 2616 sciat
1148 2561 1412 2616 sanctitas
1432 2567 1636 2624 vestra,
1679 2560 1894 2615 misisse

305 2660 407 2701 nos
442 2647 579 2703 duos
603 2664 637 2704 e
673 2648 844 2705 latere
880 2650 934 2704 in
964 2648 1194 2705 Galliam
1223 2651 1422 2706 fratres
1461 2658 1518 2705 et
1542 2650 1894 2719 coepiscopos

305 2747 543 2805 nostros,
587 2754 819 2809 quorum
861 2742 1110 2811 superius
1157 2740 1472 2797 memoriam
1523 2739 1771 2803 fecimus.
1801 2739 1893 2809 qui

305 2830 570 2899 synodum
640 2845 742 2899 pro
805 2830 1163 2886 examinanda
1225 2846 1389 2885 causa
1434 2829 1788 2901 Theuthergte
1838 2839 1896 2886 et

310 2918 622 2977 Waldradze
641 2921 963 2978 feminarum
1009 2932 1371 2979 convocarent
1396 2939 1410 2977 :
1432 2922 1523 2978 ubi
1551 2931 1608 2977 et
1646 2923 1802 2979 binos
1826 2936 1896 2978 ex

305 3013 463 3070 vobis
483 3013 762 3083 praesules,
792 3014 936 3070 sicut
962 3015 1028 3070 de
1057 3014 1180 3069 aliis
1208 3013 1390 3085 regnis
1408 3054 1423 3078 ,
1469 3013 1662 3069 adesse
1687 3027 1893 3084 praece-

306 3106 506 3177 pimus.
534 3104 634 3171 Qui
666 3106 768 3161 nisi
790 3115 949 3161 antea
978 3106 1179 3161 reversi
1207 3104 1425 3169 fuerint,
1456 3113 1659 3183 etquae
1683 3107 1894 3174 egerint

1987 1909 2236 1967 Christus
2264 1920 2348 1966 est
2388 1910 2437 1981 (Ι
2476 1911 2600 1967 Cor.
2633 1914 2695 1982 l),
2727 1914 2818 1983 qui
2866 1922 2949 1970 est
2990 1930 3085 1970 rex
3121 1931 3331 1986 regum,
3391 1931 3579 1971 eorum

1986 2001 2198 2057 scilicet
2221 2004 2314 2072 qui
2336 2016 2526 2057 omnes
2547 2014 2726 2059 motus
2750 2006 3019 2074 corporis,
3055 2021 3354 2075 omnesque
3382 2008 3581 2063 mentis

1988 2092 2207 2150 illicitos
2228 2094 2495 2164 appetitus
2518 2096 2840 2164 competenti
2868 2110 3054 2164 regere
3089 2098 3457 2152 moderamine
3482 2112 3583 2152 no-

1990 2192 2156 2239 runt:
2182 2184 2248 2238 de
2280 2198 2511 2253 quorum
2545 2200 2772 2240 numero
2803 2199 2901 2255 per
2922 2186 3160 2239 divinam
3200 2187 3453 2256 gratiam,
3485 2201 3585 2242 vos

1990 2275 2156 2332 etiam
2198 2275 2556 2345 perspicimus
2599 2286 2656 2332 et
2682 2276 2950 2342 laetamur,
2993 2286 3050 2332 et
3095 2277 3203 2331 Deo
3225 2277 3581 2348 omnipotenti

1992 2366 2219 2435 gratias,
2269 2380 2336 2421 ex
2385 2380 2492 2435 quo
2546 2367 2804 2437 regnatis,
2859 2366 3182 2436 multiplices
3238 2369 3580 2423 exhibemus.

1990 2455 2205 2512 Interea
2234 2457 2448 2512 noverit
2474 2456 2692 2514 dilectio
2712 2466 2895 2514 vestra
2908 2470 2971 2523 I,
2987 2458 3328 2521 Balduinum,
3344 2467 3401 2512 ut
3426 2459 3584 2513 nobis

1992 2546 2304 2611 intimastis,
2338 2546 2428 2617 qui
2477 2555 2659 2602 natam
2689 2555 2926 2602 vestram
2957 2547 3060 2602 sibi
3089 2546 3253 2602 furto
3278 2548 3330 2600 in
3356 2562 3584 2603 uxorem

1993 2645 2186 2693 contra
2230 2635 2315 2692 fas
2337 2637 2586 2703 sociavit,
2608 2652 2768 2707 Quem
2810 2637 2935 2692 ideo
2979 2637 3272 2692 venerandi
3303 2637 3584 2706 praesules,

1982 2728 2288 2789 Ecclesiam
2322 2728 2533 2783 Domini
2567 2729 2624 2784 in
2653 2743 2821 2799 regno
2846 2737 3029 2784 vestro
3055 2728 3436 2799 gubernantes.
3467 2730 3588 2783 viu-

1982 2820 2130 2877 culis
2155 2820 2519 2877 anathematis
2543 2820 2872 2890 obligarent,
2898 2821 2967 2875 ad
2996 2820 3182 2874 limina
3209 2820 3576 2890 apostolorum

1994 2914 2315 2977 accessisse,
2346 2923 2403 2968 et
2440 2921 2500 2968 ut
2552 2929 2587 2967 a
2638 2911 2870 2989 vinculis
2903 2911 3222 2972 solveretur,
3278 2919 3443 2980 atque
3488 2926 3588 2989 per

1996 3019 2094 3058 nos
2131 3004 2360 3075 gratiam
2410 3003 2700 3067 inveniret,
2746 2986 2929 3058 sedem
2967 3002 3168 3057 adiisse
3208 2986 3585 3070 apostolicam.

1994 3092 2106 3149 Nos
2130 3102 2314 3149 autem
2344 3108 2450 3149 non
2480 3093 2655 3149 solum
2681 3108 2807 3163 eum
2840 3108 2871 3147 a
2910 3091 3143 3147 vinculis
3162 3092 3385 3146 minime
3408 3091 3589 3146 absol-

308 3199 641 3263 noverimus,
682 3212 1022 3268 nequaquam
1050 3198 1118 3254 de
1151 3197 1385 3253 concilio
1420 3178 1667 3253 faciendo
1693 3196 1894 3267 aliquid
1920 3169 2193 3250 alimus,
2227 3192 2323 3239 ³1η
2351 3184 2404 3240 in
2441 3184 2820 3241 communione
2870 3192 3056 3238 ηοειτθ
3107 3184 3448 3254 recepimus;
3490 3182 3586 3237 sed

310 3290 609 3347 deliberare
636 3290 848 3345 concite
876 3304 1181 3358 possumus.
1229 3287 1380 3344 Licet
1406 3297 1690 3358 postquam
1731 3304 1763 3342 a
1792 3302 1894 3342 no-

307 3379 394 3436 bis
419 3387 545 3435 sunt
579 3380 831 3448 separati,
861 3380 1168 3435 audivimus
1196 3379 1513 3436 Lotharium
1530 3434 1535 3439 ,
1553 3394 1583 3433 a
1608 3379 1738 3435 sede
1761 3392 1895 3449 apo-

308 3471 502 3527 stolica
526 3471 748 3540 petitum
777 3485 882 3525 non
911 3480 1254 3539 exspectasse
1280 3470 1607 3535 consultum,
1638 3469 1894 3523 nimirum

307 3564 453 3633 quod
495 3563 815 3632 praeviderat
848 3578 945 3618 suo
985 3562 1301 3619 detestaudo
1330 3562 1554 3616 minime
1589 3560 1893 3630 parituram

307 3654 539 3725 piaculo.
592 3655 890 3725 Postquam
933 3668 1063 3710 vero
1106 3653 1312 3723 prrefati
1350 3651 1549 3709 fratres
1595 3651 1767 3707 nostri
1811 3666 1895 3706 re-

309 3748 451 3803 versi
484 3747 711 3810 fuerint,
741 3754 797 3800 et
836 3745 990 3801 nobis
1025 3760 1148 3814 quae
1186 3743 1454 3816 gesserint
1497 3742 1889 3804 enarraverint,

310 3837 521 3910 legatos
560 3838 781 3892 idoneos
819 3837 887 3891 ad
926 3836 1236 3899 concilium,
1264 3835 1408 3905 quod
1450 3835 1658 3905 petitis,
1688 3847 1893 3889 convo-

308 3932 542 3988 candum
587 3932 804 3986 mittere
847 3931 914 3985 ad
960 3930 1140 3985 locum
1188 3929 1527 3999 designatum
1566 3926 1677 3981 Deo
1717 3925 1897 3994 opitu-

308 4021 459 4079 lante
485 4022 814 4077 curabimus.
854 4018 1209 4091 Omnipotens
1242 4020 1382 4074 Deus
1410 4018 1481 4073 ad
1506 4017 1809 4088 profectum
1838 4021 1896 4071 et

306 4115 611 4171 custodiam
653 4113 736 4169 sui
764 4113 964 4185 gregis,
995 4128 1158 4183 super
1183 4118 1345 4182 quem
1382 4126 1481 4166 vos
1517 4119 1762 4166 rectores
1796 4124 1895 4180 po-

292 4220 443 4265 .nere
486 4204 692 4270 voluit,
740 4213 797 4258 et
841 4205 931 4259 hic
974 4204 1200 4258 illaisam
1264 4202 1609 4257 sanctitatem
1652 4208 1894 4257 vestram

309 4311 633 4353 conservare
668 4297 937 4366 dignetur,
964 4305 1020 4351 et
1049 4304 1170 4366 post
1209 4294 1525 4351 certaminis
1553 4308 1812 4351 coronam
1838 4294 1892 4348 in

306 4386 516 4444 caelesti
539 4387 713 4457 patria
741 4386 903 4442 faciat
927 4386 1207 4457 percipere
1232 4384 1543 4457 gloriosam.

983 4494 1220 4551 XXXVI.
1320 4528 1325 4533 -

684 4601 755 4642 AD
787 4600 1036 4643 (ιΑιιοιωι
1070 4602 1282 4645 (ΣᾹΙΝΗΠ
1319 4598 1517 4642 REGEI.

915 4700 1093 4772 (Anno
1143 4700 1292 4771 863.)

308 4814 595 4873 Intercedit
635 4831 730 4886 pro
754 4813 1038 4886 Bqlduino,
1080 4824 1126 4869 et
1171 4814 1236 4868 de
1274 4812 1512 4886 Rothado
1542 4812 1741 4866 indicat
1762 4811 1890 4884 quid

381 4883 644 4956 scripserit
691 4883 1167 4956 adrﬂincnmrum,
1216 4893 1263 4956 et
1306 4885 1535 4956 reliquiis
1581 4883 1889 4956 episcopos:

380 4952 720 5025 hortaturque
749 4955 899 5008 illum
956 4955 1172 5008 Ruinam
1212 4952 1426 5022 dirigat.
1458 4952 1603 5025 Iunt
1627 4954 1691 5005 de
1719 4955 1892 5025 acrio-

382 5028 530 5082 ribus
556 5020 742 5081 litteris
768 5042 876 5080 suis
915 5025 1196 5095 satisfecit,
1224 5020 1412 5095 quibus
1444 5020 1667 5076 Carolus
1718 5021 1893 5091 fuerat

288 5156 297 5162 _
379 5098 632 5168 oﬂ‘ensus.

380 5208 653 5265 NICOLAUS
681 5206 987 5277 episcopus,
1012 5219 1201 5261 servus
1228 5217 1513 5279 servorum
1537 5200 1650 5267 Dei,
1698 5198 1897 5258 dilecto

309 5300 422 5357 lilio
448 5298 667 5354 Casum
687 5299 921 5369 glorioso
959 5296 1088 5368 regi.
1790 5308 1795 5313 ’

294 5416 307 5449 1

380 5486 411 5517 ι
447 5472 795 5534 Balduinum,
821 5473 912 5543 qui
932 5480 1110 5543 notam
1130 5479 1369 5524 vestram.
1386 5467 1619 5543 urtivas
1635 5465 1891 5537 primum,

305 5553 497 5621 postea
525 5544 778 5621 legitimae
810 5538 947 5621 inter
975 5542 1371 5621 Balduiuunret
1396 5538 1895 5621 1Iudith‘ag‘taesunt

307 5607 531 5689 nuptiae.
555 5607 904 5689 Hincmarum
926 5614 975 5689 in
1004 5611 1191 5665 eadem
1219 5610 1444 5682 epistola
1474 5608 1613 5689 apud
1637 5607 1892 5664 Flodoar-

309 5680 475 5745 ilum:
514 5704 534 5741 ι
586 5684 846 5741 Dominus
894 5684 1055 5739 etiam
1100 5680 1289 5737 noster
1339 5696 1453 5746 rex,
1499 5680 1642 5735 Illius
1686 5688 1890 5743 vester,

309 5760 433 5818 huic
483 5753 891 5825 desponsationi
939 5762 997 5811 et
1048 5751 1419 5836 coniunctioni
1472 5751 1736 5812 interesse
1782 5764 1893 5812 non

1207 5858 1314 5871 οὐ*

1915 4516 1972 4579 D

1995 3277 2175 3348 potius
2219 3286 2331 3331 tam
2384 3288 2868 3348 pratsumptuosam
2918 3274 3279 3330 temeritatem
3336 3274 3586 3329 detestati

1996 3383 2216 3450 sumus,
2260 3376 2431 3443 atque
2475 3367 2640 3424 vestri
2696 3367 2930 3437 pectoris
2978 3364 3280 3420 naturalem
3332 3363 3584 3418 allectum

1995 3456 2402 3514 considerantes
2438 3456 2730 3520 doluimus,
2764 3466 3064 3524 vestrisque
3094 3454 3365 3509 mtestitia:
3412 3454 3580 3523 parti-

1982 3548 2143 3618 cipes
2187 3547 2364 3603 cll‘ecti
2388 3587 2404 3611 ,
2454 3547 2607 3603 vobis
2643 3546 2912 3616 hodieque
2951 3546 3331 3615 compatiinur.
3382 3542 3584 3597 Verum

1976 3641 2253 3711 quoniam
2296 3641 2363 3693 ad
2393 3639 2576 3694 divina
2615 3652 2737 3699 sese
2775 3637 3023 3707 praesidia
3076 3635 3323 3698 contulit,
3376 3644 3588 3689 amato-

1995 3746 2225 3801 rumque
2252 3739 2553 3786 vestrorum
2576 3729 2724 3783 Petri
2753 3744 2818 3782 ac
2836 3726 2987 3787 Pauli
3033 3726 3400 3795 apostolorum
3434 3726 3586 3792 prin-

1995 3824 2199 3893 eipum,
2226 3822 2443 3878 sibimet
2462 3821 2689 3891 expetiit
2706 3818 2873 3876 all‘ore
2894 3812 3150 3885 subsidia,
3178 3834 3283 3873 non
3306 3818 3585 3887 potuimus

1994 3915 2248 3970 omittere
2288 3911 2595 3981 quominus,
2627 3919 2686 3965 ut
2719 3909 2954 3981 gratiam
2986 3916 3220 3963 vestram
3257 3908 3583 3977 perciperet,

1994 4004 2139 4076 apud
2186 4006 2330 4075 piam
2384 4000 2761 4057 excellentiam
2817 4008 3052 4056 vestram
3106 3999 3581 4065 interveniremus.

1986 4095 2198 4157 .Verum
2232 4102 2468 4169 vestram
2497 4093 2550 4147 in
2584 4090 2835 4146 omnibus
2860 4104 2972 4160 prae
2998 4088 3171 4144 oculis
3199 4088 3461 4143 habentes
3498 4088 3583 4143 di-

1996 4188 2306 4251 lectionem,
2335 4201 2647 4257 quanquam
2674 4185 2910 4241 sciamus
2937 4191 2994 4239 et
3033 4182 3197 4237 tiliam
3229 4191 3486 4248 vestram,
3536 4183 3584 4239 si

1996 4282 2146 4347 libet,
2173 4297 2331 4353 posse
2353 4297 2448 4335 vos
2473 4281 2526 4336 ei
2570 4278 2813 4350 legaliter
2842 4277 2896 4332 in
2937 4291 3163 4338 uxorem
3194 4276 3490 4341 dimittere,
3535 4284 3592 4332 et

1994 4376 2212 4447 pietatis
2252 4382 2450 4430 vestrae
2499 4371 2798 4427 clementer
2847 4368 3080 4441 gratiam
3136 4367 3430 4438 impertiri,
3481 4381 3590 4421 non
3680 4418 3681 4421 η

1998 4479 2176 4526 tamen
2209 4465 2365 4536 iussa
2402 4463 2672 4527 misimus,
2713 4463 2809 4517 sed
2852 4475 3042 4531 preces
3095 4457 3412 4514 obtulimus.
3482 4456 3590 4512 Sed

1997 4562 2258 4635 quoniam
2300 4559 2433 4616 dicit
2475 4556 2768 4628 Apostolus
2802 4555 3175 4611 :.Redimentes
3198 4563 3422 4623 tempus,
3461 4569 3593 4622 quo—

1996 4658 2144 4711 niam
2179 4655 2294 4710 dies
2320 4652 2449 4708 mali
2481 4660 2602 4707 sunt
2635 4650 2851 4721 (Ephes.
2877 4651 2956 4718 v),
2985 4657 3041 4704 et
3091 4648 3162 4701 ab
3204 4660 3293 4701 eo'
3324 4645 3591 4715 przedicta
3670 4722 3675 4727 ο

1994 4745 2299 4818 periculosa
2326 4742 2623 4799 novissima
2661 4755 2788 4796 ecce
2823 4738 2937 4807 jam
2991 4737 3277 4795 imminent
3314 4744 3589 4805 tempora,

1996 4837 2281 4911 provideat
2304 4835 2477 4892 solere
2500 4842 2679 4890 vestra
2708 4830 3036 4894 sublimitas,
3075 4845 3144 4884 ne
3176 4843 3247 4883 ex
3287 4830 3389 4883 hoc
3445 4826 3594 4881 dete-

1997 4930 2115 4985 rius
2136 4929 2316 4983 adhuc
2352 4928 2496 4983 forte
2514 4924 2727 4995 aliquid
2749 4923 2975 4978 oriatur.
3026 4921 3095 4975 Et
3143 4920 3218 4975 ita
3272 4934 3370 4975 vos
3418 4927 3587 4976 cauta

1996 5020 2305 5094 provisione
2352 5020 2589 5088 undique
2638 5024 2977 5086 temperate,
3032 5022 3091 5067 ut
3136 5029 3341 5079 mceror
3378 5013 3588 5069 cordis

1994 5113 2164 5169 vestri
2208 5112 2396 5184 procul
2423 5111 2694 5179 abigatur,
2723 5117 2781 5162 et
2827 5106 2974 5162 circa
2999 5104 3112 5175 jam
3139 5106 3343 5161 dictum
3365 5105 3590 5160 Baldui-

1994 5218 2123 5258 num
2168 5217 2342 5272 usque
2390 5201 2445 5255 in
2494 5200 2656 5255 ﬁnem
2710 5212 3051 5268 nequaquam
3103 5197 3458 5253 inexorabilis
3500 5196 3587 5252 vel

1994 5291 2445 5367 iullexibilis_,[al.
2471 5331 2490 5359 ,
2551 5290 2959 5347 inexorabiliter
2982 5330 3002 5357 ,
3052 5289 3140 5345 vel
3192 5287 3585 5347 inﬂexibiliter.

1997 5466 2205 5522 voluit:
2240 5466 2336 5523 sed
2360 5465 2542 5527 missis
2566 5464 2797 5536 publicae
2819 5464 2896 5519 rei
2937 5462 3218 5536 ministris,
3259 5462 3400 5536 sicut
3428 5458 3586 5515 vobis

1999 5537 2265 5606 promisit,
2317 5533 2612 5592 secundum
2655 5535 2801 5606 leges
2843 5535 3024 5590 surculi
3072 5550 3166 5590 eos
3212 5533 3403 5606 uxoria
3455 5544 3586 5584 con-

2000 5604 2275 5682 junctione
2304 5608 2605 5662 adinvicem
2647 5604 3207 5682 copularipromisit,
3257 5614 3312 5682 et
3352 5604 3586 5682 honores

2022 5625 2275 5662 uncuone
2304 5625 2605 5662 autnvwetn
2647 5625 2887 5676 copulari
2937 5625 3207 5676 promis“,
3257 5625 3312 5658 ει
3353 5625 3577 5656 llulturca

1992 5625 2261 5750 ilalduino
2287 5693 2386 5750 pro
2416 5687 2594 5735 vestra
2620 5676 2958 5735 solummodo
2989 5677 3248 5747 petitione
3273 5671 3510 5728 donavit.
3558 5686 3577 5720 ι

1998 5749 2116 5806 Jac.
2139 5748 2295 5804 Snus.
