  <div class='ocr_page' id='page_1' title='image "/cluster/home/n/w/nwhite01/storage/ocr_20150623/119/hvd.32044015466915/423.png"; bbox 0 0 4070 6310; ppageno 0'>
   <div class='ocr_carea' id='block_1_1' title="bbox 498 317 606 376">
    <p class='ocr_par' dir='ltr' id='par_1_1' title="bbox 498 317 606 376">
     <span class='ocr_line' id='line_1_1' title="bbox 498 317 606 376; baseline 0 -40"><span class='ocrx_word' id='word_1_1' title='bbox 498 317 606 376; x_wconf 54' lang='grc'><strong>⁸⁵3</strong></span> 
     </span>
    </p>
   </div>
   <div class='ocr_carea' id='block_1_2' title="bbox 1849 301 2428 379">
    <p class='ocr_par' dir='ltr' id='par_1_2' title="bbox 1849 301 2428 379">
     <span class='ocr_line' id='line_1_2' title="bbox 1849 301 2428 379; baseline -0.009 -17"><span class='ocrx_word' id='word_1_2' title='bbox 1849 303 2120 364; x_wconf 74' lang='lat' dir='ltr'><strong>NlCOLAl</strong></span> <span class='ocrx_word' id='word_1_3' title='bbox 2155 301 2358 359; x_wconf 66' lang='lat' dir='ltr'><strong>nam</strong></span> <span class='ocrx_word' id='word_1_4' title='bbox 2405 303 2428 379; x_wconf 79' lang='grc' dir='ltr'>ι</span> 
     </span>
    </p>
   </div>
   <div class='ocr_carea' id='block_1_3' title="bbox 501 416 3811 502">
    <p class='ocr_par' dir='ltr' id='par_1_3' title="bbox 501 416 3811 502">
     <span class='ocr_line' id='line_1_3' title="bbox 501 416 3811 502; baseline -0.003 -16"><span class='ocrx_word' id='word_1_5' title='bbox 501 427 704 502; x_wconf 67' lang='lat' dir='ltr'><strong>Hum]</strong></span> <span class='ocrx_word' id='word_1_6' title='bbox 733 427 1057 500; x_wconf 85' lang='lat' dir='ltr'><strong>persistatis.</strong></span> <span class='ocrx_word' id='word_1_7' title='bbox 1087 426 1202 483; x_wconf 80' lang='lat' dir='ltr'><strong>Non</strong></span> <span class='ocrx_word' id='word_1_8' title='bbox 1233 441 1339 498; x_wconf 89' lang='lat' dir='ltr'><strong>quo</strong></span> <span class='ocrx_word' id='word_1_9' title='bbox 1367 440 1462 481; x_wconf 87' lang='lat' dir='ltr'><strong>vos</strong></span> <span class='ocrx_word' id='word_1_10' title='bbox 1490 424 1606 480; x_wconf 57' lang='lat' dir='ltr'><strong>haec</strong></span> <span class='ocrx_word' id='word_1_11' title='bbox 1633 422 1864 484; x_wconf 85' lang='lat' dir='ltr'><strong>dicendo</strong></span> <span class='ocrx_word' id='word_1_12' title='bbox 1897 422 2088 478; x_wconf 89' lang='lat' dir='ltr'><strong>termi-</strong></span> <span class='ocrx_word' id='word_1_13' title='bbox 2118 426 2164 485; x_wconf 78' lang='grc' dir='ltr'>Α</span> <span class='ocrx_word' id='word_1_14' title='bbox 2195 421 2531 483; x_wconf 81' lang='lat' dir='ltr'><strong>mandamus,</strong></span> <span class='ocrx_word' id='word_1_15' title='bbox 2561 416 2747 486; x_wconf 89' lang='lat' dir='ltr'><strong>utjam</strong></span> <span class='ocrx_word' id='word_1_16' title='bbox 2779 418 2983 474; x_wconf 89' lang='lat' dir='ltr'><strong>dictum</strong></span> <span class='ocrx_word' id='word_1_17' title='bbox 3004 416 3313 475; x_wconf 82' lang='lat' dir='ltr'><strong>Rethadum</strong></span> <span class='ocrx_word' id='word_1_18' title='bbox 3333 427 3520 476; x_wconf 84' lang='lat' dir='ltr'><strong>vestro</strong></span> <span class='ocrx_word' id='word_1_19' title='bbox 3543 418 3811 491; x_wconf 76' lang='lat' dir='ltr'><strong>udjutum</strong></span> 
     </span>
    </p>
   </div>
   <div class='ocr_carea' id='block_1_4' title="bbox 499 515 2089 590">
    <p class='ocr_par' dir='ltr' id='par_1_4' title="bbox 499 515 2089 590">
     <span class='ocr_line' id='line_1_4' title="bbox 499 515 2089 590; baseline -0.006 -12"><span class='ocrx_word' id='word_1_20' title='bbox 499 536 622 584; x_wconf 82' lang='lat' dir='ltr'><strong>nos,</strong></span> <span class='ocrx_word' id='word_1_21' title='bbox 659 535 798 590; x_wconf 90' lang='lat' dir='ltr'><strong>quos</strong></span> <span class='ocrx_word' id='word_1_22' title='bbox 845 533 1074 590; x_wconf 84' lang='lat' dir='ltr'><strong>posuere</strong></span> <span class='ocrx_word' id='word_1_23' title='bbox 1113 527 1296 588; x_wconf 98' lang='lat' dir='ltr'><strong>patres</strong></span> <span class='ocrx_word' id='word_1_24' title='bbox 1325 518 1522 582; x_wconf 82' lang='lat' dir='ltr'><strong>nostri,</strong></span> <span class='ocrx_word' id='word_1_25' title='bbox 1557 515 1859 588; x_wconf 86' lang='lat' dir='ltr'><strong>transgredi</strong></span> <span class='ocrx_word' id='word_1_26' title='bbox 1903 515 2089 585; x_wconf 83' lang='lat' dir='ltr'><strong>cupia-</strong></span> 
     </span>
    </p>
   </div>
   <div class='ocr_carea' id='block_1_5' title="bbox 503 609 2093 682">
    <p class='ocr_par' dir='ltr' id='par_1_5' title="bbox 503 609 2093 682">
     <span class='ocr_line' id='line_1_5' title="bbox 503 609 2093 682; baseline -0.004 -15"><span class='ocrx_word' id='word_1_27' title='bbox 503 627 663 677; x_wconf 88' lang='lat' dir='ltr'><strong>mus,</strong></span> <span class='ocrx_word' id='word_1_28' title='bbox 702 626 839 682; x_wconf 89' lang='lat' dir='ltr'><strong>quos</strong></span> <span class='ocrx_word' id='word_1_29' title='bbox 879 627 977 682; x_wconf 90' lang='lat' dir='ltr'><strong>per</strong></span> <span class='ocrx_word' id='word_1_30' title='bbox 1023 610 1252 681; x_wconf 87' lang='lat' dir='ltr'><strong>gratiam</strong></span> <span class='ocrx_word' id='word_1_31' title='bbox 1294 609 1386 664; x_wconf 86' lang='lat' dir='ltr'><strong>Dei</strong></span> <span class='ocrx_word' id='word_1_32' title='bbox 1432 609 1683 663; x_wconf 89' lang='lat' dir='ltr'><strong>immotos</strong></span> <span class='ocrx_word' id='word_1_33' title='bbox 1733 620 2093 677; x_wconf 80' lang='lat' dir='ltr'><strong>perseverare</strong></span> 
     </span>
    </p>
   </div>
   <div class='ocr_carea' id='block_1_6' title="bbox 503 697 2093 772">
    <p class='ocr_par' dir='ltr' id='par_1_6' title="bbox 503 697 2093 772">
     <span class='ocr_line' id='line_1_6' title="bbox 503 697 2093 772; baseline -0.003 -15"><span class='ocrx_word' id='word_1_34' title='bbox 503 716 726 771; x_wconf 84' lang='lat' dir='ltr'><strong>semper</strong></span> <span class='ocrx_word' id='word_1_35' title='bbox 769 709 1058 772; x_wconf 83' lang='lat' dir='ltr'><strong>optamus;</strong></span> <span class='ocrx_word' id='word_1_36' title='bbox 1101 700 1194 754; x_wconf 89' lang='lat' dir='ltr'><strong>sed</strong></span> <span class='ocrx_word' id='word_1_37' title='bbox 1248 714 1354 770; x_wconf 89' lang='lat' dir='ltr'><strong>quo</strong></span> <span class='ocrx_word' id='word_1_38' title='bbox 1394 699 1622 769; x_wconf 80' lang='lat' dir='ltr'><strong>gloriam</strong></span> <span class='ocrx_word' id='word_1_39' title='bbox 1670 707 1909 758; x_wconf 81' lang='lat' dir='ltr'><strong>vestram</strong></span> <span class='ocrx_word' id='word_1_40' title='bbox 1946 697 2093 752; x_wconf 89' lang='lat' dir='ltr'><strong>ultra</strong></span> 
     </span>
    </p>
   </div>
   <div class='ocr_carea' id='block_1_7' title="bbox 506 789 2096 862">
    <p class='ocr_par' dir='ltr' id='par_1_7' title="bbox 506 789 2096 862">
     <span class='ocr_line' id='line_1_7' title="bbox 506 789 2096 862; baseline -0.003 -16"><span class='ocrx_word' id='word_1_41' title='bbox 506 805 672 862; x_wconf 87' lang='lat' dir='ltr'><strong>quam</strong></span> <span class='ocrx_word' id='word_1_42' title='bbox 697 791 800 846; x_wconf 90' lang='lat' dir='ltr'><strong>dici</strong></span> <span class='ocrx_word' id='word_1_43' title='bbox 840 793 1006 859; x_wconf 86' lang='lat' dir='ltr'><strong>possit</strong></span> <span class='ocrx_word' id='word_1_44' title='bbox 1038 790 1356 858; x_wconf 79' lang='lat' dir='ltr'><strong>diligentes,</strong></span> <span class='ocrx_word' id='word_1_45' title='bbox 1393 790 1599 844; x_wconf 90' lang='lat' dir='ltr'><strong>nullum</strong></span> <span class='ocrx_word' id='word_1_46' title='bbox 1641 790 1870 844; x_wconf 78' lang='lat' dir='ltr'><strong>velimus</strong></span> <span class='ocrx_word' id='word_1_47' title='bbox 1915 789 2096 844; x_wconf 90' lang='lat' dir='ltr'><strong>locum</strong></span> 
     </span>
    </p>
   </div>
   <div class='ocr_carea' id='block_1_8' title="bbox 505 877 2098 952">
    <p class='ocr_par' dir='ltr' id='par_1_8' title="bbox 505 877 2098 952">
     <span class='ocr_line' id='line_1_8' title="bbox 505 877 2098 952; baseline -0.002 -16"><span class='ocrx_word' id='word_1_48' title='bbox 505 883 637 936; x_wconf 89' lang='lat' dir='ltr'><strong>dare</strong></span> <span class='ocrx_word' id='word_1_49' title='bbox 657 880 996 936; x_wconf 84' lang='lat' dir='ltr'><strong>occasionem</strong></span> <span class='ocrx_word' id='word_1_50' title='bbox 1025 880 1288 951; x_wconf 58' lang='lat' dir='ltr'><strong>quaerenti</strong></span> <span class='ocrx_word' id='word_1_51' title='bbox 1349 880 1528 952; x_wconf 79' lang='lat' dir='ltr'><strong>[forte,</strong></span> <span class='ocrx_word' id='word_1_52' title='bbox 1560 879 1830 951; x_wconf 87' lang='lat' dir='ltr'><strong>querenti,</strong></span> <span class='ocrx_word' id='word_1_53' title='bbox 1861 877 1938 934; x_wconf 76' lang='lat' dir='ltr'><strong>vel</strong></span> <span class='ocrx_word' id='word_1_54' title='bbox 1965 893 2098 948; x_wconf 89' lang='lat' dir='ltr'><strong>que-</strong></span> 
     </span>
    </p>
   </div>
   <div class='ocr_carea' id='block_1_9' title="bbox 506 969 2092 1043">
    <p class='ocr_par' dir='ltr' id='par_1_9' title="bbox 506 969 2092 1043">
     <span class='ocr_line' id='line_1_9' title="bbox 506 969 2092 1043; baseline -0.002 -17"><span class='ocrx_word' id='word_1_55' title='bbox 506 971 680 1026; x_wconf 87' lang='lat' dir='ltr'><strong>rendi.</strong></span> <span class='ocrx_word' id='word_1_56' title='bbox 717 969 936 1043; x_wconf 68' lang='lat' dir='ltr'><strong>lixam].</strong></span> <span class='ocrx_word' id='word_1_57' title='bbox 962 970 1236 1041; x_wconf 61' lang='lat' dir='ltr'><strong>Priecipue</strong></span> <span class='ocrx_word' id='word_1_58' title='bbox 1273 986 1397 1027; x_wconf 90' lang='lat' dir='ltr'><strong>cum</strong></span> <span class='ocrx_word' id='word_1_59' title='bbox 1445 971 1585 1026; x_wconf 90' lang='lat' dir='ltr'><strong>idem</strong></span> <span class='ocrx_word' id='word_1_60' title='bbox 1634 969 1926 1024; x_wconf 89' lang='lat' dir='ltr'><strong>Balduiuus</strong></span> <span class='ocrx_word' id='word_1_61' title='bbox 1952 969 2092 1024; x_wconf 78' lang='lat' dir='ltr'><strong>divi-</strong></span> 
     </span>
    </p>
   </div>
   <div class='ocr_carea' id='block_1_10' title="bbox 509 1058 2098 1130">
    <p class='ocr_par' dir='ltr' id='par_1_10' title="bbox 509 1058 2098 1130">
     <span class='ocr_line' id='line_1_10' title="bbox 509 1058 2098 1130; baseline 0 -16"><span class='ocrx_word' id='word_1_62' title='bbox 509 1075 639 1114; x_wconf 89' lang='lat' dir='ltr'><strong>num</strong></span> <span class='ocrx_word' id='word_1_63' title='bbox 691 1060 979 1130; x_wconf 89' lang='lat' dir='ltr'><strong>postularit</strong></span> <span class='ocrx_word' id='word_1_64' title='bbox 1027 1060 1311 1124; x_wconf 85' lang='lat' dir='ltr'><strong>auxilium,</strong></span> <span class='ocrx_word' id='word_1_65' title='bbox 1362 1069 1420 1115; x_wconf 77' lang='lat' dir='ltr'><strong>et</strong></span> <span class='ocrx_word' id='word_1_66' title='bbox 1473 1069 1784 1116; x_wconf 90' lang='lat' dir='ltr'><strong>sanctorum</strong></span> <span class='ocrx_word' id='word_1_67' title='bbox 1837 1058 1983 1115; x_wconf 85' lang='lat' dir='ltr'><strong>Petri</strong></span> <span class='ocrx_word' id='word_1_68' title='bbox 2033 1073 2098 1114; x_wconf 86' lang='lat' dir='ltr'><strong>ac</strong></span> 
     </span>
    </p>
   </div>
   <div class='ocr_carea' id='block_1_11' title="bbox 489 1151 2098 1222">
    <p class='ocr_par' dir='ltr' id='par_1_11' title="bbox 489 1151 2098 1222">
     <span class='ocr_line' id='line_1_11' title="bbox 489 1151 2098 1222; baseline 0.001 -17"><span class='ocrx_word' id='word_1_69' title='bbox 489 1151 700 1220; x_wconf 40' lang='lat' dir='ltr'><strong>.Pauli,</strong></span> <span class='ocrx_word' id='word_1_70' title='bbox 761 1151 1182 1209; x_wconf 89' lang='lat' dir='ltr'><strong>iutercessorum</strong></span> <span class='ocrx_word' id='word_1_71' title='bbox 1238 1161 1541 1208; x_wconf 91' lang='lat' dir='ltr'><strong>vestrorum</strong></span> <span class='ocrx_word' id='word_1_72' title='bbox 1570 1193 1586 1219; x_wconf 96' lang='lat'><strong>,</strong></span> <span class='ocrx_word' id='word_1_73' title='bbox 1643 1152 2098 1222; x_wconf 87' lang='lat' dir='ltr'><strong>quemadmodum</strong></span> 
     </span>
    </p>
   </div>
   <div class='ocr_carea' id='block_1_12' title="bbox 506 1241 2098 1315">
    <p class='ocr_par' dir='ltr' id='par_1_12' title="bbox 506 1241 2098 1315">
     <span class='ocr_line' id='line_1_12' title="bbox 506 1241 2098 1315; baseline 0.003 -20"><span class='ocrx_word' id='word_1_74' title='bbox 506 1241 861 1312; x_wconf 74' lang='lat' dir='ltr'><strong>prtetulimus,</strong></span> <span class='ocrx_word' id='word_1_75' title='bbox 907 1254 966 1297; x_wconf 93' lang='lat' dir='ltr'><strong>ut</strong></span> <span class='ocrx_word' id='word_1_76' title='bbox 1015 1244 1247 1315; x_wconf 88' lang='lat' dir='ltr'><strong>gratiam</strong></span> <span class='ocrx_word' id='word_1_77' title='bbox 1289 1243 1502 1313; x_wconf 87' lang='lat' dir='ltr'><strong>plenam</strong></span> <span class='ocrx_word' id='word_1_78' title='bbox 1533 1262 1564 1300; x_wconf 93' lang='lat' dir='ltr'><strong>a</strong></span> <span class='ocrx_word' id='word_1_79' title='bbox 1592 1254 1772 1299; x_wconf 89' lang='lat' dir='ltr'><strong>vestra</strong></span> <span class='ocrx_word' id='word_1_80' title='bbox 1809 1244 2098 1300; x_wconf 88' lang='lat' dir='ltr'><strong>clementia</strong></span> 
     </span>
    </p>
   </div>
   <div class='ocr_carea' id='block_1_13' title="bbox 508 1335 2098 1406">
    <p class='ocr_par' dir='ltr' id='par_1_13' title="bbox 508 1335 2098 1406">
     <span class='ocr_line' id='line_1_13' title="bbox 508 1335 2098 1406; baseline 0.002 -18"><span class='ocrx_word' id='word_1_81' title='bbox 508 1341 977 1402; x_wconf 83' lang='lat' dir='ltr'><strong>consequeretur,</strong></span> <span class='ocrx_word' id='word_1_82' title='bbox 1045 1335 1368 1406; x_wconf 80' lang='lat' dir='ltr'><strong>legationem</strong></span> <span class='ocrx_word' id='word_1_83' title='bbox 1427 1343 1591 1405; x_wconf 89' lang='lat' dir='ltr'><strong>atque</strong></span> <span class='ocrx_word' id='word_1_84' title='bbox 1645 1336 2098 1391; x_wconf 86' lang='lat' dir='ltr'><strong>interveutionem</strong></span> 
     </span>
    </p>
   </div>
   <div class='ocr_carea' id='block_1_14' title="bbox 509 1424 2102 1498">
    <p class='ocr_par' dir='ltr' id='par_1_14' title="bbox 509 1424 2102 1498">
     <span class='ocr_line' id='line_1_14' title="bbox 509 1424 2102 1498; baseline 0.003 -19"><span class='ocrx_word' id='word_1_85' title='bbox 509 1425 746 1497; x_wconf 87' lang='lat' dir='ltr'><strong>petierit.</strong></span> <span class='ocrx_word' id='word_1_86' title='bbox 790 1424 906 1480; x_wconf 81' lang='lat' dir='ltr'><strong>Non</strong></span> <span class='ocrx_word' id='word_1_87' title='bbox 952 1426 1113 1495; x_wconf 84' lang='lat' dir='ltr'><strong>plane</strong></span> <span class='ocrx_word' id='word_1_88' title='bbox 1161 1427 1472 1492; x_wconf 72' lang='lat' dir='ltr'><strong>immemor,</strong></span> <span class='ocrx_word' id='word_1_89' title='bbox 1521 1427 1668 1498; x_wconf 91' lang='lat' dir='ltr'><strong>quod</strong></span> <span class='ocrx_word' id='word_1_90' title='bbox 1719 1436 1844 1482; x_wconf 88' lang='lat' dir='ltr'><strong>ante</strong></span> <span class='ocrx_word' id='word_1_91' title='bbox 1896 1426 2102 1497; x_wconf 85' lang='lat' dir='ltr'><strong>aliquot</strong></span> 
     </span>
    </p>
   </div>
   <div class='ocr_carea' id='block_1_15' title="bbox 509 1519 2099 1589">
    <p class='ocr_par' dir='ltr' id='par_1_15' title="bbox 509 1519 2099 1589">
     <span class='ocr_line' id='line_1_15' title="bbox 509 1519 2099 1589; baseline 0 -16"><span class='ocrx_word' id='word_1_92' title='bbox 509 1533 683 1580; x_wconf 87' lang='lat' dir='ltr'><strong>annos</strong></span> <span class='ocrx_word' id='word_1_93' title='bbox 709 1519 1055 1589; x_wconf 83' lang='lat' dir='ltr'><strong>quidem,qui</strong></span> <span class='ocrx_word' id='word_1_94' title='bbox 1081 1520 1132 1574; x_wconf 90' lang='lat' dir='ltr'><strong>in</strong></span> <span class='ocrx_word' id='word_1_95' title='bbox 1158 1519 1529 1589; x_wconf 82' lang='lat' dir='ltr'><strong>hujuscemodi</strong></span> <span class='ocrx_word' id='word_1_96' title='bbox 1550 1534 1746 1573; x_wconf 82' lang='lat' dir='ltr'><strong>noxam</strong></span> <span class='ocrx_word' id='word_1_97' title='bbox 1770 1520 2099 1586; x_wconf 81' lang='lat' dir='ltr'><strong>incurrerat,</strong></span> 
     </span>
    </p>
   </div>
   <div class='ocr_carea' id='block_1_16' title="bbox 512 1610 2103 1683">
    <p class='ocr_par' dir='ltr' id='par_1_16' title="bbox 512 1610 2103 1683">
     <span class='ocr_line' id='line_1_16' title="bbox 512 1610 2103 1683; baseline 0.001 -17"><span class='ocrx_word' id='word_1_98' title='bbox 512 1611 833 1666; x_wconf 88' lang='lat' dir='ltr'><strong>memoriam</strong></span> <span class='ocrx_word' id='word_1_99' title='bbox 857 1620 914 1666; x_wconf 90' lang='lat' dir='ltr'><strong>et</strong></span> <span class='ocrx_word' id='word_1_100' title='bbox 939 1613 1121 1667; x_wconf 88' lang='lat' dir='ltr'><strong>sedem</strong></span> <span class='ocrx_word' id='word_1_101' title='bbox 1149 1612 1372 1667; x_wconf 88' lang='lat' dir='ltr'><strong>adiisset</strong></span> <span class='ocrx_word' id='word_1_102' title='bbox 1391 1610 1630 1668; x_wconf 82' lang='lat' dir='ltr'><strong>caelestis</strong></span> <span class='ocrx_word' id='word_1_103' title='bbox 1656 1612 1935 1683; x_wconf 80' lang='lat' dir='ltr'><strong>clavigeri,</strong></span> <span class='ocrx_word' id='word_1_104' title='bbox 1961 1611 2103 1681; x_wconf 86' lang='lat' dir='ltr'><strong>ejus-</strong></span> 
     </span>
    </p>
   </div>
   <div class='ocr_carea' id='block_1_17' title="bbox 495 1691 2101 1773">
    <p class='ocr_par' dir='ltr' id='par_1_17' title="bbox 495 1691 2101 1773">
     <span class='ocr_line' id='line_1_17' title="bbox 495 1691 2101 1773; baseline 0 -15"><span class='ocrx_word' id='word_1_105' title='bbox 495 1717 618 1772; x_wconf 82' lang='lat' dir='ltr'><strong>que</strong></span> <span class='ocrx_word' id='word_1_106' title='bbox 644 1703 830 1758; x_wconf 90' lang='lat' dir='ltr'><strong>vicarii</strong></span> <span class='ocrx_word' id='word_1_107' title='bbox 856 1691 1164 1758; x_wconf 79' lang='lat' dir='ltr'><strong>interventu</strong></span> <span class='ocrx_word' id='word_1_108' title='bbox 1195 1704 1336 1773; x_wconf 89' lang='lat' dir='ltr'><strong>apud</strong></span> <span class='ocrx_word' id='word_1_109' title='bbox 1361 1703 1462 1772; x_wconf 74' lang='lat' dir='ltr'><strong>piae</strong></span> <span class='ocrx_word' id='word_1_110' title='bbox 1493 1703 1768 1758; x_wconf 76' lang='lat' dir='ltr'><strong>memoria:</strong></span> <span class='ocrx_word' id='word_1_111' title='bbox 1810 1703 2101 1773; x_wconf 89' lang='lat' dir='ltr'><strong>imperato-</strong></span> 
     </span>
    </p>
   </div>
   <div class='ocr_carea' id='block_1_18' title="bbox 2196 509 3814 583">
    <p class='ocr_par' dir='ltr' id='par_1_18' title="bbox 2196 509 3814 583">
     <span class='ocr_line' id='line_1_18' title="bbox 2196 509 3814 583; baseline 0 -16"><span class='ocrx_word' id='word_1_112' title='bbox 2196 511 2393 567; x_wconf 88' lang='lat' dir='ltr'><strong>solatio</strong></span> <span class='ocrx_word' id='word_1_113' title='bbox 2435 510 2504 564; x_wconf 92' lang='lat' dir='ltr'><strong>ad</strong></span> <span class='ocrx_word' id='word_1_114' title='bbox 2535 524 2636 565; x_wconf 86' lang='lat' dir='ltr'><strong>nos</strong></span> <span class='ocrx_word' id='word_1_115' title='bbox 2665 523 2837 580; x_wconf 91' lang='lat' dir='ltr'><strong>usque</strong></span> <span class='ocrx_word' id='word_1_116' title='bbox 2877 509 3308 567; x_wconf 86' lang='lat' dir='ltr'><strong>misericorditer</strong></span> <span class='ocrx_word' id='word_1_117' title='bbox 3345 512 3629 583; x_wconf 86' lang='lat' dir='ltr'><strong>dirigatis:</strong></span> <span class='ocrx_word' id='word_1_118' title='bbox 3658 528 3814 582; x_wconf 83' lang='lat' dir='ltr'><strong>qua-</strong></span> 
     </span>
    </p>
   </div>
   <div class='ocr_carea' id='block_1_19' title="bbox 2198 601 3814 674">
    <p class='ocr_par' dir='ltr' id='par_1_19' title="bbox 2198 601 3814 674">
     <span class='ocr_line' id='line_1_19' title="bbox 2198 601 3814 674; baseline 0.002 -16"><span class='ocrx_word' id='word_1_119' title='bbox 2198 612 2357 659; x_wconf 89' lang='lat' dir='ltr'><strong>tenus</strong></span> <span class='ocrx_word' id='word_1_120' title='bbox 2375 601 2530 672; x_wconf 80' lang='lat' dir='ltr'><strong>juxta</strong></span> <span class='ocrx_word' id='word_1_121' title='bbox 2557 602 2777 658; x_wconf 87' lang='lat' dir='ltr'><strong>decreta</strong></span> <span class='ocrx_word' id='word_1_122' title='bbox 2811 611 3124 658; x_wconf 88' lang='lat' dir='ltr'><strong>sanctorum</strong></span> <span class='ocrx_word' id='word_1_123' title='bbox 3161 603 3480 674; x_wconf 79' lang='lat' dir='ltr'><strong>pontiﬁcum</strong></span> <span class='ocrx_word' id='word_1_124' title='bbox 3533 603 3814 661; x_wconf 75' lang='lat' dir='ltr'><strong>Romana:</strong></span> 
     </span>
    </p>
   </div>
   <div class='ocr_carea' id='block_1_20' title="bbox 2195 694 3814 763">
    <p class='ocr_par' dir='ltr' id='par_1_20' title="bbox 2195 694 3814 763">
     <span class='ocr_line' id='line_1_20' title="bbox 2195 694 3814 763; baseline 0.002 -13"><span class='ocrx_word' id='word_1_125' title='bbox 2195 694 2476 758; x_wconf 63' lang='lat' dir='ltr'><strong>Ecclesiae,</strong></span> <span class='ocrx_word' id='word_1_126' title='bbox 2522 702 2687 763; x_wconf 89' lang='lat' dir='ltr'><strong>atque</strong></span> <span class='ocrx_word' id='word_1_127' title='bbox 2713 701 2917 748; x_wconf 89' lang='lat' dir='ltr'><strong>statuta</strong></span> <span class='ocrx_word' id='word_1_128' title='bbox 2943 709 3225 749; x_wconf 88' lang='lat' dir='ltr'><strong>sacrorum</strong></span> <span class='ocrx_word' id='word_1_129' title='bbox 3271 709 3563 762; x_wconf 88' lang='lat' dir='ltr'><strong>canonum,</strong></span> <span class='ocrx_word' id='word_1_130' title='bbox 3606 705 3814 754; x_wconf 73' lang='lat' dir='ltr'><strong>nostro</strong></span> 
     </span>
    </p>
   </div>
   <div class='ocr_carea' id='block_1_21' title="bbox 2198 785 3811 860">
    <p class='ocr_par' dir='ltr' id='par_1_21' title="bbox 2198 785 3811 860">
     <span class='ocr_line' id='line_1_21' title="bbox 2198 785 3811 860; baseline -0.001 -17"><span class='ocrx_word' id='word_1_131' title='bbox 2198 789 2272 843; x_wconf 91' lang='lat' dir='ltr'><strong>sit</strong></span> <span class='ocrx_word' id='word_1_132' title='bbox 2297 787 2468 860; x_wconf 87' lang='lat' dir='ltr'><strong>ipsius</strong></span> <span class='ocrx_word' id='word_1_133' title='bbox 2493 801 2654 842; x_wconf 90' lang='lat' dir='ltr'><strong>causa</strong></span> <span class='ocrx_word' id='word_1_134' title='bbox 2677 785 2884 856; x_wconf 91' lang='lat' dir='ltr'><strong>judicio</strong></span> <span class='ocrx_word' id='word_1_135' title='bbox 2913 786 3221 842; x_wconf 89' lang='lat' dir='ltr'><strong>terminata.</strong></span> <span class='ocrx_word' id='word_1_136' title='bbox 3241 787 3378 842; x_wconf 83' lang='lat' dir='ltr'><strong>Nam</strong></span> <span class='ocrx_word' id='word_1_137' title='bbox 3404 788 3536 842; x_wconf 88' lang='lat' dir='ltr'><strong>mihi</strong></span> <span class='ocrx_word' id='word_1_138' title='bbox 3565 788 3811 853; x_wconf 83' lang='lat' dir='ltr'><strong>credite,</strong></span> 
     </span>
    </p>
   </div>
   <div class='ocr_carea' id='block_1_22' title="bbox 2199 877 3817 950">
    <p class='ocr_par' dir='ltr' id='par_1_22' title="bbox 2199 877 3817 950">
     <span class='ocr_line' id='line_1_22' title="bbox 2199 877 3817 950; baseline 0 -15"><span class='ocrx_word' id='word_1_139' title='bbox 2199 894 2363 950; x_wconf 86' lang='lat' dir='ltr'><strong>supra</strong></span> <span class='ocrx_word' id='word_1_140' title='bbox 2391 877 2610 933; x_wconf 88' lang='lat' dir='ltr'><strong>modum</strong></span> <span class='ocrx_word' id='word_1_141' title='bbox 2647 877 2700 932; x_wconf 92' lang='lat' dir='ltr'><strong>in</strong></span> <span class='ocrx_word' id='word_1_142' title='bbox 2731 877 3080 933; x_wconf 90' lang='lat' dir='ltr'><strong>damnatione</strong></span> <span class='ocrx_word' id='word_1_143' title='bbox 3117 878 3326 949; x_wconf 77' lang='lat' dir='ltr'><strong>praelati</strong></span> <span class='ocrx_word' id='word_1_144' title='bbox 3351 879 3476 943; x_wconf 85' lang='lat' dir='ltr'><strong>viri,</strong></span> <span class='ocrx_word' id='word_1_145' title='bbox 3515 891 3570 935; x_wconf 91' lang='lat' dir='ltr'><strong>et</strong></span> <span class='ocrx_word' id='word_1_146' title='bbox 3606 889 3817 937; x_wconf 84' lang='lat' dir='ltr'><strong>noster</strong></span> 
     </span>
    </p>
   </div>
   <div class='ocr_carea' id='block_1_23' title="bbox 2199 968 3816 1037">
    <p class='ocr_par' dir='ltr' id='par_1_23' title="bbox 2199 968 3816 1037">
     <span class='ocr_line' id='line_1_23' title="bbox 2199 968 3816 1037; baseline 0.002 -13"><span class='ocrx_word' id='word_1_147' title='bbox 2199 978 2284 1024; x_wconf 87' lang='lat' dir='ltr'><strong>est</strong></span> <span class='ocrx_word' id='word_1_148' title='bbox 2311 969 2526 1024; x_wconf 89' lang='lat' dir='ltr'><strong>animus</strong></span> <span class='ocrx_word' id='word_1_149' title='bbox 2571 968 2751 1034; x_wconf 76' lang='lat' dir='ltr'><strong>lzesus,</strong></span> <span class='ocrx_word' id='word_1_150' title='bbox 2793 977 2850 1024; x_wconf 92' lang='lat' dir='ltr'><strong>et</strong></span> <span class='ocrx_word' id='word_1_151' title='bbox 2905 969 3072 1024; x_wconf 85' lang='lat' dir='ltr'><strong>totius</strong></span> <span class='ocrx_word' id='word_1_152' title='bbox 3115 969 3372 1025; x_wconf 75' lang='lat' dir='ltr'><strong>Ecclesia:</strong></span> <span class='ocrx_word' id='word_1_153' title='bbox 3421 970 3680 1037; x_wconf 81' lang='lat' dir='ltr'><strong>filiorum,</strong></span> <span class='ocrx_word' id='word_1_154' title='bbox 3736 974 3816 1027; x_wconf 83' lang='lat' dir='ltr'><strong>ad</strong></span> 
     </span>
    </p>
   </div>
   <div class='ocr_carea' id='block_1_24' title="bbox 2199 1059 3813 1132">
    <p class='ocr_par' dir='ltr' id='par_1_24' title="bbox 2199 1059 3813 1132">
     <span class='ocr_line' id='line_1_24' title="bbox 2199 1059 3813 1132; baseline 0.002 -18"><span class='ocrx_word' id='word_1_155' title='bbox 2199 1075 2430 1132; x_wconf 90' lang='lat' dir='ltr'><strong>quorum</strong></span> <span class='ocrx_word' id='word_1_156' title='bbox 2481 1060 2730 1115; x_wconf 85' lang='lat' dir='ltr'><strong>notitiam</strong></span> <span class='ocrx_word' id='word_1_157' title='bbox 2783 1059 3071 1130; x_wconf 90' lang='lat' dir='ltr'><strong>pervenit,</strong></span> <span class='ocrx_word' id='word_1_158' title='bbox 3125 1061 3482 1116; x_wconf 81' lang='lat' dir='ltr'><strong>vehementer</strong></span> <span class='ocrx_word' id='word_1_159' title='bbox 3532 1061 3813 1118; x_wconf 74' lang='lat' dir='ltr'><strong>offensus.</strong></span> 
     </span>
    </p>
   </div>
   <div class='ocr_carea' id='block_1_25' title="bbox 2201 1151 3817 1222">
    <p class='ocr_par' dir='ltr' id='par_1_25' title="bbox 2201 1151 3817 1222">
     <span class='ocr_line' id='line_1_25' title="bbox 2201 1151 3817 1222; baseline 0 -14"><span class='ocrx_word' id='word_1_160' title='bbox 2201 1152 2436 1208; x_wconf 75' lang='lat' dir='ltr'><strong>Maxime</strong></span> <span class='ocrx_word' id='word_1_161' title='bbox 2457 1152 2602 1221; x_wconf 90' lang='lat' dir='ltr'><strong>quod</strong></span> <span class='ocrx_word' id='word_1_162' title='bbox 2633 1160 2758 1207; x_wconf 86' lang='lat' dir='ltr'><strong>ante</strong></span> <span class='ocrx_word' id='word_1_163' title='bbox 2776 1160 2834 1206; x_wconf 89' lang='lat' dir='ltr'><strong>et</strong></span> <span class='ocrx_word' id='word_1_164' title='bbox 2859 1159 2981 1222; x_wconf 92' lang='lat' dir='ltr'><strong>post</strong></span> <span class='ocrx_word' id='word_1_165' title='bbox 3009 1151 3414 1206; x_wconf 83' lang='lat' dir='ltr'><strong>damnationem</strong></span> <span class='ocrx_word' id='word_1_166' title='bbox 3440 1167 3618 1217; x_wconf 87' lang='lat' dir='ltr'><strong>suam,</strong></span> <span class='ocrx_word' id='word_1_167' title='bbox 3647 1153 3817 1209; x_wconf 77' lang='lat' dir='ltr'><strong>sedis</strong></span> 
     </span>
    </p>
   </div>
   <div class='ocr_carea' id='block_1_26' title="bbox 2193 1240 3818 1312">
    <p class='ocr_par' dir='ltr' id='par_1_26' title="bbox 2193 1240 3818 1312">
     <span class='ocr_line' id='line_1_26' title="bbox 2193 1240 3818 1312; baseline -0.001 -15"><span class='ocrx_word' id='word_1_168' title='bbox 2193 1241 2512 1312; x_wconf 81' lang='lat' dir='ltr'><strong>apostolicae</strong></span> <span class='ocrx_word' id='word_1_169' title='bbox 2561 1241 2704 1296; x_wconf 89' lang='lat' dir='ltr'><strong>idem</strong></span> <span class='ocrx_word' id='word_1_170' title='bbox 2748 1240 3075 1296; x_wconf 86' lang='lat' dir='ltr'><strong>venerabilis</strong></span> <span class='ocrx_word' id='word_1_171' title='bbox 3115 1241 3201 1295; x_wconf 91' lang='lat' dir='ltr'><strong>vir</strong></span> <span class='ocrx_word' id='word_1_172' title='bbox 3249 1240 3607 1311; x_wconf 82' lang='lat' dir='ltr'><strong>appellaverit</strong></span> <span class='ocrx_word' id='word_1_173' title='bbox 3654 1241 3818 1312; x_wconf 78' lang='lat' dir='ltr'><strong>judi-</strong></span> 
     </span>
    </p>
   </div>
   <div class='ocr_carea' id='block_1_27' title="bbox 2203 1330 3816 1401">
    <p class='ocr_par' dir='ltr' id='par_1_27' title="bbox 2203 1330 3816 1401">
     <span class='ocr_line' id='line_1_27' title="bbox 2203 1330 3816 1401; baseline -0.002 -12"><span class='ocrx_word' id='word_1_174' title='bbox 2203 1334 2370 1399; x_wconf 89' lang='lat' dir='ltr'><strong>cium,</strong></span> <span class='ocrx_word' id='word_1_175' title='bbox 2394 1347 2495 1387; x_wconf 90' lang='lat' dir='ltr'><strong>nec</strong></span> <span class='ocrx_word' id='word_1_176' title='bbox 2520 1331 2909 1401; x_wconf 89' lang='lat' dir='ltr'><strong>impetraverit,</strong></span> <span class='ocrx_word' id='word_1_177' title='bbox 2935 1340 2991 1386; x_wconf 89' lang='lat' dir='ltr'><strong>et</strong></span> <span class='ocrx_word' id='word_1_178' title='bbox 3010 1345 3108 1400; x_wconf 91' lang='lat' dir='ltr'><strong>per</strong></span> <span class='ocrx_word' id='word_1_179' title='bbox 3133 1330 3295 1385; x_wconf 90' lang='lat' dir='ltr'><strong>talem</strong></span> <span class='ocrx_word' id='word_1_180' title='bbox 3315 1331 3816 1401; x_wconf 65' lang='lat' dir='ltr'><strong>praesumptionem</strong></span> 
     </span>
    </p>
   </div>
   <div class='ocr_carea' id='block_1_28' title="bbox 2203 1420 3811 1491">
    <p class='ocr_par' dir='ltr' id='par_1_28' title="bbox 2203 1420 3811 1491">
     <span class='ocr_line' id='line_1_28' title="bbox 2203 1420 3811 1491; baseline -0.002 -11"><span class='ocrx_word' id='word_1_181' title='bbox 2203 1435 2429 1481; x_wconf 65' lang='lat' dir='ltr'><strong>summie</strong></span> <span class='ocrx_word' id='word_1_182' title='bbox 2478 1423 2622 1478; x_wconf 88' lang='lat' dir='ltr'><strong>sedis</strong></span> <span class='ocrx_word' id='word_1_183' title='bbox 2669 1421 2956 1476; x_wconf 91' lang='lat' dir='ltr'><strong>videantur</strong></span> <span class='ocrx_word' id='word_1_184' title='bbox 2997 1420 3279 1491; x_wconf 88' lang='lat' dir='ltr'><strong>privilegia</strong></span> <span class='ocrx_word' id='word_1_185' title='bbox 3323 1429 3528 1476; x_wconf 85' lang='lat' dir='ltr'><strong>temere</strong></span> <span class='ocrx_word' id='word_1_186' title='bbox 3574 1420 3811 1476; x_wconf 82' lang='lat' dir='ltr'><strong>violari.</strong></span> 
     </span>
    </p>
   </div>
   <div class='ocr_carea' id='block_1_29' title="bbox 2203 1512 3820 1588">
    <p class='ocr_par' dir='ltr' id='par_1_29' title="bbox 2203 1512 3820 1588">
     <span class='ocr_line' id='line_1_29' title="bbox 2203 1512 3820 1588; baseline -0.002 -16"><span class='ocrx_word' id='word_1_187' title='bbox 2203 1518 2335 1586; x_wconf 66' lang='lat' dir='ltr'><strong>Quae</strong></span> <span class='ocrx_word' id='word_1_188' title='bbox 2362 1526 2544 1572; x_wconf 88' lang='lat' dir='ltr'><strong>tamen</strong></span> <span class='ocrx_word' id='word_1_189' title='bbox 2581 1516 2861 1588; x_wconf 88' lang='lat' dir='ltr'><strong>privilegia</strong></span> <span class='ocrx_word' id='word_1_190' title='bbox 2901 1531 3075 1586; x_wconf 90' lang='lat' dir='ltr'><strong>usque</strong></span> <span class='ocrx_word' id='word_1_191' title='bbox 3114 1516 3181 1572; x_wconf 90' lang='lat' dir='ltr'><strong>ad</strong></span> <span class='ocrx_word' id='word_1_192' title='bbox 3235 1523 3490 1580; x_wconf 88' lang='lat' dir='ltr'><strong>mortem,</strong></span> <span class='ocrx_word' id='word_1_193' title='bbox 3524 1528 3629 1584; x_wconf 89' lang='lat' dir='ltr'><strong>ope</strong></span> <span class='ocrx_word' id='word_1_194' title='bbox 3669 1512 3820 1569; x_wconf 80' lang='lat' dir='ltr'><strong>freti</strong></span> 
     </span>
    </p>
   </div>
   <div class='ocr_carea' id='block_1_30' title="bbox 2208 1605 3820 1678">
    <p class='ocr_par' dir='ltr' id='par_1_30' title="bbox 2208 1605 3820 1678">
     <span class='ocr_line' id='line_1_30' title="bbox 2208 1605 3820 1678; baseline -0.002 -16"><span class='ocrx_word' id='word_1_195' title='bbox 2208 1608 2418 1674; x_wconf 84' lang='lat' dir='ltr'><strong>divina,</strong></span> <span class='ocrx_word' id='word_1_196' title='bbox 2445 1609 2906 1678; x_wconf 85' lang='lat' dir='ltr'><strong>praedecessorum</strong></span> <span class='ocrx_word' id='word_1_197' title='bbox 2937 1622 3184 1662; x_wconf 89' lang='lat' dir='ltr'><strong>meorum</strong></span> <span class='ocrx_word' id='word_1_198' title='bbox 3222 1606 3460 1676; x_wconf 81' lang='lat' dir='ltr'><strong>vestigia</strong></span> <span class='ocrx_word' id='word_1_199' title='bbox 3493 1605 3820 1674; x_wconf 84' lang='lat' dir='ltr'><strong>sequendo,</strong></span> 
     </span>
    </p>
   </div>
   <div class='ocr_carea' id='block_1_31' title="bbox 2206 1697 3818 1770">
    <p class='ocr_par' dir='ltr' id='par_1_31' title="bbox 2206 1697 3818 1770">
     <span class='ocr_line' id='line_1_31' title="bbox 2206 1697 3818 1770; baseline -0.004 -12"><span class='ocrx_word' id='word_1_200' title='bbox 2206 1702 2412 1758; x_wconf 90' lang='lat' dir='ltr'><strong>cassari</strong></span> <span class='ocrx_word' id='word_1_201' title='bbox 2447 1699 2628 1755; x_wconf 85' lang='lat' dir='ltr'><strong>taliter</strong></span> <span class='ocrx_word' id='word_1_202' title='bbox 2647 1700 2872 1754; x_wconf 89' lang='lat' dir='ltr'><strong>minime</strong></span> <span class='ocrx_word' id='word_1_203' title='bbox 2897 1700 3186 1770; x_wconf 89' lang='lat' dir='ltr'><strong>patiemur.</strong></span> <span class='ocrx_word' id='word_1_204' title='bbox 3219 1697 3325 1754; x_wconf 91' lang='lat' dir='ltr'><strong>Sed</strong></span> <span class='ocrx_word' id='word_1_205' title='bbox 3354 1706 3410 1753; x_wconf 92' lang='lat' dir='ltr'><strong>et</strong></span> <span class='ocrx_word' id='word_1_206' title='bbox 3435 1713 3549 1761; x_wconf 87' lang='lat' dir='ltr'><strong>vos,</strong></span> <span class='ocrx_word' id='word_1_207' title='bbox 3581 1697 3818 1753; x_wconf 85' lang='lat' dir='ltr'><strong>charis-</strong></span> 
     </span>
    </p>
   </div>
   <div class='ocr_carea' id='block_1_32' title="bbox 503 1783 3819 1870">
    <p class='ocr_par' dir='ltr' id='par_1_32' title="bbox 503 1783 3819 1870">
     <span class='ocr_line' id='line_1_32' title="bbox 503 1783 3819 1870; baseline -0.003 -16"><span class='ocrx_word' id='word_1_208' title='bbox 503 1808 630 1854; x_wconf 81' lang='lat' dir='ltr'><strong>.rem</strong></span> <span class='ocrx_word' id='word_1_209' title='bbox 669 1793 1009 1861; x_wconf 87' lang='lat' dir='ltr'><strong>Lotharium,</strong></span> <span class='ocrx_word' id='word_1_210' title='bbox 1039 1810 1145 1849; x_wconf 92' lang='lat' dir='ltr'><strong>non</strong></span> <span class='ocrx_word' id='word_1_211' title='bbox 1175 1795 1384 1865; x_wconf 87' lang='lat' dir='ltr'><strong>perdita</strong></span> <span class='ocrx_word' id='word_1_212' title='bbox 1427 1795 1682 1865; x_wconf 84' lang='lat' dir='ltr'><strong>conjuge,</strong></span> <span class='ocrx_word' id='word_1_213' title='bbox 1733 1794 2101 1864; x_wconf 85' lang='lat' dir='ltr'><strong>plenissimam</strong></span> <span class='ocrx_word' id='word_1_214' title='bbox 2131 1783 2180 1844; x_wconf 84' lang='grc' dir='ltr'>Β</span> <span class='ocrx_word' id='word_1_215' title='bbox 2207 1795 2366 1856; x_wconf 89' lang='lat' dir='ltr'><strong>sime,</strong></span> <span class='ocrx_word' id='word_1_216' title='bbox 2416 1801 2478 1847; x_wconf 91' lang='lat' dir='ltr'><strong>ut</strong></span> <span class='ocrx_word' id='word_1_217' title='bbox 2501 1807 2574 1870; x_wconf 39' lang='lat' dir='ltr'><strong>.ea</strong></span> <span class='ocrx_word' id='word_1_218' title='bbox 2625 1793 2822 1863; x_wconf 83' lang='lat' dir='ltr'><strong>quibus</strong></span> <span class='ocrx_word' id='word_1_219' title='bbox 2872 1792 3102 1862; x_wconf 89' lang='lat' dir='ltr'><strong>potestis</strong></span> <span class='ocrx_word' id='word_1_220' title='bbox 3148 1791 3386 1847; x_wconf 87' lang='lat' dir='ltr'><strong>cultibus</strong></span> <span class='ocrx_word' id='word_1_221' title='bbox 3438 1790 3819 1854; x_wconf 82' lang='lat' dir='ltr'><strong>veneremini,</strong></span> 
     </span>
    </p>
   </div>
   <div class='ocr_carea' id='block_1_33' title="bbox 513 1886 2102 1958">
    <p class='ocr_par' dir='ltr' id='par_1_33' title="bbox 513 1886 2102 1958">
     <span class='ocr_line' id='line_1_33' title="bbox 513 1886 2102 1958; baseline 0.001 -16"><span class='ocrx_word' id='word_1_222' title='bbox 513 1886 903 1958; x_wconf 76' lang='lat' dir='ltr'><strong>indulgentiam</strong></span> <span class='ocrx_word' id='word_1_223' title='bbox 952 1886 1112 1942; x_wconf 92' lang='lat' dir='ltr'><strong>simul</strong></span> <span class='ocrx_word' id='word_1_224' title='bbox 1158 1896 1213 1943; x_wconf 91' lang='lat' dir='ltr'><strong>et</strong></span> <span class='ocrx_word' id='word_1_225' title='bbox 1267 1889 1497 1958; x_wconf 77' lang='lat' dir='ltr'><strong>gratiam</strong></span> <span class='ocrx_word' id='word_1_226' title='bbox 1551 1889 1900 1958; x_wconf 89' lang='lat' dir='ltr'><strong>percepisset.</strong></span> <span class='ocrx_word' id='word_1_227' title='bbox 1959 1887 2102 1943; x_wconf 86' lang='lat' dir='ltr'><strong>Nulli</strong></span> 
     </span>
    </p>
   </div>
   <div class='ocr_carea' id='block_1_34' title="bbox 501 1980 2103 2051">
    <p class='ocr_par' dir='ltr' id='par_1_34' title="bbox 501 1980 2103 2051">
     <span class='ocr_line' id='line_1_34' title="bbox 501 1980 2103 2051; baseline 0.001 -17"><span class='ocrx_word' id='word_1_228' title='bbox 501 1987 777 2050; x_wconf 59' lang='lat' dir='ltr'><strong>praeterea</strong></span> <span class='ocrx_word' id='word_1_229' title='bbox 804 1994 990 2050; x_wconf 89' lang='lat' dir='ltr'><strong>regum</strong></span> <span class='ocrx_word' id='word_1_230' title='bbox 1013 1994 1177 2050; x_wconf 87' lang='lat' dir='ltr'><strong>grave</strong></span> <span class='ocrx_word' id='word_1_231' title='bbox 1203 1994 1324 2036; x_wconf 89' lang='lat' dir='ltr'><strong>esse</strong></span> <span class='ocrx_word' id='word_1_232' title='bbox 1352 1981 1521 2035; x_wconf 88' lang='lat' dir='ltr'><strong>videri</strong></span> <span class='ocrx_word' id='word_1_233' title='bbox 1536 1981 1696 2036; x_wconf 91' lang='lat' dir='ltr'><strong>debet</strong></span> <span class='ocrx_word' id='word_1_234' title='bbox 1731 1980 1897 2051; x_wconf 90' lang='lat' dir='ltr'><strong>(quod</strong></span> <span class='ocrx_word' id='word_1_235' title='bbox 1922 1989 2103 2035; x_wconf 88' lang='lat' dir='ltr'><strong>tamen</strong></span> 
     </span>
    </p>
   </div>
   <div class='ocr_carea' id='block_1_35' title="bbox 514 2069 2102 2142">
    <p class='ocr_par' dir='ltr' id='par_1_35' title="bbox 514 2069 2102 2142">
     <span class='ocr_line' id='line_1_35' title="bbox 514 2069 2102 2142; baseline 0.001 -18"><span class='ocrx_word' id='word_1_236' title='bbox 514 2085 639 2124; x_wconf 91' lang='lat' dir='ltr'><strong>eum</strong></span> <span class='ocrx_word' id='word_1_237' title='bbox 666 2084 798 2140; x_wconf 88' lang='lat' dir='ltr'><strong>pace</strong></span> <span class='ocrx_word' id='word_1_238' title='bbox 826 2078 1005 2124; x_wconf 87' lang='lat' dir='ltr'><strong>vestra</strong></span> <span class='ocrx_word' id='word_1_239' title='bbox 1030 2069 1371 2142; x_wconf 84' lang='lat' dir='ltr'><strong>dixerimus),</strong></span> <span class='ocrx_word' id='word_1_240' title='bbox 1418 2085 1683 2126; x_wconf 87' lang='lat' dir='ltr'><strong>conservo</strong></span> <span class='ocrx_word' id='word_1_241' title='bbox 1731 2086 1830 2126; x_wconf 91' lang='lat' dir='ltr'><strong>suo</strong></span> <span class='ocrx_word' id='word_1_242' title='bbox 1861 2071 2102 2126; x_wconf 91' lang='lat' dir='ltr'><strong>debitum</strong></span> 
     </span>
    </p>
   </div>
   <div class='ocr_carea' id='block_1_36' title="bbox 515 2161 2104 2232">
    <p class='ocr_par' dir='ltr' id='par_1_36' title="bbox 515 2161 2104 2232">
     <span class='ocr_line' id='line_1_36' title="bbox 515 2161 2104 2232; baseline 0.002 -17"><span class='ocrx_word' id='word_1_243' title='bbox 515 2171 735 2216; x_wconf 87' lang='lat' dir='ltr'><strong>centum</strong></span> <span class='ocrx_word' id='word_1_244' title='bbox 763 2161 1108 2216; x_wconf 86' lang='lat' dir='ltr'><strong>denariorum</strong></span> <span class='ocrx_word' id='word_1_245' title='bbox 1134 2162 1425 2226; x_wconf 88' lang='lat' dir='ltr'><strong>dimittere,</strong></span> <span class='ocrx_word' id='word_1_246' title='bbox 1450 2164 1542 2232; x_wconf 86' lang='lat' dir='ltr'><strong>qui</strong></span> <span class='ocrx_word' id='word_1_247' title='bbox 1571 2162 1803 2218; x_wconf 86' lang='lat' dir='ltr'><strong>fortasse</strong></span> <span class='ocrx_word' id='word_1_248' title='bbox 1831 2179 1860 2218; x_wconf 91' lang='lat' dir='ltr'><strong>a</strong></span> <span class='ocrx_word' id='word_1_249' title='bbox 1891 2177 2104 2218; x_wconf 91' lang='lat' dir='ltr'><strong>summo</strong></span> 
     </span>
    </p>
   </div>
   <div class='ocr_carea' id='block_1_37' title="bbox 521 2249 2106 2320">
    <p class='ocr_par' dir='ltr' id='par_1_37' title="bbox 521 2249 2106 2320">
     <span class='ocr_line' id='line_1_37' title="bbox 521 2249 2106 2320; baseline 0.004 -19"><span class='ocrx_word' id='word_1_250' title='bbox 521 2263 707 2320; x_wconf 89' lang='lat' dir='ltr'><strong>regum</strong></span> <span class='ocrx_word' id='word_1_251' title='bbox 736 2259 792 2304; x_wconf 92' lang='lat' dir='ltr'><strong>et</strong></span> <span class='ocrx_word' id='word_1_252' title='bbox 817 2249 1046 2304; x_wconf 89' lang='lat' dir='ltr'><strong>Domino</strong></span> <span class='ocrx_word' id='word_1_253' title='bbox 1087 2251 1426 2306; x_wconf 90' lang='lat' dir='ltr'><strong>dominorum</strong></span> <span class='ocrx_word' id='word_1_254' title='bbox 1453 2254 1638 2306; x_wconf 88' lang='lat' dir='ltr'><strong>decem</strong></span> <span class='ocrx_word' id='word_1_255' title='bbox 1681 2252 1847 2307; x_wconf 91' lang='lat' dir='ltr'><strong>millia</strong></span> <span class='ocrx_word' id='word_1_256' title='bbox 1876 2253 2106 2308; x_wconf 88' lang='lat' dir='ltr'><strong>talento-</strong></span> 
     </span>
    </p>
   </div>
   <div class='ocr_carea' id='block_1_38' title="bbox 518 2340 2106 2399">
    <p class='ocr_par' dir='ltr' id='par_1_38' title="bbox 518 2340 2106 2399">
     <span class='ocr_line' id='line_1_38' title="bbox 518 2340 2106 2399; baseline 0.003 -5"><span class='ocrx_word' id='word_1_257' title='bbox 518 2356 639 2394; x_wconf 90' lang='lat' dir='ltr'><strong>rum</strong></span> <span class='ocrx_word' id='word_1_258' title='bbox 670 2340 771 2395; x_wconf 87' lang='lat' dir='ltr'><strong>sibi</strong></span> <span class='ocrx_word' id='word_1_259' title='bbox 801 2340 971 2395; x_wconf 76' lang='lat' dir='ltr'><strong>laxari</strong></span> <span class='ocrx_word' id='word_1_260' title='bbox 1001 2342 1293 2397; x_wconf 88' lang='lat' dir='ltr'><strong>desiderat.</strong></span> <span class='ocrx_word' id='word_1_261' title='bbox 1329 2341 1499 2398; x_wconf 88' lang='lat' dir='ltr'><strong>Porro</strong></span> <span class='ocrx_word' id='word_1_262' title='bbox 1536 2343 1756 2399; x_wconf 88' lang='lat' dir='ltr'><strong>dilectio</strong></span> <span class='ocrx_word' id='word_1_263' title='bbox 1791 2352 1968 2398; x_wconf 89' lang='lat' dir='ltr'><strong>vestra</strong></span> <span class='ocrx_word' id='word_1_264' title='bbox 2006 2358 2106 2399; x_wconf 82' lang='lat' dir='ltr'><strong>no-</strong></span> 
     </span>
    </p>
   </div>
   <div class='ocr_carea' id='block_1_39' title="bbox 515 2432 2108 2495">
    <p class='ocr_par' dir='ltr' id='par_1_39' title="bbox 515 2432 2108 2495">
     <span class='ocr_line' id='line_1_39' title="bbox 515 2432 2108 2495; baseline 0.003 -11"><span class='ocrx_word' id='word_1_265' title='bbox 515 2434 677 2495; x_wconf 86' lang='lat' dir='ltr'><strong>verit,</strong></span> <span class='ocrx_word' id='word_1_266' title='bbox 719 2433 935 2489; x_wconf 89' lang='lat' dir='ltr'><strong>misisse</strong></span> <span class='ocrx_word' id='word_1_267' title='bbox 971 2449 1070 2489; x_wconf 90' lang='lat' dir='ltr'><strong>nos</strong></span> <span class='ocrx_word' id='word_1_268' title='bbox 1122 2434 1189 2488; x_wconf 92' lang='lat' dir='ltr'><strong>ad</strong></span> <span class='ocrx_word' id='word_1_269' title='bbox 1236 2433 1587 2488; x_wconf 88' lang='lat' dir='ltr'><strong>Hincmarum</strong></span> <span class='ocrx_word' id='word_1_270' title='bbox 1627 2432 1958 2489; x_wconf 86' lang='lat' dir='ltr'><strong>confratrem</strong></span> <span class='ocrx_word' id='word_1_271' title='bbox 2012 2448 2108 2490; x_wconf 64' lang='lat' dir='ltr'><strong>no.</strong></span> 
     </span>
    </p>
   </div>
   <div class='ocr_carea' id='block_1_40' title="bbox 521 2525 2108 2598">
    <p class='ocr_par' dir='ltr' id='par_1_40' title="bbox 521 2525 2108 2598">
     <span class='ocr_line' id='line_1_40' title="bbox 521 2525 2108 2598; baseline 0.002 -19"><span class='ocrx_word' id='word_1_272' title='bbox 521 2535 695 2580; x_wconf 88' lang='lat' dir='ltr'><strong>strum</strong></span> <span class='ocrx_word' id='word_1_273' title='bbox 733 2525 1064 2581; x_wconf 84' lang='lat' dir='ltr'><strong>Rhemorum</strong></span> <span class='ocrx_word' id='word_1_274' title='bbox 1102 2526 1437 2598; x_wconf 89' lang='lat' dir='ltr'><strong>episcopum,</strong></span> <span class='ocrx_word' id='word_1_275' title='bbox 1467 2535 1525 2582; x_wconf 91' lang='lat' dir='ltr'><strong>et</strong></span> <span class='ocrx_word' id='word_1_276' title='bbox 1555 2526 1626 2582; x_wconf 90' lang='lat' dir='ltr'><strong>ad</strong></span> <span class='ocrx_word' id='word_1_277' title='bbox 1653 2535 1882 2582; x_wconf 62' lang='lat' dir='ltr'><strong>caeteros</strong></span> <span class='ocrx_word' id='word_1_278' title='bbox 1904 2535 2108 2582; x_wconf 81' lang='lat' dir='ltr'><strong>metro-</strong></span> 
     </span>
    </p>
   </div>
   <div class='ocr_carea' id='block_1_41' title="bbox 515 2614 2105 2687">
    <p class='ocr_par' dir='ltr' id='par_1_41' title="bbox 515 2614 2105 2687">
     <span class='ocr_line' id='line_1_41' title="bbox 515 2614 2105 2687; baseline 0.003 -20"><span class='ocrx_word' id='word_1_279' title='bbox 515 2614 713 2683; x_wconf 89' lang='lat' dir='ltr'><strong>politas</strong></span> <span class='ocrx_word' id='word_1_280' title='bbox 743 2625 908 2686; x_wconf 88' lang='lat' dir='ltr'><strong>atque</strong></span> <span class='ocrx_word' id='word_1_281' title='bbox 935 2615 1215 2686; x_wconf 85' lang='lat' dir='ltr'><strong>episcopos</strong></span> <span class='ocrx_word' id='word_1_282' title='bbox 1246 2619 1394 2687; x_wconf 89' lang='lat' dir='ltr'><strong>regni</strong></span> <span class='ocrx_word' id='word_1_283' title='bbox 1431 2619 1614 2682; x_wconf 86' lang='lat' dir='ltr'><strong>vestri,</strong></span> <span class='ocrx_word' id='word_1_284' title='bbox 1650 2626 1710 2672; x_wconf 89' lang='lat' dir='ltr'><strong>ut</strong></span> <span class='ocrx_word' id='word_1_285' title='bbox 1734 2617 2105 2674; x_wconf 87' lang='lat' dir='ltr'><strong>venerabilem</strong></span> 
     </span>
    </p>
   </div>
   <div class='ocr_carea' id='block_1_42' title="bbox 517 2705 2108 2776">
    <p class='ocr_par' dir='ltr' id='par_1_42' title="bbox 517 2705 2108 2776">
     <span class='ocr_line' id='line_1_42' title="bbox 517 2705 2108 2776; baseline 0.003 -18"><span class='ocrx_word' id='word_1_286' title='bbox 517 2705 694 2760; x_wconf 91' lang='lat' dir='ltr'><strong>virum</strong></span> <span class='ocrx_word' id='word_1_287' title='bbox 719 2705 1025 2760; x_wconf 77' lang='lat' dir='ltr'><strong>Rothadum</strong></span> <span class='ocrx_word' id='word_1_288' title='bbox 1069 2707 1138 2762; x_wconf 90' lang='lat' dir='ltr'><strong>ab</strong></span> <span class='ocrx_word' id='word_1_289' title='bbox 1174 2707 1364 2762; x_wconf 85' lang='lat' dir='ltr'><strong>exsilio</strong></span> <span class='ocrx_word' id='word_1_290' title='bbox 1394 2715 1735 2774; x_wconf 84' lang='lat' dir='ltr'><strong>revocarent,</strong></span> <span class='ocrx_word' id='word_1_291' title='bbox 1767 2707 2108 2776; x_wconf 83' lang='lat' dir='ltr'><strong>Romamque</strong></span> 
     </span>
    </p>
   </div>
   <div class='ocr_carea' id='block_1_43' title="bbox 519 2794 2107 2867">
    <p class='ocr_par' dir='ltr' id='par_1_43' title="bbox 519 2794 2107 2867">
     <span class='ocr_line' id='line_1_43' title="bbox 519 2794 2107 2867; baseline 0.001 -19"><span class='ocrx_word' id='word_1_292' title='bbox 519 2795 591 2849; x_wconf 84' lang='lat' dir='ltr'><strong>ad</strong></span> <span class='ocrx_word' id='word_1_293' title='bbox 617 2794 788 2866; x_wconf 89' lang='lat' dir='ltr'><strong>ipsius</strong></span> <span class='ocrx_word' id='word_1_294' title='bbox 812 2810 1030 2850; x_wconf 87' lang='lat' dir='ltr'><strong>causam</strong></span> <span class='ocrx_word' id='word_1_295' title='bbox 1061 2796 1116 2851; x_wconf 85' lang='lat' dir='ltr'><strong>in</strong></span> <span class='ocrx_word' id='word_1_296' title='bbox 1147 2805 1330 2851; x_wconf 83' lang='lat' dir='ltr'><strong>nostra</strong></span> <span class='ocrx_word' id='word_1_297' title='bbox 1364 2796 1653 2867; x_wconf 72' lang='lat' dir='ltr'><strong>przesentia</strong></span> <span class='ocrx_word' id='word_1_298' title='bbox 1689 2795 2107 2852; x_wconf 76' lang='lat' dir='ltr'><strong>examinandum</strong></span> 
     </span>
    </p>
   </div>
   <div class='ocr_carea' id='block_1_44' title="bbox 517 2884 2106 2957">
    <p class='ocr_par' dir='ltr' id='par_1_44' title="bbox 517 2884 2106 2957">
     <span class='ocr_line' id='line_1_44' title="bbox 517 2884 2106 2957; baseline 0 -17"><span class='ocrx_word' id='word_1_299' title='bbox 517 2885 836 2955; x_wconf 79' lang='lat' dir='ltr'><strong>dirigerent.</strong></span> <span class='ocrx_word' id='word_1_300' title='bbox 867 2885 1097 2957; x_wconf 90' lang='lat' dir='ltr'><strong>Dignum</strong></span> <span class='ocrx_word' id='word_1_301' title='bbox 1123 2886 1324 2957; x_wconf 88' lang='lat' dir='ltr'><strong>quippe</strong></span> <span class='ocrx_word' id='word_1_302' title='bbox 1352 2894 1458 2950; x_wconf 87' lang='lat' dir='ltr'><strong>est,</strong></span> <span class='ocrx_word' id='word_1_303' title='bbox 1486 2894 1546 2940; x_wconf 86' lang='lat' dir='ltr'><strong>ut</strong></span> <span class='ocrx_word' id='word_1_304' title='bbox 1571 2901 1801 2956; x_wconf 89' lang='lat' dir='ltr'><strong>quorum</strong></span> <span class='ocrx_word' id='word_1_305' title='bbox 1818 2884 2026 2956; x_wconf 92' lang='lat' dir='ltr'><strong>judicio</strong></span> <span class='ocrx_word' id='word_1_306' title='bbox 2050 2884 2106 2940; x_wconf 91' lang='lat' dir='ltr'><strong>in</strong></span> 
     </span>
    </p>
   </div>
   <div class='ocr_carea' id='block_1_45' title="bbox 503 2973 2107 3046">
    <p class='ocr_par' dir='ltr' id='par_1_45' title="bbox 503 2973 2107 3046">
     <span class='ocr_line' id='line_1_45' title="bbox 503 2973 2107 3046; baseline -0.003 -12"><span class='ocrx_word' id='word_1_307' title='bbox 503 2976 770 3034; x_wconf 77' lang='lat' dir='ltr'><strong>exsilium</strong></span> <span class='ocrx_word' id='word_1_308' title='bbox 801 2985 886 3032; x_wconf 90' lang='lat' dir='ltr'><strong>est</strong></span> <span class='ocrx_word' id='word_1_309' title='bbox 913 2977 1247 3046; x_wconf 88' lang='lat' dir='ltr'><strong>deportatus,</strong></span> <span class='ocrx_word' id='word_1_310' title='bbox 1278 2991 1466 3032; x_wconf 89' lang='lat' dir='ltr'><strong>eorum</strong></span> <span class='ocrx_word' id='word_1_311' title='bbox 1513 2976 1585 3032; x_wconf 86' lang='lat' dir='ltr'><strong>sit</strong></span> <span class='ocrx_word' id='word_1_312' title='bbox 1613 2975 1884 3031; x_wconf 91' lang='lat' dir='ltr'><strong>communi</strong></span> <span class='ocrx_word' id='word_1_313' title='bbox 1928 2973 2107 3030; x_wconf 88' lang='lat' dir='ltr'><strong>studio</strong></span> 
     </span>
    </p>
   </div>
   <div class='ocr_carea' id='block_1_46' title="bbox 519 3065 2108 3137">
    <p class='ocr_par' dir='ltr' id='par_1_46' title="bbox 519 3065 2108 3137">
     <span class='ocr_line' id='line_1_46' title="bbox 519 3065 2108 3137; baseline -0.002 -15"><span class='ocrx_word' id='word_1_314' title='bbox 519 3066 663 3122; x_wconf 87' lang='lat' dir='ltr'><strong>beati</strong></span> <span class='ocrx_word' id='word_1_315' title='bbox 691 3065 834 3121; x_wconf 82' lang='lat' dir='ltr'><strong>Petri</strong></span> <span class='ocrx_word' id='word_1_316' title='bbox 867 3065 1162 3130; x_wconf 66' lang='lat' dir='ltr'><strong>memoriae,</strong></span> <span class='ocrx_word' id='word_1_317' title='bbox 1193 3065 1422 3137; x_wconf 88' lang='lat' dir='ltr'><strong>sedique</strong></span> <span class='ocrx_word' id='word_1_318' title='bbox 1459 3066 1630 3136; x_wconf 87' lang='lat' dir='ltr'><strong>ipsius</strong></span> <span class='ocrx_word' id='word_1_319' title='bbox 1650 3066 1948 3121; x_wconf 78' lang='lat' dir='ltr'><strong>honoriﬁce</strong></span> <span class='ocrx_word' id='word_1_320' title='bbox 1967 3079 2108 3136; x_wconf 81' lang='lat' dir='ltr'><strong>pra:-</strong></span> 
     </span>
    </p>
   </div>
   <div class='ocr_carea' id='block_1_47' title="bbox 2205 1884 3822 1957">
    <p class='ocr_par' dir='ltr' id='par_1_47' title="bbox 2205 1884 3822 1957">
     <span class='ocr_line' id='line_1_47' title="bbox 2205 1884 3822 1957; baseline -0.002 -14"><span class='ocrx_word' id='word_1_321' title='bbox 2205 1901 2549 1957; x_wconf 88' lang='lat' dir='ltr'><strong>summopere</strong></span> <span class='ocrx_word' id='word_1_322' title='bbox 2603 1885 2912 1941; x_wconf 88' lang='lat' dir='ltr'><strong>incitamus.</strong></span> <span class='ocrx_word' id='word_1_323' title='bbox 2967 1885 3104 1940; x_wconf 86' lang='lat' dir='ltr'><strong>Nam</strong></span> <span class='ocrx_word' id='word_1_324' title='bbox 3157 1887 3429 1955; x_wconf 86' lang='lat' dir='ltr'><strong>quomodo</strong></span> <span class='ocrx_word' id='word_1_325' title='bbox 3477 1884 3706 1956; x_wconf 86' lang='lat' dir='ltr'><strong>putatis,</strong></span> <span class='ocrx_word' id='word_1_326' title='bbox 3765 1884 3822 1940; x_wconf 73' lang='lat' dir='ltr'><strong>si</strong></span> 
     </span>
    </p>
   </div>
   <div class='ocr_carea' id='block_1_48' title="bbox 2203 1975 3818 2050">
    <p class='ocr_par' dir='ltr' id='par_1_48' title="bbox 2203 1975 3818 2050">
     <span class='ocr_line' id='line_1_48' title="bbox 2203 1975 3818 2050; baseline -0.004 -17"><span class='ocrx_word' id='word_1_327' title='bbox 2203 1979 2578 2050; x_wconf 78' lang='lat' dir='ltr'><strong>Opportunitas</strong></span> <span class='ocrx_word' id='word_1_328' title='bbox 2618 1979 2883 2050; x_wconf 74' lang='lat' dir='ltr'><strong>exegerit,</strong></span> <span class='ocrx_word' id='word_1_329' title='bbox 2919 1988 2981 2032; x_wconf 92' lang='lat' dir='ltr'><strong>ut</strong></span> <span class='ocrx_word' id='word_1_330' title='bbox 3017 1985 3201 2032; x_wconf 86' lang='lat' dir='ltr'><strong>vestro</strong></span> <span class='ocrx_word' id='word_1_331' title='bbox 3230 1991 3418 2046; x_wconf 83' lang='lat' dir='ltr'><strong>regno,</strong></span> <span class='ocrx_word' id='word_1_332' title='bbox 3441 1976 3639 2030; x_wconf 81' lang='lat' dir='ltr'><strong>vestris</strong></span> <span class='ocrx_word' id='word_1_333' title='bbox 3664 1975 3818 2029; x_wconf 84' lang='lat' dir='ltr'><strong>nisi-</strong></span> 
     </span>
    </p>
   </div>
   <div class='ocr_carea' id='block_1_49' title="bbox 2205 2067 3820 2144">
    <p class='ocr_par' dir='ltr' id='par_1_49' title="bbox 2205 2067 3820 2144">
     <span class='ocr_line' id='line_1_49' title="bbox 2205 2067 3820 2144; baseline -0.002 -17"><span class='ocrx_word' id='word_1_334' title='bbox 2205 2072 2305 2128; x_wconf 88' lang='lat' dir='ltr'><strong>bus</strong></span> <span class='ocrx_word' id='word_1_335' title='bbox 2333 2071 2482 2144; x_wconf 81' lang='lat' dir='ltr'><strong>[edit.</strong></span> <span class='ocrx_word' id='word_1_336' title='bbox 2509 2071 2687 2136; x_wconf 86' lang='lat' dir='ltr'><strong>Rom.,</strong></span> <span class='ocrx_word' id='word_1_337' title='bbox 2707 2069 2989 2142; x_wconf 80' lang='lat' dir='ltr'><strong>jussibus].</strong></span> <span class='ocrx_word' id='word_1_338' title='bbox 3029 2070 3194 2126; x_wconf 89' lang='lat' dir='ltr'><strong>vestri</strong></span> <span class='ocrx_word' id='word_1_339' title='bbox 3225 2068 3378 2140; x_wconf 80' lang='lat' dir='ltr'><strong>regni</strong></span> <span class='ocrx_word' id='word_1_340' title='bbox 3418 2067 3674 2124; x_wconf 84' lang='lat' dir='ltr'><strong>Ecclesiis</strong></span> <span class='ocrx_word' id='word_1_341' title='bbox 3701 2067 3820 2123; x_wconf 83' lang='lat' dir='ltr'><strong>ali-</strong></span> 
     </span>
    </p>
   </div>
   <div class='ocr_carea' id='block_1_50' title="bbox 2199 2157 3820 2232">
    <p class='ocr_par' dir='ltr' id='par_1_50' title="bbox 2199 2157 3820 2232">
     <span class='ocr_line' id='line_1_50' title="bbox 2199 2157 3820 2232; baseline -0.002 -16"><span class='ocrx_word' id='word_1_342' title='bbox 2199 2162 2349 2232; x_wconf 82' lang='lat' dir='ltr'><strong>quod</strong></span> <span class='ocrx_word' id='word_1_343' title='bbox 2377 2169 2700 2228; x_wconf 67' lang='lat' dir='ltr'><strong>praestemus</strong></span> <span class='ocrx_word' id='word_1_344' title='bbox 2748 2159 3022 2224; x_wconf 88' lang='lat' dir='ltr'><strong>solatium,</strong></span> <span class='ocrx_word' id='word_1_345' title='bbox 3069 2166 3163 2212; x_wconf 89' lang='lat' dir='ltr'><strong>aut</strong></span> <span class='ocrx_word' id='word_1_346' title='bbox 3203 2167 3395 2214; x_wconf 88' lang='lat' dir='ltr'><strong>contra</strong></span> <span class='ocrx_word' id='word_1_347' title='bbox 3458 2157 3820 2212; x_wconf 81' lang='lat' dir='ltr'><strong>adversarios</strong></span> 
     </span>
    </p>
   </div>
   <div class='ocr_carea' id='block_1_51' title="bbox 2205 2248 3818 2323">
    <p class='ocr_par' dir='ltr' id='par_1_51' title="bbox 2205 2248 3818 2323">
     <span class='ocr_line' id='line_1_51' title="bbox 2205 2248 3818 2323; baseline -0.004 -16"><span class='ocrx_word' id='word_1_348' title='bbox 2205 2252 2558 2322; x_wconf 88' lang='lat' dir='ltr'><strong>protectionis</strong></span> <span class='ocrx_word' id='word_1_349' title='bbox 2603 2252 2850 2323; x_wconf 85' lang='lat' dir='ltr'><strong>clypeum</strong></span> <span class='ocrx_word' id='word_1_350' title='bbox 2903 2249 3271 2313; x_wconf 82' lang='lat' dir='ltr'><strong>conferamus,</strong></span> <span class='ocrx_word' id='word_1_351' title='bbox 3329 2249 3377 2304; x_wconf 89' lang='lat' dir='ltr'><strong>si</strong></span> <span class='ocrx_word' id='word_1_352' title='bbox 3425 2259 3687 2320; x_wconf 87' lang='lat' dir='ltr'><strong>quantum</strong></span> <span class='ocrx_word' id='word_1_353' title='bbox 3751 2248 3818 2302; x_wconf 86' lang='lat' dir='ltr'><strong>in</strong></span> 
     </span>
    </p>
   </div>
   <div class='ocr_carea' id='block_1_52' title="bbox 2205 2339 3820 2414">
    <p class='ocr_par' dir='ltr' id='par_1_52' title="bbox 2205 2339 3820 2414">
     <span class='ocr_line' id='line_1_52' title="bbox 2205 2339 3820 2414; baseline -0.003 -16"><span class='ocrx_word' id='word_1_354' title='bbox 2205 2343 2358 2414; x_wconf 87' lang='lat' dir='ltr'><strong>regni</strong></span> <span class='ocrx_word' id='word_1_355' title='bbox 2387 2343 2556 2398; x_wconf 89' lang='lat' dir='ltr'><strong>vestri</strong></span> <span class='ocrx_word' id='word_1_356' title='bbox 2579 2342 2824 2412; x_wconf 88' lang='lat' dir='ltr'><strong>partibus</strong></span> <span class='ocrx_word' id='word_1_357' title='bbox 2847 2351 2950 2407; x_wconf 89' lang='lat' dir='ltr'><strong>est,</strong></span> <span class='ocrx_word' id='word_1_358' title='bbox 2977 2341 3233 2412; x_wconf 91' lang='lat' dir='ltr'><strong>quoniam</strong></span> <span class='ocrx_word' id='word_1_359' title='bbox 3263 2340 3354 2395; x_wconf 85' lang='lat' dir='ltr'><strong>illa</strong></span> <span class='ocrx_word' id='word_1_360' title='bbox 3383 2341 3605 2395; x_wconf 90' lang='lat' dir='ltr'><strong>omnino</strong></span> <span class='ocrx_word' id='word_1_361' title='bbox 3624 2339 3820 2395; x_wconf 86' lang='lat' dir='ltr'><strong>scindi</strong></span> 
     </span>
    </p>
   </div>
   <div class='ocr_carea' id='block_1_53' title="bbox 2208 2433 3820 2506">
    <p class='ocr_par' dir='ltr' id='par_1_53' title="bbox 2208 2433 3820 2506">
     <span class='ocr_line' id='line_1_53' title="bbox 2208 2433 3820 2506; baseline -0.001 -16"><span class='ocrx_word' id='word_1_362' title='bbox 2208 2451 2314 2491; x_wconf 92' lang='lat' dir='ltr'><strong>non</strong></span> <span class='ocrx_word' id='word_1_363' title='bbox 2355 2446 2608 2506; x_wconf 83' lang='lat' dir='ltr'><strong>possunt,</strong></span> <span class='ocrx_word' id='word_1_364' title='bbox 2651 2450 2715 2490; x_wconf 88' lang='lat' dir='ltr'><strong>ea</strong></span> <span class='ocrx_word' id='word_1_365' title='bbox 2756 2451 2854 2492; x_wconf 91' lang='lat' dir='ltr'><strong>vos</strong></span> <span class='ocrx_word' id='word_1_366' title='bbox 2900 2437 3254 2505; x_wconf 75' lang='lat' dir='ltr'><strong>aliquatenus</strong></span> <span class='ocrx_word' id='word_1_367' title='bbox 3285 2433 3543 2489; x_wconf 87' lang='lat' dir='ltr'><strong>minorari</strong></span> <span class='ocrx_word' id='word_1_368' title='bbox 3583 2433 3820 2499; x_wconf 81' lang='lat' dir='ltr'><strong>sinatis,</strong></span> 
     </span>
    </p>
   </div>
   <div class='ocr_carea' id='block_1_54' title="bbox 2207 2526 3819 2599">
    <p class='ocr_par' dir='ltr' id='par_1_54' title="bbox 2207 2526 3819 2599">
     <span class='ocr_line' id='line_1_54' title="bbox 2207 2526 3819 2599; baseline 0 -17"><span class='ocrx_word' id='word_1_369' title='bbox 2207 2527 2402 2597; x_wconf 86' lang='lat' dir='ltr'><strong>quibus</strong></span> <span class='ocrx_word' id='word_1_370' title='bbox 2431 2529 2513 2582; x_wconf 80' lang='grc' dir='ltr'>ιιςί</span> <span class='ocrx_word' id='word_1_371' title='bbox 2560 2538 2746 2599; x_wconf 89' lang='lat' dir='ltr'><strong>patres</strong></span> <span class='ocrx_word' id='word_1_372' title='bbox 2781 2529 2969 2593; x_wconf 82' lang='lat' dir='ltr'><strong>vestri,</strong></span> <span class='ocrx_word' id='word_1_373' title='bbox 3013 2543 3176 2582; x_wconf 90' lang='lat' dir='ltr'><strong>omne</strong></span> <span class='ocrx_word' id='word_1_374' title='bbox 3223 2543 3444 2583; x_wconf 87' lang='lat' dir='ltr'><strong>suarum</strong></span> <span class='ocrx_word' id='word_1_375' title='bbox 3475 2526 3819 2597; x_wconf 84' lang='lat' dir='ltr'><strong>dignitatum</strong></span> 
     </span>
    </p>
   </div>
   <div class='ocr_carea' id='block_1_55' title="bbox 2209 2616 3824 2690">
    <p class='ocr_par' dir='ltr' id='par_1_55' title="bbox 2209 2616 3824 2690">
     <span class='ocr_line' id='line_1_55' title="bbox 2209 2616 3824 2690; baseline -0.001 -16"><span class='ocrx_word' id='word_1_376' title='bbox 2209 2618 2623 2684; x_wconf 89' lang='lat' dir='ltr'><strong>incrementum,</strong></span> <span class='ocrx_word' id='word_1_377' title='bbox 2653 2634 2978 2690; x_wconf 89' lang='lat' dir='ltr'><strong>omnemque</strong></span> <span class='ocrx_word' id='word_1_378' title='bbox 3005 2619 3231 2690; x_wconf 88' lang='lat' dir='ltr'><strong>gloriam</strong></span> <span class='ocrx_word' id='word_1_379' title='bbox 3259 2618 3655 2690; x_wconf 81' lang='lat' dir='ltr'><strong>perceperunt?</strong></span> <span class='ocrx_word' id='word_1_380' title='bbox 3681 2616 3824 2672; x_wconf 82' lang='lat' dir='ltr'><strong>Pri-</strong></span> 
     </span>
    </p>
   </div>
   <div class='ocr_carea' id='block_1_56' title="bbox 2206 2709 3817 2783">
    <p class='ocr_par' dir='ltr' id='par_1_56' title="bbox 2206 2709 3817 2783">
     <span class='ocr_line' id='line_1_56' title="bbox 2206 2709 3817 2783; baseline -0.001 -17"><span class='ocrx_word' id='word_1_381' title='bbox 2206 2711 2401 2783; x_wconf 87' lang='lat' dir='ltr'><strong>vilegia</strong></span> <span class='ocrx_word' id='word_1_382' title='bbox 2425 2727 2658 2782; x_wconf 90' lang='lat' dir='ltr'><strong>namque</strong></span> <span class='ocrx_word' id='word_1_383' title='bbox 2673 2712 2930 2768; x_wconf 62' lang='lat' dir='ltr'><strong>Romanae</strong></span> <span class='ocrx_word' id='word_1_384' title='bbox 2957 2712 3211 2767; x_wconf 68' lang='lat' dir='ltr'><strong>Ecclesia:</strong></span> <span class='ocrx_word' id='word_1_385' title='bbox 3236 2711 3400 2766; x_wconf 86' lang='lat' dir='ltr'><strong>totius</strong></span> <span class='ocrx_word' id='word_1_386' title='bbox 3417 2719 3544 2766; x_wconf 90' lang='lat' dir='ltr'><strong>sunt</strong></span> <span class='ocrx_word' id='word_1_387' title='bbox 3565 2709 3817 2775; x_wconf 84' lang='lat' dir='ltr'><strong>Christi,</strong></span> 
     </span>
    </p>
   </div>
   <div class='ocr_carea' id='block_1_57' title="bbox 2207 2799 3824 2867">
    <p class='ocr_par' dir='ltr' id='par_1_57' title="bbox 2207 2799 3824 2867">
     <span class='ocr_line' id='line_1_57' title="bbox 2207 2799 3824 2867; baseline -0.002 -9"><span class='ocrx_word' id='word_1_388' title='bbox 2207 2812 2268 2858; x_wconf 88' lang='lat' dir='ltr'><strong>ut</strong></span> <span class='ocrx_word' id='word_1_389' title='bbox 2299 2803 2372 2857; x_wconf 92' lang='lat' dir='ltr'><strong>ita</strong></span> <span class='ocrx_word' id='word_1_390' title='bbox 2414 2803 2676 2867; x_wconf 88' lang='lat' dir='ltr'><strong>dicamus,</strong></span> <span class='ocrx_word' id='word_1_391' title='bbox 2724 2803 2962 2858; x_wconf 89' lang='lat' dir='ltr'><strong>remedia</strong></span> <span class='ocrx_word' id='word_1_392' title='bbox 3012 2801 3268 2858; x_wconf 70' lang='lat' dir='ltr'><strong>Ecclesiae</strong></span> <span class='ocrx_word' id='word_1_393' title='bbox 3291 2799 3590 2856; x_wconf 67' lang='lat' dir='ltr'><strong>catholico.</strong></span> <span class='ocrx_word' id='word_1_394' title='bbox 3625 2799 3824 2855; x_wconf 80' lang='lat' dir='ltr'><strong>Privi-</strong></span> 
     </span>
    </p>
   </div>
   <div class='ocr_carea' id='block_1_58' title="bbox 2207 2891 3822 2966">
    <p class='ocr_par' dir='ltr' id='par_1_58' title="bbox 2207 2891 3822 2966">
     <span class='ocr_line' id='line_1_58' title="bbox 2207 2891 3822 2966; baseline 0.002 -18"><span class='ocrx_word' id='word_1_395' title='bbox 2207 2893 2366 2966; x_wconf 88' lang='lat' dir='ltr'><strong>legia,</strong></span> <span class='ocrx_word' id='word_1_396' title='bbox 2397 2893 2645 2964; x_wconf 88' lang='lat' dir='ltr'><strong>inquam.</strong></span> <span class='ocrx_word' id='word_1_397' title='bbox 2667 2891 2814 2948; x_wconf 83' lang='lat' dir='ltr'><strong>Petri</strong></span> <span class='ocrx_word' id='word_1_398' title='bbox 2842 2908 2995 2948; x_wconf 85' lang='lat' dir='ltr'><strong>arma</strong></span> <span class='ocrx_word' id='word_1_399' title='bbox 3023 2903 3154 2948; x_wconf 91' lang='lat' dir='ltr'><strong>sunt</strong></span> <span class='ocrx_word' id='word_1_400' title='bbox 3180 2903 3369 2950; x_wconf 88' lang='lat' dir='ltr'><strong>contra</strong></span> <span class='ocrx_word' id='word_1_401' title='bbox 3399 2909 3587 2950; x_wconf 89' lang='lat' dir='ltr'><strong>omnes</strong></span> <span class='ocrx_word' id='word_1_402' title='bbox 3624 2896 3822 2966; x_wconf 83' lang='lat' dir='ltr'><strong>impe-</strong></span> 
     </span>
    </p>
   </div>
   <div class='ocr_carea' id='block_1_59' title="bbox 2211 2983 3817 3056">
    <p class='ocr_par' dir='ltr' id='par_1_59' title="bbox 2211 2983 3817 3056">
     <span class='ocr_line' id='line_1_59' title="bbox 2211 2983 3817 3056; baseline 0.002 -17"><span class='ocrx_word' id='word_1_403' title='bbox 2211 2992 2298 3039; x_wconf 87' lang='lat' dir='ltr'><strong>tus</strong></span> <span class='ocrx_word' id='word_1_404' title='bbox 2327 2983 2678 3053; x_wconf 88' lang='lat' dir='ltr'><strong>pravitatum,</strong></span> <span class='ocrx_word' id='word_1_405' title='bbox 2709 2996 2765 3039; x_wconf 89' lang='lat' dir='ltr'><strong>et</strong></span> <span class='ocrx_word' id='word_1_406' title='bbox 2784 2985 3119 3040; x_wconf 90' lang='lat' dir='ltr'><strong>munimenta</strong></span> <span class='ocrx_word' id='word_1_407' title='bbox 3139 2993 3304 3056; x_wconf 85' lang='lat' dir='ltr'><strong>atque</strong></span> <span class='ocrx_word' id='word_1_408' title='bbox 3333 2986 3654 3042; x_wconf 88' lang='lat' dir='ltr'><strong>documenta</strong></span> <span class='ocrx_word' id='word_1_409' title='bbox 3689 2987 3817 3044; x_wconf 79' lang='lat' dir='ltr'><strong>Do-</strong></span> 
     </span>
    </p>
   </div>
   <div class='ocr_carea' id='block_1_60' title="bbox 2212 3074 3816 3155">
    <p class='ocr_par' dir='ltr' id='par_1_60' title="bbox 2212 3074 3816 3155">
     <span class='ocr_line' id='line_1_60' title="bbox 2212 3074 3816 3155; baseline 0.002 -25"><span class='ocrx_word' id='word_1_410' title='bbox 2212 3074 2346 3130; x_wconf 92' lang='lat' dir='ltr'><strong>mini</strong></span> <span class='ocrx_word' id='word_1_411' title='bbox 2376 3074 2741 3155; x_wconf 74' lang='lat' dir='ltr'><strong>sacerdotum,</strong></span> <span class='ocrx_word' id='word_1_412' title='bbox 2771 3083 2827 3130; x_wconf 91' lang='lat' dir='ltr'><strong>et</strong></span> <span class='ocrx_word' id='word_1_413' title='bbox 2844 3075 3088 3130; x_wconf 90' lang='lat' dir='ltr'><strong>omnium</strong></span> <span class='ocrx_word' id='word_1_414' title='bbox 3127 3090 3352 3146; x_wconf 88' lang='lat' dir='ltr'><strong>prorsus</strong></span> <span class='ocrx_word' id='word_1_415' title='bbox 3379 3078 3473 3149; x_wconf 91' lang='lat' dir='ltr'><strong>qui</strong></span> <span class='ocrx_word' id='word_1_416' title='bbox 3518 3077 3571 3132; x_wconf 91' lang='lat' dir='ltr'><strong>in</strong></span> <span class='ocrx_word' id='word_1_417' title='bbox 3627 3078 3816 3135; x_wconf 78' lang='lat' dir='ltr'><strong>subli-</strong></span> 
     </span>
    </p>
   </div>
   <div class='ocr_carea' id='block_1_61' title="bbox 518 3137 3811 3241">
    <p class='ocr_par' dir='ltr' id='par_1_61' title="bbox 518 3137 3811 3241">
     <span class='ocr_line' id='line_1_61' title="bbox 518 3137 3811 3241; baseline 0.003 -29"><span class='ocrx_word' id='word_1_418' title='bbox 518 3164 786 3212; x_wconf 88' lang='lat' dir='ltr'><strong>sentatus.</strong></span> <span class='ocrx_word' id='word_1_419' title='bbox 814 3156 894 3211; x_wconf 83' lang='lat' dir='ltr'><strong>Ex</strong></span> <span class='ocrx_word' id='word_1_420' title='bbox 924 3155 1030 3211; x_wconf 88' lang='lat' dir='ltr'><strong>illis</strong></span> <span class='ocrx_word' id='word_1_421' title='bbox 1053 3164 1233 3212; x_wconf 90' lang='lat' dir='ltr'><strong>autem</strong></span> <span class='ocrx_word' id='word_1_422' title='bbox 1258 3157 1635 3228; x_wconf 83' lang='lat' dir='ltr'><strong>praecepimus,</strong></span> <span class='ocrx_word' id='word_1_423' title='bbox 1655 3167 1717 3214; x_wconf 90' lang='lat' dir='ltr'><strong>ut</strong></span> <span class='ocrx_word' id='word_1_424' title='bbox 1736 3159 1844 3215; x_wconf 92' lang='lat' dir='ltr'><strong>duo</strong></span> <span class='ocrx_word' id='word_1_425' title='bbox 1866 3158 1950 3215; x_wconf 91' lang='lat' dir='ltr'><strong>vel</strong></span> <span class='ocrx_word' id='word_1_426' title='bbox 1974 3167 2104 3224; x_wconf 83' lang='lat' dir='ltr'><strong>tres,</strong></span> <span class='ocrx_word' id='word_1_427' title='bbox 2133 3137 2180 3202; x_wconf 69' lang='grc' dir='ltr'><strong>(ἶ</strong></span> <span class='ocrx_word' id='word_1_428' title='bbox 2214 3137 2776 3235; x_wconf 55' lang='grc' dir='ltr'><strong>ηιίωιεόοηεῑειυηὶ,</strong></span> <span class='ocrx_word' id='word_1_429' title='bbox 2829 3167 2942 3224; x_wconf 87' lang='lat' dir='ltr'><strong>imo</strong></span> <span class='ocrx_word' id='word_1_430' title='bbox 2983 3137 3304 3225; x_wconf 67' lang='lat' dir='ltr'><strong>cunctorum</strong></span> <span class='ocrx_word' id='word_1_431' title='bbox 3343 3137 3437 3241; x_wconf 72' lang='lat' dir='ltr'><strong>qui</strong></span> <span class='ocrx_word' id='word_1_432' title='bbox 3481 3169 3552 3225; x_wconf 90' lang='lat' dir='ltr'><strong>ab</strong></span> <span class='ocrx_word' id='word_1_433' title='bbox 3593 3171 3811 3227; x_wconf 81' lang='lat' dir='ltr'><strong>eisdem</strong></span> 
     </span>
    </p>
   </div>
   <div class='ocr_carea' id='block_1_62' title="bbox 519 3248 2113 3320">
    <p class='ocr_par' dir='ltr' id='par_1_62' title="bbox 519 3248 2113 3320">
     <span class='ocr_line' id='line_1_62' title="bbox 519 3248 2113 3320; baseline 0.003 -19"><span class='ocrx_word' id='word_1_434' title='bbox 519 3255 615 3301; x_wconf 86' lang='lat' dir='ltr'><strong>aut</strong></span> <span class='ocrx_word' id='word_1_435' title='bbox 647 3255 797 3302; x_wconf 89' lang='lat' dir='ltr'><strong>certe</strong></span> <span class='ocrx_word' id='word_1_436' title='bbox 844 3255 1111 3318; x_wconf 87' lang='lat' dir='ltr'><strong>quotquot</strong></span> <span class='ocrx_word' id='word_1_437' title='bbox 1159 3248 1448 3315; x_wconf 88' lang='lat' dir='ltr'><strong>voluerint,</strong></span> <span class='ocrx_word' id='word_1_438' title='bbox 1499 3250 1740 3315; x_wconf 88' lang='lat' dir='ltr'><strong>veniant,</strong></span> <span class='ocrx_word' id='word_1_439' title='bbox 1791 3250 1883 3320; x_wconf 90' lang='lat' dir='ltr'><strong>qui</strong></span> <span class='ocrx_word' id='word_1_440' title='bbox 1934 3250 2007 3305; x_wconf 83' lang='lat' dir='ltr'><strong>ita</strong></span> <span class='ocrx_word' id='word_1_441' title='bbox 2057 3251 2113 3305; x_wconf 91' lang='lat' dir='ltr'><strong>in</strong></span> 
     </span>
    </p>
   </div>
   <div class='ocr_carea' id='block_1_63' title="bbox 519 3337 2110 3412">
    <p class='ocr_par' dir='ltr' id='par_1_63' title="bbox 519 3337 2110 3412">
     <span class='ocr_line' id='line_1_63' title="bbox 519 3337 2110 3412; baseline 0.003 -20"><span class='ocrx_word' id='word_1_442' title='bbox 519 3338 730 3393; x_wconf 90' lang='lat' dir='ltr'><strong>cunctis</strong></span> <span class='ocrx_word' id='word_1_443' title='bbox 759 3337 1114 3407; x_wconf 90' lang='lat' dir='ltr'><strong>reliquorum,</strong></span> <span class='ocrx_word' id='word_1_444' title='bbox 1165 3340 1258 3409; x_wconf 88' lang='lat' dir='ltr'><strong>qui</strong></span> <span class='ocrx_word' id='word_1_445' title='bbox 1307 3355 1596 3396; x_wconf 89' lang='lat' dir='ltr'><strong>occurrere</strong></span> <span class='ocrx_word' id='word_1_446' title='bbox 1650 3357 1756 3398; x_wconf 91' lang='lat' dir='ltr'><strong>non</strong></span> <span class='ocrx_word' id='word_1_447' title='bbox 1813 3342 2110 3412; x_wconf 90' lang='lat' dir='ltr'><strong>potuerint,</strong></span> 
     </span>
    </p>
   </div>
   <div class='ocr_carea' id='block_1_64' title="bbox 521 3428 2114 3504">
    <p class='ocr_par' dir='ltr' id='par_1_64' title="bbox 521 3428 2114 3504">
     <span class='ocr_line' id='line_1_64' title="bbox 521 3428 2114 3504; baseline 0.004 -21"><span class='ocrx_word' id='word_1_448' title='bbox 521 3428 870 3498; x_wconf 72' lang='lat' dir='ltr'><strong>praesentiam</strong></span> <span class='ocrx_word' id='word_1_449' title='bbox 895 3428 1201 3498; x_wconf 68' lang='lat' dir='ltr'><strong>prmferant,</strong></span> <span class='ocrx_word' id='word_1_450' title='bbox 1226 3438 1287 3486; x_wconf 92' lang='lat' dir='ltr'><strong>ut</strong></span> <span class='ocrx_word' id='word_1_451' title='bbox 1313 3431 1574 3502; x_wconf 91' lang='lat' dir='ltr'><strong>quidquid</strong></span> <span class='ocrx_word' id='word_1_452' title='bbox 1599 3433 1865 3504; x_wconf 84' lang='lat' dir='ltr'><strong>agendum</strong></span> <span class='ocrx_word' id='word_1_453' title='bbox 1885 3441 1990 3499; x_wconf 91' lang='lat' dir='ltr'><strong>est,</strong></span> <span class='ocrx_word' id='word_1_454' title='bbox 2027 3432 2114 3490; x_wconf 89' lang='lat' dir='ltr'><strong>vel</strong></span> 
     </span>
    </p>
   </div>
   <div class='ocr_carea' id='block_1_65' title="bbox 519 3517 2108 3595">
    <p class='ocr_par' dir='ltr' id='par_1_65' title="bbox 519 3517 2108 3595">
     <span class='ocr_line' id='line_1_65' title="bbox 519 3517 2108 3595; baseline 0.005 -23"><span class='ocrx_word' id='word_1_455' title='bbox 519 3517 924 3588; x_wconf 82' lang='lat' dir='ltr'><strong>experiendum.</strong></span> <span class='ocrx_word' id='word_1_456' title='bbox 957 3519 1082 3574; x_wconf 90' lang='lat' dir='ltr'><strong>dum</strong></span> <span class='ocrx_word' id='word_1_457' title='bbox 1109 3519 1310 3577; x_wconf 78' lang='lat' dir='ltr'><strong>fuerint</strong></span> <span class='ocrx_word' id='word_1_458' title='bbox 1347 3521 1603 3578; x_wconf 87' lang='lat' dir='ltr'><strong>refricata</strong></span> <span class='ocrx_word' id='word_1_459' title='bbox 1631 3538 1751 3593; x_wconf 77' lang='lat' dir='ltr'><strong>qua:</strong></span> <span class='ocrx_word' id='word_1_460' title='bbox 1787 3536 1938 3595; x_wconf 86' lang='lat' dir='ltr'><strong>gesta</strong></span> <span class='ocrx_word' id='word_1_461' title='bbox 1962 3535 2108 3591; x_wconf 89' lang='lat' dir='ltr'><strong>sunt,</strong></span> 
     </span>
    </p>
   </div>
   <div class='ocr_carea' id='block_1_66' title="bbox 501 3607 2115 3685">
    <p class='ocr_par' dir='ltr' id='par_1_66' title="bbox 501 3607 2115 3685">
     <span class='ocr_line' id='line_1_66' title="bbox 501 3607 2115 3685; baseline 0.006 -25"><span class='ocrx_word' id='word_1_462' title='bbox 501 3607 760 3676; x_wconf 85' lang='lat' dir='ltr'><strong>ipsorum</strong></span> <span class='ocrx_word' id='word_1_463' title='bbox 787 3607 1028 3664; x_wconf 91' lang='lat' dir='ltr'><strong>omnium</strong></span> <span class='ocrx_word' id='word_1_464' title='bbox 1057 3611 1173 3666; x_wconf 90' lang='lat' dir='ltr'><strong>vice</strong></span> <span class='ocrx_word' id='word_1_465' title='bbox 1195 3626 1418 3682; x_wconf 87' lang='lat' dir='ltr'><strong>prorsus</strong></span> <span class='ocrx_word' id='word_1_466' title='bbox 1448 3620 1689 3668; x_wconf 75' lang='lat' dir='ltr'><strong>utantur.</strong></span> <span class='ocrx_word' id='word_1_467' title='bbox 1719 3612 1875 3682; x_wconf 83' lang='lat' dir='ltr'><strong>Quod</strong></span> <span class='ocrx_word' id='word_1_468' title='bbox 1897 3614 1942 3670; x_wconf 91' lang='lat' dir='ltr'><strong>si</strong></span> <span class='ocrx_word' id='word_1_469' title='bbox 1965 3624 2115 3685; x_wconf 80' lang='lat' dir='ltr'><strong>post-</strong></span> 
     </span>
    </p>
   </div>
   <div class='ocr_carea' id='block_1_67' title="bbox 519 3699 2112 3777">
    <p class='ocr_par' dir='ltr' id='par_1_67' title="bbox 519 3699 2112 3777">
     <span class='ocr_line' id='line_1_67' title="bbox 519 3699 2112 3777; baseline 0.006 -25"><span class='ocrx_word' id='word_1_470' title='bbox 519 3699 696 3770; x_wconf 90' lang='lat' dir='ltr'><strong>posito</strong></span> <span class='ocrx_word' id='word_1_471' title='bbox 747 3708 931 3756; x_wconf 90' lang='lat' dir='ltr'><strong>nostro</strong></span> <span class='ocrx_word' id='word_1_472' title='bbox 975 3699 1202 3769; x_wconf 89' lang='lat' dir='ltr'><strong>judicio,</strong></span> <span class='ocrx_word' id='word_1_473' title='bbox 1263 3717 1383 3772; x_wconf 79' lang='lat' dir='ltr'><strong>qua:</strong></span> <span class='ocrx_word' id='word_1_474' title='bbox 1415 3704 1760 3777; x_wconf 87' lang='lat' dir='ltr'><strong>auctoritate</strong></span> <span class='ocrx_word' id='word_1_475' title='bbox 1814 3705 2112 3776; x_wconf 88' lang='lat' dir='ltr'><strong>apostolica</strong></span> 
     </span>
    </p>
   </div>
   <div class='ocr_carea' id='block_1_68' title="bbox 505 3785 2113 3868">
    <p class='ocr_par' dir='ltr' id='par_1_68' title="bbox 505 3785 2113 3868">
     <span class='ocr_line' id='line_1_68' title="bbox 505 3785 2113 3868; baseline 0.006 -23"><span class='ocrx_word' id='word_1_476' title='bbox 505 3791 979 3862; x_wconf 72' lang='lat' dir='ltr'><strong>.promulgavimus</strong></span> <span class='ocrx_word' id='word_1_477' title='bbox 996 3785 1160 3864; x_wconf 80' lang='lat' dir='ltr'><strong>atque</strong></span> <span class='ocrx_word' id='word_1_478' title='bbox 1179 3794 1542 3862; x_wconf 88' lang='lat' dir='ltr'><strong>decrevimus,</strong></span> <span class='ocrx_word' id='word_1_479' title='bbox 1596 3812 1828 3868; x_wconf 89' lang='lat' dir='ltr'><strong>perpere</strong></span> <span class='ocrx_word' id='word_1_480' title='bbox 1869 3805 2113 3854; x_wconf 82' lang='lat' dir='ltr'><strong>contem-</strong></span> 
     </span>
    </p>
   </div>
   <div class='ocr_carea' id='block_1_69' title="bbox 521 3884 2112 3959">
    <p class='ocr_par' dir='ltr' id='par_1_69' title="bbox 521 3884 2112 3959">
     <span class='ocr_line' id='line_1_69' title="bbox 521 3884 2112 3959; baseline 0.004 -21"><span class='ocrx_word' id='word_1_481' title='bbox 521 3885 750 3953; x_wconf 87' lang='lat' dir='ltr'><strong>pserint,</strong></span> <span class='ocrx_word' id='word_1_482' title='bbox 783 3884 876 3939; x_wconf 91' lang='lat' dir='ltr'><strong>Dei</strong></span> <span class='ocrx_word' id='word_1_483' title='bbox 922 3885 1328 3956; x_wconf 88' lang='lat' dir='ltr'><strong>omnipotentis,</strong></span> <span class='ocrx_word' id='word_1_484' title='bbox 1361 3895 1417 3941; x_wconf 89' lang='lat' dir='ltr'><strong>et</strong></span> <span class='ocrx_word' id='word_1_485' title='bbox 1442 3888 1721 3943; x_wconf 91' lang='lat' dir='ltr'><strong>beatorum</strong></span> <span class='ocrx_word' id='word_1_486' title='bbox 1745 3889 2112 3959; x_wconf 89' lang='lat' dir='ltr'><strong>apostolorum</strong></span> 
     </span>
    </p>
   </div>
   <div class='ocr_carea' id='block_1_70' title="bbox 513 3975 2112 4050">
    <p class='ocr_par' dir='ltr' id='par_1_70' title="bbox 513 3975 2112 4050">
     <span class='ocr_line' id='line_1_70' title="bbox 513 3975 2112 4050; baseline 0.009 -28"><span class='ocrx_word' id='word_1_487' title='bbox 513 3975 846 4046; x_wconf 78' lang='lat' dir='ltr'><strong>principum,</strong></span> <span class='ocrx_word' id='word_1_488' title='bbox 881 3991 1114 4046; x_wconf 88' lang='lat' dir='ltr'><strong>quorum</strong></span> <span class='ocrx_word' id='word_1_489' title='bbox 1154 3977 1389 4046; x_wconf 89' lang='lat' dir='ltr'><strong>glorioso</strong></span> <span class='ocrx_word' id='word_1_490' title='bbox 1431 3994 1602 4050; x_wconf 89' lang='lat' dir='ltr'><strong>agone</strong></span> <span class='ocrx_word' id='word_1_491' title='bbox 1630 3989 1815 4036; x_wconf 88' lang='lat' dir='ltr'><strong>sancta</strong></span> <span class='ocrx_word' id='word_1_492' title='bbox 1844 3981 1962 4036; x_wconf 69' lang='lat' dir='ltr'><strong>haec</strong></span> <span class='ocrx_word' id='word_1_493' title='bbox 1998 3980 2112 4036; x_wconf 78' lang='lat' dir='ltr'><strong>Ro-</strong></span> 
     </span>
    </p>
   </div>
   <div class='ocr_carea' id='block_1_71' title="bbox 519 4063 2108 4142">
    <p class='ocr_par' dir='ltr' id='par_1_71' title="bbox 519 4063 2108 4142">
     <span class='ocr_line' id='line_1_71' title="bbox 519 4063 2108 4142; baseline 0.006 -24"><span class='ocrx_word' id='word_1_494' title='bbox 519 4078 681 4118; x_wconf 86' lang='lat' dir='ltr'><strong>mana</strong></span> <span class='ocrx_word' id='word_1_495' title='bbox 709 4063 968 4130; x_wconf 87' lang='lat' dir='ltr'><strong>Ecclesia,</strong></span> <span class='ocrx_word' id='word_1_496' title='bbox 999 4066 1085 4121; x_wconf 86' lang='lat' dir='ltr'><strong>cui</strong></span> <span class='ocrx_word' id='word_1_497' title='bbox 1129 4066 1312 4121; x_wconf 88' lang='lat' dir='ltr'><strong>divina</strong></span> <span class='ocrx_word' id='word_1_498' title='bbox 1348 4067 1751 4139; x_wconf 84' lang='lat' dir='ltr'><strong>dispensatione</strong></span> <span class='ocrx_word' id='word_1_499' title='bbox 1790 4086 2108 4142; x_wconf 69' lang='lat' dir='ltr'><strong>przesumus,</strong></span> 
     </span>
    </p>
   </div>
   <div class='ocr_carea' id='block_1_72' title="bbox 519 4155 2111 4232">
    <p class='ocr_par' dir='ltr' id='par_1_72' title="bbox 519 4155 2111 4232">
     <span class='ocr_line' id='line_1_72' title="bbox 519 4155 2111 4232; baseline 0.007 -21"><span class='ocrx_word' id='word_1_500' title='bbox 519 4163 608 4211; x_wconf 84' lang='lat' dir='ltr'><strong>est</strong></span> <span class='ocrx_word' id='word_1_501' title='bbox 651 4155 882 4212; x_wconf 87' lang='lat' dir='ltr'><strong>Domino</strong></span> <span class='ocrx_word' id='word_1_502' title='bbox 916 4167 1256 4225; x_wconf 84' lang='lat' dir='ltr'><strong>consecrata,</strong></span> <span class='ocrx_word' id='word_1_503' title='bbox 1287 4170 1448 4232; x_wconf 89' lang='lat' dir='ltr'><strong>atque</strong></span> <span class='ocrx_word' id='word_1_504' title='bbox 1490 4174 1802 4219; x_wconf 89' lang='lat' dir='ltr'><strong>sanctorum</strong></span> <span class='ocrx_word' id='word_1_505' title='bbox 1843 4180 2111 4223; x_wconf 89' lang='lat' dir='ltr'><strong>canonum</strong></span> 
     </span>
    </p>
   </div>
   <div class='ocr_carea' id='block_1_73' title="bbox 520 4253 2112 4326">
    <p class='ocr_par' dir='ltr' id='par_1_73' title="bbox 520 4253 2112 4326">
     <span class='ocr_line' id='line_1_73' title="bbox 520 4253 2112 4326; baseline 0.008 -25"><span class='ocrx_word' id='word_1_506' title='bbox 520 4261 754 4317; x_wconf 88' lang='lat' dir='ltr'><strong>quorum</strong></span> <span class='ocrx_word' id='word_1_507' title='bbox 782 4258 1177 4320; x_wconf 87' lang='lat' dir='ltr'><strong>contemptores</strong></span> <span class='ocrx_word' id='word_1_508' title='bbox 1217 4253 1450 4323; x_wconf 89' lang='lat' dir='ltr'><strong>propriis</strong></span> <span class='ocrx_word' id='word_1_509' title='bbox 1478 4255 1696 4324; x_wconf 90' lang='lat' dir='ltr'><strong>scriptis</strong></span> <span class='ocrx_word' id='word_1_510' title='bbox 1738 4268 1860 4311; x_wconf 89' lang='lat' dir='ltr'><strong>esse</strong></span> <span class='ocrx_word' id='word_1_511' title='bbox 1908 4255 2112 4326; x_wconf 91' lang='lat' dir='ltr'><strong>liquido</strong></span> 
     </span>
    </p>
   </div>
   <div class='ocr_carea' id='block_1_74' title="bbox 519 4337 2112 4405">
    <p class='ocr_par' dir='ltr' id='par_1_74' title="bbox 519 4337 2112 4405">
     <span class='ocr_line' id='line_1_74' title="bbox 519 4337 2112 4405; baseline 0.008 -12"><span class='ocrx_word' id='word_1_512' title='bbox 519 4337 1010 4405; x_wconf 88' lang='lat' dir='ltr'><strong>demonstrarunt,</strong></span> <span class='ocrx_word' id='word_1_513' title='bbox 1069 4357 1282 4398; x_wconf 87' lang='lat' dir='ltr'><strong>necnon</strong></span> <span class='ocrx_word' id='word_1_514' title='bbox 1339 4352 1396 4400; x_wconf 91' lang='lat' dir='ltr'><strong>et</strong></span> <span class='ocrx_word' id='word_1_515' title='bbox 1451 4353 1652 4401; x_wconf 80' lang='lat' dir='ltr'><strong>nostra:</strong></span> <span class='ocrx_word' id='word_1_516' title='bbox 1720 4346 2112 4405; x_wconf 88' lang='lat' dir='ltr'><strong>mediocritatis</strong></span> 
     </span>
    </p>
   </div>
   <div class='ocr_carea' id='block_1_75' title="bbox 2212 3259 3812 3332">
    <p class='ocr_par' dir='ltr' id='par_1_75' title="bbox 2212 3259 3812 3332">
     <span class='ocr_line' id='line_1_75' title="bbox 2212 3259 3812 3332; baseline 0.001 -17"><span class='ocrx_word' id='word_1_517' title='bbox 2212 3261 2575 3332; x_wconf 85' lang='lat' dir='ltr'><strong>potestatibus</strong></span> <span class='ocrx_word' id='word_1_518' title='bbox 2595 3259 2825 3315; x_wconf 90' lang='lat' dir='ltr'><strong>diversis</strong></span> <span class='ocrx_word' id='word_1_519' title='bbox 2845 3260 3157 3316; x_wconf 72' lang='lat' dir='ltr'><strong>afficiuntur</strong></span> <span class='ocrx_word' id='word_1_520' title='bbox 3180 3261 3557 3317; x_wconf 87' lang='lat' dir='ltr'><strong>incommodis.</strong></span> <span class='ocrx_word' id='word_1_521' title='bbox 3572 3261 3812 3317; x_wconf 84' lang='lat' dir='ltr'><strong>Turbati</strong></span> 
     </span>
    </p>
   </div>
   <div class='ocr_carea' id='block_1_76' title="bbox 2211 3348 3815 3422">
    <p class='ocr_par' dir='ltr' id='par_1_76' title="bbox 2211 3348 3815 3422">
     <span class='ocr_line' id='line_1_76' title="bbox 2211 3348 3815 3422; baseline -0.001 -14"><span class='ocrx_word' id='word_1_522' title='bbox 2211 3359 2391 3408; x_wconf 89' lang='lat' dir='ltr'><strong>autem</strong></span> <span class='ocrx_word' id='word_1_523' title='bbox 2421 3351 2576 3414; x_wconf 89' lang='lat' dir='ltr'><strong>estis,</strong></span> <span class='ocrx_word' id='word_1_524' title='bbox 2597 3359 2653 3406; x_wconf 93' lang='lat' dir='ltr'><strong>et</strong></span> <span class='ocrx_word' id='word_1_525' title='bbox 2679 3348 2846 3406; x_wconf 92' lang='lat' dir='ltr'><strong>multo</strong></span> <span class='ocrx_word' id='word_1_526' title='bbox 2873 3364 3107 3406; x_wconf 71' lang='lat' dir='ltr'><strong>maerore</strong></span> <span class='ocrx_word' id='word_1_527' title='bbox 3125 3349 3479 3415; x_wconf 82' lang='lat' dir='ltr'><strong>alfecti,sicut</strong></span> <span class='ocrx_word' id='word_1_528' title='bbox 3507 3351 3559 3406; x_wconf 90' lang='lat' dir='ltr'><strong>in</strong></span> <span class='ocrx_word' id='word_1_529' title='bbox 3587 3351 3815 3422; x_wconf 82' lang='lat' dir='ltr'><strong>scriptis</strong></span> 
     </span>
    </p>
   </div>
   <div class='ocr_carea' id='block_1_77' title="bbox 2217 3439 3816 3511">
    <p class='ocr_par' dir='ltr' id='par_1_77' title="bbox 2217 3439 3816 3511">
     <span class='ocr_line' id='line_1_77' title="bbox 2217 3439 3816 3511; baseline 0.003 -16"><span class='ocrx_word' id='word_1_530' title='bbox 2217 3449 2413 3496; x_wconf 62' lang='lat' dir='ltr'><strong>vestrae</strong></span> <span class='ocrx_word' id='word_1_531' title='bbox 2469 3439 2775 3496; x_wconf 88' lang='lat' dir='ltr'><strong>dilectionis</strong></span> <span class='ocrx_word' id='word_1_532' title='bbox 2823 3440 3128 3510; x_wconf 90' lang='lat' dir='ltr'><strong>reperimus</strong></span> <span class='ocrx_word' id='word_1_533' title='bbox 3155 3480 3172 3508; x_wconf 93' lang='lat'><strong>,</strong></span> <span class='ocrx_word' id='word_1_534' title='bbox 3211 3455 3278 3496; x_wconf 89' lang='lat' dir='ltr'><strong>eo</strong></span> <span class='ocrx_word' id='word_1_535' title='bbox 3324 3443 3466 3511; x_wconf 89' lang='lat' dir='ltr'><strong>quod</strong></span> <span class='ocrx_word' id='word_1_536' title='bbox 3518 3440 3646 3497; x_wconf 91' lang='lat' dir='ltr'><strong>forti</strong></span> <span class='ocrx_word' id='word_1_537' title='bbox 3708 3457 3816 3499; x_wconf 77' lang='lat' dir='ltr'><strong>vos</strong></span> 
     </span>
    </p>
   </div>
   <div class='ocr_carea' id='block_1_78' title="bbox 2214 3530 3809 3601">
    <p class='ocr_par' dir='ltr' id='par_1_78' title="bbox 2214 3530 3809 3601">
     <span class='ocr_line' id='line_1_78' title="bbox 2214 3530 3809 3601; baseline 0 -15"><span class='ocrx_word' id='word_1_538' title='bbox 2214 3531 2522 3586; x_wconf 86' lang='lat' dir='ltr'><strong>invectione</strong></span> <span class='ocrx_word' id='word_1_539' title='bbox 2549 3530 2986 3596; x_wconf 86' lang='lat' dir='ltr'><strong>convenerimus,</strong></span> <span class='ocrx_word' id='word_1_540' title='bbox 3035 3539 3093 3586; x_wconf 88' lang='lat' dir='ltr'><strong>et</strong></span> <span class='ocrx_word' id='word_1_541' title='bbox 3139 3531 3289 3586; x_wconf 92' lang='lat' dir='ltr'><strong>duris</strong></span> <span class='ocrx_word' id='word_1_542' title='bbox 3340 3531 3809 3601; x_wconf 82' lang='lat' dir='ltr'><strong>increpationibus</strong></span> 
     </span>
    </p>
   </div>
   <div class='ocr_carea' id='block_1_79' title="bbox 2209 3620 3812 3688">
    <p class='ocr_par' dir='ltr' id='par_1_79' title="bbox 2209 3620 3812 3688">
     <span class='ocr_line' id='line_1_79' title="bbox 2209 3620 3812 3688; baseline -0.001 -11"><span class='ocrx_word' id='word_1_543' title='bbox 2209 3632 2445 3679; x_wconf 90' lang='lat' dir='ltr'><strong>vestram</strong></span> <span class='ocrx_word' id='word_1_544' title='bbox 2498 3621 2872 3678; x_wconf 88' lang='lat' dir='ltr'><strong>celsitudinem</strong></span> <span class='ocrx_word' id='word_1_545' title='bbox 2924 3621 3397 3678; x_wconf 81' lang='lat' dir='ltr'><strong>cumulaverimus.</strong></span> <span class='ocrx_word' id='word_1_546' title='bbox 3442 3620 3557 3688; x_wconf 83' lang='lat' dir='ltr'><strong>Qua</strong></span> <span class='ocrx_word' id='word_1_547' title='bbox 3621 3621 3694 3677; x_wconf 89' lang='lat' dir='ltr'><strong>de</strong></span> <span class='ocrx_word' id='word_1_548' title='bbox 3746 3634 3812 3675; x_wconf 76' lang='lat' dir='ltr'><strong>re</strong></span> 
     </span>
    </p>
   </div>
   <div class='ocr_carea' id='block_1_80' title="bbox 2210 3710 3812 3784">
    <p class='ocr_par' dir='ltr' id='par_1_80' title="bbox 2210 3710 3812 3784">
     <span class='ocr_line' id='line_1_80' title="bbox 2210 3710 3812 3784; baseline -0.001 -16"><span class='ocrx_word' id='word_1_549' title='bbox 2210 3721 2394 3768; x_wconf 86' lang='lat' dir='ltr'><strong>vestra</strong></span> <span class='ocrx_word' id='word_1_550' title='bbox 2445 3711 2690 3784; x_wconf 88' lang='lat' dir='ltr'><strong>profecto</strong></span> <span class='ocrx_word' id='word_1_551' title='bbox 2747 3725 2857 3766; x_wconf 89' lang='lat' dir='ltr'><strong>non</strong></span> <span class='ocrx_word' id='word_1_552' title='bbox 2911 3710 3100 3767; x_wconf 86' lang='lat' dir='ltr'><strong>debuit</strong></span> <span class='ocrx_word' id='word_1_553' title='bbox 3148 3725 3538 3782; x_wconf 85' lang='lat' dir='ltr'><strong>usquequaque</strong></span> <span class='ocrx_word' id='word_1_554' title='bbox 3594 3711 3812 3766; x_wconf 87' lang='lat' dir='ltr'><strong>tristari</strong></span> 
     </span>
    </p>
   </div>
   <div class='ocr_carea' id='block_1_81' title="bbox 2212 3802 3814 3876">
    <p class='ocr_par' dir='ltr' id='par_1_81' title="bbox 2212 3802 3814 3876">
     <span class='ocr_line' id='line_1_81' title="bbox 2212 3802 3814 3876; baseline -0.004 -15"><span class='ocrx_word' id='word_1_555' title='bbox 2212 3805 2549 3871; x_wconf 87' lang='lat' dir='ltr'><strong>sublimitas;</strong></span> <span class='ocrx_word' id='word_1_556' title='bbox 2601 3803 2860 3876; x_wconf 89' lang='lat' dir='ltr'><strong>quoniam</strong></span> <span class='ocrx_word' id='word_1_557' title='bbox 2907 3803 3010 3860; x_wconf 91' lang='lat' dir='ltr'><strong>etsi</strong></span> <span class='ocrx_word' id='word_1_558' title='bbox 3068 3803 3214 3859; x_wconf 91' lang='lat' dir='ltr'><strong>nulla</strong></span> <span class='ocrx_word' id='word_1_559' title='bbox 3275 3811 3396 3858; x_wconf 90' lang='lat' dir='ltr'><strong>erat</strong></span> <span class='ocrx_word' id='word_1_560' title='bbox 3445 3802 3622 3872; x_wconf 89' lang='lat' dir='ltr'><strong>culpa,</strong></span> <span class='ocrx_word' id='word_1_561' title='bbox 3666 3802 3814 3856; x_wconf 86' lang='lat' dir='ltr'><strong>sicut</strong></span> 
     </span>
    </p>
   </div>
   <div class='ocr_carea' id='block_1_82' title="bbox 2211 3892 3812 3964">
    <p class='ocr_par' dir='ltr' id='par_1_82' title="bbox 2211 3892 3812 3964">
     <span class='ocr_line' id='line_1_82' title="bbox 2211 3892 3812 3964; baseline -0.003 -12"><span class='ocrx_word' id='word_1_562' title='bbox 2211 3907 2460 3954; x_wconf 86' lang='lat' dir='ltr'><strong>astruere</strong></span> <span class='ocrx_word' id='word_1_563' title='bbox 2493 3896 2773 3952; x_wconf 89' lang='lat' dir='ltr'><strong>humiliter</strong></span> <span class='ocrx_word' id='word_1_564' title='bbox 2797 3894 3148 3960; x_wconf 91' lang='lat' dir='ltr'><strong>contenditis,</strong></span> <span class='ocrx_word' id='word_1_565' title='bbox 3178 3892 3321 3949; x_wconf 90' lang='lat' dir='ltr'><strong>unde</strong></span> <span class='ocrx_word' id='word_1_566' title='bbox 3361 3902 3597 3948; x_wconf 88' lang='lat' dir='ltr'><strong>vestram</strong></span> <span class='ocrx_word' id='word_1_567' title='bbox 3642 3908 3812 3964; x_wconf 82' lang='lat' dir='ltr'><strong>opor-</strong></span> 
     </span>
    </p>
   </div>
   <div class='ocr_carea' id='block_1_83' title="bbox 2211 3985 3814 4061">
    <p class='ocr_par' dir='ltr' id='par_1_83' title="bbox 2211 3985 3814 4061">
     <span class='ocr_line' id='line_1_83' title="bbox 2211 3985 3814 4061; baseline -0.002 -16"><span class='ocrx_word' id='word_1_568' title='bbox 2211 3991 2377 4045; x_wconf 88' lang='lat' dir='ltr'><strong>tuerit</strong></span> <span class='ocrx_word' id='word_1_569' title='bbox 2421 3987 2681 4061; x_wconf 89' lang='lat' dir='ltr'><strong>pietatem</strong></span> <span class='ocrx_word' id='word_1_570' title='bbox 2734 3988 2923 4044; x_wconf 88' lang='lat' dir='ltr'><strong>durius</strong></span> <span class='ocrx_word' id='word_1_571' title='bbox 2958 3986 3254 4056; x_wconf 86' lang='lat' dir='ltr'><strong>castigari:</strong></span> <span class='ocrx_word' id='word_1_572' title='bbox 3299 3994 3478 4041; x_wconf 86' lang='lat' dir='ltr'><strong>tamen</strong></span> <span class='ocrx_word' id='word_1_573' title='bbox 3535 3985 3814 4041; x_wconf 85' lang='lat' dir='ltr'><strong>discretus</strong></span> 
     </span>
    </p>
   </div>
   <div class='ocr_carea' id='block_1_84' title="bbox 2211 4078 3813 4153">
    <p class='ocr_par' dir='ltr' id='par_1_84' title="bbox 2211 4078 3813 4153">
     <span class='ocr_line' id='line_1_84' title="bbox 2211 4078 3813 4153; baseline -0.002 -16"><span class='ocrx_word' id='word_1_574' title='bbox 2211 4092 2365 4153; x_wconf 88' lang='lat' dir='ltr'><strong>pater</strong></span> <span class='ocrx_word' id='word_1_575' title='bbox 2389 4091 2516 4138; x_wconf 91' lang='lat' dir='ltr'><strong>tunc</strong></span> <span class='ocrx_word' id='word_1_576' title='bbox 2550 4081 2836 4152; x_wconf 89' lang='lat' dir='ltr'><strong>aliquoties</strong></span> <span class='ocrx_word' id='word_1_577' title='bbox 2860 4079 3044 4136; x_wconf 90' lang='lat' dir='ltr'><strong>studet</strong></span> <span class='ocrx_word' id='word_1_578' title='bbox 3073 4079 3330 4135; x_wconf 86' lang='lat' dir='ltr'><strong>dilectum</strong></span> <span class='ocrx_word' id='word_1_579' title='bbox 3369 4078 3535 4133; x_wconf 84' lang='lat' dir='ltr'><strong>lilium</strong></span> <span class='ocrx_word' id='word_1_580' title='bbox 3573 4079 3813 4134; x_wconf 86' lang='lat' dir='ltr'><strong>diversis</strong></span> 
     </span>
    </p>
   </div>
   <div class='ocr_carea' id='block_1_85' title="bbox 2214 4168 3812 4242">
    <p class='ocr_par' dir='ltr' id='par_1_85' title="bbox 2214 4168 3812 4242">
     <span class='ocr_line' id='line_1_85' title="bbox 2214 4168 3812 4242; baseline -0.004 -13"><span class='ocrx_word' id='word_1_581' title='bbox 2214 4174 2534 4236; x_wconf 90' lang='lat' dir='ltr'><strong>terroribus,</strong></span> <span class='ocrx_word' id='word_1_582' title='bbox 2555 4172 2638 4228; x_wconf 89' lang='lat' dir='ltr'><strong>vel</strong></span> <span class='ocrx_word' id='word_1_583' title='bbox 2667 4173 2832 4226; x_wconf 91' lang='lat' dir='ltr'><strong>etiam</strong></span> <span class='ocrx_word' id='word_1_584' title='bbox 2859 4169 3081 4242; x_wconf 79' lang='lat' dir='ltr'><strong>ﬂagellis</strong></span> <span class='ocrx_word' id='word_1_585' title='bbox 3107 4168 3538 4240; x_wconf 88' lang='lat' dir='ltr'><strong>competentibus</strong></span> <span class='ocrx_word' id='word_1_586' title='bbox 3561 4170 3812 4234; x_wconf 83' lang='lat' dir='ltr'><strong>erudire,</strong></span> 
     </span>
    </p>
   </div>
   <div class='ocr_carea' id='block_1_86' title="bbox 2212 4260 3819 4334">
    <p class='ocr_par' dir='ltr' id='par_1_86' title="bbox 2212 4260 3819 4334">
     <span class='ocr_line' id='line_1_86' title="bbox 2212 4260 3819 4334; baseline -0.003 -15"><span class='ocrx_word' id='word_1_587' title='bbox 2212 4265 2429 4334; x_wconf 89' lang='lat' dir='ltr'><strong>quando</strong></span> <span class='ocrx_word' id='word_1_588' title='bbox 2471 4263 2605 4318; x_wconf 90' lang='lat' dir='ltr'><strong>nihil</strong></span> <span class='ocrx_word' id='word_1_589' title='bbox 2649 4263 2702 4317; x_wconf 92' lang='lat' dir='ltr'><strong>in</strong></span> <span class='ocrx_word' id='word_1_590' title='bbox 2728 4277 2794 4319; x_wconf 91' lang='lat' dir='ltr'><strong>eo</strong></span> <span class='ocrx_word' id='word_1_591' title='bbox 2818 4261 2961 4333; x_wconf 90' lang='lat' dir='ltr'><strong>quod</strong></span> <span class='ocrx_word' id='word_1_592' title='bbox 2990 4260 3351 4332; x_wconf 86' lang='lat' dir='ltr'><strong>reprehendat</strong></span> <span class='ocrx_word' id='word_1_593' title='bbox 3386 4260 3602 4330; x_wconf 89' lang='lat' dir='ltr'><strong>penitus</strong></span> <span class='ocrx_word' id='word_1_594' title='bbox 3632 4261 3819 4314; x_wconf 83' lang='lat' dir='ltr'><strong>intue-</strong></span> 
     </span>
    </p>
   </div>
   <div class='ocr_carea' id='block_1_87' title="bbox 2214 4349 3814 4421">
    <p class='ocr_par' dir='ltr' id='par_1_87' title="bbox 2214 4349 3814 4421">
     <span class='ocr_line' id='line_1_87' title="bbox 2214 4349 3814 4421; baseline -0.003 -11"><span class='ocrx_word' id='word_1_595' title='bbox 2214 4363 2326 4411; x_wconf 90' lang='lat' dir='ltr'><strong>tur.</strong></span> <span class='ocrx_word' id='word_1_596' title='bbox 2352 4353 2444 4410; x_wconf 90' lang='lat' dir='ltr'><strong>Sic</strong></span> <span class='ocrx_word' id='word_1_597' title='bbox 2465 4353 2727 4409; x_wconf 87' lang='lat' dir='ltr'><strong>Dominus</strong></span> <span class='ocrx_word' id='word_1_598' title='bbox 2755 4353 2972 4407; x_wconf 89' lang='lat' dir='ltr'><strong>beatum</strong></span> <span class='ocrx_word' id='word_1_599' title='bbox 3003 4349 3105 4406; x_wconf 87' lang='lat' dir='ltr'><strong>Job</strong></span> <span class='ocrx_word' id='word_1_600' title='bbox 3145 4349 3348 4405; x_wconf 89' lang='lat' dir='ltr'><strong>frustra</strong></span> <span class='ocrx_word' id='word_1_601' title='bbox 3379 4365 3438 4404; x_wconf 89' lang='lat' dir='ltr'><strong>se</strong></span> <span class='ocrx_word' id='word_1_602' title='bbox 3470 4351 3814 4421; x_wconf 78' lang='lat' dir='ltr'><strong>percussisse</strong></span> 
     </span>
    </p>
   </div>
   <div class='ocr_carea' id='block_1_88' title="bbox 518 4429 3819 4553">
    <p class='ocr_par' dir='ltr' id='par_1_88' title="bbox 518 4429 3819 4553">
     <span class='ocr_line' id='line_1_88' title="bbox 518 4429 3819 4553; baseline 0.003 -68"><span class='ocrx_word' id='word_1_603' title='bbox 518 4429 866 4496; x_wconf 83' lang='lat' dir='ltr'><strong>auctoritate,</strong></span> <span class='ocrx_word' id='word_1_604' title='bbox 898 4445 930 4485; x_wconf 91' lang='lat' dir='ltr'><strong>a</strong></span> <span class='ocrx_word' id='word_1_605' title='bbox 969 4431 1259 4488; x_wconf 89' lang='lat' dir='ltr'><strong>missarum</strong></span> <span class='ocrx_word' id='word_1_606' title='bbox 1298 4433 1574 4492; x_wconf 89' lang='lat' dir='ltr'><strong>solemniis</strong></span> <span class='ocrx_word' id='word_1_607' title='bbox 1593 4435 1936 4494; x_wconf 85' lang='lat' dir='ltr'><strong>celebrandis</strong></span> <span class='ocrx_word' id='word_1_608' title='bbox 1979 4439 2109 4506; x_wconf 93' lang='lat' dir='ltr'><strong>sint,</strong></span> <span class='ocrx_word' id='word_1_609' title='bbox 2140 4491 2191 4553; x_wconf 67' lang='grc' dir='ltr'><strong>υ</strong></span> <span class='ocrx_word' id='word_1_610' title='bbox 2215 4445 2464 4517; x_wconf 87' lang='lat' dir='ltr'><strong>perbibet</strong></span> <span class='ocrx_word' id='word_1_611' title='bbox 2500 4442 2624 4516; x_wconf 83' lang='lat' dir='ltr'><strong>(Job</strong></span> <span class='ocrx_word' id='word_1_612' title='bbox 2669 4442 2731 4506; x_wconf 77' lang='grc' dir='ltr'><strong>ιι)</strong></span> <span class='ocrx_word' id='word_1_613' title='bbox 2758 4482 2776 4508; x_wconf 88' lang='grc'><em>,</em></span> <span class='ocrx_word' id='word_1_614' title='bbox 2831 4456 2956 4498; x_wconf 87' lang='lat' dir='ltr'><strong>cum</strong></span> <span class='ocrx_word' id='word_1_615' title='bbox 2991 4440 3127 4497; x_wconf 92' lang='lat' dir='ltr'><strong>nihil</strong></span> <span class='ocrx_word' id='word_1_616' title='bbox 3167 4441 3388 4496; x_wconf 91' lang='lat' dir='ltr'><strong>omnino</strong></span> <span class='ocrx_word' id='word_1_617' title='bbox 3436 4439 3581 4511; x_wconf 88' lang='lat' dir='ltr'><strong>quod</strong></span> <span class='ocrx_word' id='word_1_618' title='bbox 3641 4442 3819 4496; x_wconf 75' lang='lat' dir='ltr'><strong>tantis</strong></span> 
     </span>
    </p>
   </div>
   <div class='ocr_carea' id='block_1_89' title="bbox 518 4528 2111 4604">
    <p class='ocr_par' dir='ltr' id='par_1_89' title="bbox 518 4528 2111 4604">
     <span class='ocr_line' id='line_1_89' title="bbox 518 4528 2111 4604; baseline 0.003 -18"><span class='ocrx_word' id='word_1_619' title='bbox 518 4543 803 4601; x_wconf 87' lang='lat' dir='ltr'><strong>quousque</strong></span> <span class='ocrx_word' id='word_1_620' title='bbox 847 4528 1262 4587; x_wconf 82' lang='lat' dir='ltr'><strong>difﬁnitionibus</strong></span> <span class='ocrx_word' id='word_1_621' title='bbox 1305 4533 1510 4588; x_wconf 85' lang='lat' dir='ltr'><strong>nostris</strong></span> <span class='ocrx_word' id='word_1_622' title='bbox 1553 4533 1830 4594; x_wconf 87' lang='lat' dir='ltr'><strong>obediant,</strong></span> <span class='ocrx_word' id='word_1_623' title='bbox 1886 4548 2111 4604; x_wconf 89' lang='lat' dir='ltr'><strong>prorsus</strong></span> 
     </span>
    </p>
   </div>
   <div class='ocr_carea' id='block_1_90' title="bbox 516 4621 2112 4695">
    <p class='ocr_par' dir='ltr' id='par_1_90' title="bbox 516 4621 2112 4695">
     <span class='ocr_line' id='line_1_90' title="bbox 516 4621 2112 4695; baseline 0.004 -19"><span class='ocrx_word' id='word_1_624' title='bbox 516 4629 806 4677; x_wconf 79' lang='lat' dir='ltr'><strong>extorres:</strong></span> <span class='ocrx_word' id='word_1_625' title='bbox 836 4621 912 4677; x_wconf 85' lang='lat' dir='ltr'><strong>ita</strong></span> <span class='ocrx_word' id='word_1_626' title='bbox 941 4635 1089 4684; x_wconf 87' lang='lat' dir='ltr'><strong>sane,</strong></span> <span class='ocrx_word' id='word_1_627' title='bbox 1117 4623 1160 4678; x_wconf 91' lang='lat' dir='ltr'><strong>si</strong></span> <span class='ocrx_word' id='word_1_628' title='bbox 1178 4631 1300 4692; x_wconf 91' lang='lat' dir='ltr'><strong>post</strong></span> <span class='ocrx_word' id='word_1_629' title='bbox 1313 4621 1512 4678; x_wconf 90' lang='lat' dir='ltr'><strong>lectum</strong></span> <span class='ocrx_word' id='word_1_630' title='bbox 1534 4623 1747 4695; x_wconf 81' lang='lat' dir='ltr'><strong>pagina:</strong></span> <span class='ocrx_word' id='word_1_631' title='bbox 1771 4623 1874 4680; x_wconf 91' lang='lat' dir='ltr'><strong>sibi</strong></span> <span class='ocrx_word' id='word_1_632' title='bbox 1899 4640 1931 4680; x_wconf 88' lang='lat' dir='ltr'><strong>a</strong></span> <span class='ocrx_word' id='word_1_633' title='bbox 1956 4626 2112 4683; x_wconf 86' lang='lat' dir='ltr'><strong>nobis</strong></span> 
     </span>
    </p>
   </div>
   <div class='ocr_carea' id='block_1_91' title="bbox 517 4711 2114 4787">
    <p class='ocr_par' dir='ltr' id='par_1_91' title="bbox 517 4711 2114 4787">
     <span class='ocr_line' id='line_1_91' title="bbox 517 4711 2114 4787; baseline 0.002 -19"><span class='ocrx_word' id='word_1_634' title='bbox 517 4713 701 4769; x_wconf 72' lang='lat' dir='ltr'><strong>missa:</strong></span> <span class='ocrx_word' id='word_1_635' title='bbox 729 4719 996 4778; x_wconf 87' lang='lat' dir='ltr'><strong>tenorem,</strong></span> <span class='ocrx_word' id='word_1_636' title='bbox 1019 4711 1160 4768; x_wconf 88' lang='lat' dir='ltr'><strong>infra</strong></span> <span class='ocrx_word' id='word_1_637' title='bbox 1198 4713 1416 4784; x_wconf 88' lang='lat' dir='ltr'><strong>triginta</strong></span> <span class='ocrx_word' id='word_1_638' title='bbox 1460 4714 1668 4768; x_wconf 90' lang='lat' dir='ltr'><strong>dierum</strong></span> <span class='ocrx_word' id='word_1_639' title='bbox 1709 4715 1963 4784; x_wconf 88' lang='lat' dir='ltr'><strong>spatium,</strong></span> <span class='ocrx_word' id='word_1_640' title='bbox 1991 4731 2114 4787; x_wconf 81' lang='lat' dir='ltr'><strong>qua:</strong></span> 
     </span>
    </p>
   </div>
   <div class='ocr_carea' id='block_1_92' title="bbox 518 4802 2114 4876">
    <p class='ocr_par' dir='ltr' id='par_1_92' title="bbox 518 4802 2114 4876">
     <span class='ocr_line' id='line_1_92' title="bbox 518 4802 2114 4876; baseline 0.003 -18"><span class='ocrx_word' id='word_1_641' title='bbox 518 4803 590 4859; x_wconf 90' lang='lat' dir='ltr'><strong>de</strong></span> <span class='ocrx_word' id='word_1_642' title='bbox 609 4802 859 4859; x_wconf 78' lang='lat' dir='ltr'><strong>Rothado</strong></span> <span class='ocrx_word' id='word_1_643' title='bbox 883 4805 1003 4859; x_wconf 91' lang='lat' dir='ltr'><strong>viro</strong></span> <span class='ocrx_word' id='word_1_644' title='bbox 1020 4803 1318 4860; x_wconf 84' lang='lat' dir='ltr'><strong>venerabili</strong></span> <span class='ocrx_word' id='word_1_645' title='bbox 1346 4804 1554 4876; x_wconf 86' lang='lat' dir='ltr'><strong>agenda</strong></span> <span class='ocrx_word' id='word_1_646' title='bbox 1581 4806 2114 4872; x_wconf 86' lang='lat' dir='ltr'><strong>sanximus,minime</strong></span> 
     </span>
    </p>
   </div>
   <div class='ocr_carea' id='block_1_93' title="bbox 515 4894 2113 4968">
    <p class='ocr_par' dir='ltr' id='par_1_93' title="bbox 515 4894 2113 4968">
     <span class='ocr_line' id='line_1_93' title="bbox 515 4894 2113 4968; baseline 0.002 -19"><span class='ocrx_word' id='word_1_647' title='bbox 515 4907 901 4950; x_wconf 82' lang='lat' dir='ltr'><strong>consummare</strong></span> <span class='ocrx_word' id='word_1_648' title='bbox 929 4895 1254 4951; x_wconf 88' lang='lat' dir='ltr'><strong>studuerint.</strong></span> <span class='ocrx_word' id='word_1_649' title='bbox 1287 4894 1533 4951; x_wconf 85' lang='lat' dir='ltr'><strong>Scientes</strong></span> <span class='ocrx_word' id='word_1_650' title='bbox 1563 4894 1828 4966; x_wconf 90' lang='lat' dir='ltr'><strong>profecto,</strong></span> <span class='ocrx_word' id='word_1_651' title='bbox 1855 4897 2113 4968; x_wconf 86' lang='lat' dir='ltr'><strong>quoniam</strong></span> 
     </span>
    </p>
   </div>
   <div class='ocr_carea' id='block_1_94' title="bbox 520 4983 2113 5059">
    <p class='ocr_par' dir='ltr' id='par_1_94' title="bbox 520 4983 2113 5059">
     <span class='ocr_line' id='line_1_94' title="bbox 520 4983 2113 5059; baseline 0.002 -19"><span class='ocrx_word' id='word_1_652' title='bbox 520 4985 568 5040; x_wconf 85' lang='lat' dir='ltr'><strong>si</strong></span> <span class='ocrx_word' id='word_1_653' title='bbox 599 4996 723 5054; x_wconf 86' lang='lat' dir='ltr'><strong>post</strong></span> <span class='ocrx_word' id='word_1_654' title='bbox 751 4986 894 5040; x_wconf 91' lang='lat' dir='ltr'><strong>hanc</strong></span> <span class='ocrx_word' id='word_1_655' title='bbox 935 4985 1114 5058; x_wconf 73' lang='grc' dir='ltr'><strong>[[οτεε,</strong></span> <span class='ocrx_word' id='word_1_656' title='bbox 1142 4985 1404 5057; x_wconf 86' lang='lat' dir='ltr'><strong>posthac,</strong></span> <span class='ocrx_word' id='word_1_657' title='bbox 1450 4983 1654 5059; x_wconf 65' lang='lat' dir='ltr'><strong>lixam]</strong></span> <span class='ocrx_word' id='word_1_658' title='bbox 1709 4986 1762 5042; x_wconf 91' lang='lat' dir='ltr'><strong>in</strong></span> <span class='ocrx_word' id='word_1_659' title='bbox 1798 4996 2113 5043; x_wconf 87' lang='lat' dir='ltr'><strong>sanctarum</strong></span> 
     </span>
    </p>
   </div>
   <div class='ocr_carea' id='block_1_95' title="bbox 520 5077 2113 5150">
    <p class='ocr_par' dir='ltr' id='par_1_95' title="bbox 520 5077 2113 5150">
     <span class='ocr_line' id='line_1_95' title="bbox 520 5077 2113 5150; baseline 0.002 -17"><span class='ocrx_word' id='word_1_660' title='bbox 520 5077 833 5146; x_wconf 82' lang='lat' dir='ltr'><strong>regularum</strong></span> <span class='ocrx_word' id='word_1_661' title='bbox 858 5086 916 5133; x_wconf 89' lang='lat' dir='ltr'><strong>et</strong></span> <span class='ocrx_word' id='word_1_662' title='bbox 944 5088 1129 5135; x_wconf 87' lang='lat' dir='ltr'><strong>nostro</strong></span> <span class='ocrx_word' id='word_1_663' title='bbox 1156 5087 1468 5150; x_wconf 89' lang='lat' dir='ltr'><strong>contemptu</strong></span> <span class='ocrx_word' id='word_1_664' title='bbox 1518 5078 1724 5136; x_wconf 90' lang='lat' dir='ltr'><strong>fuerint</strong></span> <span class='ocrx_word' id='word_1_665' title='bbox 1751 5080 1957 5136; x_wconf 90' lang='lat' dir='ltr'><strong>diutius</strong></span> <span class='ocrx_word' id='word_1_666' title='bbox 1981 5095 2113 5136; x_wconf 89' lang='lat' dir='ltr'><strong>eon-</strong></span> 
     </span>
    </p>
   </div>
   <div class='ocr_carea' id='block_1_96' title="bbox 520 5166 2114 5242">
    <p class='ocr_par' dir='ltr' id='par_1_96' title="bbox 520 5166 2114 5242">
     <span class='ocr_line' id='line_1_96' title="bbox 520 5166 2114 5242; baseline 0.003 -20"><span class='ocrx_word' id='word_1_667' title='bbox 520 5166 744 5232; x_wconf 85' lang='lat' dir='ltr'><strong>vcrsati,</strong></span> <span class='ocrx_word' id='word_1_668' title='bbox 760 5167 934 5238; x_wconf 88' lang='lat' dir='ltr'><strong>ipsum</strong></span> <span class='ocrx_word' id='word_1_669' title='bbox 960 5168 1179 5239; x_wconf 89' lang='lat' dir='ltr'><strong>quidem</strong></span> <span class='ocrx_word' id='word_1_670' title='bbox 1204 5169 1511 5226; x_wconf 79' lang='lat' dir='ltr'><strong>Rothadum</strong></span> <span class='ocrx_word' id='word_1_671' title='bbox 1536 5186 1567 5224; x_wconf 88' lang='lat' dir='ltr'><strong>a</strong></span> <span class='ocrx_word' id='word_1_672' title='bbox 1601 5170 1776 5235; x_wconf 92' lang='lat' dir='ltr'><strong>nobis,</strong></span> <span class='ocrx_word' id='word_1_673' title='bbox 1803 5172 2114 5242; x_wconf 74' lang='lat' dir='ltr'><strong>apostolica:</strong></span> 
     </span>
    </p>
   </div>
   <div class='ocr_carea' id='block_1_97' title="bbox 515 5259 2107 5325">
    <p class='ocr_par' dir='ltr' id='par_1_97' title="bbox 515 5259 2107 5325">
     <span class='ocr_line' id='line_1_97' title="bbox 515 5259 2107 5325; baseline 0.003 -9"><span class='ocrx_word' id='word_1_674' title='bbox 515 5259 670 5316; x_wconf 86' lang='lat' dir='ltr'><strong>sedis</strong></span> <span class='ocrx_word' id='word_1_675' title='bbox 697 5273 868 5325; x_wconf 80' lang='lat' dir='ltr'><strong>more,</strong></span> <span class='ocrx_word' id='word_1_676' title='bbox 902 5275 932 5314; x_wconf 91' lang='lat' dir='ltr'><strong>a</strong></span> <span class='ocrx_word' id='word_1_677' title='bbox 962 5262 1325 5318; x_wconf 85' lang='lat' dir='ltr'><strong>damnationis</strong></span> <span class='ocrx_word' id='word_1_678' title='bbox 1353 5263 1585 5318; x_wconf 90' lang='lat' dir='ltr'><strong>vinculis</strong></span> <span class='ocrx_word' id='word_1_679' title='bbox 1607 5262 1723 5320; x_wconf 85' lang='lat' dir='ltr'><strong>fore</strong></span> <span class='ocrx_word' id='word_1_680' title='bbox 1749 5263 2067 5321; x_wconf 89' lang='lat' dir='ltr'><strong>solvendum</strong></span> <span class='ocrx_word' id='word_1_681' title='bbox 2092 5283 2107 5322; x_wconf 88' lang='lat'><strong>:</strong></span> 
     </span>
    </p>
   </div>
   <div class='ocr_carea' id='block_1_98' title="bbox 521 5353 2113 5428">
    <p class='ocr_par' dir='ltr' id='par_1_98' title="bbox 521 5353 2113 5428">
     <span class='ocr_line' id='line_1_98' title="bbox 521 5353 2113 5428; baseline 0.006 -24"><span class='ocrx_word' id='word_1_682' title='bbox 521 5358 688 5420; x_wconf 83' lang='lat' dir='ltr'><strong>atque</strong></span> <span class='ocrx_word' id='word_1_683' title='bbox 717 5361 1016 5407; x_wconf 84' lang='lat' dir='ltr'><strong>convocato</strong></span> <span class='ocrx_word' id='word_1_684' title='bbox 1042 5353 1420 5424; x_wconf 87' lang='lat' dir='ltr'><strong>episcoporum</strong></span> <span class='ocrx_word' id='word_1_685' title='bbox 1469 5363 1613 5410; x_wconf 67' lang='lat' dir='ltr'><strong>coetu</strong></span> <span class='ocrx_word' id='word_1_686' title='bbox 1669 5354 1902 5423; x_wconf 86' lang='lat' dir='ltr'><strong>foveam,</strong></span> <span class='ocrx_word' id='word_1_687' title='bbox 1951 5373 2113 5428; x_wconf 87' lang='lat' dir='ltr'><strong>quam</strong></span> 
     </span>
    </p>
   </div>
   <div class='ocr_carea' id='block_1_99' title="bbox 521 5445 2111 5515">
    <p class='ocr_par' dir='ltr' id='par_1_99' title="bbox 521 5445 2111 5515">
     <span class='ocr_line' id='line_1_99' title="bbox 521 5445 2111 5515; baseline 0.004 -19"><span class='ocrx_word' id='word_1_688' title='bbox 521 5455 803 5512; x_wconf 87' lang='lat' dir='ltr'><strong>paravere,</strong></span> <span class='ocrx_word' id='word_1_689' title='bbox 867 5453 1040 5500; x_wconf 90' lang='lat' dir='ltr'><strong>semet</strong></span> <span class='ocrx_word' id='word_1_690' title='bbox 1097 5445 1314 5515; x_wconf 85' lang='lat' dir='ltr'><strong>penitus</strong></span> <span class='ocrx_word' id='word_1_691' title='bbox 1360 5445 1697 5503; x_wconf 89' lang='lat' dir='ltr'><strong>incidendos.</strong></span> <span class='ocrx_word' id='word_1_692' title='bbox 1749 5447 2111 5515; x_wconf 85' lang='lat' dir='ltr'><strong>Quamobrem</strong></span> 
     </span>
    </p>
   </div>
   <div class='ocr_carea' id='block_1_100' title="bbox 521 5534 2114 5608">
    <p class='ocr_par' dir='ltr' id='par_1_100' title="bbox 521 5534 2114 5608">
     <span class='ocr_line' id='line_1_100' title="bbox 521 5534 2114 5608; baseline 0.007 -23"><span class='ocrx_word' id='word_1_693' title='bbox 521 5542 758 5589; x_wconf 89' lang='lat' dir='ltr'><strong>vestram</strong></span> <span class='ocrx_word' id='word_1_694' title='bbox 808 5534 1160 5590; x_wconf 90' lang='lat' dir='ltr'><strong>nihilominus</strong></span> <span class='ocrx_word' id='word_1_695' title='bbox 1208 5537 1584 5592; x_wconf 88' lang='lat' dir='ltr'><strong>suavissimam</strong></span> <span class='ocrx_word' id='word_1_696' title='bbox 1623 5539 1877 5608; x_wconf 89' lang='lat' dir='ltr'><strong>pietatem</strong></span> <span class='ocrx_word' id='word_1_697' title='bbox 1923 5555 2114 5596; x_wconf 89' lang='lat' dir='ltr'><strong>mone-</strong></span> 
     </span>
    </p>
   </div>
   <div class='ocr_carea' id='block_1_101' title="bbox 520 5625 2112 5698">
    <p class='ocr_par' dir='ltr' id='par_1_101' title="bbox 520 5625 2112 5698">
     <span class='ocr_line' id='line_1_101' title="bbox 520 5625 2112 5698; baseline 0.008 -22"><span class='ocrx_word' id='word_1_698' title='bbox 520 5639 667 5691; x_wconf 80' lang='lat' dir='ltr'><strong>mus,</strong></span> <span class='ocrx_word' id='word_1_699' title='bbox 711 5633 770 5680; x_wconf 87' lang='lat' dir='ltr'><strong>et</strong></span> <span class='ocrx_word' id='word_1_700' title='bbox 819 5625 1039 5695; x_wconf 90' lang='lat' dir='ltr'><strong>quantis</strong></span> <span class='ocrx_word' id='word_1_701' title='bbox 1085 5640 1372 5696; x_wconf 89' lang='lat' dir='ltr'><strong>possumus</strong></span> <span class='ocrx_word' id='word_1_702' title='bbox 1412 5629 1619 5683; x_wconf 89' lang='lat' dir='ltr'><strong>viribus</strong></span> <span class='ocrx_word' id='word_1_703' title='bbox 1667 5645 1981 5698; x_wconf 84' lang='lat' dir='ltr'><strong>exoramus,</strong></span> <span class='ocrx_word' id='word_1_704' title='bbox 2029 5632 2112 5688; x_wconf 91' lang='lat' dir='ltr'><strong>vel</strong></span> 
     </span>
    </p>
   </div>
   <div class='ocr_carea' id='block_1_102' title="bbox 518 5715 2113 5790">
    <p class='ocr_par' dir='ltr' id='par_1_102' title="bbox 518 5715 2113 5790">
     <span class='ocr_line' id='line_1_102' title="bbox 518 5715 2113 5790; baseline 0.003 -17"><span class='ocrx_word' id='word_1_705' title='bbox 518 5715 687 5774; x_wconf 75' lang='lat' dir='ltr'><strong>etiam</strong></span> <span class='ocrx_word' id='word_1_706' title='bbox 747 5726 1005 5787; x_wconf 89' lang='lat' dir='ltr'><strong>tanquam</strong></span> <span class='ocrx_word' id='word_1_707' title='bbox 1061 5717 1257 5774; x_wconf 85' lang='lat' dir='ltr'><strong>devoto</strong></span> <span class='ocrx_word' id='word_1_708' title='bbox 1311 5717 1422 5774; x_wconf 80' lang='lat' dir='ltr'><strong>filio</strong></span> <span class='ocrx_word' id='word_1_709' title='bbox 1478 5719 1840 5790; x_wconf 62' lang='lat' dir='ltr'><strong>praecipiendo</strong></span> <span class='ocrx_word' id='word_1_710' title='bbox 1883 5722 2113 5780; x_wconf 80' lang='lat' dir='ltr'><strong>fidenter</strong></span> 
     </span>
    </p>
   </div>
   <div class='ocr_carea' id='block_1_103' title="bbox 2220 4527 3817 4604">
    <p class='ocr_par' dir='ltr' id='par_1_103' title="bbox 2220 4527 3817 4604">
     <span class='ocr_line' id='line_1_103' title="bbox 2220 4527 3817 4604; baseline -0.004 -12"><span class='ocrx_word' id='word_1_711' title='bbox 2220 4536 2541 4593; x_wconf 87' lang='lat' dir='ltr'><strong>verberibus</strong></span> <span class='ocrx_word' id='word_1_712' title='bbox 2561 4534 2736 4604; x_wconf 87' lang='lat' dir='ltr'><strong>puniri</strong></span> <span class='ocrx_word' id='word_1_713' title='bbox 2754 4533 3026 4588; x_wconf 90' lang='lat' dir='ltr'><strong>debuisset</strong></span> <span class='ocrx_word' id='word_1_714' title='bbox 3044 4531 3271 4598; x_wconf 87' lang='lat' dir='ltr'><strong>invenit,</strong></span> <span class='ocrx_word' id='word_1_715' title='bbox 3288 4530 3382 4586; x_wconf 90' lang='lat' dir='ltr'><strong>sed</strong></span> <span class='ocrx_word' id='word_1_716' title='bbox 3401 4539 3579 4584; x_wconf 90' lang='lat' dir='ltr'><strong>tamen</strong></span> <span class='ocrx_word' id='word_1_717' title='bbox 3600 4527 3817 4586; x_wconf 83' lang='lat' dir='ltr'><strong>frustra</strong></span> 
     </span>
    </p>
   </div>
   <div class='ocr_carea' id='block_1_104' title="bbox 2224 4623 3818 4700">
    <p class='ocr_par' dir='ltr' id='par_1_104' title="bbox 2224 4623 3818 4700">
     <span class='ocr_line' id='line_1_104' title="bbox 2224 4623 3818 4700; baseline -0.008 -12"><span class='ocrx_word' id='word_1_718' title='bbox 2224 4647 2334 4688; x_wconf 89' lang='lat' dir='ltr'><strong>non</strong></span> <span class='ocrx_word' id='word_1_719' title='bbox 2364 4628 2617 4700; x_wconf 87' lang='lat' dir='ltr'><strong>percutit,</strong></span> <span class='ocrx_word' id='word_1_720' title='bbox 2650 4627 2775 4696; x_wconf 90' lang='lat' dir='ltr'><strong>quia</strong></span> <span class='ocrx_word' id='word_1_721' title='bbox 2799 4625 2935 4690; x_wconf 71' lang='lat' dir='ltr'><strong>haec,</strong></span> <span class='ocrx_word' id='word_1_722' title='bbox 2956 4632 3224 4694; x_wconf 83' lang='lat' dir='ltr'><strong>quatenus</strong></span> <span class='ocrx_word' id='word_1_723' title='bbox 3245 4637 3341 4693; x_wconf 88' lang='lat' dir='ltr'><strong>per</strong></span> <span class='ocrx_word' id='word_1_724' title='bbox 3365 4623 3686 4694; x_wconf 87' lang='lat' dir='ltr'><strong>patientiam</strong></span> <span class='ocrx_word' id='word_1_725' title='bbox 3712 4637 3818 4677; x_wconf 83' lang='lat' dir='ltr'><strong>an-</strong></span> 
     </span>
    </p>
   </div>
   <div class='ocr_carea' id='block_1_105' title="bbox 2223 4714 3817 4796">
    <p class='ocr_par' dir='ltr' id='par_1_105' title="bbox 2223 4714 3817 4796">
     <span class='ocr_line' id='line_1_105' title="bbox 2223 4714 3817 4796; baseline -0.004 -20"><span class='ocrx_word' id='word_1_726' title='bbox 2223 4728 2455 4794; x_wconf 90' lang='lat' dir='ltr'><strong>geantur</strong></span> <span class='ocrx_word' id='word_1_727' title='bbox 2479 4718 2531 4773; x_wconf 92' lang='lat' dir='ltr'><strong>ei</strong></span> <span class='ocrx_word' id='word_1_728' title='bbox 2578 4717 2790 4796; x_wconf 83' lang='lat' dir='ltr'><strong>merita,</strong></span> <span class='ocrx_word' id='word_1_729' title='bbox 2822 4724 2884 4770; x_wconf 91' lang='lat' dir='ltr'><strong>ut</strong></span> <span class='ocrx_word' id='word_1_730' title='bbox 2920 4715 3188 4770; x_wconf 89' lang='lat' dir='ltr'><strong>discretus</strong></span> <span class='ocrx_word' id='word_1_731' title='bbox 3231 4722 3390 4786; x_wconf 89' lang='lat' dir='ltr'><strong>pater</strong></span> <span class='ocrx_word' id='word_1_732' title='bbox 3438 4723 3683 4770; x_wconf 81' lang='lat' dir='ltr'><strong>exercet.</strong></span> <span class='ocrx_word' id='word_1_733' title='bbox 3715 4714 3817 4770; x_wconf 89' lang='lat' dir='ltr'><strong>Sic</strong></span> 
     </span>
    </p>
   </div>
   <div class='ocr_carea' id='block_1_106' title="bbox 2217 4803 3816 4873">
    <p class='ocr_par' dir='ltr' id='par_1_106' title="bbox 2217 4803 3816 4873">
     <span class='ocr_line' id='line_1_106' title="bbox 2217 4803 3816 4873; baseline -0.004 -8"><span class='ocrx_word' id='word_1_734' title='bbox 2217 4810 2494 4873; x_wconf 89' lang='lat' dir='ltr'><strong>nimirum,</strong></span> <span class='ocrx_word' id='word_1_735' title='bbox 2518 4807 2596 4863; x_wconf 92' lang='lat' dir='ltr'><strong>sic</strong></span> <span class='ocrx_word' id='word_1_736' title='bbox 2635 4815 2692 4862; x_wconf 91' lang='lat' dir='ltr'><strong>et</strong></span> <span class='ocrx_word' id='word_1_737' title='bbox 2718 4820 2832 4869; x_wconf 91' lang='lat' dir='ltr'><strong>vos,</strong></span> <span class='ocrx_word' id='word_1_738' title='bbox 2872 4803 3194 4861; x_wconf 89' lang='lat' dir='ltr'><strong>charissime</strong></span> <span class='ocrx_word' id='word_1_739' title='bbox 3221 4804 3316 4868; x_wconf 83' lang='lat' dir='ltr'><strong>fili,</strong></span> <span class='ocrx_word' id='word_1_740' title='bbox 3347 4813 3586 4858; x_wconf 88' lang='lat' dir='ltr'><strong>vestram</strong></span> <span class='ocrx_word' id='word_1_741' title='bbox 3638 4804 3816 4860; x_wconf 80' lang='lat' dir='ltr'><strong>subii-</strong></span> 
     </span>
    </p>
   </div>
   <div class='ocr_carea' id='block_1_107' title="bbox 2219 4892 3814 4966">
    <p class='ocr_par' dir='ltr' id='par_1_107' title="bbox 2219 4892 3814 4966">
     <span class='ocr_line' id='line_1_107' title="bbox 2219 4892 3814 4966; baseline -0.003 -11"><span class='ocrx_word' id='word_1_742' title='bbox 2219 4901 2465 4956; x_wconf 88' lang='lat' dir='ltr'><strong>mitatem</strong></span> <span class='ocrx_word' id='word_1_743' title='bbox 2498 4897 2662 4953; x_wconf 86' lang='lat' dir='ltr'><strong>tacita</strong></span> <span class='ocrx_word' id='word_1_744' title='bbox 2689 4895 2926 4951; x_wconf 86' lang='lat' dir='ltr'><strong>fortasse</strong></span> <span class='ocrx_word' id='word_1_745' title='bbox 2948 4894 3276 4966; x_wconf 87' lang='lat' dir='ltr'><strong>cogitatione</strong></span> <span class='ocrx_word' id='word_1_746' title='bbox 3315 4892 3517 4948; x_wconf 88' lang='lat' dir='ltr'><strong>frustra</strong></span> <span class='ocrx_word' id='word_1_747' title='bbox 3551 4892 3741 4949; x_wconf 67' lang='lat' dir='ltr'><strong>Iresam</strong></span> <span class='ocrx_word' id='word_1_748' title='bbox 3776 4910 3814 4950; x_wconf 82' lang='lat' dir='ltr'><strong>a</strong></span> 
     </span>
    </p>
   </div>
   <div class='ocr_carea' id='block_1_108' title="bbox 2215 4987 3818 5060">
    <p class='ocr_par' dir='ltr' id='par_1_108' title="bbox 2215 4987 3818 5060">
     <span class='ocr_line' id='line_1_108' title="bbox 2215 4987 3818 5060; baseline -0.006 -11"><span class='ocrx_word' id='word_1_749' title='bbox 2215 4991 2372 5049; x_wconf 84' lang='lat' dir='ltr'><strong>nobis</strong></span> <span class='ocrx_word' id='word_1_750' title='bbox 2409 4989 2720 5060; x_wconf 86' lang='lat' dir='ltr'><strong>querimini.</strong></span> <span class='ocrx_word' id='word_1_751' title='bbox 2763 4987 2979 5043; x_wconf 85' lang='lat' dir='ltr'><strong>Scimus</strong></span> <span class='ocrx_word' id='word_1_752' title='bbox 3022 4995 3202 5042; x_wconf 90' lang='lat' dir='ltr'><strong>tamen</strong></span> <span class='ocrx_word' id='word_1_753' title='bbox 3239 5001 3340 5042; x_wconf 90' lang='lat' dir='ltr'><strong>nos</strong></span> <span class='ocrx_word' id='word_1_754' title='bbox 3371 5025 3388 5052; x_wconf 91' lang='lat'><strong>,</strong></span> <span class='ocrx_word' id='word_1_755' title='bbox 3433 5000 3502 5040; x_wconf 84' lang='lat' dir='ltr'><strong>ex</strong></span> <span class='ocrx_word' id='word_1_756' title='bbox 3555 5000 3663 5056; x_wconf 90' lang='lat' dir='ltr'><strong>qua</strong></span> <span class='ocrx_word' id='word_1_757' title='bbox 3719 5001 3818 5041; x_wconf 89' lang='lat' dir='ltr'><strong>ra-</strong></span> 
     </span>
    </p>
   </div>
   <div class='ocr_carea' id='block_1_109' title="bbox 2215 5078 3815 5150">
    <p class='ocr_par' dir='ltr' id='par_1_109' title="bbox 2215 5078 3815 5150">
     <span class='ocr_line' id='line_1_109' title="bbox 2215 5078 3815 5150; baseline -0.002 -12"><span class='ocrx_word' id='word_1_758' title='bbox 2215 5083 2334 5138; x_wconf 90' lang='lat' dir='ltr'><strong>dice</strong></span> <span class='ocrx_word' id='word_1_759' title='bbox 2375 5090 2563 5138; x_wconf 90' lang='lat' dir='ltr'><strong>contra</strong></span> <span class='ocrx_word' id='word_1_760' title='bbox 2602 5079 2946 5135; x_wconf 90' lang='lat' dir='ltr'><strong>dilectionem</strong></span> <span class='ocrx_word' id='word_1_761' title='bbox 2985 5086 3228 5134; x_wconf 80' lang='lat' dir='ltr'><strong>vestram</strong></span> <span class='ocrx_word' id='word_1_762' title='bbox 3262 5079 3376 5134; x_wconf 67' lang='lat' dir='ltr'><strong>hazc</strong></span> <span class='ocrx_word' id='word_1_763' title='bbox 3398 5078 3553 5150; x_wconf 83' lang='lat' dir='ltr'><strong>virga</strong></span> <span class='ocrx_word' id='word_1_764' title='bbox 3590 5093 3815 5149; x_wconf 71' lang='lat' dir='ltr'><strong>proces—</strong></span> 
     </span>
    </p>
   </div>
   <div class='ocr_carea' id='block_1_110' title="bbox 2207 5169 3813 5245">
    <p class='ocr_par' dir='ltr' id='par_1_110' title="bbox 2207 5169 3813 5245">
     <span class='ocr_line' id='line_1_110' title="bbox 2207 5169 3813 5245; baseline -0.002 -14"><span class='ocrx_word' id='word_1_765' title='bbox 2207 5175 2376 5231; x_wconf 80' lang='lat' dir='ltr'><strong>serit:</strong></span> <span class='ocrx_word' id='word_1_766' title='bbox 2404 5188 2526 5245; x_wconf 80' lang='lat' dir='ltr'><strong>qua:</strong></span> <span class='ocrx_word' id='word_1_767' title='bbox 2552 5174 2740 5244; x_wconf 91' lang='lat' dir='ltr'><strong>utique</strong></span> <span class='ocrx_word' id='word_1_768' title='bbox 2769 5185 2877 5226; x_wconf 92' lang='lat' dir='ltr'><strong>non</strong></span> <span class='ocrx_word' id='word_1_769' title='bbox 2903 5179 2964 5225; x_wconf 91' lang='lat' dir='ltr'><strong>ut</strong></span> <span class='ocrx_word' id='word_1_770' title='bbox 2991 5169 3234 5227; x_wconf 90' lang='lat' dir='ltr'><strong>funditus</strong></span> <span class='ocrx_word' id='word_1_771' title='bbox 3257 5171 3615 5236; x_wconf 88' lang='lat' dir='ltr'><strong>interimeret,</strong></span> <span class='ocrx_word' id='word_1_772' title='bbox 3643 5172 3813 5239; x_wconf 86' lang='lat' dir='ltr'><strong>absit,</strong></span> 
     </span>
    </p>
   </div>
   <div class='ocr_carea' id='block_1_111' title="bbox 2213 5263 3813 5340">
    <p class='ocr_par' dir='ltr' id='par_1_111' title="bbox 2213 5263 3813 5340">
     <span class='ocr_line' id='line_1_111' title="bbox 2213 5263 3813 5340; baseline -0.004 -14"><span class='ocrx_word' id='word_1_773' title='bbox 2213 5269 2311 5327; x_wconf 85' lang='lat' dir='ltr'><strong>sed</strong></span> <span class='ocrx_word' id='word_1_774' title='bbox 2357 5283 2478 5340; x_wconf 69' lang='lat' dir='ltr'><strong>quae</strong></span> <span class='ocrx_word' id='word_1_775' title='bbox 2525 5266 2592 5321; x_wconf 89' lang='lat' dir='ltr'><strong>ad</strong></span> <span class='ocrx_word' id='word_1_776' title='bbox 2621 5263 2936 5335; x_wconf 88' lang='lat' dir='ltr'><strong>sempiterni</strong></span> <span class='ocrx_word' id='word_1_777' title='bbox 2966 5264 3120 5336; x_wconf 88' lang='lat' dir='ltr'><strong>regni</strong></span> <span class='ocrx_word' id='word_1_778' title='bbox 3164 5263 3390 5334; x_wconf 85' lang='lat' dir='ltr'><strong>gloriam</strong></span> <span class='ocrx_word' id='word_1_779' title='bbox 3421 5263 3636 5321; x_wconf 88' lang='lat' dir='ltr'><strong>felicius</strong></span> <span class='ocrx_word' id='word_1_780' title='bbox 3677 5279 3813 5320; x_wconf 83' lang='lat' dir='ltr'><strong>eru-</strong></span> 
     </span>
    </p>
   </div>
   <div class='ocr_carea' id='block_1_112' title="bbox 2216 5357 3814 5430">
    <p class='ocr_par' dir='ltr' id='par_1_112' title="bbox 2216 5357 3814 5430">
     <span class='ocr_line' id='line_1_112' title="bbox 2216 5357 3814 5430; baseline -0.002 -13"><span class='ocrx_word' id='word_1_781' title='bbox 2216 5362 2394 5418; x_wconf 82' lang='lat' dir='ltr'><strong>diret:</strong></span> <span class='ocrx_word' id='word_1_782' title='bbox 2428 5359 2634 5416; x_wconf 90' lang='lat' dir='ltr'><strong>scilicet</strong></span> <span class='ocrx_word' id='word_1_783' title='bbox 2676 5373 2838 5428; x_wconf 89' lang='lat' dir='ltr'><strong>quam</strong></span> <span class='ocrx_word' id='word_1_784' title='bbox 2881 5366 3108 5429; x_wconf 89' lang='lat' dir='ltr'><strong>paterna</strong></span> <span class='ocrx_word' id='word_1_785' title='bbox 3143 5357 3450 5429; x_wconf 89' lang='lat' dir='ltr'><strong>disciplina,</strong></span> <span class='ocrx_word' id='word_1_786' title='bbox 3482 5365 3542 5413; x_wconf 91' lang='lat' dir='ltr'><strong>ut</strong></span> <span class='ocrx_word' id='word_1_787' title='bbox 3567 5359 3814 5430; x_wconf 88' lang='lat' dir='ltr'><strong>apertius</strong></span> 
     </span>
    </p>
   </div>
   <div class='ocr_carea' id='block_1_113' title="bbox 2215 5445 3810 5520">
    <p class='ocr_par' dir='ltr' id='par_1_113' title="bbox 2215 5445 3810 5520">
     <span class='ocr_line' id='line_1_113' title="bbox 2215 5445 3810 5520; baseline -0.004 -12"><span class='ocrx_word' id='word_1_788' title='bbox 2215 5452 2501 5514; x_wconf 90' lang='lat' dir='ltr'><strong>dicamus,</strong></span> <span class='ocrx_word' id='word_1_789' title='bbox 2553 5464 2622 5504; x_wconf 82' lang='lat' dir='ltr'><strong>ex</strong></span> <span class='ocrx_word' id='word_1_790' title='bbox 2678 5447 2875 5503; x_wconf 89' lang='lat' dir='ltr'><strong>interni</strong></span> <span class='ocrx_word' id='word_1_791' title='bbox 2926 5445 3152 5504; x_wconf 71' lang='lat' dir='ltr'><strong>alieclus</strong></span> <span class='ocrx_word' id='word_1_792' title='bbox 3195 5463 3350 5504; x_wconf 90' lang='lat' dir='ltr'><strong>ramo</strong></span> <span class='ocrx_word' id='word_1_793' title='bbox 3398 5449 3644 5520; x_wconf 91' lang='lat' dir='ltr'><strong>protulit,</strong></span> <span class='ocrx_word' id='word_1_794' title='bbox 3697 5463 3810 5503; x_wconf 78' lang='lat' dir='ltr'><strong>non</strong></span> 
     </span>
    </p>
   </div>
   <div class='ocr_carea' id='block_1_114' title="bbox 2216 5539 3810 5616">
    <p class='ocr_par' dir='ltr' id='par_1_114' title="bbox 2216 5539 3810 5616">
     <span class='ocr_line' id='line_1_114' title="bbox 2216 5539 3810 5616; baseline -0.003 -17"><span class='ocrx_word' id='word_1_795' title='bbox 2216 5559 2376 5616; x_wconf 89' lang='lat' dir='ltr'><strong>quam</strong></span> <span class='ocrx_word' id='word_1_796' title='bbox 2422 5541 2630 5598; x_wconf 90' lang='lat' dir='ltr'><strong>malitia</strong></span> <span class='ocrx_word' id='word_1_797' title='bbox 2673 5554 2742 5596; x_wconf 82' lang='lat' dir='ltr'><strong>ex</strong></span> <span class='ocrx_word' id='word_1_798' title='bbox 2796 5539 2906 5595; x_wconf 91' lang='lat' dir='ltr'><strong>odii</strong></span> <span class='ocrx_word' id='word_1_799' title='bbox 2953 5540 3139 5596; x_wconf 89' lang='lat' dir='ltr'><strong>radice</strong></span> <span class='ocrx_word' id='word_1_800' title='bbox 3174 5541 3449 5611; x_wconf 85' lang='lat' dir='ltr'><strong>produxit.</strong></span> <span class='ocrx_word' id='word_1_801' title='bbox 3501 5540 3810 5596; x_wconf 85' lang='lat' dir='ltr'><strong>Percuteris</strong></span> 
     </span>
    </p>
   </div>
   <div class='ocr_carea' id='block_1_115' title="bbox 2215 5631 3806 5707">
    <p class='ocr_par' dir='ltr' id='par_1_115' title="bbox 2215 5631 3806 5707">
     <span class='ocr_line' id='line_1_115' title="bbox 2215 5631 3806 5707; baseline -0.004 -15"><span class='ocrx_word' id='word_1_802' title='bbox 2215 5651 2366 5707; x_wconf 89' lang='lat' dir='ltr'><strong>ergo,</strong></span> <span class='ocrx_word' id='word_1_803' title='bbox 2400 5635 2508 5689; x_wconf 93' lang='lat' dir='ltr'><strong>imo</strong></span> <span class='ocrx_word' id='word_1_804' title='bbox 2548 5631 2799 5702; x_wconf 90' lang='lat' dir='ltr'><strong>pulsaris,</strong></span> <span class='ocrx_word' id='word_1_805' title='bbox 2830 5631 2928 5695; x_wconf 87' lang='lat' dir='ltr'><strong>fili,</strong></span> <span class='ocrx_word' id='word_1_806' title='bbox 2954 5633 3119 5687; x_wconf 87' lang='lat' dir='ltr'><strong>etiam</strong></span> <span class='ocrx_word' id='word_1_807' title='bbox 3151 5633 3242 5688; x_wconf 91' lang='lat' dir='ltr'><strong>ubi</strong></span> <span class='ocrx_word' id='word_1_808' title='bbox 3275 5643 3326 5688; x_wconf 91' lang='lat' dir='ltr'><strong>te</strong></span> <span class='ocrx_word' id='word_1_809' title='bbox 3354 5648 3452 5688; x_wconf 88' lang='lat' dir='ltr'><strong>cor</strong></span> <span class='ocrx_word' id='word_1_810' title='bbox 3500 5641 3653 5687; x_wconf 85' lang='lat' dir='ltr'><strong>tuum</strong></span> <span class='ocrx_word' id='word_1_811' title='bbox 3701 5647 3806 5687; x_wconf 88' lang='lat' dir='ltr'><strong>non</strong></span> 
     </span>
    </p>
   </div>
   <div class='ocr_carea' id='block_1_116' title="bbox 2215 5725 3803 5798">
    <p class='ocr_par' dir='ltr' id='par_1_116' title="bbox 2215 5725 3803 5798">
     <span class='ocr_line' id='line_1_116' title="bbox 2215 5725 3803 5798; baseline -0.003 -15"><span class='ocrx_word' id='word_1_812' title='bbox 2215 5727 2580 5798; x_wconf 88' lang='lat' dir='ltr'><strong>reprehendit,</strong></span> <span class='ocrx_word' id='word_1_813' title='bbox 2617 5733 2678 5780; x_wconf 92' lang='lat' dir='ltr'><strong>ut</strong></span> <span class='ocrx_word' id='word_1_814' title='bbox 2703 5725 2914 5781; x_wconf 89' lang='lat' dir='ltr'><strong>cautior</strong></span> <span class='ocrx_word' id='word_1_815' title='bbox 2940 5732 2998 5778; x_wconf 92' lang='lat' dir='ltr'><strong>et</strong></span> <span class='ocrx_word' id='word_1_816' title='bbox 3021 5725 3320 5790; x_wconf 81' lang='lat' dir='ltr'><strong>soilicitior,</strong></span> <span class='ocrx_word' id='word_1_817' title='bbox 3345 5734 3510 5796; x_wconf 89' lang='lat' dir='ltr'><strong>atque</strong></span> <span class='ocrx_word' id='word_1_818' title='bbox 3537 5725 3723 5792; x_wconf 89' lang='lat' dir='ltr'><strong>tutior,</strong></span> <span class='ocrx_word' id='word_1_819' title='bbox 3753 5726 3803 5778; x_wconf 77' lang='lat' dir='ltr'><strong>ia</strong></span> 
     </span>
    </p>
   </div>
  </div>
