4070 6310
288 346 406 402 ι857

1510 334 1871 399 ΕΡΙΞΤΟΙμΕ
1914 338 2003 395 ΕΤ
2043 336 2217 397 DECB
2227 337 2382 398 ETA.

3447 284 3481 311 ο

3460 372 3467 393 -'
3482 353 3586 410 858

289 458 503 529 quibus
530 455 827 513 delicturus
853 468 994 521 eras,
1012 454 1122 514 Deo
1145 464 1389 522 auctore,
1421 456 1602 512 valeas
1631 454 1882 510 invenirl.
1914 460 1960 518 Α
1990 470 2053 511 ea
2080 456 2342 513 vilescere
2365 456 2448 511 vel
2476 456 2680 513 destrui
2706 473 2737 513 a
2755 457 2972 518 nemine
2993 460 3295 531 patiamini.
3312 462 3583 521 Caeterum

294 552 512 622 Itaque,
548 552 886 615 charissime,
921 568 1042 608 cum
1070 562 1265 608 vestra:
1319 554 1477 624 regiae
1528 551 1780 622 potestati
1820 550 1889 605 ab

290 642 597 713 apostolica
627 643 756 699 sede
797 644 1065 699 interdum
1090 644 1306 698 duriora
1340 644 1538 699 fuerint
1568 644 1755 710 missa,
1786 659 1893 699 non

305 733 535 789 mo‘leste
564 733 768 798 feratis,
796 750 898 789 nec
939 751 1035 791 vos
1073 750 1102 788 a
1154 735 1307 790 nobis
1333 736 1457 790 odio
1514 736 1725 791 habitos
1774 751 1896 792 esse

302 829 529 899 putetis,
572 830 826 897 quoniam
864 838 957 883 aut
1002 828 1288 884 manifeste
1325 828 1471 897 justa
1514 839 1641 885 sunt
1695 837 1895 885 nostra;

302 919 665 989 correptionis
681 919 881 990 jacula,
906 927 1000 974 aut
1017 929 1164 975 certe
1184 919 1391 974 occulta
1416 928 1559 985 sunt,
1582 929 1637 974 et
1658 919 1894 990 aliquam

302 1010 564 1066 habentia
611 1012 897 1065 rationem.
947 1010 1289 1082 Quapropter
1321 1011 1372 1066 in
1421 1020 1652 1081 utroque
1700 1020 1895 1066 vestrm

298 1104 495 1158 salutis
516 1117 730 1172 semper
751 1103 998 1158 invenire
1032 1118 1102 1157 ne
1140 1102 1392 1157 dillidatis
1435 1104 1754 1158 antidotum.
1786 1099 1894 1157 Nos

293 1195 504 1264 quippe
536 1208 751 1262 semper
776 1193 990 1262 quidem
1022 1209 1118 1248 vos
1158 1194 1211 1247 in
1248 1194 1545 1249 visceribus
1590 1194 1894 1250 dilectionis

296 1295 508 1340 nostra
536 1285 754 1339 strictos
777 1282 1083 1346 habuimus,
1113 1294 1169 1340 et
1201 1300 1300 1355 pro
1333 1286 1486 1340 vobis
1528 1286 1619 1340 Dei
1648 1287 1895 1357 omnipo-

298 1378 470 1432 tentis
508 1376 935 1431 miscricordiam
986 1376 1413 1446 imploravimus.
1470 1378 1573 1432 Sed
1606 1389 1891 1450 postquam

294 1469 476 1523 lraler
496 1468 932 1536 et‘coepiscOpus
962 1476 1143 1522 noster
1182 1466 1315 1531 Odo,
1346 1468 1553 1537 pariter
1587 1478 1642 1523 et
1678 1468 1893 1525 Primus

298 1559 654 1615 ﬁdelissimus
683 1568 890 1623 noster,
914 1574 1072 1630 quem
1098 1559 1163 1613 ad
1192 1568 1428 1613 vestram
1455 1560 1680 1631 gloriam
1726 1561 1891 1617 mise-

297 1666 511 1715 ramus,
553 1651 618 1706 de
640 1659 821 1706 vestra
846 1661 1146 1721 vestrmque
1171 1652 1616 1708 eminentissima:
1640 1669 1705 1709 ac
1726 1653 1892 1709 dilec-

300 1744 533 1799 tissima
555 1742 799 1814 conjugis
825 1743 1110 1799 devotione
1138 1759 1267 1813 erga
1297 1745 1479 1799 sedem
1512 1746 1887 1814 apostolicam,

296 1848 370 1889 ac
390 1834 696 1898 dilectione,
721 1850 883 1905 quam
902 1836 1051 1889 circa
1085 1834 1296 1889 Domini
1321 1836 1629 1892 sacerdotes
1651 1838 1884 1903 habetis,
1920 1819 1965 1879 Β

299 1925 463 1980 nobis
490 1932 568 1979 tot
590 1924 891 1979 retulerunt
913 1926 1207 1993 praeconia,
1242 1933 1391 1979 tanto
1419 1926 1624 1981 arctius
1649 1942 1745 1981 vos
1775 1927 1896 1983 dili-

296 2015 503 2085 gimus,
535 2022 687 2068 tanto
706 2015 875 2068 vestri
900 2029 1002 2083 pro
1022 2022 1164 2067 statu
1186 2014 1361 2084 regni,
1395 2024 1449 2068 et
1478 2026 1655 2070 vestra
1680 2025 1892 2072 vestro-

302 2119 535 2174 rumque
564 2104 762 2170 sa‘lute,
790 2104 1077 2159 Dominum
1092 2102 1281 2159 Iesum
1305 2104 1579 2159 Christum
1605 2106 1895 2162 instantius

296 2194 694 2263 deprecamur,
745 2203 1009 2263 tantoque
1064 2194 1131 2248 de
1189 2191 1691 2249 Northmannorum
1740 2194 1895 2251 vobis

301 2286 527 2341 subacta
554 2284 706 2340 rabie
726 2294 907 2355 grates
929 2284 1135 2339 auctori
1157 2284 1492 2340 exsidtantes
1516 2285 1889 2355 rependimus;

296 2376 521 2445 quando
572 2376 688 2431 huic
733 2392 839 2431 non
877 2376 947 2431 ad
1002 2384 1271 2430 tumorem
1336 2375 1605 2439 elationis,
1668 2390 1768 2430 nec
1824 2375 1894 2430 ad

302 2468 554 2522 humanae
585 2468 894 2537 cupiditatis
910 2468 1159 2522 ardorem
1191 2466 1492 2536 profutura,
1523 2466 1617 2521 sed
1648 2466 1714 2521 ad
1739 2466 1892 2521 exal-

303 2558 564 2613 tationem
590 2544 957 2613 Ecclesiarum
998 2557 1113 2623 Dei,
1158 2566 1212 2612 et
1258 2559 1325 2611 ad
1355 2556 1659 2612 libertatem
1712 2556 1892 2627 populi

298 2646 774 2716 Christi,atquead
796 2647 1011 2702 laudem
1037 2647 1207 2714 ipsius
1228 2647 1499 2701 credimus
1522 2648 1893 2702 incunctanter
1974 2664 1979 2665 ί

303 2735 588 2806 prolicere.
630 2736 894 2807 Optamus
913 2737 1290 2792 excellentiam
1318 2745 1560 2792 vestram
1594 2738 1649 2791 in
1675 2736 1893 2794 Christo

305 2841 452 2884 nunc
480 2837 536 2883 et
553 2844 768 2900 semper
794 2830 929 2884 bene
959 2829 1162 2883 valere.

972 2938 1234 2994 XXXVII.

696 3045 765 3084 Αι)
791 3045 1036 3085 (ςΑιιοιωι
1063 3046 1271 3085 CALVUH
1300 3043 1477 3086 ηεςει

916 3121 1096 3193 (Anno
1136 3120 1285 3193 863.)

309 3231 380 3287 Ut
422 3231 720 3288 Rothadum
772 3234 958 3287 honori
1004 3233 1225 3303 pristino
1273 3233 1476 3287 restitui
1528 3233 1714 3303 faciat,
1754 3242 1889 3303 tum

377 3303 566 3358 deinde
621 3305 689 3357 ad
738 3302 1075 3374 apostolicam
1125 3304 1338 3368 sedem,
1394 3302 1552 3374 quam
1590 3302 1886 3374 appellavit,

378 3380 551 3429 unite
576 3375 857 3443 permittat.
882 3373 1093 3429 Iudicat
1122 3376 1281 3428 etiam
1314 3373 1442 3445 quid
1463 3374 1527 3428 de
1553 3390 1616 3429 ea
1642 3390 1698 3428 re
1724 3374 1891 3429 Hinc-

380 3462 528 3499 maro
549 3446 835 3515 scripserit.

913 3533 1129 3606 [Mansi,
1151 3532 1306 3606 ibid.]

380 3645 669 3711 Nicouus,
695 3633 979 3716 episcopus
1002 3661 1191 3700 servus
1225 3661 1503 3702 servorum
1537 3646 1651 3713 Dei,
1697 3648 1895 3703 dilecto

309 3736 423 3792 filio
446 3750 629 3791 nostro
658 3736 875 3791 Canem
904 3736 1138 3807 glorioso
1160 3737 1291 3807 regi.

380 3828 535 3882 Nune
561 3828 825 3881 laudanda
839 3837 921 3880 est
949 3827 1202 3895 frequens
1217 3828 1583 3893 conversatio,
1599 3838 1655 3883 et
1675 3829 1893 3885 assidua

310 3935 434 3975 cum
458 3918 859 3981 ecclesiasticis,
888 3927 943 3972 et
970 3932 1092 3972 cum
1127 3920 1463 3987 sapientibus
1487 3929 1664 3975 vestra
1696 3922 1895 3977 seduli-

311 4020 417 4076 tas,
465 4026 629 4081 quam
682 4012 831 4065 circa
876 4010 1164 4065 utilitatem
1218 4010 1585 4066 Ecelesiarum
1644 4011 1760 4078 Dei,
1797 4029 1895 4070 vos

311 4103 509 4157 habere
537 4102 723 4156 auditu
752 4100 1145 4170 gratulabundo
1165 4103 1528 4172 concepimus,
1570 4102 1613 4156 si
1657 4102 1897 4172 ejusdem

310 4202 514 4249 sancta:
539 4192 791 4247 Ecclesia:
813 4202 1109 4262 pastorum,
1143 4208 1265 4246 cum
1302 4194 1499 4261 quibus
1534 4194 1673 4249 hanc
1720 4196 1898 4250 humi-

311 4282 521 4339 litatem
554 4292 610 4338 et
643 4282 1058 4338 sollicitudinem
1098 4283 1391 4338 salubriter
1428 4285 1755 4355 operamini,
1798 4285 1899 4342 sub

310 4377 547 4447 quadam
590 4376 771 4446 specie
812 4375 1037 4446 iustitiae
1078 4373 1283 4429 ‘nullum
1319 4378 1540 4431 omnino
1588 4378 1895 4435 sublimitas

308 4476 493 4523 vestra
517 4466 736 4531 laeserit,
763 4466 903 4521 sicut
932 4467 998 4520 de
1040 4480 1150 4519 uno
1200 4466 1455 4535 quodam,
1507 4466 1755 4524 Rothado
1801 4486 1898 4524 no-

308 4561 481 4625 mine,
508 4574 653 4614 nunc
672 4570 771 4614 vos
793 4559 973 4629 egisse
997 4558 1349 4628 plurimorum
1379 4558 1548 4614 relatu
1576 4562 1893 4618 didicimus:

307 4651 551 4707 maxime
580 4665 707 4705 cum
736 4649 1069 4719 dejiciendus
1096 4651 1450 4720 apostolicam
1496 4654 1700 4718 sedem,
1740 4654 1897 4724 juxta

304 4742 594 4799 licentiam
621 4744 880 4797 canonice
898 4742 1001 4797 sibi
1024 4756 1359 4810 concessam,
1382 4744 1682 4815 appellasse
1711 4747 1899 4815 perhi-

302 4833 493 4888 betur.
552 4831 659 4887 Pro
719 4846 860 4902 quo,
917 4830 991 4886 fili
1047 4832 1402 4900 cbarissime,
1451 4836 1609 4891 valde
1668 4837 1897 4908 gloriam

304 4929 553 4978 vestram
609 4922 971 4991 exposcimus,
1010 4932 1069 4976 ut
1121 4923 1405 4992 praafatum
1459 4926 1635 4981 virum
1685 4928 1739 4982 in
1799 4944 1899 4983 suo

304 5014 612 5085 episcopio,
638 5023 693 5069 et
720 5014 868 5068 omni
898 5014 1126 5084 pristino
1158 5013 1307 5069 reddi
1345 5014 1557 5072 faciatis
1603 5018 1814 5084 honori,
1845 5030 1901 5074 et

305 5110 385 5164 ita
435 5109 651 5164 demum
692 5108 761 5162 ad
807 5106 1155 5177 apostolicam
1192 5106 1398 5173 sedem,
1440 5109 1507 5162 ad
1545 5126 1707 5180 quam
1748 5111 1899 5166 illum

307 5210 531 5258 constat
550 5199 1130 5271 appellasse,securum
1161 5214 1257 5267 pro
1280 5208 1465 5254 nostro
1484 5215 1667 5256 amore
1696 5201 1901 5256 aditum

307 5295 643 5366 properandi
666 5294 797 5348 dare
816 5292 1130 5363 dignemini.
1166 5290 1279 5346 Hoc
1306 5293 1483 5363 Specie
1512 5302 1668 5347 tenus
1705 5308 1900 5364 cogno-

315 5397 553 5453 scentes,
588 5386 841 5457 quoniam
868 5394 993 5439 tunc
1016 5383 1289 5439 credimus
1313 5399 1409 5439 vos
1426 5394 1667 5439 nostrum
1692 5398 1904 5455 aposto-

318 5482 487 5537 latum
511 5480 753 5551 diligere,
785 5479 925 5534 sicut
946 5493 1088 5548 saepe
1108 5476 1350 5547 profiteri
1375 5478 1650 5543 videmini,
1673 5478 1717 5533 si
1736 5478 1903 5532 Deum

319 5581 376 5627 et
416 5572 705 5627 Dominum
740 5578 986 5625 nostrum
1018 5568 1208 5623 timere
1255 5567 1459 5636 pariter
1501 5577 1555 5622 et
1586 5582 1773 5623 amare
1809 5582 1904 5623 vos

320 5665 602 5721 evidenter
631 5664 1069 5732 cognoverimus:
1095 5677 1302 5717 necnon
1325 5670 1380 5716 et
1405 5662 1682 5733 privilegia
1705 5670 1906 5717 sancta:

322 5756 473 5813 sedis
491 5755 820 5827 apostolicae,
846 5766 901 5809 et
920 5761 1119 5811 statuta
1141 5751 1362 5807 Patrum
1387 5752 1585 5807 illibata
1605 5762 1903 5819 servantes,

1995 547 2133 601 sciat
2162 547 2466 604 sublimitas
2493 560 2699 616 vestra,
2729 566 2827 605 nos
2874 552 2943 606 ad
2980 551 3309 609 confratrem
3340 567 3587 612 nostrum

1996 635 2344 693 Hincmarum
2387 640 2851 711 archiepiscopum
2896 644 3129 710 misisse,
3168 656 3436 716 quatenus
3489 659 3586 703 aut

1998 728 2135 784 infra
2165 730 2385 798 triginta
2411 732 2545 794 dies,
2574 743 2697 801 post
2737 734 2931 789 lectam
2974 752 3003 789 a
3034 738 3191 793 nobis
3222 740 3323 794 sibi
3362 742 3584 796 missam

1995 817 2297 887 epistolam,
2324 821 2571 874 eumdem
2596 823 2905 892 episcolmm
2932 824 3161 893 pristino
3190 828 3379 898 gradui
3424 832 3585 886 resti-

1996 917 2192 970 tueret,
2224 918 2318 961 aut
2335 909 2671 965 cumidoneo
2695 927 2796 967 suo
2815 914 3012 983 legato,
3037 917 3082 969 si
3105 917 3216 986 ipse
3244 934 3350 972 non
3378 929 3580 989 posset,

1995 1015 2101 1053 una
2152 1015 2275 1054 cum
2336 1004 2743 1059 accusatoribus
2796 1004 3040 1074 ejusdem
3097 1009 3245 1075 viri,
3307 1011 3353 1064 si
3402 1020 3585 1066 tamen

1994 1101 2195 1156 essent,
2229 1104 2393 1163 atque
2412 1111 2534 1149 cum
2564 1098 2901 1169 presbytero,
2932 1100 3023 1168 qui
3053 1115 3217 1156 causa
3263 1103 3584 1173 dejectionis

1995 1184 2111 1253 ejus
2141 1185 2258 1250 fuit,
2304 1186 2537 1243 Romam
2569 1191 2797 1245 veniret.
2842 1191 2993 1259 Quod
3025 1194 3071 1248 si
3117 1203 3366 1250 neutrum
3398 1208 3587 1267 ageret

1994 1288 2117 1347 post
2157 1280 2375 1350 triginta
2407 1282 2523 1335 dies
2561 1283 2836 1352 praefixos,
2886 1300 2986 1339 nec
3028 1287 3160 1355 ipse,
3211 1303 3311 1342 nec
3357 1289 3588 1359 quilibet

1994 1369 2392 1438 episcoporum,
2441 1372 2533 1440 qui
2590 1374 2642 1426 in
2691 1373 3025 1442 depositione
3078 1375 3287 1445 prmfati
3344 1379 3586 1449 episcopi

1974 1472 2420 1529 consenserunt,
2473 1464 2746 1519 licentiam
2802 1466 3111 1522 celebrandi
3164 1471 3452 1525 missarum
3497 1487 3586 1527 so-

1993 1549 2192 1607 lemnia
2220 1555 2433 1622 penitus
2462 1556 2740 1619 haberent,
2775 1572 3053 1627 quousque
3082 1559 3135 1613 in
3182 1560 3250 1615 iis
3288 1576 3409 1631 qua:
3440 1563 3587 1618 salu-

1992 1639 2165 1695 briter
2190 1642 2424 1708 deceret,
2456 1645 2612 1700 nobis
2638 1646 2749 1700 sint
2776 1647 3113 1711 obedientes,
3147 1663 3214 1704 ae
3240 1650 3476 1718 pleniter
3510 1653 3579 1706 ad

1993 1730 2242 1788 effectum
2271 1737 2751 1792 consummationis
2780 1738 3149 1807 perduxerint.

2647 1846 2934 1904 XXXVIII.

2195 1949 2263 1988 AD
2287 1951 2577 1991 ιιοτιιΑυωι
2600 1952 2888 1993 εριδοοιιωι
2919 1956 3369 1999 ευεεδιοκεκεειί.

2620 2029 2798 2099 (Anno
2829 2030 2977 2101 863.)

1994 2112 2064 2168 Ut
2089 2113 2310 2193 Romam
2338 2118 2525 2193 veniat.
2559 2134 2678 2171 cum
2720 2120 2946 2193 primum
2990 2122 3036 2174 ei
3062 2122 3187 2175 data
3230 2124 3390 2193 fuerit
3416 2123 3581 2179 licen-

2064 2187 2139 2238 tia
2163 2202 2181 2239 :
2215 2187 2355 2256 quod
2386 2188 2432 2241 si
2461 2199 2697 2259 negetur,
2728 2191 2902 2244 sedem
2942 2187 3283 2261 apostolicam
3316 2194 3584 2265 appellare

2064 2271 2168 2309 non
2206 2266 2387 2310 (esset.

2584 2351 2796 2424 [Mansi,
2826 2354 2981 2428 ibid.]

2063 2462 2331 2521 NICOLAUS
2360 2466 2669 2536 epise0pus,
2720 2484 2911 2523 servus
2946 2486 3225 2526 servorum
3268 2472 3385 2539 Dei,
3432 2489 3585 2530 reve-

1992 2554 2302 2610 rentissimo
2323 2565 2377 2610 et
2406 2559 2750 2612 sanctissimo
2801 2559 3062 2615 ltoruaoo
3088 2565 3361 2633 episcopo.

2063 2643 2365 2715 Cognoscat
2394 2648 2730 2716 experientia
2780 2658 2890 2713 tua,
2938 2649 3107 2706 frater
3137 2653 3476 2721 charissime,
3515 2656 3587 2711 de

1994 2736 2101 2790 tuis
2153 2736 2590 2793 tribulationibus
2638 2739 2867 2793 multum
2920 2742 3281 2810 apostolatum
3333 2755 3581 2799 nostrum

1990 2826 2247 2887 doluisse,
2294 2828 2402 2881 imo
2455 2828 2657 2884 dolere.
2688 2829 2797 2885 Sed
2840 2832 3114 2887 credimus
3146 2834 3242 2904 Dei
3276 2835 3587 2891 misericor-

1992 2919 2135 2974 diam
2169 2920 2264 2974 tibi
2314 2920 2561 2990 proxime
2601 2921 2913 2989 affuturam,
2961 2940 3082 2994 qua:
3109 2934 3183 2989 te,
3214 2935 3271 2979 et
3290 2926 3431 2981 sicut
3475 2926 3585 2980 Da-

1993 3010 2188 3065 nielem
2239 3013 2437 3067 educat
2479 3014 2547 3068 de
2582 3012 2699 3067 lacu
2750 3012 2967 3069 leonum
2998 3015 3164 3086 (Dan.
3199 3016 3298 3089 vi),
3345 3026 3399 3072 et
3445 3018 3588 3072 sicut

1992 3103 2276 3171 prodigum
2300 3102 2468 3157 filium
2514 3105 2689 3175 prima
2726 3105 2918 3161 induat
2972 3107 3107 3162 stola
3137 3107 3289 3179 (Luc.
3318 3109 3431 3181 xv).
3455 3109 3587 3177 Quae

1918 3170 1965 3233 ε
1994 3170 2174 3248 autem
2214 3194 2448 3263 primum
2506 3170 2572 3251 de
2606 3206 2659 3251 te
2709 3197 2906 3253 Carolo
2948 3170 3185 3270 glorioso
3232 3170 3586 3271 regi,'atqtie

1994 3279 2286 3338 Hinctuaro
2317 3285 2645 3351 miserimus,
2681 3302 2839 3342 nosse
2892 3296 2943 3342 te
2971 3290 3267 3344 credimus.
3301 3287 3456 3345 Nunc
3487 3307 3585 3344 au-

1992 3379 2101 3425 tem
2151 3373 2570 3441 metropolitani,
2627 3382 2681 3427 et
2728 3375 2911 3430 caeteri
2969 3376 3230 3447 episc0pi,
3286 3378 3377 3447 qui
3433 3378 3580 3433 circa

1906 3514 1909 3517 .
1992 3459 2115 3533 (aL,
2139 3472 2347 3517 contra.
2376 3462 2572 3529 "sum,
2598 3466 2703 3518 edit
2732 3464 2910 3531 Rom.,
2935 3467 3146 3540 contra]
3176 3477 3226 3521 te
3256 3469 3582 3524 sententiam

1986 3554 2352 3623 protulerunt,
2385 3558 2540 3611 nobis
2580 3558 2745 3611 multa
2768 3561 2869 3612 sub
2904 3568 3184 3628 gestorum
3223 3561 3363 3614 serie
3407 3562 3475 3616 de
3502 3570 3583 3621 te.

1994 3644 2080 3698 vel
2106 3655 2293 3699 contra
2341 3656 2391 3699 te
2421 3648 2830 3713 inlimaverunt,
2878 3656 2934 3702 et
2979 3659 3040 3703 ut
3084 3660 3200 3704 rata
3243 3660 3427 3705 essent
3461 3666 3582 3719 qua:

1992 3744 2187 3790 contra
2213 3744 2265 3791 te
2293 3738 2786 3807 promulgaverant,
2816 3750 3004 3794 nostro
3037 3741 3419 3812 flagitaverunt
3456 3758 3589 3797 con-

1996 3840 2159 3880 sensu
2208 3827 2475 3881 roborari.
2509 3828 2614 3881 Sed
2636 3844 2738 3884 nos
2767 3830 2879 3885 haec
2907 3844 3069 3901 agere
3118 3831 3447 3897 distulimus,
3476 3834 3587 3891 imo

1996 3926 2057 3971 ut
2087 3928 2440 3974 renovaretur
2461 3921 2748 3977 concilium
2776 3923 3003 3994 etjuxta
3035 3939 3307 3980 canonum
3335 3942 3585 3995 normam

1998 4023 2217 4063 causam
2248 4021 2392 4064 tuam
2426 4012 2479 4065 in
2521 4022 2704 4068 nostro
2728 4013 2933 4083 judicio
2965 4018 3408 4085 terminaremus,
3439 4034 3584 4091 prae-

2000 4102 2240 4170 cepimus
2278 4102 2380 4167 eis,
2431 4110 2491 4156 ut
2546 4112 2595 4157 te
2657 4104 2723 4159 de
2776 4107 3107 4162 monasterio
3165 4109 3478 4171 educerent,
3534 4118 3593 4164 et

1999 4194 2173 4248 sancti
2204 4194 2348 4249 Petri
2382 4197 2656 4251 memoria:
2702 4199 2907 4268 pariter
2931 4212 3023 4256 aut
3068 4202 3193 4272 ipsi,
3225 4212 3319 4259 aut
3350 4204 3586 4275 ipsorum

1998 4283 2212 4349 vicarii,
2269 4292 2447 4341 tecum
2492 4288 2773 4344 venientes
2826 4290 3123 4348 honorifice
3168 4302 3587 4364 pra:seutarent.

1999 4371 2155 4440 Quod
2190 4374 2233 4429 si
2257 4385 2377 4445 post
2405 4376 2599 4431 lectam
2624 4393 2653 4431 a
2678 4379 2833 4433 nobis
2880 4381 2979 4436 sibi
3022 4383 3245 4438 missam
3277 4383 3588 4452 epistolam,

2003 4463 2142 4519 infra
2178 4466 2395 4536 triginta
2436 4467 2644 4523 dierum
2677 4470 2935 4539 spatium,
2980 4482 3226 4527 nostram
3268 4488 3376 4528 non
3405 4487 3592 4528 curas-

2000 4564 2124 4611 sent
2164 4558 2604 4613 constitutionem
2658 4563 2941 4630 perlicere,
2989 4572 3112 4633 post
3141 4562 3362 4631 triginta
3390 4563 3527 4627 dies,
3565 4580 3596 4618 a

2001 4650 2291 4706 missarum
2354 4652 2634 4709 solemniis
2661 4655 3030 4722 celebrandis,
3080 4671 3202 4728 qua:
3246 4656 3327 4711 eis
3373 4654 3599 4711 fortiter

2003 4742 2454 4809 contradiximus,
2484 4747 2698 4816 penitus
2737 4755 3039 4813 cessarent,
3069 4762 3352 4819 quousque
3389 4749 3599 4803 nostris

2002 4830 2409 4890 diﬂinitionibus
2463 4836 2760 4905 perfectam
2829 4837 3194 4893 obedientiam
3250 4838 3598 4895 demonstra-

2002 4932 2138 4977 rent.
2206 4922 2377 4990 Unde,
2430 4923 2603 4981 frater
2651 4926 3002 4993 charissime,
3051 4927 3309 4997 quoniam
3366 4942 3595 4984 causam

2004 5024 2150 5069 tuam
2202 5016 2319 5071 sine
2369 5017 2619 5072 examine
2673 5018 2948 5072 dimittere
2992 5033 3101 5073 non
3154 5032 3465 5089 possumus,
3528 5035 3597 5074 ne

2001 5106 2372 5179 prmjudicium
2397 5109 2719 5165 districtioni
2747 5109 3131 5167 ecclesiastica:
3173 5112 3353 5168 facere
3401 5112 3597 5167 videa-

2002 5214 2171 5255 mur:
2222 5214 2540 5269 rursusque,
2577 5201 2829 5270 quoniam
2877 5201 2992 5255 sine
3037 5203 3325 5272 praesentia
3380 5211 3594 5267 nostra,

2001 5307 2073 5347 ue
2102 5290 2241 5346 forte
2271 5291 2469 5360 injuste
2514 5292 2749 5359 lazdaris,
2780 5294 2831 5347 in
2866 5293 3105 5349 aliorum
3131 5294 3337 5363 judicio
3372 5309 3592 5350 causam

2009 5392 2155 5439 tuam
2185 5385 2381 5439 discuti
2417 5399 2483 5439 ac
2511 5383 2725 5439 diliiniri
2763 5386 3093 5452 dubitamus.
3136 5388 3291 5443 stude
3329 5396 3594 5458 quantum

2009 5486 2182 5547 potes,
2222 5485 2279 5529 ut
2307 5490 2429 5530 cum
2475 5476 2573 5531 tibi
2619 5492 2714 5532 rex
2750 5487 2803 5534 et
2831 5479 3088 5549 episc0pi,
3136 5480 3593 5550 quem:dmodum

2010 5566 2318 5630 statuimus,
2366 5566 2639 5622 licentiam
2682 5568 2927 5623 dederint
2968 5570 3194 5625 Romam
3242 5568 3591 5641 properandi,

2012 5675 2138 5715 mox
2163 5668 2437 5731 utcunque
2464 5661 2651 5717 venire
2680 5676 2784 5717 non
2820 5660 3058 5717 differas.
3097 5662 3251 5729 Quod
3280 5662 3326 5715 si
3360 5663 3465 5713 huc
3504 5672 3596 5709 ve-

2014 5749 2197 5806 niendi
2238 5766 2346 5807 non
2373 5752 2470 5807 tibi
2497 5751 2787 5808 tribuerint
2821 5751 3151 5817 facultatem,
3196 5759 3253 5806 tu
3309 5758 3491 5805 tamen
3518 5744 3595 5800 id-
