4070 6310
323 435 420 494 841

1047 551 1164 611 ω

393 682 464 723 ΔΙ)
494 681 771 728 εριεεοροε
815 685 870 726 IN
919 683 1093 730 REGNO
1142 685 1396 730 ιοτιωιιι
1445 687 1826 733 CONSTITU'I‘OS.

921 789 1100 863 (Anno
1144 787 1295 864 865.)

325 896 678 980 UtnLothario
699 905 809 975 regi
826 915 1124 980 suggerant,
1151 915 1211 980 ut
1235 907 1474 980 submoto
1509 909 1788 980 Hilduino,
1819 914 1906 968 cui

390 970 818 1056 Cameracensem
862 970 1133 1056 ecclesiam
1178 978 1342 1048 dedit,
1410 979 1628 1037 liberam
1678 970 1904 1056 eligendi

389 1043 615 1116 episcopi
644 1043 906 1102 licentiam
939 1048 1155 1104 tribuat.

1523 439 1882 500 EPISTOLAS
1923 440 2013 499 ET
2057 443 2398 502 DECRETA.

1929 564 1984 625 Α
2005 557 2262 616 Ecclesia:
2303 558 2576 616 licentiam
2618 559 2839 616 tribuat.
2898 559 3034 617 Nam
3080 561 3126 617 si
3165 562 3307 618 hanc
3339 574 3583 622 nostram

3483 452 3594 509 84%

2005 653 2423 723 praeceptionem
2478 653 2829 724 apostolicam
2881 657 3330 724 contempseritis,
3389 659 3585 716 scitote

1893 767 1916 796 ε,
2005 756 2102 798 vos
2130 757 2230 814 pro
2261 742 2640 808 inobedientia,
2667 752 2722 800 et
2741 759 2839 814 pro
2862 745 3326 816 consilii'pestiferi
3355 763 3589 818 veneno,

2003 848 2112 903 quo
2130 833 2245 904 jam
2274 831 2446 888 fatum
2480 848 2661 905 regem
2687 850 2828 905 saepe
2880 835 3122 902 inlicitis,
3155 852 3186 890 a
3227 848 3412 894 nostra
3439 856 3591 896 com-

2003 926 2261 982 munione
2281 926 2494 997 penitus
2519 927 2932 983 submovendas.
2981 926 3250 984 Praeterea
3278 931 3583 1000 epistolam,

2002 1032 2167 1088 quam
2187 1032 2330 1089 saepe
2355 1017 2497 1074 dicto
2534 1016 2786 1074 Hilduino
2807 1018 3008 1074 clerico
3036 1021 3321 1086 mittimus,
3351 1038 3383 1076 a
3431 1025 3586 1078 vobis

1903 1174 1907 1178 _
2002 1109 2054 1166 ei
2083 1109 2202 1166 dari
2222 1109 2585 1182 praecipimus.
2611 1109 2780 1178 Quem
2812 1111 2916 1166 nisi
2941 1125 3008 1166 ex
3034 1111 3130 1168 Dei
3171 1113 3304 1167 etB.
3331 1112 3499 1172 Petri.
3529 1126 3589 1169 et

915 1161 1132 1236 [Mansi,
1153 1165 1309 1240 ibid.]

384 1293 654 1353 Nrcouus
677 1297 982 1368 episcopus,
1030 1313 1222 1358 servus
1268 1315 1550 1360 servorum
1581 1303 1702 1372 Dei,
1742 1319 1898 1363 reve-

317 1386 641 1442 rentissimis
667 1395 724 1443 et
773 1373 1135 1446 sanctissimis
1177 1391 1544 1451 confratribus
1572 1396 1774 1452 nostris
1814 1411 1902 1452 ar-

311 1478 674 1552 chiepiscopis
701 1489 760 1538 et
780 1482 994 1540 caeteris
1016 1496 1044 1527 ι
1068 1484 1339 1558 cpiscOpis
1379 1488 1436 1544 in
1462 1503 1632 1563 regno
1657 1489 1900 1549 Lotharii

309 1571 642 1629 constitutis.

383 1660 607 1730 Quoties
630 1663 697 1720 de
715 1673 910 1722 vestrae
933 1665 1240 1726 dilectionis
1291 1671 1583 1728 sanctitate
1632 1687 1697 1730 ea
1724 1672 1901 1745 perci-

306 1752 490 1823 pimus
507 1754 750 1823 auribus,
779 1769 898 1828 quae
922 1758 1034 1815 Deo
1061 1759 1345 1831 placabilia
1381 1771 1438 1819 et
1484 1773 1658 1836 grata,
1690 1779 1900 1821 necnon

307 1853 362 1899 et
391 1854 610 1918 accepta
642 1863 766 1905 esse
817 1851 1137 1921 creduntur,
1167 1855 1466 1926 gaudemus
1492 1856 1548 1912 in
1568 1856 1815 1926 Domino,
1845 1866 1903 1914 et

2001 1211 2188 1260 nostra
2217 1201 2540 1258 auctoritate
2582 1203 3196 1270 excommunicaveritis,
3239 1213 3300 1258 ut
3335 1206 3465 1260 nihil
3521 1208 3588 1261 de

1999 1293 2240 1351 Ecclesia
2277 1294 2656 1351 Cameracensi
2697 1295 2800 1350 sibi
2827 1295 3080 1360 vindicet,
3113 1311 3497 1367 nunquamque
3529 1313 3590 1354 se

2001 1385 2056 1441 in
2088 1386 2278 1442 eadem
2318 1385 2564 1443 Ecclesia
2616 1385 2685 1441 ad
2731 1386 3101 1458 episcopatum
3133 1389 3359 1459 provehi
3395 1398 3586 1455 tentet,

2001 1477 2089 1534 vel
2119 1476 2383 1548 postulet,
2435 1493 2466 1532 a
2509 1478 2889 1534 communione
2936 1478 3200 1534 Dominici
3241 1483 3487 1551 corporis
3533 1489 3590 1538 et

2001 1570 2283 1642 sanguinis
2304 1577 2501 1636 estote,
2533 1569 2713 1625 divina
2743 1581 2800 1626 et
2825 1577 3025 1626 nostrae
3055 1571 3443 1626 mediocritatis
3464 1589 3589 1628 sen-

2001 1662 2192 1730 tentia,
2245 1677 2370 1718 cum
2420 1661 2611 1717 eodem
2665 1661 2878 1734 longius
2910 1663 3254 1732 sequestrati.
3306 1662 3586 1733 Siquidem

2001 1752 2157 1823 cujus
2185 1753 2266 1810 rei
2293 1753 2470 1825 gratia
2491 1753 2634 1809 ultra
2664 1754 2934 1810 decimum
2962 1770 3225 1822 mensem,
3251 1765 3439 1812 contra
3462 1773 3587 1812 san-

2002 1855 2212 1902 ctarum
2238 1845 2546 1917 regularum
2581 1845 2975 1914 diliinitionem,
3007 1847 3451 1904 Cameracensem
3481 1849 3587 1904 Ec-

305 1932 559 1992 immensi
584 1937 804 2010 tripudii
827 1941 1194 2000 exsultatione
1220 1944 1466 2003 laetantes
1485 1956 1668 2017 κιεειθε
1691 1948 1742 2003 ei
1762 1948 1902 2004 mu].
1925 1938 1976 2001 B
2002 1939 2224 1995 clesiam
2249 1938 2369 1995 sine
2393 1945 2608 1994 rectore
2633 1939 2887 2010 episcopo
2909 1939 2975 1994 de
2998 1939 3217 2010 proprio
3247 1939 3392 1995 clero
3412 1939 3587 1996 electo

306 2026 543 2085 timodas
570 2031 867 2089 reddimus.
890 2033 962 2089 At
999 2051 1130 2093 vero
1153 2053 1276 2122 cum
1305 2055 1404 2098 vos
1432 2043 1665 2112 torporis
1693 2042 1896 2100 desidia

303 2121 556 2178 audimus
599 2121 968 2196 languescere,
1020 2121 1292 2201 praecepta
1339 2133 1606 2201 cualestia,
1638 2143 1897 2206 tanquam

300 2211 515 2270 lethazis
557 2215 882 2288 quibusdam
922 2223 1280 2293 papaveribus
1321 2227 1612 2297 perceptis,
1639 2226 1898 2284 oblivioni

301 2307 586 2376 mandare,
612 2320 834 2380 peccata
862 2327 969 2368 non
997 2329 1269 2386 premere,
1298 2316 1396 2374 sed
1417 2316 1621 2388 fovere,
1646 2335 1755 2400 non
1775 2334 1894 2376 era-

301 2399 491 2457 dicare
517 2401 672 2470 vitia,
701 2406 796 2461 sed
818 2405 1089 2477 plantare,
1119 2424 1182 2466 ea
1231 2413 1378 2469 sacri
1399 2414 1554 2471 verbi
1580 2399 1760 2488 ligone
1783 2430 1895 2474 non

300 2492 566 2562 recidere,
622 2495 716 2552 sed
751 2497 917 2555 veluti
972 2505 1355 2573 quarumdam,
1404 2513 1466 2561 ut
1498 2506 1573 2562 ita
1626 2507 1894 2576 dicamus,

300 2579 502 2653 lingua:
523 2583 895 2643 adulationum
915 2597 977 2646 ut
1005 2603 1253 2650 crescant
1273 2609 1443 2666 aquas
1464 2595 1760 2667 effundere,
1783 2599 1894 2657 imo

296 2677 444 2747 quod
465 2686 550 2734 est
563 2679 870 2750 scelestius,
887 2682 1081 2741 alienis
1095 2687 1543 2756 perversitatibus
1560 2693 1893 2764 protegendo

296 2781 365 2823 ac
392 2766 732 2828 defwdendo
756 2771 974 2842 favere;
999 2778 1407 2848 contristamur,
1434 2791 1490 2837 et
1529 2789 1681 2838 tanto
1721 2784 1892 2840 abun-

295 2859 483 2916 dantia
529 2863 784 2921 maeroris
817 2865 1117 2935 deﬁcimus,
1167 2878 1371 2940 quanto
1409 2886 1522 2941 eos,
1551 2888 1673 2929 cum
1697 2873 1892 2944 quibus

294 2952 626 3023 putabamus
653 2955 978 3026 quibuslibet
993 2961 1355 3030 potestatibus
1372 2978 1436 3018 ex
1462 2963 1692 3020 adverso
1707 2980 1893 3021 ascen-

295 3044 478 3101 dendo
504 3045 681 3103 libera
709 3063 810 3120 pro
835 3049 996 3106 domo
1039 3051 1254 3108 Domini
1310 3068 1443 3110 voce
1469 3054 1762 3122 contraire,
1805 3052 1890 3112 vel

295 3137 464 3194 etiam
499 3138 708 3211 virgam
739 3141 1125 3212 correptionis,
1149 3159 1215 3200 ac
1233 3144 1502 3217 justitiam
1546 3146 1744 3216 rigoris
1787 3161 1886 3203 ex-

295 3229 545 3297 tendere,
575 3230 698 3289 illos
720 3233 970 3290 videmus
1000 3250 1059 3291 se
1087 3238 1437 3306 sequentibus
1466 3238 1519 3293 in
1541 3239 1883 3307 barathrum,

1999 2031 2276 2088 viduatam
2304 2046 2624 2103 permanere
2672 2031 3050 2103 permiseritis,
3083 2047 3242 2089 nosse
3271 2033 3458 2103 procul
3482 2033 3586 2089 du-

1999 2123 2093 2182 bio
2121 2124 2390 2191 volumus,
2417 2133 2474 2181 et
2493 2124 2648 2196 cujus
2674 2124 2922 2196 neglectu
2972 2125 3234 2182 omissum
3279 2127 3372 2191 sit,
3403 2126 3590 2182 solerti

1999 2231 2224 2288 prorsus
2270 2217 2520 2273 examine
2572 2217 2833 2288 reperire,
2881 2226 2936 2273 et
2981 2233 3088 2288 qua
3139 2218 3260 2287 quis
3291 2220 3361 2272 sit
3395 2219 3588 2290 dignus

1997 2305 2221 2362 ultionis
2242 2321 2405 2378 poena
2426 2307 2710 2374 mulctare,
2740 2307 2852 2362 Deo
2896 2316 3137 2372 auctore,
3169 2309 3313 2364 nulla
3345 2308 3587 2364 contenti

1998 2399 2256 2455 dilatione
2271 2401 2627 2456 studebimus.
2645 2400 2906 2471 Optamus
2923 2399 3321 2458 fraternitatem
3343 2410 3584 2458 vestram

1996 2491 2054 2549 in
2081 2492 2298 2550 Christo
2322 2507 2466 2550 nunc
2488 2502 2543 2550 et
2570 2507 2789 2566 semper
2815 2494 2954 2550 bene
2977 2493 3178 2550 valere.
3308 2482 3314 2488 “
3340 2488 3342 2491 ’
3368 2489 3370 2491 ’

2705 2627 2861 2686 XLII.

2455 2759 2525 2804 AD
2567 2758 2877 2800 ιοτωιιιωι
2921 2758 3119 2800 REGI-2H.

2597 2859 2774 2930 (Anno
2814 2859 2964 2931 865.)

1993 2971 2408 3048 UtAHilduinum
2437 2974 2685 3031 Ecclesia:
2719 2975 3113 3033 Cameracensis
3140 2993 3466 3048 pervasorem
3498 2994 3578 3035 re-

2053 3046 2308 3122 jiciat,jet
2360 3046 2710 3122 Hincmarum
2746 3049 2802 3102 in
2841 3064 2904 3102 ea
2940 3046 3266 3119 disponenda
3307 3050 3574 3122 privilegio

2061 3134 2156 3172 suo
2184 3120 2260 3172 uti
2288 3119 2572 3189 permittat.

2584 3209 2799 3283 [Mansi,
2830 3210 2986 3284 ibid.]

292 3331 356 3378 et
381 3323 730 3394 iniquitatum
783 3324 994 3383 foveam
1040 3327 1293 3385 ducatum
1339 3339 1622 3402 praestare,
1661 3347 1883 3403 eosque,
1913 3316 1959 3382 C
2061 3320 2331 3379 NICOLAUS
2355 3322 2660 3394 episcopus,
2691 3338 2882 3402 servus
2909 3339 3194 3382 servorum
3219 3325 3338 3395 Dei,
3362 3325 3578 3387 L011“-

293 3413 404 3471 h'eu
422 3417 561 3487 proh
589 3416 772 3474 dolori
809 3419 968 3476 caecis
1005 3420 1175 3478 oculis
1198 3423 1427 3480 anteire.
1458 3423 1657 3480 Verum
1688 3425 1753 3481 de
1781 3426 1886 3484 hoc

293 3511 586 3567 tacendum
618 3526 931 3583 parumper,
961 3529 1244 3587 quousque
1275 3527 1486 3590 tempus
1506 3517 1760 3589 loquendi
1787 3534 1881 3576 ve-

292 3603 429 3670 niat,
463 3612 642 3661 ratum
691 3605 959 3664 ducimus.
991 3607 1261 3665 Caeterum
1290 3608 1529 3666 ﬁdelium
1572 3621 1718 3668 certa
1743 3614 1884 3669 rela-

292 3695 444 3751 tione
473 3697 784 3766 didicimus,
815 3701 956 3771 quod
989 3701 1255 3772 gloriosus
1280 3717 1378 3760 rex
1423 3703 1716 3760 Lotharius
1742 3704 1883 3761 ﬁlius

292 3793 484 3842 noster
526 3787 813 3845 ecclesiam
871 3789 1321 3850 Cameracensem
1374 3794 1586 3851 cuidam
1629 3794 1883 3853 Hilduino

292 3879 498 3936 clerico
535 3881 786 3938 dederit:
815 3898 935 3954 quae
982 3885 1200 3955 quidem
1231 3885 1289 3942 in
1332 3901 1502 3959 regno
1548 3889 1716 3960 ipsius
1753 3905 1883 3948 con-

293 3968 490 4024 sistere
538 3970 756 4040 dicitur,
809 3987 930 4030 esse
974 3983 1157 4032 tamen
1211 3977 1277 4033 de
1322 3977 1543 4035 ditecesi
1590 3979 1882 4038 confratris

293 4061 469 4117 nostri
499 4061 778 4120 Hincmari
807 4065 1141 4125 Rhemorum
1186 4071 1580 4145 archiepiscopi
1624 4074 1880 4145 perhibe-

295 4161 407 4208 tur.
435 4151 554 4222 Quo
579 4157 898 4227 praedictum
925 4159 1183 4217 clericum
1227 4162 1283 4218 in
1321 4163 1508 4222 multis
1529 4180 1561 4220 a
1589 4167 1760 4222 sacris
1785 4181 1878 4223 ca-

294 4248 532 4306 nonibus
581 4252 972 4322 reprehensum
1015 4252 1315 4323 iudicante,
1366 4255 1418 4312 ei
1461 4264 1521 4314 ut
1574 4258 1738 4314 alium
1787 4260 1882 4332 qui

294 4339 493 4414 dignus
537 4343 771 4401 inveniri
822 4347 1014 4419 possit,
1064 4351 1416 4406 consecrandi
1465 4367 1496 4407 a
1552 4367 1699 4422 rege,
1727 4351 1882 4409 vobis

293 4435 608 4493 auctoribus
630 4438 840 4510 utique,
869 4441 959 4510 qui
1002 4441 1147 4498 hunc
1177 4457 1282 4498 non
1326 4442 1624 4512 corrigitis,
1651 4441 1882 4500 facultas

293 4526 573 4583 adimitur.
603 4528 756 4590 Unde
783 4531 969 4587 eadem
999 4533 1226 4590 ecclesia
1252 4533 1660 4592 Cameracensis
1699 4551 1731 4591 a
1767 4535 1882 4606 jam

292 4614 409 4672 fato
437 4617 690 4675 Hilduino
718 4635 971 4692 pervasa,
992 4621 1105 4691 jam
1131 4623 1273 4679 ultra
1303 4625 1572 4681 decimum
1612 4641 1880 4695 mensem,

1989 3433 2081 3474 tuo
2110 3417 2345 3489 glorioso
2371 3419 2505 3487 regi.

2015 3541 2030 3554 -
2059 3510 2204 3567 Inter
2229 3512 2538 3579 innumera,
2568 3527 2690 3583 quae
2711 3514 2777 3570 de
2807 3522 2860 3571 te
2890 3530 3050 3587 supra
3099 3519 3320 3574 modum
3350 3521 3573 3578 sinistra

1985 3605 2452 3676 exsecrabiliaque
2475 3606 2742 3666 feruntur.
2776 3607 2918 3663 unde
2965 3624 3065 3664 nos
3096 3625 3206 3664 non
3226 3612 3574 3669 mediocriter

1987 3705 2039 3752 te
2086 3697 2290 3752 salvum
2342 3698 2522 3752 anima
2571 3705 2625 3753 et
2672 3713 2898 3768 corpore
2948 3701 3230 3770 cupientes
3264 3703 3568 3772 tristamur,

1985 3789 2115 3844 illud
2135 3790 2298 3844 etiam
2329 3790 2436 3845 tuis
2464 3792 2780 3847 excessibus
2811 3801 2863 3846 te
2916 3792 3180 3862 adjecisse
3216 3796 3396 3850 veraci
3431 3797 3569 3850 rela-

1986 3884 2131 3938 tione
2153 3883 2536 3954 comperimus,
2561 3884 2703 3954 quod
2718 3892 2919 3940 sanctae
2941 3885 3195 3942 Ecclesia:
3211 3886 3566 3958 Bhemorum,

1982 3975 2038 4031 in
2061 3991 2167 4045 qua
2185 3975 2508 4031 venerabilis
2533 3975 2812 4031 confrater
2827 3985 3011 4032 noster
3039 3975 3364 4033 Hincmarus
3385 3979 3570 4033 divina

1983 4066 2386 4135 dispensatione
2431 4066 2868 4138 archiepiscopus
2912 4074 3132 4139 praeest,
3181 4067 3235 4124 in
3287 4069 3437 4140 regni
3492 4070 3571 4124 tui

1982 4158 2182 4214 ﬁnibus
2228 4157 2516 4216 facultates
2542 4174 2607 4215 ac
2642 4159 2844 4230 praedia
2894 4161 3191 4218 constituta
3230 4163 3488 4234 diripias;
3515 4173 3572 4220 et

1984 4251 2118 4306 adeo
2134 4250 2208 4306 illi
2222 4250 2497 4307 dioecesim
2519 4266 2670 4308 suam
2687 4251 2907 4308 violenti
2937 4251 3054 4325 [pro
3079 4253 3338 4322 violento,
3363 4256 3566 4328 Hum]

1981 4343 2206 4401 brachio
2230 4341 2506 4409 inhibeas;
2535 4350 2596 4398 ut
2621 4343 2878 4400 Ecclesia
2899 4343 3298 4414 Cameracensi,
3325 4365 3447 4417 qure
3471 4364 3571 4404 suo

1981 4449 2109 4491 ecce
2127 4448 2224 4506 per
2249 4434 2437 4490 decem
2459 4433 2727 4489 mensium
2742 4436 2915 4505 spatia
2939 4445 3023 4492 est
3046 4437 3301 4494 destituta
3326 4447 3568 4508 pastore,

1982 4527 2200 4583 viduata
2225 4541 2474 4594 manens,
2490 4535 2679 4582 contra
2703 4527 3094 4584 venerabilium
3119 4544 3391 4584 canonum
3420 4530 3574 4584 insti-

1985 4629 2100 4676 tuta
2125 4661 2141 4688 ,
2171 4619 2306 4677 inibi
2333 4620 2646 4692 episcopum
2677 4623 3162 4690 consecrandi,aut
3190 4624 3392 4694 aliquid
3411 4623 3571 4693 juxta

289 4719 486 4767 contra
535 4728 816 4770 sacrorum
866 4731 1133 4772 canonum
1187 4733 1434 4773 normam
1455 4759 1471 4784 ,
1501 4718 1722 4775 viduata
1753 4735 1886 4776 con-
1911 4699 1966 4762 Ῐ)
1991 4731 2148 4772 suum
2197 4715 2560 4771 ministerium
2615 4715 2954 4787 disponendi,
3000 4716 3200 4770 nullam
3226 4717 3446 4771 omnino
3473 4733 3571 4787 p0-

292 4803 461 4870 sistit,
478 4803 789 4877 jugiterque
813 4807 925 4863 suis
947 4807 1110 4863 rebus
1130 4807 1484 4879 exspoliatur,
1516 4819 1718 4881 etquae
1743 4809 1886 4866 cele-

288 4889 444 4971 brari
480 4893 681 4950 debent
729 4894 907 4951 divina
935 4895 1257 4963 ministeria,
1304 4898 1431 4967 quia
1459 4898 1751 4971 episcopali
1782 4900 1885 4956 mi-

288 4984 522 5042 nisterio
542 4995 712 5053 caret,
740 4987 796 5042 in
828 5003 893 5043 ea
938 4987 1159 5044 minime
1201 4988 1354 5045 ﬁunt.
1380 4989 1720 5064 Quapropter
1745 5007 1885 5064 prae-

290 5075 526 5145 cipimus
574 5079 754 5147 vobis,
798 5087 858 5135 ut
913 5080 1215 5153 suggeratis
1246 5079 1358 5136 ﬁlio
1389 5091 1575 5139 nostro
1621 5082 1881 5141 Lothario

289 5170 527 5242 glorioso
553 5174 666 5246 regi
691 5215 706 5243 ,
737 5183 793 5232 et
816 5175 866 5232 ei
893 5185 952 5232 ut
981 5176 1185 5234 nullum
1225 5177 1467 5234 ecclesiae
1503 5179 1880 5237 Cameracensi

289 5265 664 5337 praeiudicium
715 5270 935 5337 inferat,
984 5287 1326 5344 summopere
1364 5273 1591 5330 suadere
1623 5273 1828 5330 curetis
1861 5292 1875 5328 :

182 5382 198 5396 -
290 5367 562 5428 quatenus
581 5357 693 5432 jam
721 5361 831 5418 fato
856 5361 1110 5420 Hilduino
1151 5363 1421 5432 submoto,
1464 5379 1532 5420 ex
1558 5379 1617 5420 se
1644 5364 1878 5437 eligendi

285 5447 444 5519 juxta
467 5465 654 5510 sacros
681 5469 917 5512 canones
937 5453 1272 5529 episcopum,
1301 5455 1449 5513 clero
1476 5456 1685 5529 etplebi
1709 5457 1879 5529 ipsius

365 5597 394 5626 ι
442 5585 822 5664 Episcopigjn
871 5605 1030 5664 regno
1074 5589 1334 5664 Lotharii.
1385 5593 1465 5664 De
1493 5591 1601 5664 hac
1649 5592 1876 5664 epistola

292 5653 715 5734 ﬂincmarus'ad
732 5653 1025 5734 Nicolaum
1048 5661 1292 5734 scribens
1323 5663 1463 5734 apud
1492 5653 1873 5730 Flodoa'rdum,

293 5726 389 5806 lib.
417 5743 500 5794 Ill,
539 5746 664 5806 cap.
692 5731 778 5785 12.
825 5730 892 5787 In
945 5731 1164 5806 epistola
1210 5726 1391 5806 vestrm
1444 5736 1759 5806 sanctitatis,
1785 5726 1879 5806 per

295 5796 531 5878 Orionem
562 5796 879 5878 _epi_sc0pum
917 5796 1179 5878 episcopus
1214 5805 1270 5878 in
1318 5820 1474 5878 regno
1521 5796 1758 5878 Lotharii
1783 5796 1878 5878 pro

292 5869 1302 5948 pra'jnaicio'Ganieracen'sisEcclesia:
1335 5869 1555 5948 directa,
1589 5875 1742 5948 relegi
1783 5869 1881 5932 ὐε-

297 5948 460 5995 stram
506 5943 869 5999 auctoritatem
899 5943 1306 6013 sciscitaturum,
1334 5946 1486 6018 cujus
1531 5943 1765 6020 neglectu
1791 5965 1882 6006 ea-

750 6035 1026 6099 ΡΑτιιοι..
1071 6036 1300 6116 CXIX.

1987 4813 2240 4862 testatem
2271 4804 2472 4863 habere
2497 4807 2802 4878 permittas.
2859 4804 3031 4872 Quam
3062 4807 3273 4862 cunctis
3301 4807 3571 4862 Christia-

1986 4897 2072 4954 nis
2112 4896 2324 4970 legibus
2365 4897 2741 4954 detestandam
2795 4897 3291 4967 praesumptionem,
3342 4915 3371 4954 a
3401 4898 3573 4969 gloria

1986 4997 2101 5056 tua,
2131 4997 2322 5045 contra
2351 4989 2750 5047 ecclesiasticas
2788 4987 3174 5054 institutiones,
3205 4991 3425 5046 minime
3451 5008 3574 5063 per-

1983 5084 2190 5155 petrari
2235 5091 2510 5155 ‘optamus,
2566 5097 2743 5153 neque
2798 5083 2979 5156 aliquo
3032 5085 3194 5141 modo
3247 5086 3516 5157 patiemur
3555 5101 3574 5143 :

1989 5175 2248 5244 quoniam
2289 5175 2336 5230 si
2387 5189 2574 5246 regum
2609 5183 2693 5231 est
2735 5176 3010 5247 proprium
3067 5175 3298 5233 rebelles
3329 5178 3574 5248 corporis

1989 5276 2170 5322 motus
2202 5268 2428 5323 rationis
2455 5266 2683 5338 imperio
2710 5266 2990 5324 refrenare
3035 5284 3101 5324 ac
3129 5284 3340 5340 regere,
3373 5270 3574 5326 debue-

1989 5367 2074 5414 rat
2101 5359 2290 5430 utique
2312 5357 2632 5415 excellentia
2651 5367 2741 5413 tua
2762 5359 2816 5413 in
2846 5360 3085 5415 omnium
3110 5361 3264 5431 regni
3287 5360 3363 5416 tui
3385 5360 3572 5416 Eccle-

1988 5451 2194 5508 siarum
2220 5450 2538 5510 defensione
2566 5453 2779 5521 adesse,
2825 5462 2882 5510 et
2908 5452 3132 5510 minime
3167 5454 3570 5524 metropolitani

1981 5587 2099 5642 dem
2130 5583 2366 5640 Ecclesia
2391 5583 2532 5640 ultra
2555 5585 2811 5641 decimum
2832 5603 3060 5644 mensem
3089 5596 3317 5644 vacaret.
3334 5586 3578 5642 Vacabat

1984 5669 2167 5713 autem
2202 5666 2323 5737 post
2354 5665 2586 5737 mortem
2617 5655 2936 5737 Theoderici
2965 5659 3223 5737 episcopi,
3243 5728 3256 5737 .
3277 5666 3436 5737 atque
3468 5656 3575 5737 hoc

1985 5727 2230 5807 tempore
2276 5729 2344 5784 ab
2383 5727 2680 5807 Hilduino,_
2698 5744 2858 5807 quem
2904 5727 3196 5807 Lotharius
3238 5727 3565 5807 immiserat,

1984 5797 2324 5872 detinebamr
2342 5817 2370 5872 7:
2399 5801 2571 5872 donec
2599 5797 3115 5872 Hilduinogtandem
3163 5799 3359 5872 pulso,
3374 5797 3565 5872 legiti-

1983 5871 2088 6002 gris
2115 5869 2385 5944 suffragiis
2413 5869 2668 5931 sullectus
2723 5882 2806 5929 est
2854 5870 3090 5928 Joannes
3125 5867 3271 5928 anno
3296 5867 3418 5924 866.
3453 5868 3570 5922 Jac.

2028 5957 2143 6000 IBII.

2028 5957 2143 6000 IBI.

3103 6038 3181 6098 27
