4070 6310
258 440 364 499 845

1449 432 1806 491 EPISTOLIE
1838 429 1927 491 ΕΤ
1960 429 2304 489 DECRETA.

3400 380 3517 492 δή

258 544 532 622 pontificis
566 547 918 615 constitutum
964 545 1327 603 inviolabilem
1369 546 1646 617 perpetuis
1683 545 1827 604 obti-
1854 547 1911 609 Α
1934 545 2095 602 debet
2124 547 2206 603 sui
2237 545 2441 603 ordinis
2468 548 2673 611 honore
2698 546 2919 617 privari.
2947 547 3102 614 Quod
3125 547 3172 603 si
3200 549 3323 619 quis
3345 548 3508 621 huius

263 648 428 701 neant
457 639 787 710 temporibus
815 640 1144 695 firmitatem.
1178 639 1317 695 Fiat.

481 770 610 826 Item
635 772 690 827 in
714 772 929 828 decretis
957 773 1187 843 ejusdem
1215 771 1425 829 Nicolai
1450 791 1619 845 ραριε.

335 911 687 968 Decernimus
708 910 1038 983 apostolatus
1060 911 1227 966 nostri
1254 911 1572 968 auctoritate
1594 916 1657 964 ut
1674 924 1837 965 omne

266 1004 652 1062 monasterium
691 1005 833 1060 inter
857 1003 1057 1060 Gallias
1086 1005 1248 1060 situm
1276 1019 1456 1059 rerum
1484 1018 1707 1059 suarum
1740 1002 1838 1057 ha-

265 1096 392 1153 beat
430 1097 659 1153 liberam
691 1097 746 1153 in
776 1097 1029 1154 omnibus
1055 1098 1350 1153 secundum
1375 1097 1633 1153 Ecclesiae
1665 1095 1837 1166 ipsius

268 1189 552 1245 utilitatem
573 1229 589 1255 ,
608 1196 662 1245 et
689 1202 969 1244 servorum
989 1188 1083 1244 Dei
1108 1188 1541 1259 compendiosam
1564 1187 1840 1258 dispensa-

268 1276 506 1346 tionem,
536 1286 590 1334 et
628 1279 682 1336 in
718 1279 928 1336 abbatis
954 1279 1021 1335 de
1048 1279 1351 1351 semetipsis
1390 1279 1670 1337 electione.
1711 1277 1840 1332 Nul-

266 1366 376 1427 lam
405 1370 512 1426 ulla
544 1371 648 1425 alia
673 1386 927 1443 persona,
956 1370 1069 1427 sive
1094 1369 1390 1438 saecularis,
1420 1370 1534 1425 sive
1578 1368 1831 1424 ecclesia-

266 1461 424 1528 stica,
454 1460 694 1518 obtineat
727 1460 782 1516 in
822 1459 969 1516 omni
1003 1460 1330 1516 monasterio
1368 1457 1724 1531 possessionis
1752 1457 1842 1513 do-

268 1554 655 1621 minationem,
700 1568 800 1612 nec
842 1553 1004 1610 ullam
1046 1553 1313 1621 obtineat,
1342 1554 1430 1609 vel
1463 1554 1567 1610 sibi
1605 1553 1842 1609 vindicet

265 1647 610 1718 portionem;
656 1646 751 1704 sed
788 1654 1042 1703 maneant
1080 1647 1260 1703 omnia
1303 1645 1361 1702 in
1398 1646 1610 1702 abbatis
1641 1654 1696 1702 et
1722 1644 1834 1700 fra-

268 1745 413 1792 trum
469 1736 667 1793 ibidcm
724 1736 837 1794 Deo
887 1738 1237 1795 militantium
1286 1737 1688 1809 dispensatione
1713 1777 1729 1804 ,
1781 1745 1841 1792 ut

267 1830 529 1903 quidquid
558 1830 851 1888 secundum
879 1831 1194 1888 monasterii
1215 1830 1497 1887 utilitatem
1524 1828 1840 1901 regulariter

1941 638 2341 697 constitutionis
2367 654 2559 709 parum
2585 640 2788 697 ducens
2811 639 3089 698 decretum:
3105 681 3121 707 ,
3149 642 3297 697 omni
3321 658 3505 701 emno-

1938 727 2028 785 bio
2052 737 2240 787 sancto
2266 731 2351 785 vel
2382 732 2562 789 abbati
2598 732 2684 788 vel
2715 730 2977 790 fratribus
3007 734 3319 791 violentiam
3353 736 3503 795 fece-

1939 819 2044 887 rit,
2094 831 2153 878 et
2184 823 2267 880 vel
2313 822 2368 878 in
2406 823 2569 894 ipsis,
2602 826 2690 882 vel
2721 827 2775 882 in
2813 827 3030 885 famulis
3061 842 3250 885 eorum
3276 871 3291 896 ,
3329 833 3413 887 vel
3450 834 3505 889 in

1938 912 2086 966 omni
2131 912 2300 983 ipsius
2345 916 2661 972 monasterii
2707 918 3050 987 possessione
3084 918 3301 976 invasor
3345 934 3510 992 appa-

1938 1001 2110 1056 ruerit
2128 1040 2144 1067 ,
2182 1018 2333 1059 reum
2362 1018 2423 1059 se
2444 1004 2501 1060 in
2531 1004 2714 1061 divino
2735 1003 2939 1075 judicio
2963 1022 3074 1062 non
3102 1007 3313 1064 dubitet
3339 1025 3505 1080 appa-

1938 1106 2063 1148 rere
2113 1101 2171 1149 et
2219 1093 2416 1150 divinae
2471 1108 2717 1153 censurae
2761 1097 3091 1166 puniendum
3139 1098 3504 1158 damnatione.

1942 1180 2193 1243 Uuiversi
2237 1185 2477 1256 episcopi
2523 1186 2953 1256 responderunt:
3002 1187 3264 1246 Libertati
3316 1206 3508 1246 mona-

1940 1272 2163 1329 chorum
2195 1275 2628 1348 congaudemus,
2655 1286 2711 1333 et
2744 1293 2866 1348 qua
2898 1278 2968 1336 de
3004 1279 3091 1336 his
3112 1282 3305 1337 statuit
3335 1280 3511 1338 beati-

1942 1364 2071 1419 tudo
2101 1373 2281 1422 vestra
2307 1366 2602 1422 ﬁrmamus.

2646 1477 2805 1536 XLV.

1939 1579 2197 1623 ινιετοω
2219 1581 2430 1624 κιοοιιι
2452 1584 2519 1624 ΔΙ)
2540 1582 2833 1627 υκιηιιθοθ
2851 1582 3127 1630 ιριωονοε
3150 1588 3220 1631 ΕΤ
3244 1588 3514 1633 PBINCIPBS

2612 1676 2816 1719 ςλιιιιε
2825 1703 2838 1718 ι

279 1890 367 1978 vel
403 1890 662 1978 canonice
698 1920 967 1981 voluerint
1007 1938 1197 1993 agere,
1240 1922 1404 1977 situm
1440 1921 1511 1977 sit
1532 1925 1835 1991 potestate;

2302 1894 2555 1952 libertatis
2592 1899 2908 1993 monasterio
2933 1901 3099 1955 sancti
3122 1900 3347 1973 Karileﬁ
3388 1920 3515 1959 con-

265 2008 455 2081 Neque
490 2011 772 2082 episcopus
807 2011 976 2080 ipsius
1018 2012 1255 2083 regionis
1295 2011 1363 2069 ad
1410 2012 1836 2079 monasterium,

265 2101 423 2174 quasi
471 2102 701 2173 propriae
742 2103 1028 2175 potestatis
1083 2102 1312 2159 abutens
1353 2103 1506 2173 jure,
1559 2104 1840 2160 invocatus

266 2191 338 2249 ab
378 2180 571 2251 abbate
609 2193 696 2249 vel
739 2192 1002 2252 fratribus
1043 2195 1303 2262 accedat;
1349 2210 1418 2251 ne
1456 2195 1541 2250 sui
1581 2195 1841 2250 adventus

264 2276 515 2363 pressura
564 2283 815 2371 fratrum.
839 2287 1077 2358 quietem
1120 2287 1428 2359 perturbet,
1476 2302 1651 2358 neque
1692 2286 1843 2343 dolos

266 2374 364 2431 aut
402 2375 833 2435 machinationes
862 2377 997 2435 ullas
1037 2378 1121 2434 vel
1164 2379 1384 2447 abbati,
1419 2378 1504 2436 vel
1549 2378 1839 2446 fratribus,

267 2466 385 2523 sive
416 2484 515 2541 per
539 2485 628 2535 se,
662 2468 775 2525 sive
803 2484 900 2541 per
928 2485 1052 2526 suos
1092 2469 1382 2542 aliquando
1422 2469 1601 2527 facere
1639 2484 1843 2542 praesu-

266 2570 402 2619 mat.
436 2561 574 2630 Quin
603 2562 782 2634 potius
809 2564 1068 2634 quidquid
1096 2564 1191 2620 Dei
1222 2565 1396 2622 servis
1419 2564 1475 2620 in
1512 2563 1843 2620 monasterio

269 2656 733 2713 commorantibus
764 2656 1012 2713 conferre
1036 2657 1103 2711 ad
1132 2658 1338 2714 ordinis
1369 2656 1453 2713 sui
1482 2657 1846 2714 conservatio-

268 2764 394 2806 nem
426 2750 629 2811 utiliter
653 2760 708 2807 et
736 2751 1009 2817 modeste,
1040 2760 1095 2807 et
1126 2751 1356 2823 benigne
1389 2750 1623 2822 poterit,
1660 2749 1713 2804 id
1746 2763 1846 2819 pro

267 2841 366 2899 Dei
394 2858 579 2900 amore
602 2854 657 2901 et
681 2845 1021 2916 sempiterna:
1046 2843 1501 2901 remunerationis
1525 2845 1696 2916 gratia
1723 2860 1847 2913 pro-

266 2928 454 3001 ﬁciat,
484 2950 584 2989 nec
611 2933 874 2991 violenter
901 2943 995 2990 aut
1030 2934 1224 2991 callide
1266 2934 1394 2992 mali
1428 2935 1719 3005 quidquam
1756 2944 1849 2989 aut

264 3024 694 3097 perturbationis
746 3025 1000 3081 moliatur
1050 3026 1106 3082 in
1155 3026 1302 3092 illos,
1351 3028 1493 3084 sicut
1545 3027 1848 3083 audivimus

265 3115 531 3189 quosdam
559 3116 738 3172 facere
766 3117 1021 3174 voluisse.
1049 3116 1238 3175 Nullus
1259 3119 1317 3175 in
1340 3120 1668 3177 monasterio
1692 3120 1850 3189 quid-

264 3222 434 3279 quam
460 3208 727 3264 evindicet
766 3208 869 3264 sibi
908 3209 1143 3281 regionis
1178 3212 1459 3284 episcopus
1480 3251 1497 3280 ,
1536 3227 1713 3282 neque
1736 3226 1851 3280 .per

2517 2078 2728 2154 [Μίληςῇ
2763 2083 2915 2156 ἱὺὶάμ]
3434 2146 3435 2153 γ

2012 2189 2303 2256 Nicouus,
2351 2190 2611 2247 Romanae
2657 2194 2799 2248 sedis
2841 2193 3165 2263 episcopus,
3216 2194 3511 2253 Galliarum

1941 2285 2209 2356 episcopis
2236 2285 2502 2342 universis
2530 2293 2588 2341 et
2629 2286 2960 2356 principibus
2987 2285 3132 2359 [edin
3168 2285 3344 2354 Rom,
3384 2304 3518 2359 pon-

1943 2376 2200 2449 tiﬁcibus]
2226 2377 2612 2448 sempiternam
2641 2377 2694 2432 in
2726 2378 2840 2432 Deo
2862 2376 3027 2436 Patre
3059 2386 3118 2435 et
3156 2379 3385 2437 Domino
3420 2396 3519 2437 no-

1942 2480 2058 2528 stro
2082 2470 2211 2528 Jesu
2236 2469 2451 2527 Christo
2474 2470 2724 2527 salutem.
2952 2528 2959 2533 _

2015 2563 2221 2635 Regum
2244 2563 2408 2618 corda
2433 2562 2691 2619 divinitus
2717 2560 2975 2631 inspirata
3013 2562 3227 2631 quando
3250 2577 3353 2631 pro
3392 2562 3509 2619 reli-

1945 2660 2109 2731 giosis
2137 2658 2269 2714 locis
2296 2656 2709 2714 sollicitudinem
2757 2664 2981 2727 gerunt,
3020 2656 3289 2712 divinitati
3328 2659 3515 2727 gratim

1947 2760 2071 2808 sunt
2120 2750 2363 2822 agendae,
2394 2758 2450 2804 et
2492 2749 2547 2804 in
2596 2748 2850 2804 omnibus
2876 2762 2996 2818 quae
3034 2749 3123 2819 pie
3165 2749 3524 2820 religioseque

1946 2849 2260 2913 procurant,
2309 2854 2494 2896 eorum
2552 2838 2817 2896 voluntati
2861 2853 2989 2895 cum
3033 2840 3180 2896 omni
3221 2841 3521 2896 devotionis

1948 2934 2227 2990 alacritate
2256 2941 2340 2989 est
2377 2931 2693 3004 parendum.
2726 2930 2928 2988 Orandi
2964 2932 3196 3003 denique
3230 2942 3435 2998 essent,
3464 2943 3525 2988 ut

1948 3025 2015 3081 de
2041 3033 2348 3081 sanctorum
2376 3023 2507 3081 locis
2529 3024 2747 3095 pietatis
2772 3023 3040 3089 affectum,
3066 3033 3122 3080 et
3147 3024 3521 3081 sollicitudinis

1948 3130 2135 3171 curam
2179 3114 2533 3184 susciperent.
2584 3112 2738 3172 Nunc
2783 3125 2966 3171 autem
3003 3114 3143 3171 ultro
3189 3131 3249 3172 se
3285 3116 3354 3173 ad
3409 3117 3527 3173 hac

1948 3206 2253 3278 peragenda
2289 3208 2613 3276 praebentes,
2657 3213 2713 3261 et
2751 3204 2857 3262 illis
2900 3215 2984 3265 est
3026 3206 3526 3277 congratulandum,

265 3296 363 3368 ee,‘
406 3317 582 3372 neque
620 3317 719 3373 per
757 3302 1035 3360 ministros
1078 3319 1234 3372 suos,
1274 3320 1451 3376 neque
1492 3322 1561 3364 ex
1599 3304 1844 3373 clericis,
1874 3313 1919 3377 Ο
1952 3305 2011 3353 ει
2034 3313 2153 3368 quil3
2193 3296 2457 3369 Ξυδεθῐίηι
2508 3298 2628 3353 “ille
2672 3297 3055 3355 τοιηοιθιίοηθ
3110 3299 3521 3369 “afﬁciendum-

268 3407 448 3463 neque
472 3408 542 3450 ex
566 3395 845 3459 monachis
863 3435 879 3464 ,
906 3412 1081 3468 neque
1120 3413 1188 3453 ex
1230 3400 1535 3467 canonicis,
1564 3416 1740 3471 neque
1776 3417 1847 3457 ex

278 3484 437 3543 laicis
463 3489 749 3560 potestatis
768 3490 920 3563 jure,
952 3501 1047 3548 aut
1072 3492 1365 3563 episcopali
1391 3493 1535 3551 fastu
1554 3536 1570 3561 ,
1598 3494 1718 3551 sine
1745 3510 1844 3552 voc

270 3579 480 3638 luntate
503 3582 711 3639 abbatis
732 3583 901 3654 ipsius
926 3584 1059 3651 loci,
1082 3594 1139 3640 et
1156 3584 1387 3642 fratrum
1414 3587 1488 3645 ibi
1513 3587 1840 3659 degentium,

267 3684 561 3745 praesumat
589 3674 788 3746 aliquid
818 3676 903 3733 vel
940 3678 1008 3733 ad
1039 3678 1422 3737 ordinandum.
1465 3678 1847 3737 Ordinationes

269 3782 402 3822 vero
446 3782 581 3836 quas
624 3767 840 3847 petierit
887 3765 1084 3835 abbas,
1135 3768 1220 3825 vel
1258 3768 1360 3842 ipsi
1398 3769 1627 3838 fratres,
1670 3770 1847 3829 eccle-

270 3860 480 3914 siarum
519 3861 988 3928 cohsecrationes,
1031 3860 1117 3917 vel
1150 3861 1337 3918 altaris
1373 3864 1805 3921 benedictionem
1832 3904 1850 3933 ,

272 3949 590 4006 chrismatis
628 3968 842 4024 quoque
877 3953 1089 4023 oleique
1133 3954 1647 4024 sanctificationem,
1694 3965 1853 4026 prout

271 4042 495 4112 petierit
517 4044 684 4101 abbas
714 4054 769 4101 et
792 4045 891 4102 loci
921 4047 1065 4102 illius
1094 4046 1446 4115 habitatores,
1470 4063 1578 4105 non
1608 4059 1853 4106 moretur

271 4145 535 4205 prmstare
555 4176 570 4203 ,
596 4137 723 4206 quia
753 4139 1056 4194 communis
1084 4139 1249 4195 ofﬁcii
1280 4141 1364 4197 sui
1390 4157 1611 4198 causam
1641 4143 1851 4212 episco-

272 4243 378 4298 pus
404 4245 510 4287 non
530 4246 629 4302 pro
647 4230 783 4288 lucri
804 4233 974 4305 gratia
991 4274 1008 4300 ,
1031 4234 1124 4289 sed
1152 4250 1251 4305 pro
1271 4236 1489 4292 credita:
1514 4236 1616 4292 sibi
1639 4237 1853 4306 dispen-

273 4318 504 4378 sationis
526 4321 827 4381 ministerio
854 4326 1013 4383 debet
1043 4328 1356 4398 impendere
1382 4346 1397 4396 ;
1425 4342 1479 4385 et
1506 4323 1856 4401 providentiae

270 4413 565 4482 pastoralis
607 4416 822 4483 existit,
866 4427 926 4473 ut
960 4421 1193 4477 decretis
1228 4422 1331 4477 sibi
1358 4423 1550 4479 ovibus
1575 4439 1642 4477 ex
1668 4439 1854 4479 amore

274 4504 457 4573 potius
494 4521 654 4573 quam
693 4515 959 4577 potestate
998 4511 1280 4568 consulere
1318 4522 1549 4583 quaerat.
1590 4513 1855 4569 Abbatem

273 4611 408 4651 vero
437 4595 502 4651 de
528 4611 587 4651 se
611 4596 844 4669 eligendi
870 4614 1085 4671 semper
1109 4600 1305 4658 fratres
1344 4603 1577 4658 habeant
1615 4610 1854 4674 potesta-

1947 3387 2227 3446 Gloriosus
2277 3390 2461 3460 itaque
2506 3404 2603 3446 rex
2645 3389 2977 3447 Francorum
3015 3389 3260 3456 Carolus,
3313 3392 3528 3449 ccliuia

1937 3478 2189 3534 ‘auimum
2215 3478 2528 3549 inspiratus,
2568 3480 2711 3537 inter
2733 3488 2929 3536 caetera
2948 3495 3059 3539 sua:
3080 3481 3383 3539 devotionis
3406 3492 3523 3540 stu-

1950 3569 2059 3635 dia,
2081 3584 2202 3641 qua:
2227 3570 2373 3626 circa
2418 3571 2513 3626 Dei
2552 3570 2848 3628 Ecclesiam
2889 3580 3143 3642 prompta
3169 3588 3385 3643 semper
3425 3574 3528 3629 im-

1948 3662 2135 3734 pendit
2159 3643 2459 3727 devotioue,
2499 3678 2686 3718 curam
2723 3677 2936 3733 quoque
2969 3663 3232 3734 dignatus
3260 3674 3343 3721 est
3374 3681 3526 3723 assu-

1951 3767 2101 3809 mere
2123 3754 2189 3808 de
2213 3753 2539 3809 monasterio
2561 3753 2732 3809 sancti
2753 3752 2969 3808 Karilefi
2992 3752 3341 3820 confessoris,
3385 3760 3530 3827 quod

1951 3852 2035 3901 est
2062 3843 2115 3897 in
2138 3858 2277 3915 pago
2304 3842 2664 3899 Cenomanico
2705 3851 3073 3899 constructum
3105 3858 3268 3914 super
3309 3844 3528 3902 fluvium

1951 3933 2195 4000 Anisola,
2252 3934 2307 3988 in
2365 3949 2470 4005 quo
2505 3949 2536 3987 a
2582 3933 2758 4005 prima
2803 3950 2914 3989 sua:
2960 3935 3282 3991 conditionis
3308 3937 3415 4003 die,
3461 3953 3528 3993 ex

1955 4041 2063 4097 quo
2099 4027 2288 4082 beatus
2313 4024 2590 4082 confessor
2612 4025 2810 4081 Christi
2838 4024 3108 4083 Karilefus
3129 4027 3183 4082 in
3215 4043 3283 4085 eo
3303 4042 3528 4100 corpore

1957 4120 2183 4189 quievit,
2212 4119 2521 4191 religiosum
2555 4118 2702 4191 [edit.
2729 4118 2907 4186 Rom.,
2948 4119 3048 4175 fuit
3078 4120 3132 4176 in
3158 4137 3405 4193 corpore,
3436 4141 3527 4181 re-
3570 4178 3573 4183 .

1955 4210 2225 4287 ligiosum,
2263 4212 2386 4285 etc.]
2429 4201 2816 4269 monachorum
2843 4213 3375 4283 habitavitcxamen,
3429 4220 3523 4274 ha-

1957 4308 2181 4378 buitque
2227 4307 2495 4364 libertatis
2524 4306 2883 4385 privilegium,
2929 4308 3063 4363 etin
3100 4326 3281 4371 rerum
3311 4327 3529 4369 suarum

1960 4402 2332 4473 dispositione,
2358 4410 2413 4455 et
2462 4402 2518 4457 in
2542 4401 2754 4458 abbatis
2784 4404 2850 4458 de
2897 4405 3201 4474 semetipsis
3248 4404 3565 4461 electione..

1960 4494 2159 4550 Verum
2188 4496 2314 4565 quia
2336 4496 2652 4567 impugnare
2684 4496 2980 4552 Ecclesiam
3020 4497 3219 4554 Christi
3258 4514 3533 4570 nunquam

1960 4585 2133 4641 hostis
2165 4587 2384 4642 humani
2404 4588 2619 4659 generis
2637 4588 2857 4655 omittit,
2880 4590 3225 4667 securitatem
3246 4591 3531 4658 libertatis,

274 4693 386 4741 tem
405 4728 419 4754 ,
446 4704 621 4759 neque
647 4690 701 4744 in
724 4688 840 4759 ejus
866 4691 1127 4750 electione
1150 4694 1390 4767 episcopi
1412 4696 1703 4767 respiciant
1720 4711 1849 4770 ,con-

1962 4697 2123 4753 quam
2153 4698 2221 4738 ex
2242 4682 2425 4739 multis
2446 4683 2559 4754 jam
2600 4683 2756 4740 anuis
2785 4685 3119 4755 possederat,
3153 4686 3253 4741 etsi
3283 4703 3388 4743 non
3437 4702 3535 4757 pe-

276 4779 640 4849 stitutionem,
662 4792 754 4836 aut
772 4784 1198 4856 dispositionem.
1221 4786 1289 4841 Et
1308 4789 1562 4858 quoniam
1587 4788 1741 4843 multi
1763 4804 1859 4858 per

275 4887 566 4942 pravorum
593 4874 869 4931 hominum
891 4876 1113 4933 insidias
1134 4878 1306 4933 servis
1319 4894 1460 4948 saepe
1480 4879 1573 4933 Dei
1599 4880 1862 4934 fabrican-

280 4972 371 5017 tur
393 4964 519 5031 doli,
545 4965 887 5023 decernimus
924 4977 983 5023 ut
1007 4968 1286 5025 ordinatus
1307 4968 1501 5040 deponi
1533 4986 1638 5026 non
1662 4969 1857 5042 possit,

277 5054 701 5112 nisicriminalis
722 5073 885 5115 causa
928 5073 1050 5114 eum
1093 5060 1473 5116 monstraverit
1493 5061 1859 5141 reum.'Quod

280 5146 328 5205 si
386 5140 547 5203 fuerit
585 5148 806 5206 infamia
840 5151 1177 5225 ldenotatus,
1227 5168 1295 5209 ex
1323 5154 1510 5229 Qregali
1550 5140 1859 5225 providen-

279 5234 357 5293 tla
406 5236 937 5314 archiepiscoporum
988 5243 1073 5299 vel
1122 5244 1501 5315 episcoporum
1561 5243 1862 5300 habeantur

281 5344 393 5387 non
422 5330 602 5386 minus
631 5348 792 5403 quam
822 5333 1010 5390 decem
1041 5343 1359 5392 conventus.
1391 5334 1507 5390 Non
1536 5344 1621 5391 est
1649 5350 1864 5411 aequum

280 5423 429 5479 enim
459 5432 517 5480 ut
535 5426 740 5482 electus
762 5434 818 5483 et
838 5428 1117 5485 ordinatus
1137 5428 1389 5485 Ecclesia:
1408 5437 1614 5501 pastor,
1638 5428 1864 5484 fortuitu

279 5520 341 5571 et
361 5515 478 5572 sine
499 5516 707 5588 judicio
723 5518 925 5588 absque
951 5518 1110 5575 ullius
1136 5518 1411 5576 manifesti
1434 5520 1681 5577 criminis
1703 5521 1867 5577 deno-

282 5605 489 5662 tatione
508 5607 758 5679 pellatur.
775 5605 963 5665 Nullus
982 5609 1128 5666 enim
1146 5610 1288 5681 apud
1312 5625 1492 5682 regem
1518 5609 1703 5667 sreculi
1722 5612 1870 5668 dam-

282 5703 468 5765 natur,
496 5695 603 5755 nisi
630 5697 684 5755 in
715 5698 984 5756 criminali
1018 5717 1182 5759 causa
1209 5702 1596 5775 deprehensus,
1622 5701 1868 5757 veritatis

285 5788 599 5846 testimonio
625 5793 970 5862 apparuerit:
997 5793 1075 5850 sic
1103 5793 1289 5860 abbas,
1323 5803 1379 5850 et
1402 5795 1609 5851 electus
1640 5811 1669 5850 a
1699 5794 1868 5867 pluri-

282 5879 405 5945 bus,
429 5889 481 5938 (σί
500 5881 781 5939 ordinatus
802 5884 1123 5941 sacerdotali
1146 5885 1520 5943 benedictione
1540 5887 1688 5946 nullo
1706 5887 1867 5944 modo

1966 4775 2113 4832 nitus
2133 4775 2385 4843 abscidit,
2414 4776 2689 4833 concussit
2719 4786 2918 4842 tanien,
2963 4785 3017 4832 et
3036 4772 3336 4833 convellere
3367 4795 3533 4835 cona-

1969 4875 2057 4925 tus
2080 4876 2183 4933 est,
2211 4874 2266 4922 et
2291 4867 2475 4938 paucis
2498 4868 2711 4949 quidem
2734 4878 2858 4923 ante
2880 4866 2994 4935 jam
3016 4868 3194 4935 annis,
3222 4876 3276 4923 et
3302 4882 3535 4939 praesen-

1968 4963 2112 5019 tibus
2144 4977 2379 5033 quoque,
2414 4962 2472 5025 id
2493 4950 2772 5037 estigisius
2804 4960 2981 5016 Caroli
3005 4962 3149 5033 regis
3188 4965 3527 5033 temporibus.

1970 5055 2104 5122 Quia
2147 5070 2273 5109 vero
2303 5054 2480 5110 divina
2510 5052 2801 5121 clementia
2829 5053 3029 5111 deserit
3071 5069 3346 5125 nunquam
3382 5059 3436 5112 in
3478 5070 3541 5116 se

1971 5146 2323 5212 conﬁdentes,
2358 5145 2625 5217 principis
2642 5144 2879 5199 animum
2903 5144 2971 5199 ad
2997 5145 3099 5201 hoc
3120 5148 3308 5215 movit,
3342 5156 3399 5203 ut
3436 5164 3543 5205 non

1973 5239 2147 5295 solum
2169 5238 2370 5293 inimici
2416 5236 2696 5307 persuasio
2724 5252 2832 5292 non
2868 5238 3211 5309 praevaleret;
3244 5243 3336 5297 sed
3375 5245 3539 5299 etiam

1970 5346 2265 5403 procurare
2308 5329 2633 5396 voluit,,;uu
2652 5328 3001 5398 sequentibus
3032 5332 3363 5402 temporibus
3388 5334 3546 5390 liber-

1973 5423 2102 5479 tatis
2122 5420 2460 5501 privilegium
2503 5419 2987 5487 olimsmonasterio
3027 5421 3105 5477 illi
3137 5437 3478 5492 concessum,
3510 5445 3540 5481 ει

1972 5516 2119 5573 nullo
2161 5515 2411 5585 deinceps
2456 5514 2972 5586 neceverti‘posset,
3000 5531 3104 5573 nec
3139 5517 3349 5574 violari.
3396 5518 3548 5575 Unde

1972 5609 2222 5681 dignatus
2246 5615 2329 5662 est
2354 5606 2421 5662 ad
2448 5621 2548 5662 nos
2573 5606 2694 5677 pius
2711 5607 2965 5679 princeps
3009 5609 3284 5680 praefatus,
3316 5618 3371 5665 et
3407 5610 3540 5664 mls-

1974 5718 2092 5759 sum
2140 5700 2369 5771 dirigere
2415 5715 2608 5767 suum,
2658 5700 2711 5756 id
2752 5710 2837 5757 est
2878 5703 3241 5759 venerabilem
3283 5700 3541 5763 Odonem,

1972 5794 2408 5851 Bellovacensem
2430 5794 2764 5865 episcopum,
2788 5804 2842 5850 et
2862 5795 3073 5851 litteras
3095 5810 3205 5851 suae
3223 5794 3551 5865 dignationis

1974 5887 2267 5958 destinare,
2292 5886 2485 5959 quibus
2512 5885 2822 5959 postulavit,
2845 5886 3228 5953 utlibertatem
3263 5884 3336 5940 illi
3358 5898 3549 5940 mona-
