4070 6310
547 405 652 459 847

1897 391 2166 451 NlCOLAl
2201 389 2406 449 ΡΑΡᾹΞ
2441 391 2460 446 l

3729 390 3854 449 848

541 521 729 585 sterio,
761 526 819 574 et
845 518 914 573 ab
935 511 1220 582 episcopis,
1245 521 1300 568 et
1325 527 1356 566 a
1388 510 1602 583 regibus
1628 509 1963 564 Francorum
1987 523 2119 564 con-
2146 511 2199 570 Α
2223 519 2566 577 nequaquam
2614 502 2914 574 mancipari
2958 503 3137 559 denuo
3181 502 3463 574 potuisset.
3499 503 3558 558 ln
3608 503 3854 576 legibus

544 628 776 675 cessam,
830 617 1014 665 nostra
1070 606 1412 661 ﬁrmaremus
1458 601 1802 667 auctoritate,
1845 609 1900 656 et
1922 599 2122 656 futuris

543 703 857 759 mansuram
884 697 1215 770 temporibus
1261 695 1661 751 roboraremus.
1703 690 2125 748 Considerantes

545 798 730 865 itaque
778 793 921 864 piam
959 804 1081 846 esse
1121 787 1565 858 postulationem,
1610 793 1668 840 et
1709 798 1992 840 servorum
2029 780 2124 835 Dei

542 886 709 957 quieti
739 881 1217 956 pernecessariam,
1246 889 1299 935 et
1325 893 1445 949 quze
1470 893 1500 932 a
1526 875 1832 947 pastoribus
1856 874 2126 930 Ecclesia-

541 996 663 1036 rum
692 977 1009 1049 postulanda
1051 987 1199 1030 esset
1256 983 1416 1043 alque
1455 968 1814 1041 procuranda,
1870 967 1915 1022 si
1949 967 2127 1021 minus

541 1087 662 1128 eam
694 1069 880 1125 mundi
906 1067 1177 1138 principes
1207 1072 1590 1136 procurarent;
1628 1060 1969 1116 decernimus
2000 1073 2128 1128 apo-

540 1164 768 1218 stolatus
819 1160 991 1216 nostri
1032 1158 1374 1222 auctoritate,
1410 1167 1469 1211 ut
1513 1153 1898 1210 monasterium
1956 1151 2126 1206 sancti

540 1253 763 1309 Karileli
807 1249 1155 1314 confessoris,
1210 1248 1349 1303 intra
1405 1245 1608 1302 Gallias
1661 1243 1826 1300 situm
1883 1241 1938 1295 in
1991 1256 2128 1311 pago

539 1343 905 1402 Cenomanico
950 1356 1111 1412 super
1138 1340 1359 1394 ﬂuvium
1400 1337 1648 1403 Anisola,
1677 1351 1862 1392 rerum
1907 1348 2128 1390 suarum

538 1439 739 1494 habeat
763 1436 987 1492 liberam
1014 1435 1067 1488 in
1089 1432 1340 1488 omnibus
1364 1431 1659 1486 secundum
1681 1426 1936 1484 Ecclesia:
1965 1424 2130 1496 ipsius

537 1530 850 1593 utilitatem,
881 1536 936 1582 et
963 1539 1243 1581 servorum
1272 1522 1366 1577 Dei
1396 1519 1737 1590 compendia,
1767 1516 2130 1589 dispensatio-

537 1638 684 1688 nem,
715 1629 775 1676 ut
797 1618 1081 1689 episcopus
1103 1614 1480 1672 Cenomanica:
1509 1612 1678 1678 urbis,
1730 1611 1845 1667 sive
1893 1609 2126 1664 Botber-

540 1725 630 1772 tus
658 1713 750 1786 qui
776 1727 920 1768 nunc
949 1710 1024 1766 illi
1064 1710 1178 1766 sedi
1206 1717 1426 1780 praeest,
1454 1707 1568 1762 sive
1601 1718 1949 1761 successores
1987 1702 2125 1772 ejus,

540 1807 746 1863 nullam
790 1804 1071 1860 obtineant
1113 1802 1166 1856 in
1196 1817 1262 1856 eo
1288 1799 1620 1856 monasterio
1648 1794 2006 1869 possessionis
2035 1794 2126 1848 do-

2223 599 2367 653 enim
2399 596 2681 662 habemus,
2710 608 2770 652 ut
2812 611 3003 653 omnes
3049 597 3376 666 quaestiones
3423 595 3565 652 infra
3597 596 3851 668 triginta

2225 704 2397 745 annos
2430 690 2723 745 terminum
2762 689 3051 760 accipiant.
3085 689 3162 745 De
3197 687 3582 746 ecclesiasticis
3636 700 3852 746 autem

2227 783 2426 849 causis,
2483 790 2606 852 post
2666 781 3141 853 quadragesimum
3169 796 3372 836 annum
3412 781 3561 838 nulla
3604 782 3857 854 querela

2228 874 2434 930 moveri
2481 882 2678 945 potest,
2721 875 2904 930 sinon
2949 874 3092 928 intra
3131 874 3237 930 hoc
3283 874 3519 945 spatium
3554 889 3854 931 annorum

2229 965 2393 1021 fuerit
2423 974 2588 1021 mota.
2617 966 2684 1020 Et
2711 981 2841 1022 ecce
2862 966 2965 1021 hoc
3005 965 3401 1022 monasterium
3428 980 3458 1020 a
3490 965 3671 1036 primo
3704 981 3854 1037 rege

2229 1059 2564 1116 Francorum
2623 1059 2972 1126 Christiano,
3023 1059 3076 1114 id
3123 1068 3228 1124 est,
3279 1057 3552 1115 Clodoveo
3607 1058 3855 1129 ﬁlioque

2230 1151 2345 1222 ejus
2365 1152 2738 1218 Childeberto,
2774 1167 2897 1208 cum
2927 1150 3528 1216 habueritlibertatem,
3574 1158 3633 1206 et
3675 1151 3856 1206 dein-

2230 1257 2357 1313 ceps
2382 1243 2450 1297 ab
2476 1243 2730 1298 omnibus
2760 1243 3004 1314 regibus,
3029 1256 3244 1313 semper
3272 1243 3536 1299 manserit
3572 1242 3855 1308 liberum,

2229 1333 2366 1390 etin
2406 1347 2590 1388 rerum
2623 1349 2848 1389 suarum
2893 1331 3362 1403 dispositionibus,
3405 1341 3461 1390 et
3516 1333 3575 1388 in
3618 1332 3860 1389 abbatis

2231 1423 2497 1480 electione
2516 1464 2532 1490 ,
2563 1440 2708 1480 nunc
2734 1425 2999 1495 repetitur
3025 1425 3180 1495 quasi
3222 1425 3278 1480 in
3305 1425 3513 1496 preprii
3550 1425 3710 1497 juris
3748 1426 3858 1480 do-

2230 1514 2581 1571 minationem
2603 1532 2618 1581 ;
2642 1531 2764 1571 cum
2797 1516 2841 1572 si
2866 1525 3082 1572 terrena
3102 1517 3376 1588 possessio
3407 1517 3625 1583 fuisset,
3651 1526 3716 1573 et
3743 1532 3854 1588 per

2235 1614 2312 1661 tot
2333 1622 2502 1663 annos
2524 1607 2852 1678 possessoris
2876 1608 2956 1663 sui
2979 1607 3347 1664 dominatione
3368 1609 3665 1674 caruisset,
3693 1610 3859 1664 nullo

2231 1698 2393 1752 modo
2417 1697 2714 1753 secundum
2740 1696 2888 1769 leges
2934 1698 3050 1754 sive
3091 1699 3297 1766 mundi,
3345 1700 3461 1755 sive
3501 1699 3861 1756 ecclesiasti-

2233 1804 2351 1855 cas,
2381 1788 2638 1860 antiquus
2675 1803 2961 1859 possessor
2997 1805 3118 1845 eam
3165 1790 3270 1846 sibi
3317 1790 3604 1846 vindicare
3632 1791 3861 1862 potuis-

543 1897 924 1957 miuationem,
967 1907 1143 1963 neque
1178 1890 1460 1962 przefatum
1506 1888 1890 1944 monasterium
1927 1886 1993 1940 ad
2026 1899 2136 1940 sua:
2165 1877 2212 1938 Β
2239 1893 2340 1939 set.
2373 1883 2443 1938 At
2465 1898 2615 1950 vero,
2645 1883 2787 1954 quod
2808 1891 2893 1938 est
2923 1883 3068 1939 dictu
3102 1883 3276 1949 nefas,
3301 1883 3506 1940 Christi
3535 1885 3862 1955 possessio-

545 1986 696 2040 urbis
719 1983 980 2039 inclinare
1004 1987 1266 2036 conentur
1293 1976 1703 2046 subiectionem,
1727 1977 1821 2031 sed
1851 1974 2019 2030 abbas
2041 1973 2129 2028 ille

541 2078 633 2149 qui
656 2093 800 2134 nunc
825 2076 901 2133 ibi
924 2083 1009 2132 est
1033 2072 1403 2146 Engilharius,
1435 2081 1488 2125 et
1512 2070 1710 2126 fratres
1740 2068 1982 2140 ejusdem
2008 2082 2129 2123 mo-

542 2170 792 2236 nasterii,
839 2166 1223 2224 dominationis
1272 2164 1362 2234 jus
1415 2163 1713 2220 secundum
1761 2161 2127 2218 ecclesiastica

542 2269 766 2325 statuta,
817 2271 873 2316 et
903 2257 1270 2330 praesentibus
1303 2264 1359 2310 et
1387 2253 1583 2310 futuris
1611 2254 1891 2310 obtineant
1915 2267 2132 2324 semper

542 2353 896 2423 temporibus.
930 2350 1211 2416 Videlicet,
1243 2360 1304 2403 ut
1352 2347 1613 2419 quidquid
1635 2346 1875 2403 oblatum
1916 2354 2020 2412 est,
2048 2345 2134 2400 vel

540 2445 711 2503 fuerit
773 2445 1028 2515 deinceps
1075 2442 1153 2498 illi
1183 2442 1454 2508 coenobio,
1504 2441 1590 2496 vel
1638 2441 1694 2496 in
1740 2454 1896 2506 auro,
1943 2438 2027 2494 vel
2076 2439 2132 2493 in

545 2546 798 2611 argento,
822 2537 909 2594 vel
953 2536 1007 2592 in
1045 2535 1194 2607 agris
1231 2543 1286 2590 et
1313 2533 1551 2600 famulis,
1591 2531 1678 2587 vel
1705 2533 1760 2587 in
1811 2544 2134 2602 quacunque

540 2644 727 2686 rerum
761 2627 1084 2694 substantia,
1113 2639 1213 2682 nec
1241 2625 1529 2698 episcopus
1556 2623 1972 2688 Cenomanicus,
2019 2623 2135 2678 sive

544 2721 863 2784 Rotbertus,
895 2719 986 2790 qui
1013 2733 1159 2774 nunc
1187 2717 1259 2773 illi
1301 2718 1426 2774 urbi
1471 2723 1689 2789 praeest,
1716 2715 1830 2773 sive
1872 2715 1964 2786 qui
2013 2723 2136 2785 post

542 2830 670 2872 eum
699 2812 1118 2871 Cenomanicam
1155 2811 1453 2868 Ecclesiam
1491 2810 1751 2876 rexerint,
1777 2824 1877 2865 nec
1901 2808 2008 2864 ulla
2031 2808 2135 2864 alia

541 2919 794 2976 persona,
846 2903 962 2960 sive
1011 2903 1307 2970 saecularis,
1368 2902 1484 2958 sive
1532 2899 1923 2965 ecclesiastica,
1972 2899 2134 2955 ullam

542 2998 826 3055 obtineant
846 2996 933 3052 vel
952 2995 1055 3052 sibi
1077 2995 1358 3051 vindicent
1383 2993 1723 3065 portionem;
1758 2994 1854 3050 sed
1882 2999 2138 3048 maneant

543 3090 728 3148 omnia
750 3090 806 3145 in
826 3088 995 3159 ipsius
1014 3086 1254 3154 abbatis,
1285 3095 1340 3141 et
1369 3085 1599 3140 fratrum
1626 3086 1826 3143 ibidem
1856 3085 1966 3141 Deo
1997 3083 2139 3139 mili-

543 3180 779 3239 tantium
802 3179 1208 3251 dispensatione
1234 3192 1249 3231 :
1273 3185 1333 3232 ut
1360 3176 1621 3248 quidquid
1645 3175 1944 3232 secundum
1966 3173 2135 3245 ipsius

542 3274 864 3331 monasterii
887 3248 1176 3328 utilitatem
1200 3270 1522 3342 regulariter
1565 3277 1623 3325 et
1659 3268 1921 3325 canonice
1951 3265 2136 3323 volue-
2165 3248 2210 3322 Ο

543 3363 659 3419 rint
683 3378 864 3436 agere,
892 3363 951 3418 in
976 3376 1166 3417 eorum
1197 3360 1363 3417 situm
1382 3358 1453 3414 sit
1490 3365 1781 3430 potestate.
1811 3355 1997 3426 Neque
2021 3356 2136 3426 epi-

543 3471 744 3528 scopus
791 3456 858 3512 ad
900 3453 1187 3527 praefatum
1241 3452 1653 3518 monasterium,
1705 3449 1862 3522 quasi
1903 3449 2137 3521 propriae

542 3545 831 3618 poteStatis
875 3547 1108 3603 abutens
1143 3546 1285 3618 jure,
1337 3544 1444 3600 nisi
1491 3550 1716 3599 vocatus
1763 3543 1833 3597 ab
1858 3540 2053 3597 abbate
2081 3549 2137 3597 et

541 3639 806 3700 fratribus
837 3642 1084 3709 accedat,
1116 3656 1186 3698 ne
1212 3641 1297 3697 sui
1326 3641 1589 3696 adventus
1607 3654 1864 3710 pressura
1903 3637 2136 3693 fratrum

541 3734 780 3806 quietem
809 3733 1130 3805 perturbet;
1161 3747 1339 3804 neque
1374 3732 1525 3790 dolos
1571 3739 1665 3787 aut
1706 3731 2135 3788 machinationes

541 3825 680 3882 ullas
700 3825 788 3882 vel
812 3826 1021 3893 abbati,
1045 3825 1132 3881 vel
1161 3824 1445 3892 fratribus,
1491 3826 1606 3881 sive
1637 3840 1735 3896 per
1770 3840 1848 3890 se,
1893 3826 2008 3882 sive
2039 3841 2137 3898 per

541 3935 692 3986 suos,
726 3919 1017 3991 aliquando
1044 3919 1224 3976 facere
1250 3927 1572 3990 praesumat;
1602 3920 1734 3990 quin
1755 3919 1935 3990 potius
1981 3919 2137 3989 quid-

539 4013 673 4083 quid
691 4011 788 4068 Dei
819 4013 992 4068 servis
1022 4013 1078 4068 in
1100 4013 1361 4084 pradicto
1391 4013 1724 4069 monasterio
1749 4013 2138 4081 commoranti-

539 4106 666 4173 bus,
690 4105 941 4162 conferre
974 4107 1042 4162 ad
1069 4106 1278 4162 ordinis
1319 4106 1403 4161 sui
1436 4107 1906 4162 conservationem
1931 4105 2138 4161 utiliter

538 4209 595 4254 et
628 4199 874 4256 modeste
897 4209 954 4255 et
978 4200 1209 4270 benigne
1238 4199 1493 4268 potuerit,
1532 4199 1585 4253 id
1619 4214 1720 4269 pro
1747 4197 1844 4254 Dei
1877 4212 2064 4255 amore
2083 4205 2139 4253 et

542 4292 892 4363 sempiternae
947 4293 1404 4348 remunerationis
1475 4292 1646 4363 gratia
1699 4291 1967 4363 perficiat.
2027 4289 2138 4348 Nec

540 4382 811 4440 violenter
855 4393 948 4439 aut
995 4383 1189 4440 callide
1216 4384 1340 4439 mali
1372 4385 1694 4453 quidquam,
1723 4392 1816 4439 aut
1859 4383 2137 4458 perturba-

543 4475 709 4530 tionis
764 4475 1020 4530 moliatur
1070 4475 1125 4529 in
1171 4475 1310 4540 illos,
1372 4475 1510 4530 sicut
1537 4474 1842 4529 audivimus
1872 4472 2138 4544 quosdam

539 4565 722 4622 facere
758 4565 1014 4629 voluisse,
1046 4566 1198 4637 quasi
1249 4565 1630 4635 inscriptiones
1678 4565 1940 4635 quasdam
1979 4581 2135 4620 mon-

537 4665 799 4722 strantes,
837 4656 1034 4726 quibus
1071 4655 1461 4711 monasterium
1507 4671 1617 4710 suae
1665 4655 1872 4710 civitati
1919 4669 2135 4726 posses-

536 4747 705 4803 sionis
727 4749 850 4818 jure
880 4747 1153 4803 subditum
1180 4747 1296 4802 fieri
1326 4747 1506 4801 conati
1533 4754 1661 4801 sunt
1682 4765 1703 4804 λ
1745 4763 1881 4818 quas
1918 4755 2135 4806 constat

536 4837 760 4893 omnino
795 4837 958 4893 falsas
1003 4837 1198 4902 fuisse,
1241 4837 1680 4908 quandoquidem
1735 4839 2014 4911 privilegia
2043 4855 2132 4896 re-

537 4942 690 4998 gum,
717 4943 838 4997 quae
861 4944 930 4984 ex
959 4931 1302 5001 antiquorum
1333 4947 1521 5002 regum
1549 4931 1886 4988 Francorum
1931 4940 2133 5005 tempo-

537 5019 690 5076 ribus
719 5020 845 5076 olim
874 5025 1203 5081 monasterio
1252 5025 1326 5080 illi
1371 5041 1629 5082 concessa
1674 5035 1825 5092 sunt,
1879 5027 1983 5082 hoc
2033 5026 2130 5082 de-

537 5119 775 5182 struant,
800 5114 941 5172 sicut
962 5124 1017 5171 et
1039 5116 1153 5188 ipsa
1185 5127 1473 5184 testantur,
1503 5134 1624 5188 qum
1650 5118 1706 5173 in
1751 5118 1986 5174 archivis
2016 5133 2133 5174 mo-

535 5203 764 5260 nasterii
814 5204 885 5260 ob
940 5208 1313 5265 testimonium
1362 5211 1469 5266 sibi
1529 5226 1804 5266 concessae
1863 5210 2132 5267 libertatis

535 5295 804 5368 hodieque
836 5310 1140 5356 servantur.
1201 5301 1354 5370 Quod
1409 5303 1454 5357 si
1502 5301 1754 5358 fortassis
1793 5302 2126 5373 contigisset,

533 5394 596 5442 ut
619 5386 910 5458 aliquando
947 5373 1341 5448 monasterium
1373 5392 1502 5447 illud
1535 5395 1636 5449 sub
1667 5402 1934 5464 potestate
1956 5392 2130 5450 Ceno-

532 5476 734 5533 manici
774 5478 970 5537 fuisset
992 5481 1254 5552 episcopi,
1299 5483 1444 5552 quod
1491 5484 1654 5539 rebus
1685 5483 1818 5554 ipsis
1865 5485 2128 5554 probatur

532 5576 588 5624 et
619 5569 946 5628 testimoniis
985 5572 1322 5628 monasterio
1367 5572 1576 5628 collatis
1617 5589 1896 5644 nunquam
1921 5572 2123 5640 fuisse;

531 5665 717 5716 tamen
763 5663 1059 5719 secundum
1108 5664 1256 5736 leges
1281 5664 1482 5728 saeculi,
1529 5674 1651 5736 post
1679 5674 1757 5720 tot
1779 5661 1893 5734 jam
1930 5667 2124 5722 saecula

531 5760 587 5808 et
614 5770 882 5810 annorum
912 5757 1087 5827 spatia
1113 5759 1286 5828 repeti
1333 5757 1640 5814 nullatenus
1677 5758 1801 5829 jure
1830 5759 2122 5828 potuisset,

531 5848 587 5900 et
611 5845 755 5914 quod
781 5845 949 5904 semel
985 5859 1266 5921 acceperat
1289 5851 1619 5918 libertatem,
1655 5849 1764 5920 iam
1791 5850 1894 5911 sub
1918 5851 2126 5911 ditione

2233 1991 2378 2042 nem,
2429 1984 2484 2031 et
2509 1991 2794 2032 servorum
2841 1975 2938 2032 Dei
2971 1975 3409 2042 contubernium,
3440 1977 3589 2046 quod
3620 1985 3859 2033 terrena

2233 2076 2472 2139 potestas
2498 2067 2730 2125 liberum
2761 2083 2884 2124 esse
2923 2068 3209 2131 concessit,
3245 2068 3568 2140 episcopalis
3616 2070 3861 2126 ambitio

2234 2161 2289 2215 i'n
2332 2161 2611 2217 servitutis
2631 2160 2721 2232 jus
2747 2160 3024 2217 vindicare
3065 2169 3313 2216 conatur.
3345 2162 3592 2232 Apparet
3634 2163 3856 2234 itaque,

2233 2257 2478 2326 quisquis
2505 2257 2622 2312 haec
2649 2272 2902 2328 perverse
2921 2256 3160 2323 molitur,
3188 2273 3296 2315 non
3321 2258 3536 2314 lucrum
3558 2261 3861 2331 requirere

2233 2347 2379 2417 quod
2431 2347 2560 2403 velit
2605 2349 2932 2415 animarum,
2981 2351 3076 2404 sed
3118 2350 3293 2420 magis
3342 2350 3744 2408 dominationis
3773 2350 3860 2406 fa-

2235 2447 2376 2495 stum
2416 2448 2472 2495 et
2519 2439 2672 2497 lucra
2723 2440 3039 2511 cupiditatis
3086 2441 3316 2498 inhiare.
3374 2441 3533 2499 Unde
3585 2445 3860 2501 omnibus

2235 2531 2410 2588 modis
2455 2533 2597 2588 hanc
2639 2533 3003 2604 perniciosam
3034 2534 3418 2604 reprimentes,
3456 2536 3854 2606 ambitionem,

2234 2623 2580 2694 prmcipimus
2631 2631 2691 2679 ut
2735 2624 3032 2681 Rotbertus
3076 2626 3362 2697 episcopus
3415 2627 3855 2698 Cenomanicus,

2235 2723 2290 2770 et
2337 2715 2643 2787 quicunque
2683 2732 2968 2773 successor
3015 2715 3132 2786 ejus
3163 2717 3348 2784 fuerit,
3377 2719 3580 2775 nullam
3615 2721 3673 2776 in
3703 2737 3860 2792 pra.
3924 2747 3932 2752 -

2236 2805 2351 2862 fato
2387 2807 2717 2864 monasterio
2747 2807 2852 2864 sibi
2901 2807 3140 2864 vindicet
3187 2809 3408 2864 ditionis
3461 2820 3802 2880 potestatem
3836 2827 3854 2867 :

2238 2899 2334 2955 sed
2373 2908 2592 2956 maneat
2641 2901 2939 2956 secundum
2983 2915 3295 2957 concessam
3338 2902 3444 2957 sibi
3482 2901 3596 2971 jam
3653 2905 3857 2960 multis

2239 2991 2396 3047 annis
2425 2989 2842 3060 absolutionem,
2888 2994 2958 3049 ab
2985 2993 3131 3048 omni
3169 2993 3460 3064 episcopali
3493 3010 3761 3065 pressura
3797 3004 3856 3052 et

2241 3081 2608 3138 dominatione
2629 3092 2919 3140 remotum.
2948 3082 3140 3140 Nullus
3166 3084 3220 3139 in
3271 3101 3337 3141 eo
3373 3085 3674 3155 quidquam
3723 3088 3852 3142 vin-

2240 3173 2385 3231 dicet
2413 3174 2515 3231 sibi
2551 3174 2791 3246 praafatae
2825 3176 3066 3233 civitatis
3093 3178 3402 3249 episcopus,
3431 3193 3606 3248 neque
3627 3194 3733 3250 per
3759 3194 3844 3245 se,
3863 3248 3880 3259 η

2242 3279 2419 3336 neque
2456 3280 2552 3336 per
2581 3266 2860 3324 ministros
2905 3283 3053 3335 suos,
3087 3284 3261 3339 neque
3293 3284 3360 3325 ex
3391 3269 3628 3336 clericis,
3662 3286 3847 3340 neque

2237 3373 2305 3414 ex
2330 3359 2634 3426 monachis,
2681 3375 2856 3432 neque
2906 3377 2972 3417 ex
3018 3361 3316 3428 canonicis,
3343 3376 3524 3434 neque
3561 3377 3625 3416 ex
3652 3361 3840 3426 laicis,

2235 3451 2520 3522 potestatis
2563 3449 2708 3522 jure,
2735 3460 2830 3508 aut
2856 3453 3148 3524 episcopali
3181 3452 3342 3521 fastu,
3383 3453 3506 3510 sine
3551 3452 3837 3509 voluntate

2238 3546 2452 3604 abbatis
2482 3547 2654 3619 ipsius
2673 3547 2797 3616 loci,
2827 3555 2883 3604 et
2911 3547 3145 3603 fratrum
3175 3547 3246 3605 ibi
3272 3548 3605 3620 degentium,
3634 3563 3834 3619 praesu-

2235 3651 2351 3698 mat
2373 3641 2576 3713 aliquid
2603 3641 2686 3697 vel
2721 3641 2791 3698 ad
2815 3642 3198 3710 ordinandum,
3217 3641 3312 3698 'vel
3347 3643 3413 3697 ad
3435 3642 3834 3712 disponendum

2236 3735 2322 3792 vel
2351 3737 2420 3791 ad
2454 3736 2866 3793 dominandum.
2898 3735 3281 3793 Ordinationes
3309 3751 3460 3803 vero,
3495 3751 3634 3806 quas
3659 3735 3835 3806 petie-

2238 3830 2309 3886 rit
2337 3829 2522 3895 abbas,
2563 3829 2649 3886 vel
2682 3830 2782 3900 ipsi
2807 3829 3027 3897 fratres,
3051 3829 3138 3885 vel
3159 3829 3508 3886 ecclesiarum
3545 3843 3841 3885 consecra-

2237 3922 2429 3986 tiones,
2457 3922 2543 3978 vel
2586 3921 2773 3978 altaris
2799 3922 3250 3990 benedictionem,
3283 3923 3593 3979 chrismatis
3618 3939 3841 3993 quoque

2236 4013 2450 4084 oleique
2503 4014 2986 4073 sanctiticationem
3037 4024 3199 4087 prout
3243 4015 3498 4087 petierint
3552 4015 3719 4070 abbas
3786 4025 3843 4070 et

2236 4105 2344 4162 loci
2365 4104 2511 4162 illius
2542 4106 2898 4175 habitatores,
2946 4125 3056 4165 non
3104 4118 3350 4166 moretur
3376 4118 3635 4179 praestare
3666 4126 3678 4162 :
3704 4109 3838 4177 quia

2237 4213 2435 4254 munus
2464 4196 2625 4255 ofﬁcii
2653 4199 2736 4255 sui
2758 4200 3044 4272 episcopus
3075 4217 3180 4256 non
3209 4217 3308 4272 pro
3339 4201 3474 4257 lucri
3500 4201 3699 4272 gratia,
3739 4202 3843 4256 sed

2236 4309 2335 4365 pro
2360 4295 2579 4352 creditae
2615 4291 2718 4348 sibi
2746 4291 3166 4363 dispensationis
3203 4292 3507 4349 ministerio
3538 4293 3702 4348 debet
3734 4296 3844 4348 im-

2237 4387 2506 4456 pendere;
2551 4392 2606 4440 et
2647 4383 3002 4455 providentia;
3032 4385 3321 4455 pastoralis
3350 4385 3580 4450 exstitit,
3628 4395 3691 4440 ut
3716 4401 3843 4441 cre-

2237 4478 2365 4534 ditis
2393 4476 2494 4532 sibi
2523 4476 2714 4532 ovibus
2737 4490 2805 4531 ex
2845 4491 3034 4533 amore
3070 4477 3249 4548 potius
3284 4493 3448 4548 quam
3471 4492 3535 4534 ex
3565 4487 3843 4548 potestate

2239 4569 2522 4626 consulere
2550 4579 2778 4640 quaerat,
2809 4571 2932 4626 licet
2965 4572 3018 4627 in
3067 4573 3341 4644 subjectos
3381 4582 3612 4645 utraque
3645 4589 3843 4630 secun-

2238 4660 2364 4714 dum
2397 4667 2608 4730 tempus
2643 4661 2752 4716 sint
2776 4662 3083 4718 necessaria
3112 4681 3126 4718 :
3165 4665 3260 4719 sed
3297 4680 3452 4720 amor
3476 4666 3637 4720 debet
3666 4679 3839 4736 μηδι

2237 4768 2364 4809 rare
2385 4753 2685 4821 solertiam,
2710 4764 2953 4827 potestas
2977 4772 3108 4813 vero
3137 4758 3488 4829 temperanda
3509 4767 3597 4814 est
3623 4773 3838 4823 amore,

2236 4856 2297 4902 ut
2324 4847 2503 4919 potius
2545 4847 2750 4904 Christi
2797 4850 3034 4907 Charitas
3073 4851 3282 4908 ferveat
3332 4868 3493 4924 quam
3547 4853 3841 4924 potestatis

2239 4940 2386 5010 rigor
2428 4940 2739 4997 insolescat.
2779 4941 3046 4998 Abbatem
3097 4959 3225 5000 vero
3255 4943 3323 5000 de
3359 4959 3417 5000 se
3455 4943 3692 5015 eligendi
3722 4943 3840 4999 fra-

2241 5045 2350 5092 tres
2379 5036 2611 5092 εαξηοῦἰί
2636 5037 2808 5093 sancti
2841 5035 3063 5094 Karilefl
3084 5052 3298 5109 semper
3327 5038 3566 5094 habeant
3595 5043 3840 5108 potesta-

2237 5137 2370 5196 tem,
2401 5143 2576 5200 neque
2633 5129 2685 5184 in
2732 5129 2850 5200 ejus
2884 5129 3169 5198 electione,
3210 5130 3450 5202 episcopi
3480 5128 3838 5186 Cenomanici

2235 5219 2530 5289 respiciant
2586 5220 3031 5278 constitutionem
3083 5230 3178 5277 aut
3235 5221 3694 5292 dispositionem,
3737 5220 3838 5276 sed

2235 5325 2613 5381 quemcunque
2642 5311 2860 5382 dignum
2901 5312 3034 5378 vita,
3073 5313 3342 5378 moribus,
3380 5320 3546 5381 atque
3580 5310 3834 5366 doctrina

2231 5401 2616 5474 prospexerint
2633 5401 2892 5471 pastorali
2913 5401 3109 5468 ollicio,
3135 5410 3190 5458 et
3221 5402 3324 5460 sibi
3345 5401 3534 5458 utilem
3565 5411 3618 5456 et
3645 5410 3834 5472 aptum

2233 5492 2660 5561 dispensatorem
2689 5508 2831 5561 esse,
2862 5493 3037 5564 ipsum
3071 5495 3291 5566 eligant,
3322 5493 3575 5565 regisque
3609 5492 3663 5548 in
3693 5492 3834 5547 noti-

2235 5582 2364 5636 tiam
2401 5581 2669 5650 dcferant,
2720 5593 2781 5638 ut
2826 5582 2944 5654 ejus
2995 5593 3051 5640 et
3086 5585 3439 5641 concessione
3477 5592 3535 5639 et
3561 5598 3832 5639 consensu

2231 5683 2555 5746 potestatem
2590 5676 2871 5748 regiminis
2912 5676 3165 5749 accipiat.
3212 5676 3401 5750 Neque
3448 5691 3550 5749 pro
3598 5674 3719 5746 ejus
3747 5673 3828 5730 vel

2232 5769 2591 5834 ordinatione,
2621 5771 2705 5826 vel
2728 5771 3135 5839 constitutione,
3178 5779 3376 5829 munus
3421 5768 3643 5844 aliquod
3688 5767 3830 5826 acci-

2232 5859 2433 5930 piatur,
2466 5861 2549 5917 vcl
2578 5863 2736 5918 detur
2769 5881 2778 5915 :
2815 5863 3072 5935 quoniam
3122 5863 3357 5935 Spiritus
3401 5864 3578 5922 sancti
3624 5861 3825 5919 donum

2353 6009 2364 6026 Σ
2413 6004 2449 6025 τι
