4070 6310
357 398 464 457 M9

1569 389 1929 450 EPISTOLIE
1971 389 2060 448 ET
2098 390 2437 448 DECRETA.

3521 392 3630 450 850

355 531 466 573 non
493 512 652 571 debet
683 511 875 582 pretio,
908 512 999 568 scd
1028 513 1199 584 gratia
1227 509 1546 584 promereri.
1588 510 1657 566 Et
1686 510 1939 581 quoniam
1966 512 2024 574 Α
2045 509 2344 576 decretum,
2391 524 2513 565 eum
2564 524 2594 564 a
2644 511 3023 567 communione
3079 512 3526 568 Christianorum.
3575 521 3633 568 et

353 607 512 667 multi
543 620 640 678 per
663 621 952 677 pravorum
1003 605 1228 662 insidias
1271 605 1549 661 hominum
1586 603 1760 660 servis
1802 617 1944 674 saepe

355 699 453 756 Dei
505 698 842 755 fabricantur
878 697 1010 764 doli,
1046 697 1388 755 decernimus
1435 705 1496 752 ut
1540 697 1823 753 ordinatus
1852 697 1944 753 de-

355 793 483 865 poni
519 807 627 849 non
653 792 847 864 possit,
879 791 982 848 nisi
1016 793 1314 849 criminalis
1337 807 1460 848 eum
1489 806 1652 848 causa
1677 798 1946 847 monstra-

355 884 496 941 verit
533 899 708 940 reum.
753 882 906 952 Quod
932 884 977 941 si
1006 884 1172 942 fuerit
1199 885 1436 941 infamiae
1463 885 1749 941 calumniis
1777 886 1946 941 deno-

356 984 521 1043 tatus,
557 992 627 1032 ex
675 976 844 1046 regali
887 977 1231 1046 providentia
1270 978 1646 1048 episcoporum
1677 977 1946 1034 habeatur

353 1083 463 1124 non
493 1068 674 1125 minus
693 1083 858 1140 quam
889 1084 986 1125 sex
1026 1079 1327 1126 conventus
1348 1086 1577 1142 quorum
1607 1071 1674 1126 de
1715 1087 1944 1128 numero

353 1157 748 1216 Cenomanicus
774 1161 1136 1217 constituatur
1160 1163 1444 1233 episcopus
1472 1181 1486 1217 :
1517 1171 1572 1218 et
1592 1175 1778 1218 eorum
1798 1161 1944 1233 judi-

353 1251 442 1308 cio
488 1253 787 1310 secundum
833 1269 1070 1311 canones
1100 1255 1246 1311 illius
1295 1270 1459 1312 causa
1499 1255 1778 1324 discussa,
1834 1272 1938 1313 non

353 1339 513 1399 aliter
541 1343 737 1414 deponi
766 1345 959 1415 possit,
1004 1345 1108 1402 nisi
1155 1361 1282 1402 reus
1321 1345 1628 1420 manifestis
1668 1347 1942 1418 certisque

349 1433 590 1504 patuerit
622 1434 855 1491 indiciis.
885 1433 1001 1491 Non
1027 1444 1113 1492 est
1139 1438 1282 1493 enim
1309 1453 1542 1509 aequum,
1577 1447 1637 1494 ut
1662 1438 1868 1496 electus
1887 1448 1943 1496 ct

349 1523 634 1580 ordinatus
681 1524 1177 1596 Ecclesiae-pastor,
1230 1526 1457 1584 fortuitu
1486 1537 1541 1584 et
1579 1529 1696 1585 sine
1738 1526 1942 1598 judicio

354 1616 560 1688 absque
587 1616 748 1674 ullius
792 1617 1077 1675 manifesta
1108 1620 1352 1678 criminis
1396 1622 1743 1678 denotatione
1779 1623 1944 1695 pella-

353 1719 462 1766 tur.
495 1710 684 1767 Nullus
713 1711 860 1768 enim
900 1715 1040 1785 apud
1084 1713 1228 1787 leges
1277 1715 1459 1772 saeculi
1491 1717 1798 1791 damnatur,
1838 1716 1941 1772 nisi

351 1800 407 1856 in
451 1803 720 1858 criminali
760 1820 923 1860 causa
965 1806 1333 1877 deprehensus
1353 1806 1602 1864 veritatis
1631 1809 1939 1865 testimonio

2047 604 2291 673 corporis
2328 604 2714 674 sanguinisque
2740 604 2945 660 Christi
2986 605 3404 677 participatione
3431 604 3652 661 eliiciati

2048 695 2304 761 alienum,
2336 710 2669 766 quzecunque
2703 695 2865 750 fuerit
2888 711 3140 766 persona,
3169 705 3222 751 et
3261 694 3636 766 cujuscunque

2049 786 2210 842 fuerit
2251 787 2544 858 dignitatis.
2582 786 2735 854 Quod
2773 789 2816 842 si
2864 787 3310 858 metropolitanus
3348 788 3637 858 episcopus

2047 891 2233 932 eorum
2269 877 2520 947 precibus
2549 886 2602 931 et
2633 877 3111 932 acclamationibus
3138 877 3463 946 adiutorium
3495 891 3636 947 prte-

2048 978 2194 1025 stare
2239 969 2638 1033 detrectaverit,
2687 970 2961 1025 licentiam
3018 971 3256 1025 habeant
3303 969 3360 1024 S.
3409 968 3631 1025 Karileﬂ

2048 1062 2363 1119 monasterii
2395 1061 2594 1119 fratres
2623 1064 2993 1135 apostolicam,
3037 1063 3090 1118 id
3115 1072 3199 1118 est
3219 1063 3522 1118 Romanam
3545 1077 3634 1118 se-

2047 1156 2192 1224 dem,
2223 1157 2395 1223 adire,
2427 1165 2478 1212 et
2510 1158 2924 1214 necessitudinis
2963 1175 3074 1214 suae
3103 1173 3318 1213 causam
3361 1166 3489 1213 ante
3514 1157 3629 1227 epi-

2047 1262 2292 1318 scopum,
2322 1248 2414 1318 qui
2448 1257 2575 1303 tunc
2616 1247 2798 1313 fuerit,
2844 1250 2996 1305 urbis
3040 1249 3222 1304 Romae
3258 1250 3550 1320 deponere,
3577 1257 3636 1304 et

2045 1341 2328 1410 praesentis
2354 1341 2516 1395 edicti
2548 1342 2988 1396 constitutionem
3018 1343 3367 1398 manifestare
3396 1361 3410 1396 :
3440 1351 3500 1396 ut
3531 1341 3635 1397 Ro-

2047 1399 2241 1484 manus
2271 1430 2534 1498 pontifex,
2569 1431 2783 1502 cognita
2817 1447 3001 1498 causa,
3037 1431 3242 1501 justam
3269 1433 3636 1490 anathematis
3706 1399 3721 1516 ξ

2047 1519 2550 1575 condemnationem
2593 1522 2648 1576 in
2686 1538 2836 1578 reum
2863 1539 3090 1580 exerere
3121 1540 3228 1581 non
3256 1532 3536 1580 moretur:
3569 1531 3635 1583 ut
3711 1543 3721 1598 ;

2046 1613 2439 1667 monasterium
2465 1613 2746 1683 praefatum
2772 1617 3044 1687 propriam
3074 1617 3244 1687 possit
3273 1633 3382 1673 sua:
3409 1617 3632 1674 liberta-
3702 1599 3717 1641 "

2045 1701 2118 1758 tis
2147 1703 2505 1760 munitionem
2553 1706 2776 1772 habere,
2800 1717 2853 1762 et
2881 1709 3191 1779 pontificale
3220 1709 3518 1777 decretum,
3547 1725 3633 1766 re-

2046 1811 2283 1867 gumque
2312 1796 2708 1867 immunitates,
2755 1800 3094 1872 Romanique
3117 1802 3390 1872 pontiﬁcis
3425 1803 3631 1859 consti-

346 1900 583 1970 patuerit
619 1917 632 1955 ι
665 1900 841 1958 nullus
872 1899 1130 1959 Ecclesiae
1168 1903 1261 1974 qui
1288 1903 1452 1960 fuerit
1494 1904 1778 1961 ordinibus
1809 1921 1929 1962 con-

2041 1897 2243 1956 tutum,
2279 1889 2643 1947 inviolabilem
2668 1893 2944 1963 perpetuis
2970 1894 3253 1950 obtineant
3293 1893 3633 1966 temporibus

348 1998 618 2057 secratus,
667 1992 862 2048 merito
887 1993 1239 2065 deponendus
1268 1996 1396 2062 erit,
1427 1995 1473 2052 si
1501 2011 1611 2052 non
1639 1996 1804 2052 certis
1827 1996 1938 2052 cri-

346 2081 585 2139 minibus
632 2085 946 2155 apparuerit
981 2085 1283 2144 convictus.
1324 2085 1417 2142 Sic
1453 2086 1635 2158 itaque
1665 2087 1851 2155 abbas,
1884 2096 1940 2144 et

346 2171 555 2228 electus
583 2188 614 2228 a
645 2173 912 2245 pluribus,
957 2184 1014 2232 et
1045 2176 1327 2232 ordinatus
1355 2177 1677 2234 sacerdotali
1715 2178 1940 2234 benedi-

282 2276 300 2292 ί
345 2261 548 2328 ctione,
575 2262 724 2319 nullo
750 2263 910 2320 modo
943 2264 1102 2322 debet
1127 2266 1211 2322 sui
1237 2267 1446 2324 ordinis
1476 2269 1684 2325 honore
1709 2269 1935 2340 privari,

343 2352 450 2408 nisi
503 2353 808 2411 manifestis
858 2357 1180 2414 criminibus
1226 2356 1389 2414 fuerit
1441 2359 1728 2416 denotatus
1774 2371 1938 2434 atque

342 2445 640 2502 convictus.
667 2446 822 2504 Unde
859 2449 962 2505 sub
998 2451 1102 2505 hac
1134 2450 1457 2506 auctoritate
1482 2451 1849 2523 praecipimus,
1874 2460 1936 2507 ut

345 2543 513 2598 abbas
539 2545 777 2600 cmnobii
803 2546 979 2600 sancti
1028 2543 1272 2612 Karileti,
1298 2555 1584 2618 postquam
1612 2547 1816 2604 electus
1848 2561 1934 2603 re-

343 2633 620 2707 gulariter,
647 2644 812 2706 atque
833 2636 1093 2692 canonice
1120 2636 1283 2693 fuerit
1303 2639 1586 2694 ordinatus
1604 2637 1732 2711 [edit
1753 2637 1929 2706 Rom.,

342 2736 396 2784 et
417 2727 748 2803 ordinatus],
793 2745 824 2784 a
849 2729 994 2785 nullo
1013 2745 1115 2786 nec
1156 2729 1552 2802 episcoporum,
1585 2744 1686 2786 nec
1721 2745 1928 2802 regum,

342 2834 444 2875 nec
484 2818 590 2875 alia
626 2820 867 2892 qualibet
891 2836 1124 2892 persona
1151 2822 1345 2893 deponi
1387 2823 1581 2893 possit,
1613 2822 1659 2877 si
1689 2837 1795 2878 non
1821 2822 1931 2878 cri-

341 2913 560 2971 minalis
600 2914 970 2971 intercesserit
1007 2930 1202 2983 causa,
1241 2931 1342 2987 pro
1365 2932 1472 2989 qua
1512 2917 1708 2972 merito
1736 2930 1929 2972 secun-

342 3005 469 3062 dum
505 3007 748 3079 regulam
785 3008 958 3064 sancti
1003 3007 1302 3077 Benedicti,
1343 3018 1399 3066 et
1455 3024 1723 3065 canonum
1777 3008 1932 3064 insti-

342 3107 482 3165 tuta,
511 3099 707 3171 deponi
729 3100 938 3156 debeat.
988 3099 1116 3157 Haec
1143 3101 1656 3172 autemfconstituta
1682 3101 1932 3158 volumus

343 3191 597 3248 omnibus
623 3191 845 3248 omnino
885 3192 1059 3249 modis
1105 3192 1432 3249 inviolabilia
1473 3193 1832 3264 prmsentibus
1875 3199 1931 3249 et

2041 1982 2374 2040 ﬁrmitatem.

2742 2077 2925 2135 XLVI.

2399 2209 2470 2249 AD
2511 2209 2819 2252 MICHAELEM
2857 2211 3258 2255 IMPEMTOREII.

2653 2309 2832 2382 (Anno
2871 2310 3022 2382 865.)

2040 2416 2397 2498 Narrationis
2414 2423 2544 2498 ordo
2571 2424 2636 2498 de
2677 2421 2863 2498 Photii
2877 2423 3285 2498 depulsione,et
3310 2423 3508 2498 Ignqtii
3532 2443 3630 2498 pa-

2108 2493 2363 2568 triarcth
2378 2494 2704 2568 institutione
2725 2493 2888 2568 [ϐοά.
2922 2493 3074 2568 Vah,
3099 2493 3481 2568 restitutione];
3510 2493 3630 2551 itec—

2109 2578 2214 2636 non
2233 2563 2297 2636 de
2319 2561 2595 2636 Zacharia:
2625 2581 2687 2618 ac
2715 2561 3017 2620 thadoaldi
3041 2566 3241 2619 dudum
3268 2561 3631 2636 episcdporum

2107 2633 2448 2708 depositione,
2497 2650 2560 2690 ac
2609 2636 3167 2702 excommunicationc,
3216 2633 3333 2692 cuin
3379 2633 3626 2708 capitulis

2105 2705 2444 2776 interpositis.

2108 2815 2203 2873 His
2254 2817 2331 2873 ita
2375 2832 2434 2874 se
2468 2818 2812 2887 habentibus,
2849 2829 2906 2877 et
2956 2821 3044 2878 his
3081 2821 3413 2894 apostolatus
3448 2822 3624 2880 nostri

2035 2909 2281 2981 epistolis
2306 2925 2406 2981 pro
2434 2912 2832 2969 manifestando
2857 2922 3058 2970 nostra:
3093 2916 3386 2972 voluntatis
3414 2932 3613 2988 propo-

2034 3002 2144 3057 sito
2167 3001 2712 3077 Constantinopolim,
2743 3014 2798 3061 et
2827 3007 2882 3062 in
2927 3007 3064 3064 alias
3105 3009 3290 3064 mundi
3322 3019 3506 3080 partes
3530 3010 3624 3066 de-

2034 3095 2285 3163 stinatis,
2344 3097 2484 3154 sicut
2533 3113 2599 3154 ex
2649 3099 3020 3171 superioribus
3070 3101 3290 3171 scriptis
3349 3102 3618 3173 hujusque

2033 3189 2278 3246 recitatis
2303 3190 2578 3262 colligere,
2608 3206 2671 3246 ac
2693 3193 3155 3263 comprehendere
3184 3193 3446 3264 potestis;
3478 3209 3623 3250 nunc

344 3281 544 3338 futuris
575 3282 905 3354 temporibus
929 3298 1267 3355 permanere,
1300 3292 1356 3339 et
1393 3299 1425 3338 a
1460 3285 1677 3339 nemine
1714 3282 1800 3338 vel
1835 3298 1923 3339 re-
1953 3268 1999 3332 C
2031 3297 2151 3354 quae
2177 3290 2300 3353 post
2325 3282 2566 3337 habitam
2590 3283 3016 3340 satisfactionem
3046 3293 3311 3352 nostram,
3352 3294 3408 3340 et
3431 3293 3620 3341 osten-

337 3389 491 3448 gum,
520 3373 604 3431 vel
634 3375 1031 3446 episcoporum,
1063 3376 1151 3432 vel
1195 3374 1425 3446 alicujus
1452 3376 1660 3431 ordinis
1686 3374 1875 3432 violari
1908 3389 1924 3429 :

339 3473 486 3544 quod
514 3473 561 3530 si
581 3473 706 3545 quis
743 3473 1148 3530 constitutionis
1193 3481 1393 3530 nostrae
1420 3473 1573 3544 parvi
1604 3472 1806 3527 ducens
1837 3471 1929 3527 de-

338 3575 572 3634 cretum,
595 3567 844 3624 coenobio
873 3568 1045 3623 sancti
1060 3565 1303 3634 Karileﬁ,
1319 3567 1406 3623 vel
1435 3566 1616 3622 abbati
1643 3564 1729 3620 vel
1743 3563 1925 3618 fratri.

335 3655 438 3713 bus
463 3657 773 3713 violentiam
803 3656 1017 3724 fecerit,
1042 3665 1097 3713 et
1139 3657 1226 3712 vel
1252 3656 1306 3711 in
1338 3656 1489 3728 ipsis,
1513 3656 1598 3710 vel
1624 3655 1678 3710 in
1711 3655 1926 3710 famulis

337 3763 546 3816 eorum,
579 3749 665 3806 vel
688 3750 743 3805 in
769 3750 917 3806 omni
946 3749 1117 3821 ipsius
1139 3750 1451 3806 monasterii
1472 3749 1815 3820 possessione
1845 3748 1926 3803 in-

335 3854 499 3896 vasor
517 3843 848 3918 apparuerit,
865 3857 1016 3898 reum
1037 3857 1096 3899 se
1109 3842 1161 3898 in
1178 3842 1359 3898 divino
1377 3841 1583 3913 judicio
1597 3857 1704 3897 non
1720 3840 1928 3897 dubitet

339 3948 626 4004 apparere,
643 3942 699 3989 et
722 3923 917 3990 divinae
937 3949 1179 3992 censurae
1204 3935 1532 4005 puniendum
1555 3933 1922 3989 damnatione.

342 4025 497 4084 Unde
532 4026 936 4094 constituimus,
967 4035 1028 4082 ut
1045 4029 1282 4098 primum
1303 4026 1550 4098 quisquis
1575 4027 1676 4081 hoc
1705 4024 1924 4080 molitus

335 4121 522 4189 fuerit,
547 4123 628 4179 sui
655 4122 880 4179 honoris
895 4122 1158 4196 dignitate
1176 4122 1440 4196 privetur,
1459 4121 1576 4177 sive
1601 4121 1673 4175 sit
1701 4118 1922 4176 saecula-

335 4217 434 4285 ris,
448 4217 562 4273 sive
581 4217 950 4274 ecclesiastica
969 4232 1233 4288 persona:
1251 4216 1443 4274 deinde
1458 4217 1528 4272 ab
1541 4214 1922 4271 ecclesiasticae

334 4310 735 4366 communionis
758 4309 1016 4366 societate
1045 4309 1143 4365 fiat
1175 4309 1403 4376 alienus,
1431 4307 1676 4377 corporis
1708 4320 1923 4377 quoque

332 4405 720 4486 sanguinisque
737 4404 940 4461 Christi
965 4405 1381 4476 participatione
1405 4420 1514 4460 non
1535 4403 1919 4471 communicet,

333 4498 509 4554 donec
539 4497 624 4554 vel
653 4498 797 4570 quod
824 4497 1007 4567 inique
1034 4497 1201 4568 gessit
1229 4496 1483 4567 corrigat,
1509 4495 1593 4551 vel
1617 4495 1775 4566 digna
1806 4510 1922 4570 pa:-

331 4589 562 4647 nitentia
594 4589 1017 4646 satisfactionem
1039 4589 1309 4645 emendet.
1347 4589 1567 4644 Fratres
1597 4601 1726 4642 vero
1751 4587 1919 4657 ipsius

331 4682 671 4749 monasterii,
697 4683 742 4737 si
765 4681 893 4752 quid
914 4683 1106 4737 horum
1130 4695 1248 4751 qum
1270 4679 1648 4736 constituimus
1661 4677 1918 4734 violatum

333 4790 455 4831 esse
490 4774 859 4846 cognoverint,
895 4775 948 4829 id
990 4783 1095 4838 est,
1129 4773 1171 4829 si
1217 4773 1430 4828 abbatis
1449 4771 1768 4828 electionem
1797 4773 1918 4842 quis

332 4869 412 4925 eis
457 4869 749 4940 prohibere
789 4866 1009 4923 molitus
1051 4865 1236 4932 fuerit,
1279 4864 1364 4920 vel
1393 4865 1919 4936 ipsius'monasterii

329 4961 726 5035 possessiones,
773 4969 868 5016 aut
901 4975 1021 5030 qua:
1059 4959 1133 5014 ibi
1163 4957 1342 5014 oblata
1390 4954 1612 5023 fuerint,
1665 4970 1766 5011 suo
1803 4956 1918 5028 juri

330 5054 648 5125 mancipare
684 5050 1007 5119 decreverit,
1045 5048 1129 5106 vel
1159 5049 1332 5120 ipsum
1372 5045 1762 5102 monasterium
1805 5045 1919 5116 epi-

329 5161 528 5217 scopus
575 5143 966 5201 Cenomanicus
1012 5142 1079 5198 ad
1119 5139 1354 5196 civitatis
1390 5152 1504 5193 sua:
1551 5138 1916 5194 subditionem

330 5238 622 5311 subjugare
648 5237 954 5303 tentaverit,
990 5234 1264 5292 licentiam
1293 5232 1529 5288 habeant
1553 5230 1920 5302 metropolita-

331 5346 459 5386 num
475 5329 786 5401 episc0pum
804 5329 1175 5384 Turonensem
1195 5324 1508 5391 convenire,
1532 5333 1587 5380 et
1606 5339 1916 5396 pressuram

329 5423 672 5478 innotescere
699 5435 885 5488 suam;
917 5429 973 5478 et
995 5418 1468 5490 metropolitanus,
1489 5432 1653 5473 causa
1682 5416 1916 5486 cognita,

275 5514 285 5516 ’
329 5529 621 5587 personam
647 5530 744 5587 per
764 5531 926 5586 quam
947 5522 1213 5570 vexantur
1239 5510 1551 5576 conveniat,
1583 5519 1639 5566 et
1664 5511 1749 5565 cui
1777 5511 1920 5580 peri-

331 5608 457 5664 culo
498 5609 693 5664 tradita
717 5609 804 5673 sit,
831 5623 899 5664 ex
925 5607 1178 5680 praesenti
1219 5604 1544 5662 auctoritate
1576 5602 1772 5659 reiecta
1800 5603 1916 5658 edi-

329 5710 445 5768 cat,
473 5710 640 5773 utque
668 5703 955 5759 emendare
980 5703 1113 5759 velit
1138 5716 1258 5773 quae
1287 5713 1452 5772 prave
1475 5697 1640 5771 gessit
1679 5705 1915 5754 moneat.

332 5791 490 5862 Quod
539 5796 586 5851 si
625 5811 731 5854 non
775 5796 1004 5852 libenter
1056 5793 1264 5858 audire,
1299 5801 1355 5848 et
1400 5799 1611 5848 reatum
1646 5791 1918 5863 corrigere

329 5899 492 5959 suum
536 5887 806 5954 maluerit,
850 5885 1144 5942 secundum
1189 5882 1472 5956 praesentis
1507 5881 1915 5938 constitutionis

2031 3389 2154 3430 sum
2181 3383 2367 3431 votum
2416 3385 2660 3432 nostrum
2693 3378 2760 3433 de
2802 3378 2996 3450 lgnatii
3039 3377 3229 3434 fratris
3271 3387 3328 3434 et
3382 3380 3624 3451 episcopi

2033 3469 2181 3543 [edit.
2202 3469 2384 3537 Rom.,
2400 3471 2730 3545 coepiscopi]
2757 3474 2928 3528 nostri
2956 3473 3320 3541 restitutione,
3346 3490 3409 3530 ac
3437 3474 3616 3530 Photii

2030 3562 2261 3619 adulteri
2288 3564 2594 3634 repulsione
2624 3581 2811 3621 coram
2853 3565 3000 3622 omni
3031 3565 3296 3634 Ecclesia,
3321 3583 3442 3640 quae
3470 3569 3614 3639 apud

2028 3671 2128 3710 nos
2167 3662 2270 3722 est,
2317 3664 2532 3712 astante
2561 3657 2976 3728 praesentialiter
3004 3657 3187 3714 Leone
3213 3674 3244 3714 a
3285 3660 3531 3725 secretis,
3567 3668 3625 3716 et

2028 3747 2292 3819 imperiali
2321 3748 2515 3819 legato,
2547 3750 2700 3821 cujus
2729 3751 2981 3823 superius
3002 3753 3336 3808 mentionem
3364 3752 3615 3820 fecimus,

2025 3849 2083 3898 et
2124 3857 2245 3913 quae
2291 3850 2414 3913 post
2461 3843 2757 3898 discessum
2789 3846 2956 3914 ipsius
2983 3853 3102 3900 acta
3152 3853 3298 3912 sunt,
3336 3853 3532 3901 vestra:
3562 3845 3616 3900 in

2025 3931 2239 3988 Christo
2261 3932 2588 3988 fraternitati
2610 3949 2670 3989 ac
2697 3935 2801 4005 pia:
2837 3935 3178 4006 generalitati
3208 3936 3448 3991 breviter
3478 3935 3621 3991 indi-

2025 4040 2234 4081 camus.
2280 4025 2450 4097 lgitur
2491 4040 2612 4081 cum
2646 4027 2762 4082 haec
2792 4028 3143 4099 gerebantur,
3173 4029 3416 4085 nondum
3468 4027 3616 4084 Rha-

2026 4113 2251 4172 doaldus
2281 4124 2335 4171 et
2387 4115 2678 4172 Zacharias
2706 4120 2968 4190 episcopi,
3027 4135 3165 4189 quos
3211 4121 3281 4176 ab
3315 4120 3615 4192 apostolica

2023 4207 2153 4264 sede
2197 4207 2724 4278 Constantinopolim
2772 4210 3168 4279 direxeramus,
3208 4212 3406 4268 detecti
3437 4223 3618 4279 erant,

2024 4299 2109 4354 vel
2161 4299 2400 4367 ostensi,
2457 4300 2601 4370 quod
2657 4301 2761 4372 ipsi
2817 4302 3195 4372 deposuissent
3244 4304 3614 4374 patriarcham

2021 4392 2306 4464 lgnatium,
2340 4391 2424 4447 vel
2453 4394 2946 4450 communicassent
2986 4397 3242 4462 invasori,
3277 4405 3333 4452 et
3376 4399 3613 4464 moecho,

2022 4499 2087 4539 ac
2141 4483 2279 4539 laico
2314 4483 2538 4550 Photio;
2575 4486 2668 4542 sed
2702 4488 3028 4557 procedente
3077 4497 3318 4558 tempore
3368 4503 3616 4542 murmur

2021 4577 2314 4634 multorum
2340 4579 2408 4634 ab
2435 4578 2541 4634 illis
2565 4580 2813 4651 partibus
2842 4581 3068 4637 Romam
3100 4581 3450 4646 venientium,
3482 4581 3613 4650 quin

1944 4645 1997 4708 D
2026 4671 2136 4727 imo
2184 4672 2592 4743 persecutiones
2653 4689 2684 4729 a
2733 4675 3036 4730 fautoribus
3089 4673 3268 4730 Photii
3309 4683 3613 4728 commotas

2027 4764 2370 4836 fugientium,
2407 4767 2610 4822 sensim
2641 4768 2858 4822 eosdem
2903 4767 3069 4838 ccepit
3093 4767 3375 4837 episcopos
3424 4780 3614 4822 mune-

2024 4856 2176 4913 ribus
2203 4856 2371 4912 fuisse
2393 4865 2677 4928 corruptos
2699 4856 2980 4913 ditfamare
3003 4898 3019 4924 ,
3051 4865 3107 4912 et
3133 4855 3276 4927 quod
3307 4857 3614 4912 communi-

2029 4949 2487 5016 cassentPhotio,
2511 4958 2567 5006 et
2599 4951 2978 5020 deposuissent
3013 4948 3276 5022 lgnatium
3315 4948 3614 5020 divulgare.

2025 5045 2143 5112 Quo
2165 5044 2369 5111 audito,
2393 5043 2563 5099 nimio
2583 5057 2819 5099 maerore
2843 5043 3056 5113 repleti,
3077 5043 3310 5116 qualiter
3330 5044 3397 5100 ab
3419 5042 3612 5099 Eccle-

2023 5136 2105 5192 sia
2133 5134 2360 5202 Christi,
2410 5135 2498 5189 cui
2545 5134 2730 5190 divina
2775 5133 3086 5204 dignatione
3128 5149 3450 5205 praesumus,
3499 5147 3612 5191 non

2023 5230 2258 5287 habente
2309 5228 2600 5294 maculam,
2644 5237 2736 5282 aut
2783 5241 3001 5299 rugam,
3037 5236 3133 5282 aut
3179 5227 3377 5298 aliquid
3425 5227 3612 5298 hujus-

2023 5322 2193 5389 modi,
2230 5320 2506 5376 sinistram
2545 5320 2735 5391 procul
2778 5318 3083 5375 faceremus
3113 5321 3479 5390 suspicionem
3507 5318 3612 5391 (via

2024 5415 2239 5481 delicet,
2280 5429 2348 5470 ne
2376 5413 2430 5469 in
2457 5413 2598 5469 hanc
2620 5412 2811 5468 saltem
2843 5412 3019 5468 tenuis
3044 5412 3408 5468 subsannandi
3436 5413 3610 5467 orire-

2027 5517 2115 5562 tur
2142 5505 2380 5578 occasio)
2421 5506 2662 5577 cogitare
2693 5504 2976 5576 cmpimus,
3007 5513 3064 5559 et
3099 5513 3279 5560 mente
3308 5502 3606 5561 revolvere.

2027 5600 2179 5656 Tunc
2211 5607 2512 5656 convocato
2556 5598 2846 5654 multarum
2896 5597 3300 5669 provinciarum
3351 5595 3610 5650 occiden-

2027 5695 2213 5750 talium
2238 5693 2520 5764 regionum
2545 5692 3012 5749 sanctissimorum
3038 5689 3412 5760 episcoporum
3439 5692 3604 5748 coetu,

2024 5796 2080 5843 et
2107 5785 2330 5843 collecta
2355 5794 2544 5842 sancta
2576 5785 2783 5860 synodo
2806 5785 2860 5838 in
2897 5781 3127 5837 ecclesia
3153 5779 3270 5844 Dei,
3297 5777 3390 5832 ubi
3414 5775 3606 5832 beatus

2024 5878 2217 5936 Petrus
2242 5880 2608 5953 apostolorum
2653 5880 2903 5950 princeps
2933 5887 3161 5943 corpore
3194 5870 3368 5937 floret,
3410 5877 3465 5926 et
3497 5869 3602 5923 vir-
