4070 6310
552 418 647 493 35!

506 672 513 681 .
548 625 779 683 ecclesia
805 622 1118 688 Salvatoris,
1143 636 1263 691 quae
1292 620 1359 676 ab
1381 628 1604 675 auctore
1624 628 1852 675 vocatur
1876 618 2142 674 Constan-

554 718 780 785 tiniana,
814 725 870 773 et
910 731 1029 787 qua!
1081 714 1251 786 prima
1279 714 1334 770 in
1387 721 1498 770 toto
1539 722 1808 769 terrarum
1856 713 1985 769 orbe
2019 728 2145 768 con-

550 816 754 869 structa
800 818 904 873 est,
937 807 1118 877 ibique
1173 805 1417 860 recitatis
1460 806 1712 861 omnibus
1741 804 2027 875 scripturis
2078 804 2143 858 dc

546 900 741 959 Graeco
765 912 1013 955 sermone
1034 899 1087 953 in
1110 898 1361 955 Latinum
1399 898 1699 963 conversis,
1743 905 1853 952 tam
1895 896 2144 952 videlicet

538 989 781 1053 nefanda
811 991 1034 1061 synodo,
1064 1005 1183 1061 qua:
1208 1006 1305 1061 per
1324 988 1437 1058 jam
1458 990 1627 1045 fattnn
1655 990 1892 1045 Leonem
1924 998 2143 1061 aposto-

542 1080 664 1147 licae
685 1079 799 1135 sedi
830 1078 1007 1135 delata
1040 1088 1144 1147 est,
1172 1096 1335 1151 quam
1363 1082 1526 1136 etiam
1551 1081 1921 1152 imperialibus
1947 1081 2143 1151 episto-

545 1173 637 1239 lis,
660 1173 713 1229 in
737 1173 933 1244 quibus
952 1175 1204 1232 omnibus
1229 1176 1496 1245 depositio
1522 1175 1708 1248 lgnatii
1737 1177 2137 1245 continebatur;

547 1262 892 1320 etdeductus
938 1265 992 1320 in
1042 1266 1275 1322 medium
1308 1266 1599 1322 Zacharias
1654 1267 1960 1338 episcopus,
2016 1267 2141 1339 quia

540 1355 894 1425 Bhadoaldus
945 1367 1166 1430 propter
1212 1359 1511 1415 absentiam
1560 1359 1749 1413 haberi
1780 1357 1847 1412 ad
1902 1374 2143 1428 praesens

542 1462 652 1515 non
680 1455 916 1523 poterat,
947 1458 1002 1505 et
1024 1451 1323 1516 discussus,
1372 1460 1425 1506 et
1456 1450 1741 1520 diligenter
1775 1452 2138 1518 examinatus,

533 1539 796 1609 juventus
848 1550 933 1596 est
983 1542 1036 1596 in
1066 1543 1400 1613 depositione
1431 1542 1620 1613 lgnatii
1668 1552 1722 1596 et
1762 1544 2140 1597 communione

532 1634 724 1701 Pbotil
772 1622 997 1692 omnino
1057 1634 1359 1706 culpabilis.
1414 1634 1467 1689 ln
1499 1649 1606 1705 quo
1658 1633 1799 1689 idem
1849 1633 2141 1689 Zacharias

540 1733 672 1793 tunc
694 1728 1007 1801 episcopus,
1034 1740 1178 1783 nunc
1205 1734 1385 1781 autem
1415 1726 1640 1790 honore,
1670 1739 1735 1779 ac
1763 1726 2141 1781 communione

540 1818 814 1893 privatus.
838 1834 899 1875 se
921 1817 1216 1875 obnoxium
1252 1806 1671 1888 recognbscens,
1692 1816 1911 1886 proprio
1932 1831 2049 1884 ore,
2075 1832 2139 1873 ac

1889 407 2181 495 NlCOLAlI
2206 403 2407 462 rara:
2449 407 2470 462 I
2656 478 2660 485 _

552 532 756 591 intibus
786 531 984 589 emicat
1012 548 1027 597 ;
1057 528 1247 586 deinde
1272 535 1490 598 propter
1513 526 1847 597 frigidiorem
1881 526 2058 583 locum
2087 525 2141 580 in
2169 524 2225 587 Α
2245 523 2660 596 professionem,
2717 540 2822 597 qua
2876 524 3146 595 pollicitus
3195 534 3281 580 est
3313 540 3371 580 se
3416 526 3703 583 adversus
3746 525 3844 598 jam

3755 412 3846 466 852

2247 614 2417 670 fatum
2446 614 2813 687 patriarcham
2846 615 3052 671 nullum
3088 615 3370 673 sinistrum
3396 616 3713 673 concilium
3738 634 3845 676 esse

2245 705 2539 774 facturum,
2565 708 2915 779 congregavit
2942 706 3254 775 concilium,
3282 717 3339 764 et
3357 724 3462 763 una
3499 724 3641 765 cum
3673 720 3843 782 sequa-

2246 801 2399 856 cibus
2434 802 2545 857 suis
2580 801 2861 874 depositis,
2907 811 2962 858 et
2991 802 3284 872 damnatis,
3329 806 3842 874 excommunicatis,

2245 907 2298 950 et
2326 896 2818 962 anathematizatis,
2849 906 2903 954 et
2932 897 3052 955 aliis
3098 897 3216 955 sine
3256 900 3499 964 sedibus,
3539 908 3715 973 atque
3739 918 3843 959 cum

2244 987 2332 1043 his
2360 1004 2390 1042 a
2437 988 2635 1058 quibus
2669 987 2755 1042 vel
2786 987 2875 1044 ille
2920 989 3297 1061 irregulariter
3332 998 3387 1045 et
3416 989 3625 1046 illicite
3668 1006 3842 1063 prove-

2245 1082 2591 1149 ctusfuerat,
2620 1083 2704 1139 vel
2753 1098 2888 1154 quos
2940 1083 3054 1155 ipse
3080 1092 3306 1150 temere,
3355 1100 3420 1140 ac
3447 1084 3708 1142 indebite
3731 1102 3839 1156 pro-

2245 1188 2484 1241 vexerat,
2515 1176 2701 1233 contra
2733 1178 2980 1233 eumdem
3029 1180 3276 1245 fratrem,
3310 1188 3366 1235 et
3404 1181 3840 1235 comministrum

2246 1281 2489 1328 nostrum
2517 1271 2780 1345 lgnatium
2803 1272 3193 1342 depositionem
3223 1271 3425 1338 facere,
3455 1282 3517 1328 et
3557 1274 3838 1331 anathema

2238 1367 2425 1423 dicere
2479 1381 2645 1422 ausus
2684 1374 2799 1422 est;
2827 1366 3028 1421 Deinde
3075 1365 3381 1436 apostolicae
3428 1365 3591 1421 sedis
3640 1366 3836 1431 missos,

2243 1477 2382 1534 quos
2409 1476 2506 1532 pro
2532 1476 2697 1517 causa
2739 1468 3051 1517 sanctarum
3080 1460 3400 1530 imaginum,
3436 1467 3495 1521 et
3538 1476 3646 1530 pro
3677 1459 3831 1529 inqui‘

2243 1553 2412 1609 renda
2447 1560 2503 1607 et
2527 1552 2683 1607 nobis
2712 1551 3068 1607 renuntianda
3106 1550 3217 1620 jam
3259 1548 3356 1602 fati
3393 1549 3735 1618 patriarcha:
3762 1549 3836 1602 de-

2233 1646 2492 1718 jectione,
2547 1653 2602 1701 et
2663 1645 2732 1700 ob
2780 1643 3158 1699 inveniendum
3216 1644 3437 1697 modum
3490 1643 3833 1715 promotionis

2243 1740 2403 1811 hujus
2434 1738 2692 1811 neophyti
2723 1737 3209 1802 destinaveramus,
3250 1737 3450 1807 quibus
3478 1736 3666 1807 potuit
3696 1753 3830 1805 argu-

2240 1830 2437 1887 mentis
2460 1846 2491 1889 a
2516 1829 2716 1887 nostris
2731 1827 3000 1884 mandatis
3026 1836 3271 1884 avertere
3294 1843 3446 1884 more
3460 1827 3658 1883 Acacii
3686 1844 3830 1899 quon-

542 1901 771 1982 proprio
801 1912 1005 1981 scripto
1041 1925 1099 1965 se
1134 1909 1659 1980 Constantinopolim
1688 1924 1718 1963 a
1756 1911 1881 1965 sede
1913 1920 2133 1980 aposto-

2243 1921 2366 1976 dam
2408 1918 2994 1989 Constantinopolitani
3043 1918 3283 1987 haeretici
3334 1920 3675 1991 patriarcha:
3702 1896 3827 1989 prrs-

543 2000 650 2058 lica
682 2001 947 2057 directum
971 2016 1114 2066 esse,
1137 2008 1193 2055 et
1220 2016 1340 2070 quae
1390 2000 1492 2056 sibi
1534 2015 1564 2054 a
1602 2000 1756 2055 nobis
1782 2001 1990 2071 agenda
2012 2000 2133 2057 fue-

546 2101 673 2150 rant
718 2093 980 2166 injuncta,
1009 2092 1312 2164 neglexisse
1340 2108 1354 2159 ;
1388 2106 1453 2147 ac
1478 2108 1598 2163 qua:
1625 2092 1726 2147 sibi
1766 2092 1982 2149 fuerant
2005 2109 2132 2164 pro-

538 2187 735 2253 hibita,
784 2188 1057 2258 peregisse
1102 2183 1382 2266 confessus
1429 2192 1556 2240 est:
1605 2184 1872 2255 lgnatium
1924 2186 2136 2243 scilicet

540 2277 659 2334 sine
680 2278 925 2350 jussione
950 2277 1259 2349 apostolicae
1283 2276 1429 2332 sedis
1468 2274 1813 2347 deponendo,
1858 2285 1912 2331 et
1940 2276 2133 2334 Photio

537 2380 732 2429 contra
770 2371 943 2429 nostri
987 2370 1322 2441 apostolatus
1359 2368 1778 2438 praeceptionem
1834 2370 2134 2425 communi-

540 2465 736 2521 cando.
768 2463 923 2519 Tunc
961 2465 1284 2520 decernente
1334 2471 1525 2519 sancta
1573 2462 1854 2518 nobiscum
1903 2464 2131 2535 synodo,

547 2556 898 2629 depositionis
944 2565 998 2613 et
1043 2555 1619 2613 excommunicatiouis
1662 2571 1774 2612 sua:
1810 2557 2134 2613 sententiam

542 2648 804 2721 praefatus
852 2648 1146 2704 Zacharias
1190 2650 1459 2720 accipiens
1498 2650 1551 2703 in
1596 2649 1810 2709 foveam
1846 2667 2008 2722 quam
2043 2651 2136 2705 alii

538 2741 895 2815 prazparavit,
927 2741 1146 2807 incidit;
1180 2742 1400 2797 alterius
1422 2740 1500 2813 (id
1538 2750 1623 2797 est
1656 2741 1977 2816 Rhadoaldi)
2005 2758 2136 2801 exa-

542 2834 840 2892 minatione
870 2844 1092 2908 propter
1138 2836 1437 2892 absentiam
1484 2850 1657 2906 usque
1691 2836 1758 2891 ad
1786 2836 1945 2893 aliam
1974 2823 2138 2912 syno-i

542 2929 668 3007 dum
694 2929 980 3003 protelata.
1012 2928 1143 2999 Quae
1189 2938 1369 2985 autem
1420 2930 1477 2986 in
1518 2930 1710 2985 eadem
1756 2932 2051 2989 venerabili
2078 2940 2132 2988 et

541 3029 731 3077 sancta
760 3022 967 3095 synodo
997 3021 1329 3077 unanimiter
1373 3030 1428 3077 et
1473 3031 1841 3078 consonanter
1869 3022 1935 3078 de
1964 3021 2133 3081 fratre

543 3121 601 3169 et
648 3114 1033 3171 consacerdote
1088 3121 1274 3169 nostro
1326 3111 1532 3184 lgnatio
1584 3116 1915 3186 patriarcha,
1954 3116 2039 3171 vel
2070 3115 2136 3172 de

549 3206 801 3262 invasore
830 3213 885 3261 et
907 3212 1230 3277 usurpatore
1260 3204 1515 3261 Ecclesia:
1536 3205 1704 3277 ipsius
1730 3205 1942 3275 Photio,
1972 3216 2133 3278 atque

540 3294 846 3354 fautoribus
870 3296 1008 3368 ejus,
1037 3270 1246 3353 necnon
1277 3305 1332 3352 et
1362 3298 1427 3352 de
1472 3270 1644 3353 sacris
1670 3270 1996 3368 imaginibus
2019 3270 2133 3357 sta-
2160 3270 2204 3335 ο

540 3387 762 3453 tuimus,
811 3398 866 3445 et
907 3384 1368 3465 protnulgavimus
1405 3406 1420 3443 :
1455 3383 1678 3465 insuper
1707 3398 1888 3445 autem
1918 3391 2049 3461 quid
2078 3392 2133 3448 in

539 3481 642 3538 alia
668 3484 875 3556 synodo
902 3499 933 3551 a
957 3483 1115 3551 nobis
1152 3483 1282 3538 olim
1320 3482 1546 3538 collecta
1591 3482 1993 3541 decreverimus
2034 3484 2131 3539 ad-

534 3589 729 3631 versus
781 3589 896 3641 eos,
957 3574 1047 3647 qui
1096 3573 1437 3639 divinitatem
1491 3573 1703 3629 Domini
1769 3574 1942 3629 nostri
2005 3573 2132 3630 Jesu

538 3662 741 3721 Christi
771 3682 895 3721 cum
940 3663 1248 3731 Valentino,
1297 3664 1508 3721 Manete
1548 3663 1762 3738 [Mani],
1811 3663 2127 3737 Apollinari,

540 3769 595 3815 et
628 3760 891 3832 Eutyche,
923 3775 988 3814 ac
1034 3758 1397 3813 sectatoribus
1437 3774 1625 3813 eorum
1665 3767 1855 3813 contra
1899 3758 2131 3829 primum

540 3862 834 3923 pastorem,
864 3860 919 3905 et
943 3848 1265 3920 apostolum,
1294 3849 1385 3919 qui
1411 3849 1686 3905 Christum
1721 3857 1928 3907 tantum
1970 3864 2135 3905 carne

538 3959 763 4019 passum
790 3944 942 4011 dicit,
966 3943 1280 4014 passibilem
1307 3958 1403 3997 ore
1426 3940 1686 4014 Sacrilego
1724 3941 1777 3996 itt
1808 3941 2131 4012 quibusdam

538 4033 853 4107 regionibus
889 4033 1087 4091 vestris
1125 4034 1424 4106 praadicare
1460 4034 1747 4101 dicuntur,
1801 4034 1986 4089 subter
2037 4050 2132 4089 an-

538 4129 696 4185 nexis
724 4127 973 4200 capitulis
1004 4127 1328 4184 declaratur.

612 4222 653 4279 l.
686 4220 911 4278 Photius
951 4219 1044 4290 qui
1075 4236 1138 4275 ex
1183 4218 1658 4291 schismaticorum
1704 4228 1757 4274 et
1791 4236 1849 4275 se
1875 4234 1905 4273 a
1929 4226 2131 4274 sanctm

539 4311 936 4371 communionis
966 4310 1380 4382 participatione
1429 4309 1788 4365 avertentium
1829 4319 1980 4379 parte
2009 4324 2129 4365 esse

541 4408 901 4481 dignoscitur,
930 4414 987 4465 et
1035 4418 1103 4458 ex
1149 4403 1395 4460 swculari
1448 4402 1919 4457 administratione
1966 4409 2128 4471 atque

538 4501 753 4569 militia,
776 4510 832 4557 et
864 4514 932 4556 ex
954 4497 1074 4554 foro
1100 4497 1281 4554 subito
1316 4505 1630 4553 tonsuratus
1672 4513 1704 4551 a
1733 4495 1996 4569 Gregorio
2019 4494 2124 4566 Sy-

534 4608 799 4651 racusano
849 4593 1051 4653 dudum
1103 4589 1357 4662 episcopo
1412 4589 1467 4644 in
1506 4589 1715 4661 synodo
1749 4590 2026 4655 damnato,
2070 4600 2127 4643 et

536 4686 606 4741 ab
632 4683 926 4756 apostolica
958 4681 1086 4739 sede
1115 4682 1365 4737 convicto
1391 4680 1679 4755 epise0pus
1707 4680 1989 4735 ordinatus
2018 4691 2120 4747 est,

533 4784 590 4832 et
612 4776 843 4839 vivente,
868 4791 934 4831 ac
964 4774 1254 4845 superstite
1285 4773 1672 4831 consacerdote
1700 4781 1886 4829 nostro
1916 4771 2123 4843 lgnatio

533 4875 735 4924 sanctae
785 4866 1040 4923 Ecclesiae
1091 4867 1708 4941 ConstantinOpolitana:
1763 4864 2072 4938 patriarcha
2104 4906 2120 4933 ,

533 4959 718 5015 sedem
731 4958 896 5030 ipsius
909 4960 1120 5024 invasit,
1139 4968 1195 5015 et
1206 4976 1463 5031 sponsam
1478 4975 1639 5032 quam
1655 4978 1683 5015 a
1696 4958 1914 5014 Christo
1926 4972 2125 5029 sponso

539 5051 944 5109 immaculatam
995 5054 1405 5109 custodiendam
1456 5053 1621 5109 veluti
1687 5052 1894 5108 amicus
1941 5051 2124 5121 sponsi

531 5154 872 5218 perceperat,
901 5162 1006 5215 non
1039 5162 1139 5218 per
1176 5148 1401 5215 ostium,
1432 5148 1575 5219 quod
1612 5146 1861 5203 Christus
1901 5154 2001 5213 est,
2031 5146 2123 5202 sed

538 5240 755 5295 aliunde
775 5252 843 5293 ex
890 5239 1119 5295 adverso
1166 5240 1219 5294 in
1248 5239 1391 5297 ovile
1420 5240 1756 5297 Dominicum
1806 5254 1955 5294 more
1987 5238 2120 5295 furis

534 5343 697 5405 atque
746 5332 968 5389 latronis
1013 5333 1345 5406 ingrediens,
1377 5351 1443 5392 ac
1473 5337 1518 5392 si
1545 5334 1833 5401 violentus,
1870 5349 2042 5407 rapax
2065 5342 2120 5389 et

534 5424 835 5483 sceleratus
861 5423 1069 5480 adulter
1098 5426 1315 5498 irrupit.
1348 5427 1554 5484 Deinde
1595 5443 1716 5483 cum
1745 5426 2034 5492 damnatis,
2067 5434 2123 5481 et

534 5514 1027 5593 anathematizatis,
1054 5527 1216 5587 atque
1247 5535 1372 5574 cum
1402 5520 1509 5587 his,
1552 5518 1644 5592 qui
1676 5533 1744 5574 ne
1788 5517 2125 5575 sacerdotale

531 5608 768 5663 cilicium
792 5615 919 5664 ante
959 5610 1291 5665 audientiam
1322 5620 1715 5682 pmsumerent
1752 5626 1783 5664 a
1827 5611 2125 5681 praedeces-

532 5716 658 5756 sore
696 5716 819 5756 meo
864 5702 1038 5759 beata:
1080 5702 1358 5757 memoriae
1395 5702 1687 5758 Benedicto
1734 5720 1870 5774 papa
1909 5703 2123 5760 fuerant

533 5790 779 5859 obligati,
814 5792 1056 5860 quotidie
1101 5806 1164 5847 ac
1194 5789 1566 5847 indill‘erentcr
1611 5795 2034 5861 communicans,
2068 5806 2122 5852 et

535 5893 865 5935 conversans
885 5889 1074 5935 contra
1100 5880 1257 5934 fidem
1279 5880 1619 5951 promissam,
1653 5894 1949 5959 contraque
1969 5902 2119 5945 suam

2234 2012 2484 2084 sumpsit.
2516 2011 2583 2065 Et
2619 2010 2686 2067 ad
2734 2008 3155 2081 processionem,
3211 2025 3332 2081 quae
3358 2009 3407 2063 ei
3437 2024 3569 2063 cum
3618 2008 3817 2080 paribus

2239 2108 2352 2165 suis
2378 2105 2713 2175 habebatur,
2751 2100 2909 2158 sicuti
2933 2117 3118 2157 eorum
3148 2101 3487 2173 profeSsione
3510 2100 3820 2179 patefactum

2238 2210 2339 2256 est.
2375 2199 2442 2255 Et
2470 2208 2657 2255 sancto
2682 2194 2887 2271 Spiritu
2912 2190 3207 2263 revelante,
3246 2184 3582 2248 veneranda:
3613 2192 3817 2267 synodo,

2238 2309 2359 2365 quae
2386 2308 2417 2347 a
2440 2291 2596 2353 nobis
2635 2288 2856 2345 collecta
2886 2297 2993 2354 est,
3023 2286 3218 2344 claruit
3258 2286 3324 2341 ad
3371 2287 3754 2347 damnatorum
3775 2294 3818 2339 et

2236 2390 2712 2448 schismaticorum
2738 2386 3172 2449 communionem
3205 2394 3519 2455 contempta
3554 2384 3817 2456 legatione,

2237 2498 2358 2555 quae
2386 2482 2471 2537 vel
2523 2478 2804 2552 gentilium
2855 2491 3006 2532 more
3038 2475 3245 2531 servari
3294 2474 3504 2543 debuit,
3552 2473 3813 2547 pertraxit.

2240 2585 2296 2628 et
2335 2573 2389 2627 in
2426 2571 2730 2627 illusionem
2778 2569 2922 2627 beati
2962 2567 3109 2623 Petri
3142 2564 3395 2638 apostoli,
3442 2581 3473 2620 a
3514 2564 3669 2635 cujus
3711 2563 3815 2619 sede

2234 2664 2467 2745 profecti
2494 2665 2736 2729 fuerunt,
2764 2676 2872 2719 non
2914 2661 3085 2717 solum
3120 2657 3420 2715 inefﬁcaces
3454 2658 3640 2713 redire
3687 2656 3808 2719 fecit,

2232 2759 2332 2823 sed
2363 2758 2530 2814 etiam
2570 2757 2981 2827 impugnatores
3006 2750 3249 2808 omnium
3287 2765 3407 2833 qua:
3434 2748 3656 2807 fuerunt
3685 2764 3810 2803 man-

2239 2852 2364 2908 data
2397 2848 2741 2905 monstravit.

2307 2941 2591 2997 Postremo
2640 2940 2945 3009 episcopos,
3001 2936 3092 3007 qui
3134 2935 3182 2990 ei
3214 2942 3472 3006 tanquam
3513 2930 3740 2987 adultero
3764 2937 3805 2985 et

2235 3032 2513 3107 pervasori
2543 3029 2951 3087 communicare
2998 3026 3286 3083 noluerunt
3327 3024 3525 3083 exsilio
3554 3021 3794 3095 relegavit,

2234 3132 2292 3187 et
2323 3122 2406 3179 sui
2453 3120 2677 3179 sceleris
2718 3117 3015 3189 complices
3043 3117 3097 3172 in
3144 3131 3330 3171 eorum
3373 3114 3663 3188 subrogare
3686 3111 3796 3165 locis

2238 3230 2341 3270 non
2376 3210 2575 3269 timuit.
2620 3210 2687 3265 Et
2722 3223 2895 3278 usque
2940 3206 3099 3262 hodie
3144 3202 3440 3261 Ecclesiam
3492 3203 3582 3259 Dei
3606 3200 3793 3258 diversis

2234 3303 2705 3385 persecutionibus
2751 3300 3068 3375 impugnare
3110 3314 3219 3353 non
3265 3297 3492 3365 desinit,
3524 3296 3589 3355 ita
3615 3303 3661 3349 ut
3688 3292 3777 3385 fra-

2239 3382 2375 3453 trem
2402 3403 2457 3451 et
2503 3394 2885 3467 coepisc0pum
2926 3400 3173 3445 nostrum
3223 3388 3495 3460 lgnatium
3555 3382 3787 3443 sanctissi-

2236 3506 2382 3545 mum
2427 3485 2795 3558 patriarcham
2844 3480 3101 3541 inauditis
3140 3480 3334 3553 pcenis,
3385 3488 3439 3535 et
3483 3474 3785 3533 horribilibus

2238 3579 2524 3638 tormentis
2554 3575 2766 3632 allicere
2791 3591 2895 3630 non
2925 3575 3167 3645 quiescat
3193 3589 3208 3639 ;
3242 3571 3335 3627 sed
3370 3579 3424 3627 et
3453 3584 3640 3627 omnes
3666 3573 3786 3637 quot-

2235 3680 2366 3745 quot
2391 3687 2489 3744 pro
2517 3668 2747 3724 veritate
2772 3675 2826 3722 et
2848 3667 2951 3721 fide
2978 3681 3101 3720 cum
3132 3663 3322 3720 eodem
3358 3665 3644 3734 persistere
3667 3671 3784 3714 com~

2233 3764 2606 3839 prehenderit,
2632 3762 2827 3841 quibus
2863 3756 3118 3832 prmvalct
3147 3757 3320 3813 modis
3363 3758 3593 3828 perdere
3611 3756 3783 3821 imprar-

2239 3858 2485 3913 termisse
2512 3855 2786 3911 moliatur.
2817 3851 2944 3907 Haec
2989 3860 3043 3907 et
3070 3851 3155 3906 his
3177 3850 3373 3905 similia
3420 3857 3610 3903 contra
3649 3857 3781 3899 evan-

2232 3952 2425 4029 gelica,
2452 3950 2767 4022 apostolica,
2798 3947 3134 4021 prophetica,
3173 3954 3334 4016 atque
3381 3944 3634 3999 canonica
3656 3936 3776 3995 insti-

2239 4053 2349 4098 tuta
2382 4041 2631 4103 all‘erens,
2665 4042 2736 4097 sit
2758 4040 2849 4095 Dei
2873 4036 3282 4110 omnipotentis,
3313 4044 3366 4090 et
3388 4035 3658 4090 beatorum
3679 4043 3782 4098 apo-

2235 4134 2494 4189 stolorum
2524 4133 2827 4204 principum
2850 4129 2998 4185 Petri
3018 4136 3074 4182 et
3099 4126 3268 4193 Pauli,
3310 4133 3365 4181 et
3393 4126 3628 4182 omnium
3658 4117 3783 4177 simul

2236 4239 2572 4295 sanctorum,
2624 4237 2789 4299 atque
2834 4222 3271 4281 venerandorum
3302 4236 3397 4277 sex
3441 4215 3781 4275 universalium

2233 4319 2584 4377 conciliorum
2640 4316 2984 4379 auctoritate,
3018 4306 3227 4368 necnon
3265 4320 3319 4367 et
3361 4308 3598 4382 Spiritus
3639 4300 3780 4361 sancti

2232 4428 2332 4485 per
2357 4427 2457 4466 nos
2480 4408 2704 4481 judicio,
2735 4407 2886 4461 omni
2914 4403 3238 4461 sacerdotali
3263 4403 3489 4467 honore,
3527 4410 3580 4456 et
3602 4395 3779 4454 nomine

2234 4501 2466 4568 alienus,
2510 4509 2565 4555 et
2600 4498 2748 4555 omni
2788 4496 3077 4552 clericatus
3114 4491 3289 4577 officio
3320 4506 3544 4562 prorsus
3585 4494 3774 4544 exutus:

2234 4599 2310 4654 ita
2336 4606 2394 4652 ut
2418 4596 2462 4651 si
2506 4601 2629 4667 post
2651 4591 2898 4648 notitiam
2920 4588 3084 4660 hujus
3106 4576 3421 4650 sanctionis,
3448 4596 3606 4654 quam
3627 4576 3774 4634 divina

2232 4689 2591 4763 inspiratione
2619 4688 2998 4757 depromptum
3029 4696 3150 4737 esse
3194 4680 3490 4743 credimus,
3526 4690 3636 4731 cum
3663 4682 3773 4763 una-

2232 4761 2479 4839 nimitate
2510 4790 2564 4835 et
2611 4778 2904 4837 concordia
2932 4784 3134 4833 sancta:
3164 4773 3353 4846 synodi
3391 4772 3464 4827 sit
3490 4765 3660 4842 procul
3692 4761 3769 4815 du-

2230 4871 2320 4929 bio
2366 4869 2730 4942 promulgata,
2779 4868 3069 4923 tentaverit
3117 4868 3173 4922 in
3223 4856 3773 4931 Constantinopolitano

2232 4963 2427 5018 throno
2454 4961 2768 5033 praesidere,
2817 4969 2911 5013 aut
2960 4972 3102 5029 saepe
3148 4957 3260 5012 fato
3288 4951 3579 5011 venerabili
3623 4942 3770 5014 (τορρῦ
3857 4960 3864 4968 °

2231 5069 2393 5125 scopo
2422 5062 2609 5110 nostro
2640 5052 2863 5124 lgnatio,
2897 5050 3184 5121 quominus
3213 5046 3507 5104 Ecclesiam
3533 5040 3632 5098 'sibi
3655 5046 3771 5091 com°

2234 5147 2456 5202 missam
2486 5147 2603 5201 sine
2634 5145 2825 5217 quavis
2860 5141 3228 5212 inquietudine
3259 5150 3444 5210 regere
3483 5133 3654 5207 possit,
3686 5128 3768 5180 im-

2234 5240 2465 5313 pedierit
2491 5257 2506 5305 ;
2549 5238 2634 5294 vel
2664 5237 2708 5293 si
2740 5234 2967 5292 ulterius
2991 5249 3153 5289 ausus
3204 5233 3367 5287 fuerit
3397 5228 3590 5299 aliquid
3627 5222 3684 5278 de
3704 5234 3766 5273 sa-

2236 5349 2330 5388 cro
2381 5330 2682 5387 ministerio
2727 5343 2878 5384 more
2938 5327 3236 5383 sacerdotis
3288 5324 3591 5395 contingere
3641 5316 3764 5385 in!!!

2234 5425 2629 5496 praecedentem
2674 5420 3137 5487 consuetudinem,
3197 5418 3345 5474 nullo
3374 5414 3533 5472 modo
3554 5414 3690 5468 liceat
3726 5402 3764 5457 ei

2235 5515 2633 5571 communionis
2657 5530 2828 5585 spem,
2856 5524 2950 5569 aut
2970 5513 3147 5569 locum
3168 5511 3373 5568 habere
3394 5501 3759 5567 satisfactionis;

2233 5608 2325 5663 sed
2361 5607 2723 5663 anathematis
2769 5605 3000 5661 vinculis
3029 5606 3321 5660 innodatus
3355 5618 3457 5660 una
3486 5615 3598 5658 cum
3641 5603 3758 5646 com‘

2232 5700 2657 5757 municatoribus
2706 5701 2852 5767 suis,
2905 5709 3068 5772 atque
3117 5699 3417 5755 fautoribus
3465 5695 3571 5753 suis
3605 5697 3758 5761 ρετροο

2233 5803 2322 5849 tuo
2358 5793 2452 5849 Dei
2494 5807 2588 5863 per
2622 5799 2859 5848 nostram
2891 5790 3319 5848 mediocritatem
3352 5787 3550 5858 judicio
3575 5796 3630 5837 ac
3663 5788 3756 5863 εειιτ

2233 5887 2397 5946 tentia
2445 5859 2660 5944 sacrum
2705 5899 2899 5959 corpus
2942 5892 3001 5943 et
3050 5882 3367 5959 sanguinem
3398 5874 3594 5937 Domini
3619 5859 3755 5927 nostri
