4070 6310
1072 330 1099 345 ι
1140 335 1142 338 .

387 377 491 434 855

1574 363 1932 422 EPISTOLAE
1970 360 2059 420 ET
2099 360 2443 421 DECRETA.

3548 377 3654 435 854

383 469 513 548 Jesu
568 485 801 554 Christi,
861 499 966 541 non
1032 478 1134 541 nisi
1201 472 1409 541 vicino.
1438 483 1632 540 mortis
1688 480 1963 554 periculo,
1995 483 2045 545 Α
2074 491 2293 539 sanctus
2338 483 2617 549 revelavit,
2666 491 2722 540 et
2757 483 2956 539 dudum
3013 484 3304 542 Zacharias
3348 487 3655 562 episcopus,-

383 582 604 641 omnino
631 578 935 652 percipiat;
976 585 1036 633 ut
1061 576 1179 633 haec
1219 577 1591 647 unusquisque
1631 575 1845 631 discens
1872 589 1967 631 nec

283 700 289 705 -
383 687 652 748 quaquam
713 670 780 727 de
832 677 1032 726 caetero
1076 668 1368 724 temeraria
1419 668 1843 740 praesumptione
1895 683 1965 725 ex

381 766 537 821 laicis
572 764 748 819 subito
779 763 831 818 in
860 762 1146 819 dominicis
1172 763 1368 819 castris
1401 760 1674 834 insperato
1700 762 1964 832 quodam-

379 861 541 915 modo
569 858 770 929 impetu
821 857 1060 928 irrepere
1103 857 1319 922 audeat,
1343 865 1398 912 et
1420 854 1754 927 principatus
1780 869 1966 910 amore

378 961 504 1006 ante
535 951 786 1006 ducatum
811 960 1071 1020 prmstare
1100 949 1249 1018 velit,
1281 965 1445 1022 quam
1491 949 1685 1006 tironis
1713 963 1966 1004 consum-

380 1055 488 1099 met
507 1040 774 1109 oﬂicinm;
805 1050 861 1097 et
887 1050 1012 1097 ante
1063 1049 1236 1097 tentet
1264 1043 1480 1107 (locere,
1509 1056 1668 1112 quam
1707 1040 1958 1096 discere:

376 1123 517 1193 sicut
551 1137 607 1192 in
652 1135 841 1191 eadem
892 1130 1490 1205 Constantinopolitana
1536 1132 1777 1189 Ecclesia
1819 1146 1963 1203 smpe

375 1241 762 1304 praesumptum
794 1243 915 1285 esse
957 1229 1339 1300 comperimus.
1371 1228 1440 1283 Et
1486 1241 1678 1282 rursus
1724 1239 1793 1280 ne
1824 1241 1963 1281 con-

374 1326 593 1397 tetnptis
622 1325 853 1390 clericis,
876 1337 1108 1394 quorum
1134 1332 1193 1377 ut
1219 1331 1342 1393 pote
1382 1326 1435 1376 in
1462 1330 1572 1376 tam
1601 1335 1794 1392 magna
1823 1319 1960 1373 urbe

372 1398 590 1487 copiosa
625 1406 910 1471 multitudo
938 1426 1042 1479 est,
1070 1408 1270 1486 quippe
1296 1415 1364 1470 ab
1392 1400 1523 1483 ipsis
1545 1412 1627 1483 (ut
1654 1412 1726 1467 ita
1760 1410 1961 1467 dixeri-

372 1509 513 1579 mus)
566 1490 834 1566 cunabilis
879 1509 1324 1579 imprmtermisso
1379 1507 1566 1563 labore
1609 1506 1667 1560 in
1720 1504 1959 1561 Ecclesia

369 1600 569 1657 Christi
599 1599 863 1657 desudant
886 1641 901 1667 ,
958 1608 1013 1655 et
1039 1599 1401 1657 indesinentia
1443 1598 1669 1653 Domino
1701 1597 1959 1653 exhibent

368 1693 644 1749 servitutis
664 1692 957 1763 obsequia;
985 1693 1157 1763 is,qui
1181 1694 1247 1749 de
1269 1693 1402 1747 foris
1426 1700 1509 1747 est
1528 1691 1753 1747 alterius
1775 1690 1954 1755 ovilis,

368 1784 570 1843 Chrisri
597 1796 819 1858 repente
835 1787 1199 1858 principatum
1222 1786 1469 1856 arripiat,
1511 1792 1566 1840 et
1585 1784 1791 1839 nitatur
1819 1798 1955 1853 quos

2071 577 2163 649 qui
2199 591 2339 633 unus
2370 576 2441 633 de
2469 578 2673 633 eisdem
2698 576 2909 633 duobus
2932 577 3124 650 legatis
3151 580 3388 645 exstitit,
3432 583 3654 654 propria

2069 666 2409 723 confessione
2449 667 2841 738 manifestavit)
2884 667 3068 724 infulis
3109 677 3194 725 est
3222 672 3653 730 sawrdotalihus

2067 758 2418 829 despoliatus,
2443 761 2764 816 auctoritate
2789 760 2987 816 summi
3021 760 3221 831 judicis
3240 763 3452 819 Domini
3478 768 3652 823 nostri

2065 852 2191 931 Jesu
2215 851 2418 909 Christi
2459 854 2885 925 promulgamus,
2916 855 3212 920 sancimus,
3246 864 3410 927 atque
3455 860 3649 915 decer-

2066 944 2266 1010 nimus,
2299 959 2539 1015 unquam
2564 959 2666 1000 nec
2694 942 2885 1012 fuisse,
2910 960 3014 1001 nec
3039 960 3163 1001 esse
3205 947 3528 1018 depositum,
3565 951 3653 1005 vel

2065 1035 2608 1101 anathematizatum,
2636 1045 2894 1106 tanquam
2913 1036 3006 1107 qui
3028 1036 3097 1091 ab
3119 1037 3383 1108 imperiali
3409 1042 3649 1110 petentia

2064 1126 2134 1184 sit
2161 1127 2366 1198 absque
2386 1126 2491 1182 ulla
2516 1129 2778 1184 canonica
2806 1130 3131 1184 auctoritate
3161 1129 3348 1199 pulsus
3383 1131 3649 1200 Ecclesia,

2062 1231 2118 1280 et
2138 1232 2395 1295 tanquam
2439 1224 2530 1293 qui
2557 1226 2626 1280 ab
2654 1226 2886 1299 alligatis
2929 1228 3076 1283 nullo
3105 1231 3275 1301 possit
3314 1231 3502 1287 haberi
3527 1232 3648 1286 vin-

2061 1316 2183 1372 culo
2204 1315 2509 1387 colligatus,
2538 1325 2594 1371 et
2628 1318 2697 1373 ab
2721 1318 2800 1374 eis
2826 1320 2919 1388 qui
2957 1320 3157 1376 nullam
3208 1335 3332 1377 eum
3368 1321 3649 1392 iudicandi

2063 1416 2402 1479 potestatem,
2463 1407 2548 1464 vel
2606 1410 2674 1465 ab
2734 1411 3029 1481 apostolica
3086 1413 3214 1470 sede
3270 1415 3649 1470 auctoritatem

2061 1502 2367 1567 habuerint,
2394 1507 2450 1556 et
2471 1500 2676 1558 nullum
2703 1505 2786 1559 sui
2815 1505 3036 1563 honoris
3066 1506 3359 1563 discrimen
3404 1508 3519 1579 pati
3548 1508 3649 1565 de-

2059 1597 2253 1652 buerit.
2280 1596 2346 1650 Et
2366 1596 2486 1651 ideo
2510 1597 2657 1653 illum
2702 1598 2777 1671 (id
2816 1609 2903 1655 est
2934 1601 3182 1657 eumdem
3212 1600 3652 1660 fratremetcon-

2061 1688 2396 1745 sacerdotem
2447 1698 2694 1745 nostrum
2744 1690 3009 1763 lgnatium
3059 1694 3474 1764 patriarcham),
3498 1698 3649 1753 omni
3726 1710 3736 1725 "

2062 1782 2275 1837 vinculo
2306 1782 2669 1839 anathematis
2706 1785 2771 1839 ab
2818 1800 2884 1841 eo
2915 1795 3144 1853 remoto,
3176 1800 3274 1857 per
3322 1796 3649 1858 potestatem

364 1894 486 1935 esse
514 1895 640 1935 suos
667 1895 774 1935 non
802 1879 1163 1950 recognoscit,
1194 1879 1503 1949 discerpere
1541 1895 1554 1930 :
1604 1884 1661 1931 et
1685 1890 1817 1948 grex
1846 1874 1951 1929 Do-
1981 1864 2029 1925 Β
2057 1876 2233 1932 divina
2260 1892 2388 1931 voce
2434 1877 2487 1931 in
2527 1878 2843 1935 beatissimo
2885 1880 3050 1937 Petro
3098 1882 3371 1949 collatam,
3432 1892 3486 1939 et
3550 1899 3649 1954 per

364 1966 597 2026 ininicus
625 1970 849 2042 incipiat
868 1987 1015 2037 eum,
1046 1980 1101 2025 ut
1122 1978 1247 2040 pote
1268 1978 1586 2025 extraneum
1615 1977 1675 2024 et
1697 1967 1953 2037 improvi-

364 2077 506 2126 sum,
537 2063 1117 2121 omninocontemnere
1146 2080 1159 2118 :
1183 2062 1483 2135 praesertim
1510 2077 1632 2129 cum
1657 2060 1952 2132 perspiciat

363 2152 441 2208 nil
471 2152 571 2208 sibi
598 2154 864 2223 stipendia
900 2154 1197 2223 profecisse
1245 2154 1581 2219 meritorum,
1605 2160 1674 2208 et
1714 2151 1952 2209 alienum

360 2259 582 2301 suorum
615 2255 804 2303 cernat
827 2262 1149 2303 consumere
1178 2246 1385 2303 fructus
1407 2248 1672 2303 laborum.

374 2352 379 2355 ‘
429 2339 493 2395 ll.
520 2339 838 2413 Gregorium
863 2356 1011 2407 sane,
1036 2340 1128 2412 qui
1153 2340 1506 2413 Syracusanae
1527 2340 1785 2396 Ecclesiae
1814 2341 1951 2397 irre—
1985 2334 1989 2339 ’

359 2430 637 2502 gulariter,
674 2440 836 2503 atque
882 2433 986 2487 Deo
1015 2440 1324 2502 contempto
1367 2439 1580 2502 prmest,
1628 2447 1693 2486 eo
1726 2433 1866 2501 quod
1895 2440 1971 2486 et’

358 2522 474 2593 ipse
517 2537 582 2577 ex
628 2528 781 2595 parte
829 2524 1299 2579 schismaticorum
1356 2523 1446 2588 sit,
1498 2530 1555 2577 et
1595 2531 1877 2592 postquam
1917 2537 1946 2575 a

357 2617 564 2688 synodo
596 2618 940 2689 episcopatus
975 2610 1151 2672 cilicio
1191 2616 1455 2686 privatus,
1502 2624 1557 2670 et
1607 2631 1637 2669 a
1668 2610 1952 2677 decessore

358 2725 482 2765 meo
505 2719 709 2766 sanctae
757 2711 1035 2766 memoriae
1068 2724 1207 2780 papa
1237 2706 1531 2765 Benedicto
1554 2706 1822 2779 obligatus
1842 2716 1945 2774 est,

356 2807 412 2856 et
433 2800 688 2857 Photium
728 2802 928 2858 laicum
962 2802 1141 2857 subito
1190 2814 1519 2856 consecrare
1554 2800 1609 2854 in
1636 2800 1949 2871 episc0patu

359 2909 467 2950 non
523 2893 855 2961 formidavit,
897 2903 950 2950 et
987 2896 1054 2950 de
1107 2907 1267 2949 sacro
1310 2890 1614 2947 ministerio
1665 2904 1828 2947 ausus
1865 2899 1950 2951 est

355 2987 527 3043 multa
576 2988 913 3060 contingere,
960 2986 1113 3056 juxta
1152 2984 1547 3057 pmcedentem
1595 2982 1946 3039 consuetudi-

355 3076 482 3135 item
507 3079 802 3145 sancimus,
839 3087 895 3133 et
933 3076 1090 3147 juxta
1133 3075 1453 3134 canonicam
1499 3073 1946 3133 deliberationem

355 3167 650 3240 apostolica
702 3168 1023 3224 auctoritate
1053 3164 1364 3230 diiiinimus,
1416 3172 1579 3235 atque
1627 3164 1938 3231 statuimus,

2059 1968 2409 2023 auctoritates
2470 1984 2751 2027 sacrorum
2819 1986 3087 2027 canonum
3121 2013 3136 2039 ,
3191 1981 3248 2029 et
3292 1974 3646 2030 decretalinm

2054 2061 2500 2118 constitutionum
2525 2078 2675 2118 more
2703 2072 3016 2120 sanctorum
3037 2065 3261 2122 Patrum
3284 2067 3640 2138 prolatarum,

2054 2152 2284 2223 pristino
2319 2153 2535 2219 honori,
2569 2154 2810 2224 pristinre
2841 2155 3091 2228 dignitati
3137 2167 3194 2213 et
3233 2159 3370 2225 sedi,
3413 2159 3646 2230 pristino

2052 2245 2264 2315 gradui,
2296 2255 2347 2300 et
2379 2246 2730 2316 patriarchio,
2759 2260 2824 2302 ac
2852 2242 3097 2318 pristinis
3125 2258 3180 2306 et
3226 2251 3644 2322 pontiﬁcialilms

2051 2337 2259 2402 infulis,
2295 2347 2458 2410 atque
2484 2339 2683 2396 officiis
2708 2342 3067 2411 restituimus,
3085 2347 3392 2410 statuimus,
3421 2362 3485 2403 ac
3507 2362 3643 2404 con-

2055 2429 2374 2487 ﬁrmamus:
2430 2432 2501 2488 ita
2546 2441 2607 2489 ut
2656 2435 2966 2506 quicunque
3016 2447 3140 2508 post
3177 2441 3426 2496 notitiam
3480 2441 3640 2511 hujus

2053 2520 2360 2590 apostolica:
2429 2532 2591 2593 atque
2637 2525 2909 2597 synodicae
2964 2528 3281 2593 sanctionis,
3348 2531 3640 2601 quominus

2052 2613 2253 2680 omnia,
2284 2629 2405 2684 quia
2433 2616 2813 2686 praemisimus,
2845 2616 3076 2690 insignia
3107 2621 3457 2690 pontiﬁcatus
3501 2623 3639 2679 reci-

2051 2706 2181 2776 piat,
2215 2706 2262 2761 ei
2296 2707 2622 2778 impedierit,
2653 2718 2707 2764 et
2737 2724 2846 2765 non
2874 2710 2929 2766 in
2953 2712 3205 2769 omnibus
3246 2713 3373 2771 huic
3418 2716 3638 2771 decreto

2049 2798 2334 2866 ohedierit,
2359 2799 2443 2855 vel
2474 2814 2534 2855 se
2553 2801 2622 2857 ab
2650 2800 2766 2867 ejus
2781 2803 3160 2860 communione
3179 2807 3634 2878 separaverit,vel

2048 2890 2277 2946 ulterius
2302 2900 2489 2947 contra
2502 2908 2626 2949 eum
2652 2892 2865 2965 aliquod
2892 2892 3154 2963 judicium
3184 2898 3428 2969 proferre
3455 2906 3627 2955 tenta-

2050 2983 2207 3050 verit,
2245 2981 2449 3056 absque
2487 2985 2633 3041 sedis
2683 2986 2946 3043 duntaxat
2994 2990 3302 3059 apostolicae
3348 2991 3631 3063 praemisso

2048 3088 2346 3139 consensu;
2363 3075 2407 3130 si
2422 3075 2640 3146 quidem
2656 3075 2889 3133 clericus
2903 3078 3160 3148 fuerit,ab
3171 3084 3319 3138 omni
3346 3082 3640 3141 clericatus

2049 3166 2224 3222 cilicio
2272 3181 2454 3223 coram
2499 3168 2610 3223 Deo
2637 3175 2693 3223 et
2728 3167 3042 3227 hominibus
3096 3171 3169 3228 sit
3214 3172 3440 3240 alienus,
3473 3184 3651 3247 atque

356 3234 505 3338 pruni
538 3261 857 3319 sacerdotali
880 3275 1094 3327 carere,
1136 3267 1298 3330 atque
1331 3234 1600 3329 privatum
1640 3255 1756 3311 fore
1784 3256 1942 3313 mini-
1974 3234 2021 3298 (ἶ
2050 3260 2276 3332 perenni
2319 3274 2479 3329 pcena
2508 3268 2767 3332 tanquam
2821 3262 2914 3333 qui
2958 3263 3275 3336 magistrum
3333 3234 3628 3337 prodiderit

354 3355 520 3413 sterio
548 3375 562 3412 :
591 3355 667 3412 ita
692 3364 752 3411 ut
781 3356 929 3412 nullo
957 3354 1119 3410 modo
1139 3354 1300 3413 liceat
1320 3352 1372 3407 ei
1394 3352 1448 3407 in
1474 3349 1715 3422 qualibet
1735 3350 1941 3423 synodo

356 3448 715 3505 restitutionis
743 3462 915 3519 spem,
948 3455 1040 3502 aut
1063 3446 1242 3505 locum
1272 3446 1474 3501 habere
1500 3443 1889 3500 satisfactionis
1921 3459 1935 3497 :

353 3542 496 3612 quod
517 3542 562 3597 si
585 3529 652 3597 de
678 3540 885 3612 reliquo
913 3539 1315 3612 praesumpserit
1336 3539 1389 3594 in
1409 3552 1570 3594 sacro
1593 3535 1768 3593 ofﬁcio
1787 3550 1941 3593 more

356 3634 652 3691 sacerdotis
675 3633 867 3704 quovis
899 3642 1138 3703 tempore
1163 3630 1495 3695 ministrare,
1529 3628 1815 3684 anathema
1844 3626 1935 3683 sit.

354 3725 461 3782 Sed
481 3734 537 3781 et
558 3726 600 3782 si
617 3736 803 3781 contra
824 3724 1047 3781 fratrem
1071 3732 1125 3779 et
1139 3724 1517 3794 coepiscopum
1533 3730 1778 3777 nostrum
1793 3720 1942 3788 lgna-

353 3815 488 3870 tium
515 3816 702 3873 turbas
721 3813 1150 3887 excitaveritﬁel
1173 3813 1241 3869 ab
1265 3813 1382 3885 ejus
1404 3812 1784 3875 communione
1808 3810 1939 3866 iide-

349 3906 431 3963 les
459 3907 740 3973 averterit,
763 3906 1051 3969 anathema
1073 3906 1162 3971 sit.
1178 3905 1245 3971 Et
1265 3919 1456 3963 omnes
1474 3904 1940 3969 communicantes

350 3999 405 4055 ei
430 4000 500 4054 ab
519 3998 761 4057 Ecclesia
788 3997 1135 4068 abjiciaatur,
1162 3998 1257 4065 sed
1283 4007 1340 4055 et
1364 3997 1467 4069 ipsi
1497 3997 1784 4052 anathema
1806 3996 1934 4050 sint.

346 4130 351 4133 -
422 4091 512 4147 lli.
546 4091 655 4148 Eos
674 4106 827 4165 vero,
852 4090 1225 4162 quosPhotius
1249 4091 1571 4163 necpbytus,
1601 4098 1654 4144 et
1674 4088 1939 4144 Conslan-

350 4185 726 4256 tinopolitana:
753 4185 900 4249 sedis
922 4185 1160 4252 invasor,
1203 4184 1256 4239 in
1283 4181 1525 4253 quolibet
1569 4180 1937 4237 ecclesiastico

346 4279 543 4337 ordine
585 4278 868 4350 provexit,
908 4278 1164 4350 quoniam
1217 4273 1562 4331 manifestum
1614 4285 1696 4330 est
1740 4290 1834 4331 eos
1882 4275 1936 4331 in

344 4372 606 4429 omnibus
641 4372 1041 4430 consecratoris
1058 4371 1143 4428 sui
1171 4369 1529 4443 pravitatibus
1571 4370 1934 4438 consensisse,

260 4452 265 4455 ’
343 4475 514 4537 atque
553 4465 604 4522 ei
642 4473 766 4537 post
805 4465 1134 4529 invasionem
1183 4463 1586 4520 communicare
1617 4462 1936 4536 [communi-

346 4556 555 4631 casse],
583 4557 731 4615 omni
754 4555 987 4619 clericali
1013 4555 1195 4621 ofﬁcio
1225 4555 1519 4627 privamus,
1550 4565 1605 4611 et
1644 4555 1936 4625 apostolica

344 4658 516 4723 atque
537 4649 800 4708 canonica
820 4649 1165 4714 auctoritate,
1197 4656 1253 4705 et
1294 4648 1539 4720 synodali
1589 4648 1812 4709 decreto
1836 4664 1929 4704 eos

336 4742 568 4814 penitus
582 4749 1011 4811 aequestramus.

422 4833 513 4888 IV.
553 4832 1074 4895 Reverentissimum
1106 4841 1162 4887 et
1191 4829 1593 4885 sanctissimum
1625 4832 1847 4887 fratrem
1879 4840 1935 4887 et

338 4927 730 4998 coepiscopum
759 4933 1005 4981 nostrum
1024 4923 1290 4994 lgnatium
1321 4930 1519 4977 sancta:
1553 4920 1933 4978 Constantino-

351 5018 606 5091 politanae
630 5016 877 5087 ecclesiae
901 5014 1288 5087 patriarcham,
1339 5012 1428 5083 qui
1474 5013 1660 5081 primo
1712 5012 1957 5083 quidem

338 5108 619 5181 ,imperiali
646 5107 898 5176 vicientia
922 5121 987 5165 ac
1018 5117 1244 5171 terrore,
1286 5104 1503 5177 proprio
1530 5106 1722 5175 throno
1751 5100 1933 5177 priva;

332 5216 441 5261 .tus
470 5214 577 5280 est,
605 5212 660 5265 et
689 5211 872 5274 postea
901 5217 932 5255 a
957 5199 1150 5255 Photio
1174 5198 1442 5265 adultero,
1482 5198 1928 5273 prmvaricatore,

333 5303 420 5357 Lac
450 5314 741 5371 pervasone
764 5297 909 5361 sedis
954 5294 1582 5368 Constantinopolitanm,
1610 5304 1666 5351 et
1700 5295 1766 5349 ab
1815 5296 1933 5367 ejus

328 5389 707 5461 :complicibus
728 5386 1238 5460 (excommunicatis
1266 5386 1511 5441 videlicet
1544 5394 1598 5440 et
1618 5387 1931 5441 anathema~

330 5482 557 5547 .tizatis,
598 5489 761 5549 atque
791 5478 1078 5549 damnatis,
1106 5485 1160 5532 et
1189 5476 1308 5532 sine
1354 5477 1748 5550 episcopalibus
1789 5476 1932 5532 sedi-

349 5576 472 5640 bus,
503 5583 559 5633 et
583 5588 616 5631 a
638 5574 922 5653 decessore
951 5587 1072 5628 meo
1093 5580 1298 5627 sanctae
1323 5570 1719 5653 recordationis
1748 5569 1931 5627 Bene—

353 5670 498 5739 dicto
532 5683 705 5743 papa,
757 5648 1004 5739 obligatis
1059 5648 1403 5739 hominibus).
1448 5666 1935 5720 anathematizatus

318 5758 458 5837 "est,
498 5740 553 5819 et
588 5764 865 5834 postremo
894 5761 962 5816 ab
990 5759 1300 5830 apostolicae
1344 5758 1490 5815 sedis
1521 5760 1688 5815 misso
1738 5768 1929 5815 contra

354 5862 597 5927 nostram
625 5854 1042 5928 praeceptionem
1082 5858 1166 5927 (ut
1192 5861 1394 5909 sanctm
1443 5851 1649 5927 synodo
1698 5851 1934 5926 Spiritus

2049 3371 2171 3411 cum
2204 3353 2338 3409 Juda
2370 3355 2633 3412 traditore
2653 3356 3074 3427 constringatur,
3118 3364 3172 3413 et
3218 3358 3321 3413 nisi
3380 3374 3409 3413 a
3462 3375 3630 3431 prava

2047 3448 2347 3504 intentione
2376 3448 2686 3515 recesserit,
2728 3456 2990 3519 perpetuo
3031 3448 3378 3515 anathemate
3416 3458 3636 3506 maneat

2045 3544 2438 3601 condemnatus
2465 3561 2479 3611 ;
2511 3543 2555 3600 si
2582 3559 2711 3600 vero
2741 3543 2911 3599 laicus
2941 3544 3215 3600 exstiterit
3241 3544 3330 3599 ille
3362 3545 3630 3617 (quisquis

2046 3631 2149 3705 est)
2185 3632 2311 3688 huic
2340 3642 2541 3689 nostrae
2569 3632 2942 3689 constitutioni
2988 3634 3258 3689 contraire
3303 3643 3536 3701 tentans,
3577 3644 3634 3691 et

2048 3741 2169 3781 eum
2203 3725 2384 3779 sedem
2409 3732 2465 3780 et
2503 3739 2721 3780 omnem
2771 3724 3055 3795 pristinam
3107 3725 3368 3781 duntaxat
3398 3724 3633 3797 dignita-

2047 3824 2155 3883 tem
2184 3816 2424 3887 recipere
2460 3831 2565 3871 non
2604 3816 2935 3887 permiserit,
2966 3816 3051 3871 vel
3101 3815 3144 3871 si
3180 3824 3303 3889 post
3356 3804 3633 3887 receptam

2048 3906 2281 3979 priorem
2312 3905 2494 3961 sedem
2529 3906 2705 3961 denuo
2735 3906 2883 3960 illum
2924 3905 3217 3976 impellere,
3258 3915 3313 3962 et
3335 3922 3365 3961 a
3394 3908 3629 3978 patriar-

2048 4001 2172 4057 chio
2223 4000 2491 4071 expellere
2530 4000 2841 4066 tentaverit,
2892 3999 2973 4055 vel
3020 4015 3266 4070 personae
3311 4000 3480 4072 ipsius
3535 4016 3631 4061 seu

2042 4091 2365 4163 sacerdotali
2396 4091 2588 4147 honori
2637 4091 2874 4163 aliquam
2921 4091 3223 4147 molestiam
3269 4093 3388 4147 sine
3439 4092 3628 4164 primae

2046 4187 2202 4260 hujus
2252 4185 2395 4242 sedis
2442 4200 2707 4241 consensu
2740 4184 3000 4252 intulerit,
3052 4186 3199 4241 omni
3252 4186 3630 4243 benedictione

2045 4292 2272 4354 paterna
2321 4280 2565 4351 privetur
2596 4319 2609 4341 ,
2665 4284 2720 4333 et
2794 4276 3171 4334 maledictione
3226 4275 3482 4332 Chanaan
3531 4276 3629 4331 ﬁlii

2044 4374 2235 4441 Cbam,
2268 4371 2360 4444 qui
2387 4370 2765 4427 verecundiam
2796 4368 2967 4441 patris
3002 4369 3086 4426 sui
3116 4368 3308 4424 videns
3345 4381 3453 4422 non
3504 4382 3629 4423 coo-

2036 4466 2241 4545 peruit,
2289 4464 2383 4520 sed
2430 4463 2619 4530 irrisit,
2672 4460 3006 4528 mulctetur;
3065 4471 3121 4516 et
3173 4476 3296 4516 cum
3342 4460 3626 4530 parricidis

2043 4568 2242 4615 aeterna
2268 4572 2427 4630 poena
2456 4555 2684 4611 Domino
2707 4554 2985 4625 judicante
3011 4551 3359 4625 percellatur,
3388 4560 3443 4608 et
3476 4553 3628 4607 uexi-

2044 4653 2146 4708 bns
2184 4649 2549 4707 anathematis
2594 4647 2808 4705 nonnisi
2846 4645 3170 4716 resipiscens
3214 4643 3427 4723 penitus
3470 4659 3629 4699 erua-

2043 4754 2150 4798 lili‘.

2112 4834 2179 4890 V.
2218 4832 2327 4888 Eos
2377 4840 2557 4888 autem
2601 4831 2906 4902 episcopos,
2950 4841 3045 4883 seu
3091 4822 3378 4895 cujuslibet
3419 4826 3626 4882 ordinis

2041 4929 2284 4990 clericos,
2333 4926 2424 4997 qui
2472 4933 2593 4995 post
2639 4920 2893 4991 injustam
2947 4916 3301 4985 dejectionem
3336 4916 3526 4973 fratris
3571 4925 3628 4972 et

2028 5003 2345 5092 ‘coepiscopi
2380 5017 2549 5072 nostri
2575 5014 2783 5086 lgnatii,
2812 5012 2896 5068 vel
2920 5013 2971 5066 in
3008 5010 3199 5066 exsilio
3236 5009 3511 5083 relegati,
3538 5011 3625 5068 vel

2028 5097 2365 5175 ministerio,
2403 5118 2495 5163 aut
2522 5107 2691 5180 gradu
2717 5103 2979 5159 invidiose
3016 5102 3213 5174 privati
3240 5114 3387 5172 sunt,
3430 5105 3624 5161 statui-

2040 5218 2160 5258 mus
2189 5214 2249 5257 ut
2274 5200 2465 5258 exsilio
2491 5197 2751 5253 dissoluto
2766 5196 3014 5267 proprias
3039 5195 3218 5262 sedes,
3243 5204 3404 5267 atque
3427 5199 3625 5267 gradus

2034 5295 2327 5365 recipiant.
2373 5291 2526 5359 Quod
2578 5290 2621 5345 si
2652 5289 2936 5360 quisquam
2985 5287 3113 5344 huic
3162 5287 3382 5346 decreto
3435 5299 3624 5345 nostro

2041 5384 2316 5441 contraire
2369 5381 2796 5452 praesumpserit,
2837 5387 2893 5434 et
2934 5386 2995 5434 ut
3045 5379 3226 5453 sedes,
3276 5380 3363 5437 vel
3421 5382 3623 5453 gradus

2045 5480 2322 5532 resumant
2350 5472 2673 5542 impedierit,
2706 5484 2986 5541 quousque
3004 5452 3113 5526 nun
3142 5472 3620 5549 obtemperaverit,

2042 5570 2330 5627 anathema
2361 5567 2451 5623 sit.
2487 5565 2630 5622 Sane
2643 5565 2687 5620 si
2716 5565 2885 5636 quiex
2911 5563 2991 5621 eis
3016 5564 3084 5619 ab
3096 5564 3219 5621 aliis
3240 5564 3621 5630 criminantur,

2041 5660 2382 5716 decernimus
2410 5670 2503 5713 eos
2534 5663 2691 5711 antea
2718 5656 2875 5711 sedes
2895 5655 3113 5725 quidem
3140 5663 3197 5710 et
3224 5656 3473 5725 proprias
3499 5668 3624 5725 gra-

2039 5757 2141 5811 dus
2170 5753 2436 5828 recipere,
2480 5748 2715 5820 iudicari
2743 5756 2924 5804 autem
2972 5748 3077 5804 nisi
3121 5762 3152 5802 a
3200 5747 3327 5811 sede
3376 5745 3624 5811 Rgmana

2039 5866 2147 5910 non
2169 5848 2428 5922 patimur.
2460 5843 2567 5900 Sed
2591 5842 2636 5898 si
2662 5856 2765 5914 qua
2792 5848 2990 5914 praeter
3011 5839 3251 5913 regulam
3281 5837 3423 5895 forte
3442 5840 3624 5915 egi-ce

3703 1765 3719 1818 i
