4070 6310
545 389 651 444 855

1903 403 2178 464 NICOLAI
2216 406 2417 468 ΡΑΡᾹΞ
2455 412 2474 467 l

3707 422 3824 480 856

540 503 815 570 dicuntur,
856 516 1041 602 nostro
1081 522 1173 566 eos
1214 511 1430 568 decreto
1476 513 1798 582 judicandos
1848 521 2119 577 reservari
2148 525 2198 586 A
2226 541 2348 582 eum
2371 528 2612 598 epistolis
2642 530 2718 602 (id
2744 537 2847 597 est,
2876 531 2966 589 ubi
2997 531 3146 590 solus
3188 532 3338 590 illum
3363 550 3554 593 rumor
3594 536 3826 599 latitare

541 596 853 660 statuimus,
881 595 1036 665 juxta
1066 601 1206 671 quod
1233 611 1287 656 et
1319 606 1459 660 sacri
1485 609 1808 678 praacipiunt
1831 625 2086 668 canones.

569 721 571 724 ι
617 686 701 742 Vl.
743 688 896 757 Quod
926 700 1138 761 oportet
1186 709 1286 749 nos
1338 697 1604 767 majorum
1653 711 1966 761 nostrorum
2013 697 2124 763 sta-

539 783 658 832 tuta
681 777 903 835 immoto
932 783 1124 837 mentis
1153 783 1350 842 intuitu
1394 803 1741 859 conservare,
1770 802 1827 850 et
1858 795 1913 850 in
1949 797 2124 853 omni-

538 867 642 924 bus
670 878 979 927 sanctorum
1019 872 1240 930 Patrum
1292 892 1509 950 semper
1555 882 1807 952 dogmata
1850 889 2120 956 venerari,

538 959 826 1018 dilﬁnimus
855 965 921 1020 de
941 967 1110 1023 sacris
1135 971 1525 1029 etvenerandis
1551 974 1879 1049 imaginibus
1907 980 2120 1038 Domini

535 1057 710 1110 nostri
739 1056 868 1113 Jesu
897 1059 1121 1126 Christi,
1172 1064 1393 1136 ejusque
1443 1083 1658 1140 semper
1682 1071 1920 1143 Virginis
1971 1076 2124 1145 geni-

535 1148 690 1203 tricis
719 1148 922 1216 Mariae,
970 1155 1209 1210 omnium
1240 1167 1575 1226 sanctorum,
1606 1161 1698 1231 qui
1745 1163 1858 1219 Deo
1888 1164 1957 1220 ab
1986 1166 2121 1223 Abel

526 1237 672 1310 justo
706 1240 973 1309 placuisse
1014 1246 1330 1314 creduntur,
1381 1264 1518 1319 quos
1545 1250 1790 1308 Ecclesia
1835 1265 2021 1312 sancta
2065 1258 2121 1314 in

528 1333 786 1388 universo
819 1335 953 1391 orbe
1002 1335 1194 1393 diffusa
1249 1341 1546 1411 antiquitus
1601 1346 1832 1415 accepit,
1893 1363 2122 1420 qumque

529 1423 676 1477 sedis
705 1424 1018 1492 apostolica:
1052 1428 1311 1496 praesules
1358 1447 1456 1501 pro
1503 1433 1585 1490 eis
1616 1434 1994 1502 decreverunt,
2055 1454 2119 1494 ac

533 1527 882 1587 statuerunt,
940 1521 1145 1578 illibata
1194 1527 1520 1596 persistere,
1571 1537 1732 1600 atque
1793 1531 2118 1589 intemerata

526 1629 770 1670 manere.
803 1614 1140 1687 Quapropter
1179 1617 1439 1675 Joannem
1490 1622 1761 1690 quondam
1808 1622 2118 1680 Constanti-

523 1707 899 1776 nopolitanum
926 1710 1223 1767 antistitem
1251 1724 1278 1752 α
1302 1721 1358 1767 et
1383 1729 1645 1784 sequaces
1666 1715 1856 1786 ipsius,
1899 1718 1994 1788 qui
2022 1733 2117 1775 eas

523 1799 870 1870 frangendas,
901 1811 1063 1873 atque
1083 1804 1369 1861 ealcandas
1399 1822 1518 1863 esse
1545 1823 1642 1863 ore
1669 1809 1876 1879 polluto
1901 1827 2110 1868 asseve-

521 1900 664 1955 rant,
694 1895 931 1962 quandiu
977 1895 1044 1950 de
1083 1895 1166 1952 his
1211 1898 1494 1954 nobiscum
1540 1915 1647 1955 non
1697 1903 1990 1970 senserint,
2059 1902 2192 1962 etB

515 1980 671 2050 juxta
696 1994 1003 2040 sanctorum
1035 1989 1347 2057 pontiﬁcum
1373 1991 1740 2048 Romanorum
1771 1995 2010 2064 decreta,
2063 2008 2119 2056 et

477 2061 484 2070 ’
522 2073 753 2129 aliorum
785 2077 1174 2134 catholicorum
1218 2080 1439 2138 Patrum
1473 2085 1724 2142 instituta
1773 2104 1881 2143 non
1929 2106 2115 2162 sapue-

521 2165 655 2230 rint,
688 2167 961 2223 sancimus
990 2183 1085 2224 eos
1113 2186 1142 2223 a
1171 2167 1406 2237 Christo,
1440 2183 1494 2230 et
1529 2177 1596 2231 ab
1639 2177 1882 2234 Ecclesia
1928 2183 2116 2238 cathoa

523 2256 632 2311 lica
662 2265 824 2327 atque
847 2261 1139 2329 apostolica
1167 2279 1287 2320 esse
1307 2269 1623 2332 anathema.

525 2373 768 2439 (Capitula
792 2392 907 2451 απαξ
937 2381 1306 2451 subsequuntur
1328 2389 1380 2438 in
1403 2386 1495 2451 alia
1519 2388 1744 2451 primitus
1777 2404 1804 2440 a
1836 2393 1978 2444 nobis
2010 2394 2114 2446 eol-

896 2441 1231 2509 lectasynodo
1255 2441 1560 2514 promulgata
1581 2452 1738 2516 sunt.)

590 2621 731 2702 Quia
767 2637 1026 2695 Dominus
1066 2641 1220 2698 Jesus
1264 2641 1504 2702 Christus
1545 2663 1704 2704 carne
1747 2653 2111 2709 tantummodo

1161 2731 1350 2785 passus
1371 2726 1466 2774 est.

592 2819 874 2878 Veraciter
917 2826 1136 2896 quidem
1177 2829 1506 2887 credendum
1534 2840 1639 2901 est,
1680 2842 1737 2890 et
1781 2837 2110 2898 omnimodis

511 2913 915 2986 proﬁtendum:
952 2920 1078 2990 quia
1125 2921 1385 2980 Dominus
1418 2934 1606 2982 noster
1653 2926 1812 2985 Iesus
1857 2929 2108 2990 Christus

425 3061 442 3084 ε
515 3009 678 3076 Deus,
703 3019 757 3065 et
792 3012 887 3066 Dei
924 3012 1092 3071 Filius
1141 3017 1450 3088 passionem
1498 3022 1676 3078 erucis
1730 3027 2106 3084 tantummodo

516 3102 813 3157 secundum
847 3120 1065 3162 carnem
1095 3110 1396 3166 sustinuit:
1429 3112 1629 3170 deitate
1675 3124 1856 3172 autem
1898 3117 2103 3189 impasp

513 3193 686 3248 sibilis
728 3197 946 3264 mansit,
1007 3207 1066 3254 ut
1115 3203 1408 3272 apostolica
1460 3205 1617 3262 docet
1671 3210 1989 3279 auctoritas,
2048 3218 2106 3271 et

509 3294 826 3344 sanctorum
851 3287 1072 3348 Patrum
1093 3291 1427 3354 lucidissima
1447 3297 1694 3356 doctrina
1715 3302 1966 3358 ostendit.

1280 3412 1344 3467 Il.

687 3495 767 3552 De
793 3498 872 3554 his
905 3501 996 3572 qui
1027 3503 1350 3560 divinitatem
1386 3507 1688 3576 passibilem
1722 3510 1924 3567 dicunt.
1957 3589 1962 3594 '

580 3611 647 3668 Hi
693 3621 876 3670 autem
923 3617 1016 3688 qui
1055 3619 1210 3674 aiunt
1257 3619 1383 3690 quia
1410 3620 1742 3694 Redemptor
1794 3636 1999 3693 noster,
2049 3637 2106 3686 et

509 3705 770 3762 Dominus
783 3707 942 3764 Jesus
965 3707 1214 3766 Christus
1230 3711 1372 3767 Deus
1393 3725 1442 3769 et
1475 3713 1570 3771 Dei
1596 3716 1766 3774 Filius
1787 3722 2102 3790 passionem

507 3801 685 3857 crucis
714 3800 1014 3858 secundum
1044 3803 1298 3861 deitatem
1349 3807 1623 3875 sustinuit,
1675 3811 1819 3881 quod
1877 3812 2102 3884 impium

507 3903 609 3962 est,
669 3904 724 3951 et
762 3896 1049 3954 catholicis
1075 3899 1348 3956 mentibus
1397 3903 1761 3973 exsecrabile,
1812 3909 2100 3965 anathema

508 3988 553 4047 si
562 3996 640 4044 nt.

578 4083 750 4155 Igitur
786 4086 1004 4145 rediens
1047 4087 1393 4148 Rhadoaldus
1422 4108 1453 4148 a
1478 4093 1686 4162 Galliis,
1715 4096 1808 4153 ubi
1850 4110 1959 4152 non
1999 4097 2101 4153 mi-

503 4193 637 4233 nora
684 4193 847 4247 quam
891 4180 946 4234 in
991 4180 1585 4257 ConstantinOpolitana
1632 4189 1766 4246 urbe
1813 4204 2100 4261 perperam

504 4282 766 4345 gesserat,
796 4284 850 4330 et
881 4276 1138 4348 collegam
1189 4295 1345 4336 suum
1379 4281 1484 4338 tale
1527 4283 1658 4354 quid
1695 4286 1984 4356 pertulisse
2004 4303 2098 4345 co-

505 4384 797 4439 gnoscens,
823 4371 953 4440 quin
976 4373 1154 4442 potius
1170 4376 1504 4431 conscientia
1528 4379 1747 4449 propria
1767 4379 2096 4450 stimulatus,

499 4462 734 4532 expavit.
781 4461 936 4528 Quod
989 4480 1090 4520 nos
1140 4466 1413 4522 intuentes
1464 4482 1532 4522 ne
1578 4469 1708 4540 quid
1753 4469 2095 4539 formidaret,

506 4553 653 4606 illum
681 4555 972 4610 admodum
1010 4571 1200 4612 sumus
1237 4559 1462 4625 hortati,
1485 4563 1872 4634 subjungentes
1896 4564 2097 4621 dunta-

2227 619 2564 695 fatebatur),
2627 623 2810 680 missis
2871 626 3092 693 nostris,
3142 625 3395 684 videlicet
3449 630 3826 691 sanctissimis

2227 712 2515 784 episcOpis,
2544 722 2721 771 ratum
2767 731 2893 772 eum
2943 719 3194 775 duximus
3239 722 3548 778 convocari.
3586 722 3699 779 Sed
3729 725 3829 782 ille

2227 807 2469 864 diversas
2513 808 2749 866 latebras
2803 812 3137 880 penetrando
3181 812 3262 884 (ut
3297 823 3425 883 pote
3463 814 3610 872 ﬁlius
3640 820 3828 878 noctis

2228 911 2282 960 et
2314 905 2680 972 tenebrarum,
2724 905 2814 975 qui
2842 920 3003 976 opera
3031 906 3168 964 lucis
3191 916 3248 963 et
3273 909 3378 964 diei
3424 925 3648 982 semper
3671 912 3827 968 refu-

2227 995 2396 1066 giens,
2455 1009 2674 1049 causam
2720 1011 2872 1051 suam
2925 999 2993 1052 ad
3037 998 3531 1057 manifestationem
3589 1003 3828 1074 iustitiae

2227 1086 2356 1142 solis
2393 1087 2585 1144 deduci
2635 1088 2908 1160 formidat)
2957 1106 3236 1162 quousque
3263 1093 3447 1156 valuit,
3489 1095 3652 1152 nobis
3687 1098 3830 1153 obo-

2225 1179 2342 1235 dire
2371 1180 2633 1250 despexit.
2661 1183 2732 1236 At
2760 1181 2848 1236 ubi
2889 1197 2995 1238 non
3043 1185 3246 1254 reperit
3272 1192 3447 1240 tutum
3493 1200 3609 1242 sua
3652 1187 3827 1262 tergi-

2223 1273 2547 1330 versationis
2594 1273 2916 1342 latibulum,
2968 1277 3186 1336 tandem
3234 1277 3524 1353 aliquando
3579 1279 3824 1341 Romam

2216 1366 2399 1423 redire
2429 1382 2594 1424 ausus
2617 1376 2722 1424 est.

2291 1480 2360 1536 Et
2393 1495 2517 1536 cum
2564 1496 2662 1538 nos
2699 1481 2845 1539 inter
2889 1482 3186 1541 furentium
3239 1485 3680 1544 adversariorum
3713 1488 3826 1545 lin-

2221 1589 2376 1645 guas,
2401 1582 2457 1631 et
2485 1590 2679 1632 manus
2705 1576 2847 1646 apud
2876 1577 3093 1633 beatum
3123 1577 3344 1634 Petrum
3381 1580 3693 1652 apostolum
3719 1580 3825 1637 de-

2221 1680 2491 1737 geremus,
2543 1666 2659 1737 ipse
2710 1668 3019 1740 insperatus
3060 1684 3225 1740 super
3275 1685 3377 1727 nos
3429 1672 3627 1738 hostis,
3673 1673 3824 1728 inter

2220 1757 2406 1814 hostes
2433 1759 2630 1830 irrupit
2657 1776 2671 1813 :
2713 1767 2791 1827 et,
2820 1769 2878 1816 ut
2908 1777 3051 1818 nunc
3097 1762 3288 1824 claret.
3318 1764 3516 1820 iterum
3542 1766 3824 1822 discessu-

2220 1865 2312 1905 rus
2354 1849 2729 1908 fraudulenter
2757 1853 3020 1920 accessit;
3053 1869 3161 1924 quo
3202 1864 3380 1912 tamen
3409 1871 3664 1927 corpore,
3706 1873 3826 1912 non

2221 1948 2403 1995 mente
2421 1955 2662 2006 reverso,
2684 1949 2740 1997 et
2757 1943 2945 2014 synodi
2964 1953 3206 2016 tempore
3232 1946 3822 2018 propterimminentes

2218 2033 2454 2090 hostium
2501 2036 2880 2108 oppressiones
2924 2037 3112 2104 dilato,
3161 2053 3380 2095 rumore
3429 2039 3822 2096 crebrescente

2217 2127 2546 2196 diﬁ‘amatur,
2573 2131 2716 2202 quod
2743 2129 3092 2189 Rhadoaldus
3122 2132 3299 2190 denuo
3340 2131 3526 2206 fugam
3567 2135 3821 2206 arripere

2216 2222 2592 2278 meditaretur.
2645 2223 2764 2292 Quo
2787 2225 2991 2291 audito,
3021 2225 3149 2297 quia
3192 2240 3299 2282 non
3348 2234 3669 2298 poteramus
3713 2229 3817 2284 sub

2217 2322 2328 2368 tam
2355 2315 2629 2372 horrendo
2657 2331 2810 2372 naevo
2838 2317 3136 2374 Ecclesiam
3164 2334 3272 2375 non
3303 2319 3595 2376 habentem
3628 2336 3820 2378 maen-

2212 2406 2319 2466 lam
2350 2407 2497 2481 [edit.
2526 2408 2685 2465 Rom.
2714 2409 2882 2466 addit.
2907 2419 3000 2466 aut
3020 2411 3260 2485 rugam],
3283 2419 3378 2468 aut
3398 2411 3604 2482 aliquid
3622 2413 3818 2484 hujus-

2204 2499 2382 2565 'modi,
2415 2499 2687 2567 deserere,
2716 2501 3003 2571 quominus
3030 2502 3178 2558 illam
3205 2503 3369 2558 etiam
3401 2518 3434 2558 a
3461 2501 3599 2558 falsa
3627 2504 3815 2574 suspi-

2214 2591 2369 2646 cione
2384 2591 2734 2649 redderemus
2744 2601 3018 2650 extorrem
3035 2612 3050 2650 :
3066 2609 3170 2652 nec
3179 2603 3492 2665 poteramus
3513 2610 3815 2665 personam

2212 2682 2268 2737 in
2295 2683 2461 2740 tantis
2487 2684 3026 2756 praevaricationibus
3051 2685 3402 2751 dil’famatam,
3435 2696 3492 2744 et
3521 2695 3636 2743 tam
3669 2687 3817 2761 [tan-

2212 2774 2412 2850 torum]
2437 2775 2705 2833 scelerum
2729 2791 2828 2834 ore
2867 2775 3056 2851 [forte,
3110 2779 3293 2854 sorde]
3344 2794 3650 2852 aspersam,
3693 2782 3815 2860 sine

2213 2869 2591 2928 satisfactione
2656 2870 2713 2926 in
2782 2874 3221 2931 communionem
3290 2882 3535 2931 nostram
3614 2875 3815 2932 admit-

2210 2971 2344 3030 tere,
2395 2977 2581 3018 coram
2629 2961 2817 3020 multis
2864 2962 3128 3022 fratribus
3169 2975 3224 3022 et
3267 2966 3556 3038 episcopis,
3588 2981 3812 3024 coram-

2207 3067 2313 3124 que
2339 3054 2588 3125 plurimis
2615 3054 2742 3111 ﬁliis
2767 3065 2972 3114 saneta:
3018 3057 3180 3128 hujus
3212 3059 3468 3117 Ecclesia:
3517 3059 3809 3116 admonui-

2208 3161 2330 3202 mus
2356 3161 2504 3213 eum,
2530 3157 2799 3218 quatenus
2821 3149 2962 3206 sicut
2983 3150 3136 3222 prius
3150 3150 3352 3207 nullam
3377 3151 3429 3206 in
3456 3160 3666 3224 partem
3688 3153 3806 3208 sine

2207 3245 2391 3295 nostra
2417 3237 2634 3295 licentia
2659 3255 2691 3296 a
2721 3240 2967 3297 Romana
2993 3241 3296 3300 discederet
3326 3257 3492 3310 urbe;
3525 3242 3623 3299 sed
3654 3242 3710 3297 in
3737 3256 3802 3298 ea

2163 3320 2178 3344 ⁸
2214 3332 2482 3398 residens,
2510 3332 2628 3388 sine
2655 3331 2853 3390 timore
2895 3332 3011 3390 suis
3037 3333 3267 3392 licenter
3292 3343 3472 3401 utens,
3501 3343 3562 3392 et
3598 3335 3799 3392 amicos

2212 3436 2277 3479 ac
2317 3423 2567 3481 homines
2600 3439 2730 3482 suos
2780 3425 2953 3484 libere
2991 3427 3298 3498 possidens,
3351 3435 3569 3498 tempus
3605 3425 3795 3499 synodi

2210 3527 2315 3585 qua
2340 3516 2655 3589 purgandus
2683 3528 2849 3583 esset,
2878 3519 3179 3590 intrepidus
3211 3527 3594 3590 exspectaret:
3625 3519 3796 3575 sciens

2207 3608 2450 3680 profecto
2476 3609 2609 3666 nihil
2629 3625 2689 3667 se
2719 3611 2982 3683 injustum
3007 3620 3150 3677 ante,
3174 3611 3260 3667 vel
3280 3619 3420 3682 post,
3445 3617 3650 3682 prater
3675 3624 3794 3665 exs-

2209 3714 2334 3754 men
2388 3701 2707 3772 synodieum
2753 3700 2870 3758 fore
2925 3717 3248 3774 passurum,
3310 3701 3404 3757 sed
3456 3700 3514 3756 in
3564 3698 3788 3772 justitia,

2205 3808 2368 3864 quam
2391 3793 2640 3861 haberet,
2667 3809 2789 3853 esse
2813 3811 3151 3854 mansurum.

2278 3908 2507 3980 Insuper
2534 3909 2699 3966 etiam
2729 3909 2911 3978 sciret,
2948 3909 2996 3966 si
3043 3891 3313 3982 quoquam
3341 3924 3374 3965 a
3399 3907 3649 3966 Romana
3678 3908 3792 3966 sine

2205 4001 2421 4058 licentia
2440 4009 2624 4058 nostra
2655 4001 2970 4059 discesserit
2988 4001 3123 4059 urbe
3148 4021 3162 4057 :
3213 4002 3341 4074 quia
3377 4016 3449 4058 ex
3480 4009 3611 4059 tunc
3652 4009 3790 4058 esset

2206 4094 2482 4165 depositus
2495 4104 2550 4150 et
2571 4094 3096 4152 excommunieatus.
3125 4092 3232 4151 Sed
3255 4093 3454 4165 spretis
3470 4093 3794 4151 satisfactio-

2204 4187 2365 4244 nibus
2393 4189 2618 4257 nostris,
2658 4196 2824 4260 atque
2873 4187 3159 4245 sententiis
3194 4187 3252 4243 in
3297 4202 3358 4244 se
3403 4187 3657 4259 prolatis,
3685 4187 3792 4242 imo

2205 4283 2400 4352 spretis
2413 4293 2721 4340 sanctorum
2737 4292 2955 4356 patrum
2977 4282 3476 4349 constitutionibus,
3499 4283 3617 4339 sine
3630 4281 3795 4338 lieen-

2204 4377 2279 4432 tia
2303 4386 2488 4433 nostra
2508 4377 2784 4449 propriam
2817 4375 3117 4432 Ecclesiam
3140 4373 3474 4447 despolians,
3501 4383 3559 4431 et
3595 4374 3795 4447 lupinis

2205 4468 2460 4524 dentibus
2483 4483 2612 4524 oves
2640 4467 2742 4524 sibi
2769 4468 3006 4524 creditas
3031 4468 3287 4524 deserens
3314 4468 3382 4523 ad
3422 4467 3795 4535 aliasjdimee-

2206 4575 2314 4627 ses,
2337 4559 2714 4615 imminentem
2743 4559 3009 4631 synodum
3032 4558 3264 4632 fugiens,
3289 4559 3563 4616 discessit.
3587 4558 3654 4614 Et
3667 4559 3793 4630 quia

501 4653 597 4704 xat
622 4656 824 4716 praeter
847 4663 1081 4704 examen
1110 4651 1300 4721 synodi
1343 4649 1480 4706 nihil
1527 4654 1581 4707 in
1627 4654 1776 4709 illum
1826 4671 1934 4712 nos
1975 4672 2099 4716 esse
2122 4663 2178 4727 ι)
2205 4653 2340 4719 haec.
2367 4662 2425 4706 et
2455 4649 2564 4706 alia
2584 4651 2753 4706 multa
2779 4651 2992 4723 obiecta
3014 4666 3122 4708 non
3153 4652 3328 4720 diluit.
3359 4667 3492 4709 vera
3528 4667 3654 4710 esse
3673 4668 3793 4724 quae

499 4747 764 4804 moturos,
815 4740 910 4795 sed
936 4756 1116 4811 neque
1142 4741 1191 4796 ei
1236 4741 1352 4797 sine
1381 4742 1536 4814 culpa
1567 4746 1798 4816 prolata,
1837 4747 1955 4806 fore
1997 4751 2098 4807 ali-

497 4832 628 4900 quid
666 4833 879 4890 advcrsi
910 4833 1155 4902 laturos;
1191 4837 1282 4890 sed
1315 4836 1442 4906 quia
1469 4836 1604 4908 fugit
1643 4839 1840 4912 impius
1876 4845 2096 4902 nemine

497 4936 881 4995 persequente,
918 4927 1044 4982 dum
1078 4928 1211 4982 nihil
1244 4929 1371 4984 mali
1394 4938 1451 4985 et
1479 4928 1866 4991 sufficientibus
1889 4937 2095 4993 nostris

500 5013 775 5070 frueretur
803 5016 983 5083 bonis,
1011 5027 1138 5074 ante
1171 5029 1382 5091 tempus
1412 5024 1626 5094 synodi,
1676 5033 1802 5082 ante
1832 5028 1915 5082 sui
1971 5043 2093 5099 pur-

499 5108 795 5176 gationem,
827 5109 1120 5167 ecclesiam
1165 5121 1220 5168 et
1267 5116 1582 5184 parochiam
1617 5119 1892 5190 propriam
1937 5121 2092 5179 dese-

496 5211 630 5252 rens
685 5199 754 5252 ad
802 5199 939 5255 alias
982 5200 1246 5259 dieeceses
1296 5220 1527 5264 examen
1568 5209 1755 5280 utique
1815 5212 2092 5269 subterfu-

497 5287 694 5360 giendo
738 5304 796 5345 se
823 5291 1070 5347 contulit.
1120 5293 1178 5349 ln
1205 5296 1403 5366 quibus
1447 5299 1650 5356 diutius
1701 5315 1766 5356 eo
1817 5313 2086 5374 morante,

497 5381 799 5452 apostolico
817 5385 1187 5444 moderamine
1216 5389 1366 5456 freti,
1410 5393 1752 5462 canonicam,
1779 5411 1943 5468 quam
1969 5413 2087 5455 me-

497 5474 725 5530 rebatur
751 5477 1027 5546 ultionem,
1052 5496 1216 5553 super
1243 5499 1370 5538 eum
1399 5483 1600 5542 inferre
1622 5488 1930 5545 distulimus
1957 5505 1973 5544 :
2017 5506 2086 5548 ne

497 5569 754 5628 videlicet
788 5573 856 5628 ad
891 5575 1183 5632 vindictam
1225 5577 1440 5648 faciles,
1494 5581 1578 5637 vel
1623 5583 1934 5642 videremur
1966 5600 2088 5644 esse

497 5663 825 5733 praecipites.
857 5665 1219 5733 Quamobrem
1269 5672 1552 5730 destinatis
1605 5675 1661 5730 in
1712 5677 1924 5735 diversa
1969 5679 2085 5737 loca

2202 4746 2268 4802 de
2290 4743 2381 4800 illo
2401 4743 2745 4810 dicebantur,
2776 4743 2953 4801 modis
2980 4745 3230 4802 omnibus
3256 4759 3488 4801 examen
3523 4743 3794 4801 subterfu~

2198 4838 2394 4910 giendo
2421 4837 2677 4893 firmavit.
2711 4838 3070 4910 Quapropter,
3098 4845 3392 4893 convocata
3419 4837 3793 4894 sanctissimo-

2196 4945 2318 4986 rum
2357 4929 2732 5002 episcoporum
2775 4945 3060 4984 numerosa
3087 4938 3143 4983 et
3167 4927 3465 4984 venerabili
3494 4929 3704 5000 synodo
3737 4930 3790 4984 in

2195 5024 2444 5097 superius
2471 5031 2769 5080 memorata
2810 5023 3039 5080 ecclesia
3083 5021 3404 5090 Salvatoris,
3446 5037 3571 5094 qua:
3607 5023 3789 5095 appel-

2194 5117 2340 5174 latur
2365 5117 2816 5174 Constantiniana
2841 5135 2855 5172 :
2885 5117 3209 5173 auctoritate
3246 5115 3345 5172 Dei
3372 5117 3784 5188 omnipotentis,

2193 5219 2248 5269 et
2285 5212 2570 5270 beatorum
2611 5212 2761 5270 Petri
2787 5228 2851 5269 ac
2876 5211 3031 5269 Pauli
3059 5212 3426 5285 apostolorum
3459 5214 3784 5284 principum,

2191 5310 2248 5360 et
2300 5305 2544 5361 omnium
2603 5303 2765 5362 simul
2820 5314 3158 5372 sanctorum,
3215 5318 3446 5375 quorum
3481 5303 3699 5376 regulas
3733 5315 3786 5360 et

2193 5399 2409 5461 decreta
2477 5398 2845 5472 multipliciter
2893 5398 3160 5465 violavit,
3219 5410 3434 5453 necnon
3499 5405 3558 5452 et
3610 5389 3782 5452 nostri

2193 5492 2530 5565 apostolatus
2548 5492 2753 5564 judicio
2782 5491 3131 5564 deposuimus
3151 5506 3300 5558 eum,
3333 5499 3390 5547 et
3417 5505 3451 5545 a
3479 5497 3784 5562 corporeet

2197 5587 2460 5658 sanguine
2517 5585 2720 5642 Christi
2767 5583 3359 5641 excommunicavimus
3392 5623 3410 5650 ,
3468 5591 3781 5638 sanctorum

2197 5679 2406 5736 scilicet
2425 5686 2624 5736 statuta
2653 5677 2874 5733 Patrum
2891 5683 3207 5748 sequentes,
3228 5682 3283 5729 et
3308 5671 3585 5746 praecipue
3609 5670 3778 5728 sancti

485 5790 768 5884 ’nALSive
806 5791 1108 5865 Joannem,
1157 5799 1249 5869 qui
1294 5812 1416 5871 post
1458 5805 1753 5866 Antonium
1799 5811 2022 5883 ponitur
2062 5827 2090 5860 θ
2164 5812 2523 5876 Constantino
2565 5809 2900 5884 Porphyrog.
2953 5809 3045 5870 lib.
3087 5825 3188 5877 Ill,
3249 5825 3306 5867 η.
3343 5808 3456 5878 26,
3510 5823 3604 5866 an.
3652 5805 3774 5866 8M.

491 5859 677 5922 meo.
