4070 6310
332 400 435 460 837

1516 390 1877 450 EPISTOLIE
1917 387 2008 446 ET
2046 385 2368 444 DECRETA
2381 425 2395 440 .

3503 381 3608 441 858

331 511 528 572 Felicis
549 511 988 583 exemplum,qui
1010 508 1242 566 Vitalem
1262 514 1318 564 et
1343 506 1612 564 Misenum
1632 506 1919 579 episcopos
1943 507 1999 570 Α
2021 502 2280 558 vidamini
2298 543 2311 567 ,
2344 501 2430 558 cui
2474 499 2560 556 ille
2584 497 2833 571 praefuit,
2866 513 3026 571 quem
3070 512 3175 555 vox
3222 497 3427 554 Christi
3470 511 3607 570 prae-

331 607 597 680 deposuit,
613 614 667 662 et
693 603 1199 675 excommunicavit,
1224 617 1290 660 eo
1310 602 1454 673 quod
1479 601 1607 658 huic
1632 599 1921 672 apostasiae

332 704 386 758 in
425 699 1019 771 Constantinopolitana
1046 700 1181 754 urbe
1203 697 1331 753 olim
1358 711 1459 767 par
1486 695 1708 751 omnino
1736 694 1919 766 piacu-

330 795 442 850 lum
476 801 861 867 perpetrarunt
902 790 1083 864 (Felix
1104 787 1226 857 III,
1266 790 1323 844 in
1361 788 1511 860 epist.
1540 785 1619 858 5).
1675 784 1829 854 Quod
1872 786 1920 844 si

330 888 620 961 praedictus
648 884 993 942 Rhadoaldus
1009 884 1211 941 dudum
1236 883 1542 955 episcopus,
1567 895 1710 937 nunc
1736 888 1919 936 autem

331 980 630 1051 depositus,
658 987 715 1034 et
749 976 1251 1035 excommunicatus
1274 976 1343 1032 de
1387 982 1584 1029 caetero
1612 987 1736 1027 cum
1783 986 1918 1025 ana-

332 1070 684 1126 thematizato
738 1067 934 1125 Photio
996 1068 1249 1123 invasore
1303 1062 1919 1135 Constantinopolitanae

329 1160 584 1217 Ecclesiae
613 1160 807 1217 mistus
836 1168 981 1217 esset
1008 1159 1321 1231 aliquando,
1349 1166 1404 1214 et
1433 1157 1641 1228 Ignatio
1682 1154 1838 1211 fratri
1865 1163 1919 1211 et

329 1251 646 1325 coepiscopo
685 1259 876 1307 nostro
903 1251 1132 1307 infestus
1159 1258 1327 1317 esset,
1372 1257 1430 1306 et
1476 1248 1773 1305 Ecclesiam
1820 1248 1918 1304 Dei

328 1342 557 1415 amplius
606 1343 1022 1409 conturbasset,
1076 1341 1162 1397 vel
1215 1342 1261 1398 si
1307 1341 1375 1397 de
1424 1341 1771 1397 damnatione
1820 1355 1917 1396 sua

326 1436 723 1507 querimoniam
772 1434 1031 1501 fecisset,
1081 1433 1574 1491 anathematizatus
1618 1432 1801 1489 foret:
1851 1447 1918 1489 ac

325 1542 423 1598 per
447 1528 551 1583 hoc
572 1528 640 1583 ab
661 1527 808 1583 omni
839 1516 1273 1583 Christianorum
1303 1534 1585 1597 separatus
1621 1532 1676 1580 et
1708 1523 1915 1580 aliena-

325 1626 436 1685 tus,
476 1620 649 1676 donec
677 1628 879 1677 nostra:
907 1619 1189 1675 sententiae
1213 1626 1405 1690 Sponte
1445 1632 1505 1673 se
1548 1615 1915 1685 submitteret,

234 1708 247 1715 ’
322 1711 568 1782 collegio.
597 1711 695 1767 Est
733 1710 894 1782 igitur
938 1708 1289 1765 Rhadoaldus
1341 1723 1486 1764 nunc
1540 1707 1816 1778 depositus
1862 1715 1920 1764 et
1962 1762 1968 1768 .

325 1803 849 1871 exeommuuicatus,
874 1810 930 1859 et
956 1804 1003 1858 si
1026 1802 1219 1858 Photio
1252 1800 1754 1866 communicaverit,
1787 1814 1918 1854 ana-

2025 593 2148 651 tulit
2175 592 2464 648 universis.

2096 687 2298 742 Verum
2344 686 2392 740 si
2425 685 2538 742 dies
2586 686 2839 757 antiquos
2889 684 3189 742 secundum
3227 683 3409 741 datam
3454 682 3610 742 vobis

2022 779 2284 835 divinitus
2331 779 2652 849 sapientiam
2698 780 2987 852 cogitatis,
3038 779 3355 850 priscosque
3401 778 3610 836 sedium

2020 879 2327 928 vestrarum
2357 871 2614 942 praesules
2668 871 2736 926 ad
2783 872 3102 927 memoriam
3145 870 3371 937 ducitis,
3408 879 3612 942 quanta

2022 964 2371 1020 veneratione
2410 964 2591 1020 sedem
2636 964 2781 1020 beati
2812 965 2957 1020 Petri
2989 965 3418 1035 praedecessores
3441 968 3611 1024 vestri

2020 1056 2446 1121 celebraverint,
2484 1065 2797 1128 quantoque
2835 1056 3120 1112 cbaritatis
3152 1071 3369 1124 amore,
3394 1058 3613 1114 decreta

2021 1146 2191 1219 ipsius
2240 1160 2455 1216 semper
2499 1146 2734 1218 amplexi
2783 1147 2923 1213 sint,
2976 1145 3221 1218 profecto
3281 1146 3609 1218 reperietis:

2021 1238 2254 1309 denique
2284 1237 2441 1312 [forte
2460 1279 2475 1305 ,
2504 1254 2702 1309 neque,
2738 1238 2831 1312 H.]
2864 1239 2919 1294 in
2959 1239 3361 1296 universalibus
3388 1240 3613 1312 synodis

2020 1330 2149 1401 quid
2179 1337 2353 1383 ratum
2379 1370 2394 1395 ,
2426 1328 2509 1384 vel
2542 1329 2673 1400 quid
2698 1345 2922 1401 prorsus
2959 1340 3274 1401 acceptum,
3321 1331 3427 1387 nisi
3471 1330 3615 1401 quod

2020 1420 2185 1476 sedes
2209 1419 2355 1474 beati
2390 1418 2539 1474 Petri
2589 1419 2839 1490 probavit
2867 1420 2947 1492 (ut
2991 1420 3095 1492 ipsi
3137 1419 3309 1492 scitis)
3344 1421 3613 1477 habetur:

2020 1510 2163 1566 sicut
2209 1510 2519 1566 econtrario
2552 1512 2698 1582 quod
2727 1512 2843 1582 ipsa
2873 1510 2986 1568 sola
3017 1512 3359 1583 reprobavit,
3393 1514 3497 1568 hoc
3528 1528 3616 1570 so-

2019 1600 2295 1658 lummodo
2345 1602 2611 1658 consistat
2656 1603 2919 1660 hactenus
2969 1604 3617 1675 reprobatum..Proinde

2020 1697 2266 1753 charitas
2316 1699 2696 1755 unanimitatis
2741 1706 2935 1755 vestrae
2964 1699 3030 1755 de
3074 1700 3259 1755 fratris
3302 1708 3361 1757 et
3389 1699 3617 1755 commi-

2020 1789 2177 1845 nistri
2204 1791 2374 1846 nostri
2399 1791 2588 1861 lguatii
2614 1791 2939 1846 sanctissimi
2961 1792 3291 1862 patriarchae
3312 1791 3615 1861 dejectione

320 1898 747 1956 thematizatus:
798 1912 958 1970 quem
1002 1897 1177 1964 vobis,
1208 1895 1407 1952 fratres
1432 1894 1763 1961 charissimi,
1794 1894 1917 1949 ideo
1944 1894 1992 1957 B
2021 1884 2302 1939 nobiscum
2365 1883 2577 1949 doleat,
2623 1892 2677 1939 ct
2741 1898 2861 1953 quae
2905 1883 3202 1955 praevalent
3249 1883 3299 1938 ei
3347 1883 3612 1938 solamina

320 1993 653 2059 intimamus,
697 2000 757 2048 ut
801 1994 944 2049 scire
971 1990 1200 2048 valeatis
1224 2004 1348 2045 cum
1374 1989 1572 2060 quibus
1616 1985 1918 2043 communi-

318 2101 529 2153 camus,
585 2094 640 2142 et
674 2101 811 2158 quos
860 2101 891 2141 a
948 2091 1137 2142 nostra
1192 2080 1488 2155 apostolica
1541 2089 1596 2136 et
1649 2078 1916 2135 catholica

319 2180 704 2237 comunione
740 2177 1054 2251 repellimus
1080 2194 1093 2233 :
1123 2183 1392 2247 quatenus
1421 2187 1520 2245 per
1548 2172 1674 2237 hoc,
1720 2185 1914 2227 secun-

320 2272 449 2328 dum
494 2287 681 2328 sacras
725 2271 958 2343 regulas,
1008 2278 1063 2326 et
1112 2268 1386 2341 praecipue
1430 2265 1588 2337 juxta
1638 2262 1916 2320 Nicaenum

319 2366 608 2424 concilium
649 2366 787 2439 (cap.
814 2365 891 2438 5),
924 2365 1015 2436 qui
1064 2364 1132 2421 ab
1159 2362 1280 2417 aliis
1319 2359 1664 2430 abjiciuutur,
1699 2360 1767 2416 ab
1794 2359 1916 2416 aliis

317 2475 427 2517 non
484 2459 835 2532 recipiantur.
899 2456 1248 2529 Porrigentes
1299 2469 1430 2525 ergo
1489 2451 1749 2509 Ecclesiae
1816 2451 1915 2507 Dei

320 2568 535 2621 manus,
568 2567 705 2623 quos
732 2567 763 2607 a
795 2550 951 2607 nobis
971 2548 1276 2619 abjicimus,
1300 2562 1332 2603 a
1362 2544 1518 2602 vobis
1544 2544 1789 2617 repellite
1816 2562 1829 2599 :
1862 2551 1919 2599 et

318 2662 457 2718 quos
508 2645 857 2716 suscipimus,
907 2641 1190 2712 suscipite,
1244 2647 1513 2711 quatenus
1558 2652 1667 2693 uno
1709 2637 1913 2703 animo,

318 2755 429 2797 uno
481 2754 576 2797 ore
629 2737 963 2812 glariﬁcetur
1017 2734 1163 2790 Deus
1189 2772 1209 2802 ,
1256 2740 1314 2788 et
1363 2730 1527 2786 Pater
1572 2743 1672 2800 per
1729 2727 1917 2785 Jesum

318 2833 593 2893 Christum
624 2833 677 2890 in
703 2834 911 2888 unitate
937 2828 1173 2903 Spiritus
1196 2825 1371 2887 sancti
1389 2840 1488 2899 per
1510 2823 1695 2882 omnia
1718 2823 1916 2881 saecula

319 2926 663 2985 saeculorum.
691 2925 886 2982 Amen.

389 3020 661 3077 Praeterea
690 3027 977 3091 postquam
1001 3023 1204 3075 sanctae
1231 3014 1287 3071 in
1316 3013 1537 3071 Christo
1556 3009 1913 3077 fraternitati,

316 3114 531 3187 piaeque
554 3112 800 3186 religioni
827 3120 1049 3175 vestrae,
1082 3124 1203 3181 qua:
1231 3107 1287 3163 in
1337 3107 1443 3165 isto
1482 3104 1757 3162 volumine
1782 3105 1917 3161 huc-

319 3220 491 3277 usque
518 3205 834 3278 releguntur
853 3217 952 3275 per
975 3200 1080 3258 alia
1118 3199 1320 3270 scripta
1343 3206 1550 3265 nostra,
1584 3207 1712 3253 nota
1734 3195 1915 3252 facere

317 3296 768 3370 procuravimus:
800 3294 949 3349 venit
989 3291 1056 3347 ad
1083 3291 1267 3347 sedem
1311 3288 1658 3361 apostolicam
1686 3288 1911 3359 quidam

316 3383 1027 3463 protospathariusmomine
1053 3381 1281 3438 Michael
1314 3381 1383 3437 ab
1411 3380 1739 3451 imperatore
1766 3377 1914 3434 Grae-

320 3496 509 3538 corum
529 3494 653 3536 cum
675 3476 903 3550 epistola
925 3476 1146 3542 missus,
1174 3473 1229 3528 iu
1260 3487 1366 3544 qua
1397 3471 1649 3527 eumdem
1681 3469 1912 3540 impera-

317 3582 495 3632 torem
538 3572 842 3630 invenimus
882 3568 1179 3640 jactitare,
1226 3565 1370 3637 quod
1412 3578 1513 3620 vos
1561 3561 1912 3619 beatissimos

318 3665 573 3722 videlicet
596 3661 961 3735 patriarchas,
984 3667 1039 3715 et
1068 3656 1420 3714 charissimos
1458 3653 1658 3709 fratres
1696 3658 1913 3707 nostros

321 3758 621 3823 traductos,
652 3763 815 3827 atque
844 3752 1096 3809 seductos
1122 3748 1323 3805 habeat
1360 3765 1373 3802 :
1407 3753 1677 3817 quatenus
1721 3742 1777 3798 in
1822 3741 1914 3798 illa

319 3847 643 3908 exsecrabili
669 3843 940 3918 apostasia
960 3842 1199 3897 fautores
1221 3836 1504 3895 exstitistis
1530 3854 1543 3891 :
1577 3833 1829 3890 videlicet
1855 3842 1916 3889 ut

321 3951 380 4000 et
432 3942 489 3997 in
549 3939 882 4011 depositione
938 3934 1126 3992 fratris
1168 3930 1361 3998 nostri,
1413 3938 1469 3987 et
1513 3928 1914 3986 consacerdotis

321 4034 514 4110 lgnatii
535 4031 904 4106 irregulariter
924 4030 1085 4093 facta,
1109 4036 1164 4082 et
1208 4027 1264 4082 in
1298 4020 1709 4080 consecratione
1736 4019 1913 4076 Photii

324 4126 543 4191 moechi,
573 4133 627 4182 et
651 4122 893 4180 ecclesia:
917 4118 1187 4177 invasoris
1220 4114 1609 4173 consentiatis:
1645 4121 1700 4168 et
1726 4119 1915 4167 contra

323 4229 525 4275 statuta
569 4224 773 4281 nostra,
822 4213 917 4270 sed
972 4220 1027 4267 et
1081 4211 1370 4266 adversum
1419 4207 1602 4263 sedem
1652 4203 1916 4276 principis

324 4311 692 4384 apostolorum
736 4307 906 4373 Petri,
954 4320 1051 4360 vos
1096 4318 1218 4358 cum
1248 4300 1356 4357 illis
1404 4299 1610 4372 pariter
1654 4296 1912 4353 efferatis.

326 4400 480 4473 Quod
510 4400 727 4473 quidem
767 4414 865 4455 nos
901 4397 968 4453 de
994 4396 1145 4452 vobis
1174 4394 1303 4450 licet
1339 4392 1565 4449 minime
1606 4389 1915 4457 credamus,

324 4495 418 4567 qui
464 4493 571 4550 tale
606 4491 736 4564 quid
786 4489 856 4547 ab
907 4485 1343 4545 antecessoribus
1385 4482 1586 4540 vestris
1633 4481 1917 4538 catholicis

328 4586 593 4642 duntaxat
628 4581 962 4639 antistitibus
1005 4588 1186 4636 actum
1228 4589 1494 4649 nusquam
1523 4574 1743 4631 omnino
1788 4573 1918 4645 legi-

2019 1976 2300 2031 nobiscum
2337 1977 2611 2032 exhibeat.
2659 1974 2796 2030 Nam
2835 1975 2880 2031 si
2907 1975 3061 2046 juxta
3089 1974 3439 2046 Apostolum,
3468 1974 3616 2044 quod

2018 2066 2225 2136 patitur
2245 2080 2413 2120 unum
2438 2064 2766 2131 membrum,
2809 2066 3214 2135 compatiuntur
3234 2064 3415 2120 omnia
3439 2078 3610 2119 mem-
3652 2052 3666 2071 “

2019 2159 2116 2213 bra
2147 2157 2198 2230 (Ι
2241 2156 2364 2212 Cor.
2396 2157 2531 2229 xu);
2566 2167 2770 2228 quanto
2818 2157 3001 2227 potius
3045 2155 3483 2228 compatiendum
3529 2163 3615 2213 est

2020 2249 2133 2318 illi,
2165 2250 2310 2322 quod
2345 2248 2487 2306 inter
2512 2258 2707 2305 caetera
2739 2250 2984 2305 membra
3007 2248 3339 2321 praecipuum
3374 2248 3613 2305 tenuisse

2017 2343 2198 2400 locum
2226 2343 2595 2414 dignoscitur?
2619 2342 2776 2401 Unde
2802 2343 2847 2398 si
2878 2358 2986 2398 non
3030 2357 3128 2414 pro
3158 2343 3317 2398 unius
3336 2383 3353 2409 ,
3401 2351 3456 2399 et
3478 2358 3605 2415 spe-

2020 2432 2173 2490 cialis
2202 2447 2449 2504 personae
2474 2430 2686 2504 praefati
2719 2432 2905 2489 fratris
2940 2433 3112 2488 nostri
3150 2432 3488 2504 repulsione,
3521 2434 3605 2489 vel

2020 2532 2167 2579 certe
2214 2537 2312 2593 pro
2360 2523 2560 2579 summi
2590 2522 2883 2579 sacerdotii
2935 2522 3345 2580 conculcatione
3394 2523 3608 2591 dolere,

2020 2630 2237 2689 gemere
2257 2656 2272 2682 ,
2304 2614 2465 2683 ﬂere,
2496 2630 2721 2671 currere
2739 2657 2754 2682 ,
2789 2631 2856 2671 ac
2880 2617 3159 2673 decertare
3186 2616 3414 2672 debetis.
3440 2617 3597 2684 Nam,

2019 2709 2066 2764 si
2094 2709 2301 2765 licitum
2328 2708 2493 2763 fuerit
2521 2708 2767 2764 saeculari
2804 2710 3059 2780 potestati
3098 2709 3165 2765 de
3193 2709 3449 2765 Ecclesiae
3502 2710 3606 2766 Do-

2018 2803 2154 2860 mini
2182 2801 2521 2874 ,praesulibus
2587 2800 2771 2857 taliter
2814 2800 3061 2873 judicare
3088 2842 3104 2868 ,
3168 2801 3251 2857 vel
3310 2801 3356 2857 si
3414 2817 3607 2857 rursus

2021 2894 2103 2950 fas
2160 2892 2437 2949 exstiterit
2497 2892 2852 2950 inferioribus
2922 2894 2989 2950 de
3035 2892 3275 2965 praelatis
3331 2892 3437 2949 sibi
3500 2904 3611 2948 tam

2018 2991 2223 3040 temere
2262 2982 2365 3038 ista
2406 2989 2657 3053 patrare,
2684 2983 3001 3054 perpendite
3059 2999 3129 3039 ne
3183 2984 3253 3040 ad
3305 2983 3609 3056 perniciem

2018 3083 2293 3141 vestram,
2348 3073 2457 3129 imo
2520 3075 2686 3130 totius
2752 3074 3010 3131 Ecclesia:
3084 3090 3229 3131 nunc
3289 3084 3345 3132 et
3415 3075 3613 3131 futuris

2020 3168 2354 3241 temporibus
2395 3167 2748 3240 praesumptio
2776 3167 2900 3224 talis
2928 3167 3239 3240 praevaleat,
3267 3166 3414 3242 quod
3450 3168 3496 3224 si
3532 3177 3616 3222 at-

1939 3268 1987 3335 C
2019 3261 2275 3327 tenditis,
2320 3274 2451 3316 ecce
2472 3262 2589 3333 jam
2630 3260 2874 3317 cernitis.
2924 3259 3062 3316 Nam
3107 3261 3358 3332 impietas
3404 3270 3613 3317 tantum

2018 3364 2180 3427 caput
2203 3355 2417 3422 extulit,
2444 3365 2505 3409 ut
2531 3353 2899 3410 Ecclesiarum
2927 3352 3252 3425 prtesulibus
3276 3354 3612 3425 postpositis,

2016 3456 2074 3504 et
2097 3448 2289 3504 ordine
2319 3440 2586 3503 canonico
2618 3444 2968 3511 conculcata,
3011 3444 3135 3500 laici
3180 3460 3326 3501 nunc
3352 3444 3612 3500 ecclesia—

2016 3540 2151 3596 stica
2182 3538 2553 3594 moderamina
2597 3545 2822 3593 teneant
2854 3554 2868 3592 :
2899 3544 2954 3592 et
2996 3550 3097 3607 pro
3142 3535 3299 3592 libitu
3344 3536 3599 3608 proprio,

2015 3634 2177 3690 modo
2215 3634 2346 3688 istos
2401 3640 2716 3688 removeant
2765 3628 2928 3687 modo
2980 3628 3103 3686 illos
3144 3630 3202 3686 in
3258 3628 3395 3685 locis
3422 3644 3612 3685 eorum

2016 3735 2406 3799 promoveant;
2446 3733 2503 3780 et
2536 3739 2728 3780 rursus
2759 3738 2895 3794 quos
2923 3716 3069 3778 nunc
3117 3721 3449 3793 approbant,
3493 3729 3616 3793 post

2016 3823 2285 3880 modicum
2312 3821 2511 3878 mentis
2538 3820 2667 3876 victi
2696 3819 2915 3875 levitate
2943 3816 3226 3890 repellant.

2090 3913 2159 3971 Ut
2189 3914 2335 3971 enim
2360 3914 2523 3971 iidem
2552 3913 2841 3969 saeculares
2861 3953 2876 3979 ,
2921 3928 2985 3969 ac
3026 3911 3150 3968 laici
3179 3910 3428 3969 homines
3450 3926 3605 3984 qua:-

2016 4007 2148 4064 libet
2188 4006 2396 4063 scelera
2447 4005 2664 4062 valeant
2712 4003 2942 4060 licenter
2969 4001 3349 4070 committere,
3402 4010 3462 4058 ut
3503 4015 3604 4075 pro

2016 4101 2103 4158 his
2130 4116 2161 4155 a
2191 4100 2337 4155 nullo
2362 4098 2685 4171 pontificum
2706 4138 2720 4165 ,
2752 4098 2845 4169 qui
2881 4113 2951 4153 ex
2982 4096 3131 4154 clero
3158 4104 3442 4168 promotus
3459 4136 3474 4163 ,
3495 4095 3614 4153 hazc

2019 4208 2230 4250 summa
2272 4199 2487 4264 poterat
2534 4191 2859 4248 auctoritate
2888 4204 3262 4262 compescere,
3298 4188 3471 4246 libere
3520 4202 3607 4244 re-

2021 4285 2371 4356 darguantur,
2402 4297 2509 4338 non
2538 4282 2606 4339 de
2651 4281 2977 4338 clericorum
3010 4280 3258 4351 catalogo
3288 4279 3612 4350 permittunt

2020 4378 2088 4434 ad
2118 4393 2305 4435 sacros
2328 4377 2549 4434 ordines
2580 4376 2842 4448 provehi,
2882 4375 2977 4447 qui
3010 4375 3195 4443 ,vitam
3246 4387 3436 4429 eorum
3464 4379 3616 4432 tanto

2021 4470 2281 4530 audacius
2302 4510 2320 4539 ,
2343 4478 2550 4542 quanto
2582 4469 2786 4526 diutius
2814 4483 2880 4525 ac
2910 4466 3235 4524 familiarius
3269 4466 3372 4522 sub
3397 4463 3615 4521 Christo

2022 4564 2157 4620 duce
2204 4562 2333 4618 forti
2364 4561 2663 4617 militantes
2709 4560 2906 4616 fortius
2956 4558 3316 4629 comprimere
3347 4562 3610 4626 possent:

326 4693 448 4734 mus
477 4695 490 4733 :
517 4676 586 4732 de
607 4674 759 4732 vobis
785 4684 968 4731 tamen
1010 4672 1206 4745 magis,
1233 4644 1397 4741 quam
1437 4669 1505 4725 de
1530 4670 1688 4726 nobis
1723 4644 1911 4725 curam
1944 4661 1994 4721 ι)
2021 4656 2117 4714 sed
2143 4671 2211 4712 ex
2242 4654 2440 4726 seipsis
2467 4653 2710 4726 eligunt,
2741 4653 2832 4724 qui
2855 4652 2998 4707 facta
3039 4663 3229 4745 eorum
3263 4656 3411 4745 tanto
3434 4644 3617 4727 minus

326 4767 620 4832 habentes,
679 4767 797 4822 haec
842 4778 942 4821 nos
989 4762 1047 4819 in
1097 4760 1314 4832 scriptis
1349 4758 1519 4830 ipsius
1570 4759 1916 4830 imperatoris

327 4858 599 4930 recepisse
618 4872 716 4913 vos
741 4855 991 4913 nolumus
1031 4853 1318 4924 ignorare:
1355 4849 1667 4905 intimantes
1686 4850 1912 4921 pariter,

327 4959 383 5006 et
406 4959 643 5006 vestram
681 4949 990 5004 unanimem
1026 4943 1349 5001 charitatem
1379 4941 1757 5009 admonentes,
1784 4957 1917 5012 qua-

329 5054 488 5100 tenus
512 5044 565 5098 in
588 5041 806 5113 speculo
835 5040 977 5106 sitis,
1008 5047 1064 5095 et
1084 5036 1153 5093 ad
1186 5035 1505 5093 memoriam
1532 5034 1799 5091 revocetis
1815 5034 1916 5091 ista

326 5139 484 5196 vobis
525 5152 626 5194 nos
654 5136 774 5191 ideo
816 5143 945 5189 nota
984 5131 1168 5187 facere
1196 5127 1489 5194 studuisse,
1534 5126 1812 5199 quoniam,
1859 5134 1919 5182 ut

326 5231 713 5305 praediximus,
748 5226 950 5291 sancti,
988 5223 1281 5296 magnique
1311 5220 1517 5277 Nicaani
1547 5219 1765 5276 concilii
1816 5219 1915 5277 de-

330 5326 497 5383 cretis
534 5322 757 5393 jubetur
803 5337 902 5394 per
957 5329 1395 5388 unamquamque
1442 5311 1812 5386 provinciam,
1859 5318 1921 5366 ut

336 5418 563 5491 epistola
606 5416 872 5491 regularis
901 5414 1171 5477 obtineat,
1208 5418 1269 5465 ut
1297 5409 1389 5476 hi,
1420 5408 1511 5480 qui
1562 5404 1914 5477 abjiciuutur,

337 5514 406 5569 ab
447 5510 567 5567 aliis
602 5524 710 5566 non
759 5508 1112 5580 recipiantur.
1163 5501 1369 5559 Deinde
1413 5513 1575 5564 vero,
1601 5505 1687 5580 .ut
1731 5495 1910 5565 cauti,

332 5604 659 5675 sollicitique
678 5618 893 5674 semper
912 5601 1050 5669 sitis,
1074 5614 1142 5656 ne
1163 5594 1527 5670 quorumlibet
1549 5591 1910 5656 suasionibus,

330 5697 417 5753 vel
449 5695 748 5752 terroribus
774 5693 1085 5759 hominum,
1116 5698 1213 5746 aut
1247 5688 1661 5759 quibuscunque
1691 5683 1913 5741 menda-

329 5791 431 5849 ciis
464 5787 676 5858 decepti
710 5801 742 5841 a
773 5786 950 5857 capite
978 5783 1059 5859 (id
1098 5794 1221 5849 est,
1251 5796 1283 5837 a
1314 5779 1488 5852 prima
1520 5776 1668 5847 sede)
1702 5776 1913 5833 dissen-

334 5882 504 5949 tiatis,
532 5881 615 5939 vel
638 5879 707 5937 ab
731 5878 847 5951 ejus
872 5876 1131 5935 Ecclesiae
1152 5875 1418 5933 charitate
1438 5914 1454 5940 ,
1485 5887 1549 5929 ac
1594 5872 1804 5928 unitate
1834 5871 1915 5927 di-

2020 4759 2353 4821 prresumant
2389 4763 2615 4821 arguere
2634 4789 2649 4815 ,
2675 4754 2878 4818 quanto
2900 4760 2960 4800 se
2979 4742 3141 4815 paulo
3169 4748 3295 4797 ante
3325 4740 3391 4796 de
3420 4754 3611 4796 eorum

2023 4852 2168 4900 coetu
2227 4841 2416 4899 favore
2467 4843 2711 4913 ipsorum
2755 4846 3036 4911 promotos
3083 4834 3410 4893 meminerit.
3457 4832 3612 4903 Quod

2021 4938 2127 4995 illis
2149 4939 2204 4995 in
2229 4938 2477 5010 partibus
2504 4943 2653 4991 tanto
2679 4929 3004 4987 familiarius
3026 4927 3206 5000 agitur
3228 4926 3330 4981 ista
3349 4940 3612 4997 praesum-

2021 5031 2135 5101 ptio
2164 5029 2439 5103 (videlicet
2481 5036 2633 5082 utex
2661 5023 2815 5078 laicis
2859 5020 3040 5078 subito
3088 5019 3435 5086 tondeantur,
3469 5026 3523 5074 et
3551 5018 3608 5074 in

2020 5126 2305 5199 episc0pos
2330 5113 2738 5188 consecrentur)
2762 5121 2965 5185 quanto
2987 5127 3053 5167 ex
3076 5111 3471 5168 consuetudine
3495 5111 3607 5167 inoo

2018 5220 2215 5278 levisse
2242 5223 2531 5279 testantur,
2561 5226 2723 5283 quam
2750 5224 2851 5265 nos
2888 5215 3111 5264 econtra
3137 5214 3288 5262 tanto
3310 5205 3606 5262 studiosius

2022 5315 2089 5372 de
2118 5310 2360 5368 Ecclesia
2386 5308 2483 5363 Dei
2512 5305 2790 5361 eradicare
2820 5301 3097 5368 volumus,
3141 5308 3345 5371 quanto
3374 5300 3604 5356 nimium

2024 5405 2242 5463 noxiam
2273 5416 2392 5459 esse
2422 5398 2664 5462 clericis,
2696 5405 2751 5453 et
2777 5395 2925 5452 omni
2973 5394 3245 5466 religiosae
3273 5393 3415 5464 plebi
3444 5408 3606 5465 supra

2026 5497 2330 5554 docuimus.
2362 5494 2683 5563 Quantoque
2723 5490 2924 5547 scimus
2968 5504 3037 5546 ex
3068 5488 3238 5545 sacris
3269 5488 3603 5555 canonibus,

2024 5589 2167 5662 quod
2194 5603 2299 5644 non
2336 5587 2516 5643 minus
2550 5585 2690 5640 mala
2719 5582 3084 5649 consuetudo,
3104 5597 3267 5654 quam
3300 5579 3606 5652 perniciosa

2025 5683 2332 5756 corruptela
2374 5683 2592 5739 vitanda
2645 5681 2763 5738 sit:
2807 5687 2862 5735 et
2907 5678 3111 5734 scimus
3155 5675 3301 5749 quod
3343 5672 3604 5747 paulatim

2024 5791 2308 5845 crescens,
2350 5775 2463 5849 jam
2507 5790 2618 5832 sua:
2683 5771 2953 5846 pestifera:
2994 5769 3249 5841 nequitia:
3294 5765 3607 5839 gravamine

2024 5870 2224 5929 multos
2271 5868 2562 5937 invaserit,
2606 5867 2745 5924 adeo
2791 5876 2855 5922 ut
2898 5862 3181 5922 temeritas
3229 5860 3342 5916 haec
3395 5866 3611 5918 tantum
