4070 6310
509 373 522 421 ⁵
545 404 652 462 sse
1915 400 2136 457 NlCOLt

2241 397 2428 456 ΡΑΡᾹῐ
2467 399 2489 455 ι
3730 348 3848 458 δά)

510 514 882 585 'excreverit,
938 527 997 574 ut
1039 499 1152 587 iam
1199 516 1421 572 minime
1463 515 1676 572 clericis
1720 523 1945 590 egeant,
1995 516 2120 574 dum
2149 519 2286 580 Asc
2315 517 2514 573 dimitti
2562 515 3037 578 vehementissime
3066 517 3444 592 postulabant,
3495 527 3550 574 et
3595 532 3723 574 nos
3772 519 3846 577 ad

513 622 735 692 ,contra
769 627 956 676 sacros
975 625 1208 668 canones
1232 625 1299 665 ex
1327 625 1386 666 se
1408 609 1540 682 ipsis
1559 609 1738 666 subito
1761 617 2121 676 tonsuratum,
2228 609 2396 666 multa
2438 608 2931 666 ecclesiasticarum
2995 609 3332 682 negotiorum
3385 609 3634 676 extenti,
3689 610 3847 666 hanc

510 711 514 718 '
544 721 708 778 quem
738 705 1034 769 voluerint,
1087 704 1290 776 eligant
1317 723 1330 759 :
1361 713 1414 759 et
1441 705 1508 760 ad
1547 703 1759 761 labores
1805 703 2124 762 clericorum
2209 711 2338 768 tam
2361 705 2572 763 concite
2593 746 2606 770 ,
2631 704 2772 760 sicut
2795 703 3108 760 volebamus
3130 745 3144 768 ,
3169 702 3485 762 solemniter
3507 703 3846 759 ordinatam

545 796 746 852 mentis
767 795 952 851 oculos
974 810 1079 850 non
1126 793 1401 852 inilectant
1419 837 1434 861 ,
1462 810 1527 850 ac
1552 809 1650 866 per
1669 795 1774 851 hoc
1801 793 1859 850 iit
1877 837 1890 862 ,
1914 804 1974 850 ut
2000 795 2128 851 alie-
2225 809 2337 871 prae
2363 795 2633 861 manibus,
2661 811 2784 850 eum
2807 795 3230 859 dimitterentur,
3258 794 3482 849 minimc
3503 802 3848 866 poteramus

544 903 648 946 nus
671 887 919 944 comedat
944 889 1182 960 ipsorum
1213 887 1446 944 fructum
1477 889 1717 945 laborum
1737 930 1752 955 ,
1783 899 1839 944 et
1863 891 2127 962 stipendia
2209 885 2450 945 'babere.

545 984 864 1040 meritorum
890 957 1184 1040 extraneus
1206 985 1378 1040 hostis
1402 957 2016 1060 insperatussubripiat.
2049 987 2128 1042 Ita
2920 957 3122 1014 XLV“-

545 1076 676 1132 nihil
705 1076 951 1148 proﬁciat
977 1077 1191 1134 clericis
1218 1075 1269 1133 in
1305 1079 1503 1136 castris
1529 1079 1814 1134 dominicis
1842 1080 2126 1147 militasse,

2433 1065 2500 1106 ΔΙ)
2527 1065 2818 1109 RO'ﬂiADUM
2847 1067 3136 1107 EPISCOPUBI
3168 1061 3614 1106 SCESSIONENSBI.

514 1169 628 1226 ‘vel
659 1171 925 1242 gradatim
967 1187 1066 1244 per
1107 1172 1350 1245 singulos
1375 1172 1775 1229 ecclesiasticos
1801 1174 2019 1230 ordines
2045 1190 2132 1232 as—
2853 1153 3028 1226 (Αηηο
3059 1153 3206 1222 865-)

511 1261 817 1327 Lcendisse,
845 1261 973 1317 dum
1008 1263 1144 1318 alter
1173 1264 1311 1319 saltu
1343 1264 1444 1320 lIOS
1469 1281 1661 1322 omnes
1687 1267 2044 1333 transcendit,
2077 1274 2132 1324 et

511 1364 767 1432 grepente.
787 1353 1126 1426 principatur
1150 1355 1203 1410 in
1227 1356 1308 1411 eis
1329 1357 1394 1424 is,
1420 1357 1511 1430 qui
1528 1358 1670 1414 inter
1697 1374 1790 1416 eos
1818 1375 1920 1416 nec
1945 1370 2132 1416 contra

547 1445 821 1516 spiritales
842 1448 1028 1503 hostes
1051 1463 1201 1504 arma
1231 1449 1470 1516 sustulit,
1498 1466 1598 1506 nec
1626 1451 1850 1508 diversis
1877 1451 2134 1508 Ecclesia:

511 1527 520 1622 ξ
543 1538 869 1596 adversariis
894 1555 994 1612 pro
1020 1541 1254 1598 veritate
1277 1541 1528 1614 praelians
1555 1543 1846 1618 aliquando
1873 1545 2090 1602 restitit.

617 1626 890 1700 Quan‘tum
925 1643 1105 1690 autem
1156 1649 1222 1690 ne
1267 1637 1333 1690 de
1361 1636 1514 1692 laicis
1544 1645 1746 1693 temere
1776 1638 2034 1710 quislibet
2066 1639 2135 1694 ad

544 1724 914 1796 episcopatum
944 1727 1194 1798 eligatur",
1211 1730 1352 1784 sacri
1375 1744 1613 1785 canones
1635 1730 1778 1785 enim
1807 1731 1928 1786 aliis
1951 1731 2136 1804 probi-

544 1815 739 1884 beant,
775 1817 1128 1877 Sardicenses
1160 1822 1490 1891 ostendunt,
1522 1823 1649 1879 Osio
1678 1825 1932 1898 episc0po
1961 1826 2138 1898 capite

2232 1266 2614 1342 Commemorat
2661 1285 2817 1342 quam
2851 1267 3012 1342 multa
3051 1285 3144 1336 pro
3175 1267 3284 1342 ipso
3318 1267 3577 1342 [ingentis
3600 1265 3666 1318 in

2302 1341 2429 1395 liam
2457 1335 2742 1410 scripserit,
2774 1335 3090 1410 spondaque
3129 1335 3200 1392 se
3230 1339 3345 1409 ipsi,
3394 1335 3616 1391 Romam
3671 1335 3726 1390 si
3763 1352 3846 1391 re-

2307 1412 2438 1478 niat,
2471 1413 2684 1467 minime
2713 1411 3038 1480 defuturum.

2833 1521 3052 1597 [Mansi,
3083 1518 3238 1596 ibid]

2307 1638 2574 1697 Nmomus
2623 1639 2928 1710 episcopus,
2983 1653 3174 1696 servus
3217 1652 3498 1694 servorum
3528 1635 3664 1702 Dei,
3721 1651 3847 1692 san-

2237 1735 2480 1792 ctissimo
2535 1742 2591 1790 ct
2641 1733 3084 1790 reverentissimo
3141 1731 3403 1788 Romano
3449 1729 3844 1787 Suessionicae

2238 1826 2390 1881 urbis
2417 1825 2691 1897 episcopo.

547 1910 757 1966 decimo
792 1912 1179 1970 tertiodicente
1210 1913 1493 1987 (comitur)
1521 1914 1745 1972 :Etboe
1768 1893 2212 1972 necessarium.B
2313 1893 2465 1972 Sciat
2505 1893 2764 1973 sanctitas
2811 1924 2925 1982 tua,
2979 1914 3233 1988 quoniam
3279 1911 3527 1984 misimus
3580 1914 3842 1992 increpa-

465 2039 478 2056 .
547 1999 804 2068 arbitror,
856 2010 914 2058 tit
958 2002 1370 2076 diligentissime
1398 2005 1640 2060 tractetis
1662 2045 1676 2072 ,
1707 2006 1750 2062 si
1779 2004 1920 2064 forte
1949 2015 2042 2062 aut
2065 2006 2138 2064 di-

547 2108 674 2160 ves,
710 2102 802 2149 aut
833 2095 1192 2153 scholasticus
1240 2099 1306 2152 de
1354 2097 1504 2166 foro,
1538 2108 1633 2154 aut
1681 2116 1748 2158 ex
1795 2101 2140 2158 administra-

547 2186 696 2242 tione
725 2188 1012 2260 episcopus
1053 2191 1215 2246 fuerit
1246 2191 1582 2263 postulatus,
1627 2203 1686 2248 ut
1717 2209 1823 2250 non
1870 2179 2020 2265 prius
2051 2210 2140 2252 or-

549 2278 766 2334 dinetur
793 2281 897 2336 nisi
946 2291 1071 2337 ante
1099 2293 1153 2337 et
1185 2283 1403 2340 lectoris
1431 2300 1690 2351 munere,
1722 2295 1776 2342 et
1804 2285 1982 2344 cilicio
2017 2286 2135 2344 dia-

548 2374 705 2441 coni,
733 2383 824 2430 aut
847 2377 1149 2448 presbyteri
1176 2377 1338 2434 fuerit
1361 2377 1710 2448 perfunctus;
1737 2389 1792 2438 et
1819 2379 1891 2436 ita
1913 2394 2010 2454 per
2032 2378 2140 2438 sin-

549 2466 702 2540 gulos
730 2469 960 2539 gradus,
1007 2470 1054 2525 si
1104 2473 1302 2542 dignus
1326 2471 1524 2538 fuerit,
1549 2474 1898 2530 ascendatad
1923 2473 2137 2537 culmen

549 2559 918 2632 episcopatus.
947 2562 1134 2620 Potest
1157 2565 1302 2620 enim
1333 2581 1431 2640 per
1461 2565 1560 2622 has
1595 2565 1994 2638 promotiones,
2018 2581 2138 2638 qua

549 2651 828 2709 habebunt
859 2656 1044 2726 utique
1069 2657 1334 2730 prolixum
1371 2666 1612 2730 tempus,
1638 2657 1854 2728 probari
1884 2673 1990 2734 qua
2033 2656 2137 2712 ﬁde

549 2743 650 2812 sit,
681 2761 788 2818 qua
813 2749 1076 2808 modestia
1097 2790 1112 2818 ,
1141 2766 1248 2822 qua
1279 2752 1548 2824 gravitate
1587 2759 1642 2814 et
1683 2751 2005 2808 verecundia
2039 2769 2053 2806 :
2083 2758 2138 2807 et

549 2837 597 2894 si
627 2840 822 2913 dignus
851 2841 1017 2900 fuerit
1041 2845 1301 2915 probatus
1319 2885 1335 2916 ,
1357 2843 1542 2905 divino
1567 2845 1875 2902 sacerdotio
1901 2843 2138 2902 illustre-

552 2938 642 2986 tur
674 2949 688 2986 :
717 2933 843 3003 quia
873 2934 1201 2992 conveniens
1234 2951 1340 2994 non
1371 2944 1484 3001 est,
1513 2951 1618 2999 nec
1647 2935 1820 3006 ratio,
1851 2934 1936 2990 vel
1977 2933 2138 3012 disci-

549 3021 696 3096 plina
725 3021 947 3094 patitur,
999 3033 1058 3082 ut
1105 3034 1308 3082 temere
1355 3034 1411 3082 et
1461 3013 1656 3084 leviter
1701 3025 2002 3095 ordinetur,
2045 3030 2138 3080 aut

553 3113 868 3188 episcopus,
895 3125 989 3172 aut
1016 3119 1321 3188 presbyter,
1347 3126 1442 3177 aut
1463 3116 1756 3182 diaconus,
1785 3115 1877 3189 qui
1897 3115 2137 3188 necphy-

552 3213 642 3264 tus
666 3217 749 3264 est
783 3227 798 3264 :
829 3211 1066 3266 maxime
1111 3226 1233 3268 cum
1275 3219 1330 3266 et
1359 3211 1619 3284 magister
1655 3209 1896 3282 gentium
1944 3209 2136 3271 beatus

2240 2009 2434 2066 teriam
2459 2008 2742 2080 epistolam
2769 2024 2868 2086 pro
2915 2018 2968 2064 te
3011 2007 3306 2066 Hincmaro
3343 2018 3544 2082 sanctae
3597 2007 3843 2066 Rhemu—

2241 2116 2358 2155 rum
2417 2101 2662 2158 ecclesia:
2717 2099 3008 2158 venerabili
3069 2099 3498 2172 archiepiscopo,
3563 2115 3638 2156 eo
3698 2098 3839 2172 quod

2238 2202 2364 2270 post
2391 2191 2798 2268 appellationem
2831 2192 2898 2248 ad
2947 2192 3130 2258 sedem
3178 2191 3528 2264 apostolicam
3577 2191 3637 2246 in
3671 2201 3726 2246 te
3753 2191 3840 2246 dc-

2221 2283 2523 2360 positionis
2582 2282 2824 2338 intulerit
2865 2283 3206 2348 sententiam,
3260 2297 3423 2354 quam
3462 2281 3695 2352 quidam
3736 2281 3834 2348 vir,

2239 2376 2330 2446 qui
2366 2391 2487 2431 cum
2515 2374 2724 2434 Bosone
2754 2375 2953 2430 comite
3004 2373 3234 2431 Romam
3271 2379 3516 2438 venerat,
3545 2373 3620 2428 ad
3653 2381 3710 2428 te
3749 2373 3824 2427 de

2239 2466 2385 2523 ferre
2431 2465 2656 2526 debuit:
2691 2465 2784 2522 sed
2816 2465 2955 2520 hanc
3002 2459 3283 2534 rescripsit
3325 2461 3481 2518 nobis
3523 2461 3648 2540 ipse
3676 2463 3836 2518 Hinc-

2240 2573 2424 2614 marus
2452 2556 2781 2614 reverendus
2807 2556 3271 2626 archiepiscopus,
3293 2555 3434 2626 quod
3457 2569 3578 2608 eam
3610 2554 3831 2608 minime

2240 2651 2456 2706 viderit.
2519 2649 2744 2724 Insuper
2805 2657 2914 2704 tam
2977 2647 3302 2706 lliucmarus
3337 2687 3352 2714 ,
3413 2647 3577 2716 quam
3654 2643 3830 2701 caeteri

2238 2741 2497 2814 episcopi,
2527 2742 2616 2814 qui
2646 2740 2712 2795 ad
2733 2740 2980 2796 eamdem
3021 2739 3285 2812 synodum
3316 2745 3716 2805 convenerant,
3745 2733 3827 2789 ubi

2241 2834 2562 2891 sententiam
2615 2831 2968 2902 depositionis
3021 2831 3166 2888 circa
3219 2839 3270 2885 te
3311 2827 3684 2900 protulerunt,
3736 2826 3827 2881 sub

2240 2940 2514 3006 gestorum
2543 2929 2703 2991 serie,
2727 2943 2848 3002 quae
2890 2928 2958 2990 de
2987 2935 3038 2983 te
3081 2925 3348 3000 gesserint
3373 2923 3429 2978 in
3457 2923 3618 2980 nobis
3673 2922 3826 2977 latius

2240 3024 2646 3090 intimaverunt,
2686 3008 3056 3085 accusationes
3101 3020 3245 3074 circa
3297 3029 3350 3074 te
3377 3032 3476 3088 pro
3511 3031 3572 3072 se
3601 3029 3825 3072 excusa-

2238 3115 2410 3172 tiones
2425 3113 2748 3186 multiplices
2762 3111 3055 3183 protendeu
3063 3118 3161 3174 tes,
3177 3108 3591 3181 etperOdonem
3606 3121 3824 3164 veneta.

2235 3209 2400 3266 bilem
2451 3208 2762 3284 episcopum
2792 3213 2976 3262 nostro
3005 3219 3098 3260 eas
3126 3201 3447 3275 apostolatui
3474 3201 3647 3257 verbo
3673 3209 3815 3256 tenus

554 3298 846 3370 Apostolus
875 3318 942 3358 ne
973 3303 1078 3359 hoc
1124 3303 1278 3358 ﬁeret
1304 3259 1688 3370 depugnasse:
1717 3306 1771 3358 et
1792 3301 2136 3376 prohibuisse
2159 3259 2208 3326 (ε
2245 3259 2563 3358 indicandas.
2592 3259 2700 3355 Piar
2728 3312 2889 3370 quem
2935 3307 3044 3352 tam
3089 3295 3289 3353 eisdem
3319 3293 3740 3366 archiepiscopis
3762 3299 3811 3346 et
3881 3283 3898 3294 ⁵

533 3385 800 3450 'videatur
823 3393 878 3468 (1
921 3393 1057 3450 Tim.
1089 3393 1172 3465 ιιι)
1207 3413 1220 3462 ;
1266 3396 1360 3452 sed
1402 3395 1492 3466 lii,
1524 3410 1752 3466 quorum
1781 3409 1880 3470 per
1917 3393 2138 3466 longtun

551 3489 770 3554 tempus
797 3485 1109 3551 examinata
1151 3485 1221 3540 sit
1263 3486 1408 3556 vita,
1441 3494 1506 3547 ,ει
1546 3485 1736 3546 merita
1766 3484 1964 3550 fuerint
1995 3501 2141 3545 com.-

535 3571 801 3648 I'prohata.
850 3576 1189 3634 Contuemini
1220 3594 1350 3654 ergo
1397 3588 1452 3634 et
1481 3577 1698 3644 futura,
1739 3579 1848 3634 imo
1892 3580 2140 3650 urgentia

553 3665 693 3720 mala
735 3667 1032 3744 conspicite
1069 3669 1302 3724 :medici
1349 3671 1512 3736 estis,
1545 3669 1892 3727 imminentes
1923 3670 2140 3729 morbos

552 3771 652 3828 per
698 3759 1058 3828 pratcetlentia
1100 3760 1253 3832 signa
1299 3761 1590 3832 preevidete
1627 3777 1643 3816 :
1688 3761 1924 3832 episcopi
1971 3763 2138 3829 estis,

554 3861 853 3920 exsurgens
883 3849 937 3904 in
968 3849 1267 3905 Ecclesium
1312 3849 1512 3906 Christi
1556 3851 1883 3906 horrendum
1913 3853 2140 3908 exitium

553 3938 850 4012 prospicite
883 3957 896 3992 :
929 3940 1296 4010 speculatores
1336 3942 1496 4008 estis,
1529 3941 1580 3996 in
1629 3941 1793 3997 altam
1829 3942 2028 4000 mentis
2059 3959 2142 3998 ar.

557 4041 677 4082 cem
727 4029 1104 4100 consceudite,
1133 4041 1188 4088 et
1231 4033 1285 4088 in
1330 4048 1546 4105 gregem
1582 4035 1924 4090 Dominicum
1969 4037 2140 4092 feram

553 4120 848 4191 pessimam
874 4123 1078 4177 irruere
1099 4125 1402 4198 cupientem
1429 4143 1458 4181 a
1481 4127 1636 4200 longe
1659 4129 2098 4199 contemplamini
2123 4147 2136 4182 :

543 4206 710 4282 quasi
745 4213 870 4268 tuba
902 4215 1135 4272 exaltate
1181 4233 1372 4274 vocem
1401 4230 1637 4275 vestram
1659 4261 1674 4287 ,
1723 4229 1777 4275 et
1823 4221 2141 4276 annuntiate

549 4305 751 4388 populo
781 4306 875 4362 Dei
915 4308 1119 4364 scelera
1163 4325 1350 4366 eorum
1385 4329 1398 4368 :
1429 4329 1584 4383 super
1620 4321 1847 4366 montem
1882 4309 2140 4382 excelsum

535 4384 628 4476 flid
658 4406 760 4464 est,
779 4397 846 4455 ad
869 4399 1204 4456 altitudinem
1221 4403 1505 4474 virtutum)
1523 4401 1804 4469 ascendite,
1821 4402 2143 4474 quievenge—

551 4486 724 4544 (iactis
749 4489 877 4547 Sion
905 4491 1039 4555 (Ira.
1084 4495 1174 4566 XI.)
1205 4511 1219 4548 :
1251 4502 1388 4550 state
1417 4495 1468 4550 in
1496 4494 1836 4554 fortitudine.
1855 4495 2138 4567 potestati-

551 4584 652 4640 bus
677 4583 838 4656 hujus
867 4587 1048 4641 s:eculi
1081 4604 1147 4642 ex
1185 4589 1412 4642 adverso
1458 4586 1764 4649 ascendite,
1817 4595 1874 4640 et
1924 4603 2138 4640 tnurum

546 4695 648 4755 pro
677 4681 836 4734 domo
863 4678 956 4734 Dei
1004 4680 1257 4752 apponite
1277 4721 1292 4746 ,
1323 4687 1373 4732 et
1418 4678 1746 4748 quibuslibet
1774 4679 2138 4752 potestatibus

549 4773 735 4844 inique
758 4773 1045 4846 agentibus
1071 4773 1338 4828 contraite
1363 4791 1375 4826 :
1399 4773 1588 4842 sicque
1611 4769 1703 4824 fiet
1719 4811 1733 4834 ,
1759 4777 1936 4825 utnec
1955 4811 1969 4834 ,
1995 4770 2138 4824 sicut

550 4882 716 4923 canes
743 4867 876 4922 uutti
899 4908 916 4933 ,
947 4867 1013 4922 de
1046 4865 1416 4921 taciturnitate
1456 4863 1613 4934 argui
1655 4862 1910 4923 valeatis,
1944 4878 2042 4918 nec
2070 4862 2134 4920 de

553 4957 737 5015 talenti
805 4959 1163 5015 oceultatione
1226 4957 1528 5014 districtum
1582 4957 1814 5012 Domino
1866 4958 2134 5013 rationem

553 5051 778 5108 reddere
807 5052 1226 5124 compellamini.
1276 5053 1490 5124 Vosque
1522 5051 1702 5124 ipsos,
1749 5059 1803 5106 et
1848 5065 2132 5106 consacer-

551 5146 707 5202 dotes
743 5156 984 5214 nostros,
1019 5148 1126 5203 imo
1158 5149 1454 5204 Ecclesium
1485 5147 1689 5203 Christi
1719 5146 1851 5210 illis
1883 5145 1934 5199 in
1965 5143 2134 5213 parti:

549 5225 651 5292 bus
689 5238 1136 5294 constitutam’al)
1178 5240 1380 5311 ingenti
1423 5239 1695 5312 pernicie,
1729 5254 1758 5292 a
1818 5237 1974 5290 noxia
2015 5235 2134 5291 labe

553 5327 670 5398 ipso
723 5325 946 5399 jubente
1003 5329 1344 5386 laudabiliter
1407 5331 1644 5396 eruatis,
1708 5327 2134 5400 mirabilitcrque

551 5419 770 5490 regalis.

623 5513 774 5572 Hanc
805 5524 982 5572 autem
1012 5515 1328 5588 epistolam,
1351 5532 1514 5588 quam
1538 5533 1634 5588 per
1663 5520 1909 5592 superius
1935 5537 2137 5578 memo-

556 5617 733 5662 ratum
761 5606 1076 5664 Michaelent
1104 5607 1599 5678 protospatbarium
1633 5611 1868 5681 glorioso
1890 5612 2135 5686 Augusto

553 5693 802 5754 llcbaeli
845 5698 1144 5752 direximus
1165 5737 1178 5761 ,
1212 5695 1415 5754 idcirco
1441 5700 1649 5769 pridem
1698 5704 2007 5770 sanctitati,
2039 5719 2133 5761 seu

552 5789 795 5844 unanimi
824 5787 1100 5843 dilectioni
1127 5795 1321 5843 vestne
1351 5805 1472 5844 cum
1503 5791 1625 5845 aliis
1656 5793 1874 5864 scriptis
1899 5811 2004 5849 non
2031 5795 2134 5852 mi-

552 5881 760 5948 simus,
789 5881 917 5954 quia
941 5887 999 5937 et
1033 5878 1230 5938 fratres
1259 5897 1354 5956 per
1381 5899 1517 5957 quos
1545 5883 1650 5940 illa'
1667 5883 1936 5943 destinata
1977 5897 2132 5959 sunt,

2242 3395 2512 3470 episcopis
2547 3393 2888 3468 generaliter,
2921 3407 3084 3466 quam
3130 3389 3326 3448 dilecto
3356 3387 3467 3444 tilio
3512 3397 3691 3444 nostro
3715 3383 3810 3442 Ca-

2242 3488 2357 3546 rolo
2383 3487 2618 3559 glorioso
2667 3487 2784 3558 regi
2838 3483 3151 3558 specialiter
3197 3481 3604 3552 rescripsimus,
3655 3477 3808 3534 incre-

2235 3592 2434 3667 pantes
2459 3589 2514 3637 et
2556 3581 2910 3636 admonentes
2953 3575 3154 3648 pariter
3207 3581 3262 3630 et
3287 3573 3546 3667 iubentes
3571 3581 3655 3667 Aut
3681 3581 3728 3626 te
3755 3569 3810 3626 de

2241 3672 2497 3742 claustris
2532 3668 3008 3728 monasterialibus
3055 3665 3471 3738 praesentialiter
3515 3665 3807 3730 educerent,

2239 3775 2298 3831 et
2324 3774 2510 3837 nostro
2543 3761 2784 3836 aspectui
2813 3768 3226 3839 praesentarent.
3260 3755 3414 3813 Nunc
3462 3764 3646 3815 autem
3685 3755 3812 3811 venit

2239 3857 2412 3921 Liudo
2442 3858 2723 3930 religiosus
2761 3855 3020 3911 diaconus
3061 3867 3242 3911 secum
3278 3849 3538 3922 epistolas
3572 3851 3690 3922 jam
3731 3843 3808 3902 fati

2241 3953 2387 4026 regis
2416 3962 2472 4006 et
2495 3948 2772 4004 Hiucmnri
2799 3947 3001 4014 ferens,
3031 3961 3152 4015 qua:
3195 3952 3245 3999 te
3286 3942 3439 4012 jussu
3473 3941 3647 4013 ipsius
3689 3939 3812 4009 regis

2241 4043 2310 4100 de
2339 4039 2708 4098 monasteriali
2749 4038 2992 4094 custodia
3043 4036 3319 4101 eductum,
3356 4047 3409 4088 et
3457 4031 3679 4088 cuidam
3719 4030 3812 4102 epi-

2242 4150 2405 4206 scopo
2428 4132 2682 4188 familiari
2721 4139 2814 4188 tuo
2848 4128 3286 4184 commendatum
3328 4139 3450 4181 esse
3497 4123 3810 4179 fatebantur.

2243 4225 2345 4282 Per
2368 4240 2529 4298 quem
2562 4235 2668 4278 tam
2710 4219 2904 4277 Carolo
2951 4219 3187 4292 glorioso
3242 4215 3355 4288 regi
3387 4231 3552 4286 quam
3607 4211 3814 4286 praefato

2238 4313 2534 4372 Hincmaro
2563 4311 2969 4384 archiepiscopo
2999 4307 3417 4380 metropolitano
3465 4317 3582 4373 tuo,
3615 4307 3748 4362 sicut
3767 4311 3816 4358 et

2219 4407 2412 4484 prius,
2445 4405 2762 4486 direximus,
2809 4409 2868 4458 ut
2899 4402 3027 4474 quia
3069 4413 3229 4456 unam
3259 4410 3469 4472 partem
3496 4400 3620 4455 sine
3664 4399 3814 4454 altera

2245 4499 2430 4558 audire
2462 4516 2566 4570 non
2598 4512 2882 4572 possumus
2910 4496 2978 4551 ad
3011 4495 3380 4552 renovandum
3409 4494 3462 4552 in
3492 4503 3680 4549 nostra
3702 4503 3816 4566 prte-

2243 4595 2418 4652 sentia
2440 4591 2724 4664 judicium,
2767 4601 2824 4646 et
2863 4598 2915 4646 te
2957 4589 3274 4654 honorifice,
3309 4595 3365 4642 et
3393 4587 3608 4658 aliquos
3642 4598 3811 4643 eorum

2241 4689 2335 4761 qui
2365 4699 2418 4744 te
2449 4687 2850 4760 judicaverunt,
2891 4682 2980 4739 vel
3029 4683 3273 4754 ipsorum
3316 4682 3574 4748 vicarios,
3607 4679 3810 4736 Romam

2241 4780 2494 4854 dirigant.
2527 4777 2682 4833 Nunc
2724 4785 2905 4832 autem
2937 4772 3253 4842 fraternitas
3283 4780 3371 4828 tua
3403 4772 3622 4828 studeat
3647 4784 3809 4828 secum

2239 4870 2467 4927 sollicita
2492 4877 2674 4924 mente
2701 4866 3001 4932 revolvere,
3021 4867 3164 4936 quod
3192 4864 3285 4919 tibi
3301 4864 3454 4934 quasi
3476 4865 3530 4918 in
3562 4863 3698 4934 ipsis
3724 4859 3808 4915 tuis

2239 4963 2460 5018 auribus
2494 4961 2783 5034 loquimur,
2815 4967 2876 5013 ut
2899 4958 2945 5013 si
2989 4957 3203 5030 quidem
3233 4955 3571 5012 conscientia
3610 4963 3704 5012 tua
3739 4964 3808 5007 re.

2243 5053 2525 5128 prehendit
2569 5061 2644 5118 te,
2680 5060 2774 5109 aut
2800 5050 2940 5105 forte
2961 5049 3229 5118 judicium
3279 5047 3660 5120 episcOporum
3685 5047 3806 5105 circa

2245 5155 2296 5202 te
2334 5145 2605 5218 prolatum
2637 5143 2945 5208 admiseris,
2993 5155 3090 5196 nec
3141 5148 3193 5194 te
3237 5138 3487 5210 fatigare,
3542 5155 3646 5195 nec
3695 5139 3805 5196 alios

2227 5239 2398 5304 ~velis.
2429 5237 2486 5294 Si
2518 5253 2646 5292 vero
2677 5234 2752 5290 illi
2799 5245 2986 5290 nostro
3013 5232 3240 5288 consilio
3287 5229 3434 5295 freti,
3463 5231 3802 5302 episcopatui:

2240 5331 2340 5388 tibi
2389 5329 2719 5386 reddiderint
2771 5327 3122 5400 dignitatem,
3182 5325 3323 5380 sicut
3356 5323 3438 5380 eis
3490 5323 3800 5396 scripsimus,

2241 5426 2400 5486 bene.
2451 5423 2604 5494 Quod
2649 5423 2694 5479 si
2737 5431 2984 5480 nostrum
3038 5419 3320 5477 consilium
3372 5407 3803 5492 parvipendentcs

2245 5517 2350 5577 hoc
2369 5533 2531 5592 agere
2577 5515 2653 5572 illi
2696 5514 3024 5582 distulerint,
3055 5523 3112 5570 et
3162 5521 3217 5572 tu
3272 5513 3327 5569 in
3376 5521 3557 5583 coepto
3589 5505 3804 5584 proprio

2243 5627 2596 5690 perseverans
2621 5609 2690 5667 ad
2716 5627 2815 5666 nos
2844 5609 3029 5665 venire
3059 5609 3310 5681 elegeris,
3355 5605 3661 5680 intrepidus
3681 5599 3803 5662 etde

2244 5706 2339 5763 Dei
2387 5702 2756 5760 misericordia
2808 5699 2980 5758 ﬁdens
3029 5716 3258 5758 occurre
3299 5715 3314 5754 :
3364 5699 3542 5756 sciens
3588 5697 3800 5772 profecto

2243 5797 2367 5869 quia
2399 5805 2469 5864 te,
2493 5795 2606 5851 Deo
2628 5794 2941 5862 auxiliante,
2975 5809 3082 5849 non
3115 5794 3446 5856 deseremus,
3477 5792 3798 5862 quoadusque

2235 5889 2444 5968 justitia
2467 5897 2814 5946 convertatur
2838 5885 2892 5944 in
2911 5887 3200 5963 judicium,
3225 5898 3282 5944 et
3315 5901 3436 5960 quae
3467 5900 3612 5941 nunc
3638 5887 3798 5958 eperta
