4070 6310
294 449 392 509 861

1530 455 1884 514 EPISTOLJE
1928 456 2014 513 ΕΤ
2057 461 2395 533 DECRETA.

3442 440 3546 529 862

266 641 271 646 .
298 574 423 659 sunt
456 566 726 659 Dominus
749 565 987 659 revelare
1019 546 1281 640 dignetur.
1314 568 1540 626 Dabitur
1569 582 1745 629 autem
1785 575 1879 630 tibi
1909 580 1963 641 Α
1984 578 2139 635 nobis
2159 581 2448 637 mittuntur
2469 581 2664 639 mentis
2686 581 2907 652 intuitu,
2936 546 3414 659 vester'benigntls
3439 586 3557 647 haec

298 656 414 710 sine
438 655 771 712 dubitatione
794 657 865 723 ad
900 674 998 713 nos
1027 659 1204 716 aditus
1225 660 1473 718 veniendi
1500 680 1511 715 :
1540 663 1679 739 quod
1702 673 1756 719 et
1781 680 1878 722 nos

262 750 267 757 ’
299 748 590 819 apostolica
632 751 975 816 auctbritate,
1007 758 1059 806 et
1107 751 1261 808 ﬁrma
1288 770 1514 811 censura
1566 750 1874 826 statuimus,

300 848 353 894 et
405 837 634 895 dilectus
681 839 821 896 ﬁlius
877 850 1063 899 uoster
1107 842 1330 900 Carolus
1384 844 1878 906 Christianissimus

260 938 417 997 ’rex,
461 939 514 985 et
558 932 710 986 nobis
745 934 1148 1003 devotissimus,
1198 938 1426 1008 pariter,
1468 947 1521 993 et
1554 938 1879 997 Hincmarus

266 1022 469 1077 ‘i’rater
495 1032 547 1078 et
586 1026 935 1098 coepiscopus
966 1037 1168 1097 uoster,
1210 1033 1435 1107 scriptis
1469 1036 1579 1091 suis
1624 1037 1877 1105 praesenti

262 1124 540 1185 'tempore
590 1126 641 1172 te
687 1120 752 1173 ad
789 1135 886 1175 nos
936 1121 1197 1179 missuros
1247 1124 1362 1182 fore
1413 1142 1470 1197 se
1499 1169 1513 1195 ,
1570 1127 1879 1186 ﬁrmissime

212 5936 273 6029 «ὲ

301 1215 427 1261 sunt
452 1210 812 1281 oumibusquc
842 1214 1016 1269 modis
1039 1215 1282 1284 polliciti.

974 1366 1203 1423 XLVIII.

683 1470 753 1510 ΔΙ)
772 1472 1017 1514 ολκοιυιι
1054 1474 1265 1515 ολιγοιί
1287 1472 1484 1517 ΒΕΘΞΙ.

910 1571 1091 1641 (Αηηο
1111 1572 1262 1645 865.)

307 1676 572 1735 Hortatur
604 1690 659 1735 ut
693 1680 925 1737 Rothado
957 1683 1179 1768 Romam
1210 1696 1421 1741 venturo
1446 1688 1646 1743 itineris
1686 1688 1879 1744 solatia

924 1769 1227 1826 prosprctat.

375 1859 636 1921 Νιεοωυε
670 1865 970 1941 episcopus,
996 1882 1182 1927 servus
1208 1884 1484 1929 servorum
1514 1870 1631 1943 Dei,
1682 1871 1879 1932 dilecto

304 1953 417 2009 ﬁlio
445 1958 659 2014 (ἑλκοιο
687 1960 925 2031 glorioso
968 1964 1100 2035 regi.
1826 1956 1833 1961 ’

376 2047 506 2103 Cum
548 2067 642 2106 vos
689 2061 849 2110 tanta:
888 2056 1208 2113 humilitatis
1258 2064 1527 2133 tantaeque
1575 2061 1879 2118 devotionis

302 2141 696 2212 incurvatioue,
728 2147 828 2202 sub
865 2148 1072 2219 potenti
1108 2166 1266 2205 manu
1293 2150 1389 2207 Dei
1418 2151 1485 2207 ad
1518 2155 1879 2210 reverentiam

301 2236 693 2307 praecipuorum
722 2238 889 2310 ipsius
919 2240 1282 2321 apostolorum
1312 2241 1454 2300 ﬂecti
1489 2246 1878 2318 conspicimus,

302 2331 581 2402 impletum
634 2334 880 2392 videmus
937 2336 1079 2408 quod
1117 2347 1337 2397 sanctus
1380 2337 1481 2397 Job
1528 2341 1593 2396 de
1647 2342 1877 2401 Domino

298 2422 541 2497 loquitur
566 2424 787 2482 dicens:
820 2424 926 2482 Sub
956 2445 1057 2499 quo
1101 2437 1386 2487 curvantur
1424 2433 1512 2504 qui
1544 2442 1748 2502 portant
1795 2450 1880 2488 or—

302 2514 414 2569 bem
453 2514 575 2587 (Job
615 2517 713 2595 ix).
760 2516 872 2621 Ιβίεί
903 2519 1046 2579 enim
1071 2536 1187 2593 vos,
1213 2521 1303 2607 qui
1332 2521 1386 2589 iu
1416 2523 1584 2594 regali
1634 2523 1880 2580 sublimi-

303 2614 414 2662 tate
454 2607 615 2678 positi
678 2607 829 2679 estis,
886 2618 1142 2681 tanquam
1200 2612 1478 2685 cujusdam
1525 2613 1754 2687 ingentis
1808 2614 1882 2670 fa-

297 2694 463 2751 bricae
507 2698 698 2763 bases,
732 2707 911 2754 vestro
937 2700 1131 2755 sudore
1183 2700 1440 2756 mundum
1486 2703 1882 2773 quodammodo

298 2789 637 2860 portassetis,
688 2806 1025 2869 nequaquam
1073 2790 1264 2848 Graeco
1323 2808 1573 2850 sermone
1627 2796 1882 2867 βασιλέων

298 2880 558 2935 vocabula
602 2880 948 2937 sortiremini.
986 2881 1323 2954 Rursusque,
1371 2885 1472 2940 nisi
1521 2893 1669 2940 tanta
1694 2903 1881 2942 coram

300 2986 513 3027 summo
534 2971 642 3027 Deo
682 2988 780 3028 vos
825 2973 1198 3029 humiliatione
1237 2975 1643 3043 iucurvassetis,
1681 2993 1883 3048 nequa-

274 3079 463 3139 quam
496 3062 669 3127 nobis,
717 3063 841 3123 licet
893 3063 1129 3135 indignis
1169 3065 1341 3120 servis
1392 3063 1530 3134 ejus,
1564 3067 1883 3122 obedientiac

302 3156 437 3213 colla
469 3162 612 3211 tanta
659 3156 917 3213 facilitate
942 3159 1354 3215 submitteretis.
1386 3157 1655 3231 Operatur
1701 3170 1883 3215 autem

282 3249 442 3304 idem
471 3250 583 3320 ipse
615 3250 754 3305 Deus
783 3250 837 3304 in
869 3251 1020 3306 vobis
1049 3251 1172 3317 hoc,
1221 3251 1313 3321 qui
1353 3259 1407 3306 et
1436 3251 1740 3308 laudandus
1798 3259 1883 3307 est

300 3350 524 3414 propter
551 3343 672 3404 hoc.
701 3344 903 3414 quique
926 3343 1170 3415 praevidit
1192 3359 1306 3411 vos,
1338 3353 1391 3399 et
1422 3344 1487 3398 ad
1512 3345 1660 3416 regni
1684 3345 1879 3417 guber—
1906 3322 1953 3389 (ἶ

302 3436 494 3491 uacula
538 3435 849 3503 destinavit,
893 3451 999 3506 quo
1035 3448 1254 3492 auctore
1305 3437 1453 3492 vobis
1506 3436 1680 3493 felicia
1741 3437 1881 3491 arri-

301 3530 451 3597 dent,
480 3538 537 3584 ut
568 3531 859 3595 cernimus,
896 3539 1157 3601 tempora,
1196 3539 1251 3585 et
1290 3530 1564 3602 prosperis
1598 3546 1877 3601 prospera,

302 3629 360 3675 ut
390 3620 718 3689 audivimus,
769 3622 1083 3677 succedunt.
1128 3619 1462 3695 Quapropter
1508 3620 1621 3691 ejus
1670 3604 1881 3675 miseri-

301 3715 542 3769 cordiam
587 3713 973 3785 gloriﬁcamus,
1020 3721 1075 3768 et
1110 3714 1234 3783 quia
1273 3713 1579 3783 ignoramus
1616 3728 1722 3781 quo
1767 3712 1882 3766 haec

301 3807 356 3861 in
421 3807 569 3861 vobis
612 3807 815 3877 judicio
862 3806 1118 3861 divinitus
1171 3814 1478 3875 patrantur,
1536 3804 1880 3859 dilectionem

299 3903 534 3950 vestram
594 3894 985 3950 instantissime
1045 3894 1439 3957 adhortamur,
1492 3901 1552 3946 ut
1604 3906 1874 3949 memores

300 3983 605 4056 fragilitatis
659 3984 905 4039 humanae
958 3983 1105 4038 nulla
1166 3999 1263 4038 vos
1320 3986 1599 4040 commoda
1648 3983 1876 4051 eleveut,

302 4073 443 4129 nulla
473 4074 706 4128 secunda
737 4071 1031 4127 dissolvaut
1058 4090 1071 4125 :
1118 4072 1212 4127 sed
1255 4087 1466 4143 semper
1488 4072 1554 4126 ad
1591 4072 1881 4142 vosmetip-

301 4184 391 4225 sos
421 4168 710 4234 recurrite;
745 4176 801 4223 et
846 4169 972 4238 quia
1014 4166 1143 4224 nihil
1182 4175 1265 4224 est
1311 4169 1362 4222 in
1404 4168 1618 4223 homine
1660 4168 1801 4222 unde
1822 4182 1882 4223 se

299 4260 485 4316 extolli
512 4260 725 4325 debeat,
765 4260 948 4315 sedula
991 4260 1423 4315 consideratione
1451 4260 1787 4331 perpendite.
1823 4259 1881 4315 Si

300 4368 406 4423 qua
437 4368 565 4420 ergo
607 4352 819 4408 cteiitus
850 4354 1160 4408 tribuuntur
1206 4354 1273 4408 ad
1316 4362 1521 4419 votum,
1570 4354 1881 4427 largitorem

301 4450 428 4497 ante
458 4442 645 4499 oculos
691 4452 872 4497 vestra
920 4458 1174 4499 revocare
1221 4443 1440 4499 solertia
1492 4461 1597 4500 non
1642 4447 1897 4525 omittat,_

297 4552 401 4592 nec
456 4537 510 4591 in
562 4537 648 4592 his
692 4551 811 4607 qua:
859 4537 1227 4607 temporaliter
1272 4540 1641 4593 conceduntur
1682 4536 1837 4594 bonis
1864 4581 1878 4607 ,

300 4630 597 4686 consistere
630 4630 790 4684 ﬁnem
820 4630 1112 4696 existimet,
1138 4644 1236 4685 nec
1259 4631 1368 4685 cito
1390 4630 1578 4689 deﬂuis
1616 4632 1877 4687 delectata

284 4720 669 4788 Teiicitatihus,
707 4723 962 4793 perennis
1002 4722 1351 4777 beatitudinis
1389 4725 1582 4795 gaudia
1627 4732 1880 4796 appetere

298 4817 526 4873 desinat.
556 4817 819 4888 PrOSpera
862 4832 990 4871 vero
1027 4818 1208 4873 mundi
1254 4819 1468 4874 occasio
1496 4819 1645 4877 vobis
1678 4822 1880 4876 sitcoe-

297 4909 454 4968 lestia
500 4911 720 4982 praemia
775 4910 1103 4981 requirendi,
1150 4926 1256 4964 non
1306 4911 1475 4967 fames
1522 4913 1588 4967 ad
1620 4913 1729 4968 ima
1767 4923 1881 4968 ten-

300 5003 479 5060 dendi.
531 5003 668 5059 Hinc
700 5006 974 5077 egregius
1030 5002 1318 5073 Apostolus
1378 5006 1674 5060 admonens
1724 5023 1737 5059 :
1779 5004 1882 5073 Qui

299 5105 541 5162 utuntur,
588 5096 777 5167 inquit,
819 5096 926 5156 ,Itoc
978 5096 1194 5162 mundo,
1250 5098 1498 5167 tanqua'm
1531 5114 1631 5150 non
1662 5106 1880 5151 utantur

299 5187 353 5261 (1
381 5186 502 5243 Cor.
529 5190 647 5259 vtt).
674 5188 824 5243 Tunc
861 5188 1002 5242 enim
1025 5203 1122 5241 vos
1143 5186 1510 5242 indubitanter
1530 5189 1596 5241 ad
1622 5197 1879 5244 attentam

298 5283 523 5355 gloriam
566 5282 873 5354 pertingere
918 5296 1075 5353 posse
1114 5280 1463 5345 conﬁdemus,
1514 5282 1559 5335 si
1611 5281 1663 5335 in
1720 5280 1880 5350 hujus

299 5376 423 5429 vita:
452 5374 620 5446 gloria
652 5375 855 5447 positos
876 5389 970 5429 vos
997 5371 1354 5428 humilitatem
1386 5373 1580 5427 sectari
1614 5373 1880 5427 veraciter

301 5470 652 5524 senserimus.
706 5465 979 5539 Scriptum
1026 5468 1222 5538 quippe
1267 5464 1649 5522 est:Gloriam
1687 5483 1879 5539 prazce-

300 5559 375 5613 dit
427 5557 694 5613 humilitas
725 5560 742 5630 (
772 5556 931 5613 Prov.
957 5559 1066 5625 xv)
1101 5576 1112 5611 :
1161 5574 1191 5611 e
1229 5559 1503 5613 contrario
1550 5574 1711 5613 vero:
1748 5558 1881 5613 Ante

302 5650 510 5702 ruinam
563 5648 825 5703 exaltatur
877 5666 967 5702 cor
1009 5646 1192 5721 (Prov.
1226 5648 1359 5719 xvr).
1389 5647 1494 5703 Sed
1536 5650 1652 5704 luce
1692 5666 1789 5708 nos
1813 5650 1880 5707 ad

300 5739 714 5796 aediﬁcationem
770 5740 1111 5794 sublimitatis
1170 5749 1363 5795 vestra:
1430 5756 1590 5808 quam
1654 5750 1878 5813 paterno

303 5831 683 5887 incunctanter
747 5830 937 5887 aiiectu
1006 5831 1317 5903 diligimus,
1371 5834 1571 5891 cursim
1640 5834 1876 5911 tetigisse

300 5933 481 5987 vestra
537 5924 769 5982 libenter
813 5925 1169 6001 tranquillitas
1211 5925 1440 5994 noverit,
1493 5934 1547 5985 et
1595 5943 1661 5986 eo
1709 5943 1815 6002 quo
1843 5943 1874 5987 a

1907 4646 1959 4752 ιδ

1979 681 2257 741 gratanter
2307 674 2565 746 suscipiat
2603 675 2838 735 animus.
2886 673 3155 735 Caetenun
3180 676 3253 735 de
3303 676 3557 743 Rhotado

1978 764 2269 821 venerabili
2296 767 2566 838 episcopo,
2599 768 2666 824 de
2698 782 2807 845 quo
2837 769 3162 840 apostolatui
3184 780 3369 833 nostro
3391 770 3557 833 omit-

1981 855 2199 912 tcudum
2234 874 2341 914 non
2378 867 2481 925 est,
2525 859 2719 917 iterum
2757 860 3063 935 iterumque
3103 863 3462 935 suggerimus.
3496 871 3558 923 ut

1978 950 2124 1006 omni
2181 951 2352 1007 desita
2399 951 2776 1017 amaritudine,
2837 968 3002 1027 quam
3058 954 3203 1013 circa
3255 955 3404 1015 illum
3455 955 3539 1015 cel

1982 1041 2235 1099 situdinis
2274 1053 2468 1097 vestrae
2502 1042 2698 1097 retinet
2741 1043 3059 1115 indignatio,
3084 1061 3185 1116 pro
3213 1060 3398 1101 amore
3437 1060 3544 1119 apo

1978 1132 2234 1187 stolarum
2272 1132 2556 1205 principis,
2600 1133 2668 1189 ad
2707 1132 2861 1204 cujus
2904 1136 3111 1204 sedem,
3146 1137 3272 1192 dum
3314 1138 3561 1203 anxiaral

1980 1231 2067 1278 tur
2094 1239 2188 1278 cor
2223 1223 2359 1293 ejus,
2411 1225 2683 1293 clamavit,
2722 1228 2952 1300 gratiam
3002 1228 3074 1284 illi
3126 1230 3558 1303 impartiamiui;

1954 1323 2034 1389 .et
2060 1313 2379 1386 placabilem
2416 1330 2544 1388 erga
2589 1330 2713 1372 eum
2766 1317 2942 1388 pietas
2979 1329 3163 1376 vestra
3189 1360 3204 1386 ,
3244 1329 3564 1393 gratamque

1980 1406 2034 1461 in
2060 1408 2310 1463 omnibus
2339 1423 2398 1463 se
2431 1424 2657 1480 prorsus
2684 1409 2961 1477 exhibeat,
2995 1411 3066 1466 ita
3095 1420 3155 1467 ut
3180 1427 3303 1468 cum
3335 1412 3561 1468 Romam

1976 1498 2321 1573 profecturus
2356 1499 2478 1564 erit,
2530 1511 2713 1557 vestra
2769 1501 2843 1557 illi
2889 1502 3210 1561 sufﬁcientia
3257 1504 3314 1560 in
3370 1506 3565 1562 itinere

1980 1606 2086 1645 non
2120 1592 2302 1646 desint
2345 1590 2533 1646 solatia
2565 1609 2578 1647 :
2613 1593 2707 1648 sed
2756 1595 2937 1666 potius
2982 1595 3184 1653 vestris
3235 1595 3427 1652 saltem
3466 1612 3565 1669 pro

1980 1682 2136 1755 nobis
2156 1685 2354 1741 ditatus
2383 1685 2684 1751 beneﬁciis,
2728 1702 2793 1742 ac
2828 1685 2992 1744 fultus
3020 1687 3298 1755 subsidiis,
3326 1688 3393 1745 ad
3420 1701 3566 1759 ccep-

1984 1786 2094 1831 tum
2118 1777 2424 1849 pertingere
2449 1786 2612 1849 queat
2656 1779 2773 1836 sine
2804 1780 2984 1851 aliqua
3034 1780 3347 1838 diﬂicultate
3373 1797 3565 1853 propo-

1982 1869 2165 1925 situm.
2192 1869 2363 1926 Porro
2406 1871 2474 1927 de
2530 1871 2616 1928 his
2670 1888 2770 1942 pro
2818 1874 3013 1944 quibus
3064 1875 3421 1947 apostolatum
3471 1889 3568 1930 no-

1913 1948 1956 2013 Β
1986 1972 2154 2022 suum
2186 1962 2472 2024 consulere
2504 1963 2702 2025 merito
2732 1964 3077 2037 decrevistis,
3101 1964 3263 2024 fratri
3300 1975 3356 2023 et
3380 1965 3564 2040 coepi—

1980 2074 2143 2130 scopo
2172 2070 2356 2117 nostro
2389 2060 2701 2128 Hincmaro,
2753 2061 2895 2134 quod
2948 2061 3101 2119 nobis
3138 2061 3417 2119 tolerabile
3446 2076 3567 2118 esse

1977 2152 2213 2217 videtur,
2251 2154 2662 2210 custodiendum
2711 2168 2777 2209 ac
2831 2138 3237 2211 decernendum
3288 2152 3569 2211 mandavi—

1979 2260 2119 2300 mus.
2148 2243 2418 2301 Prteterea
2468 2244 2718 2302 nolumus
2744 2246 2994 2317 ignorare
3035 2254 3270 2303 vestram
3297 2249 3566 2320 sagacitas
3604 2288 3611 2291 -
3704 2232 3713 2240 ’

1983 2346 2112 2403 tem,
2144 2338 2286 2409 quod
2311 2337 2439 2393 licet
2484 2353 2698 2407 semper
2736 2336 3083 2394 diiexerimus
3128 2352 3242 2401 vos,
3274 2336 3568 2410 plurimum

1980 2435 2161 2481 tamen
2187 2428 2388 2483 amoris
2428 2426 2574 2484 cordi
2602 2438 2787 2485 nostro
2811 2427 3156 2497 praesentium
3192 2427 3393 2491 latores
3418 2427 3563 2483 inse-

1980 2525 2223 2581 ruerunt,
2255 2516 2345 2586 qui
2376 2516 2577 2572 sedulis
2611 2517 3078 2587 prosecutionibus
3125 2516 3236 2574 suis
3292 2526 3401 2575 tam
3463 2516 3567 2579 mi,-

1984 2608 2151 2665 rauda
2177 2608 2243 2664 de
2286 2610 2435 2666 vobis
2477 2611 2680 2666 nostris
2724 2609 2945 2665 auribus
2992 2608 3348 2671 inculcat-unt.
3406 2606 3557 2669 Unde

1982 2710 2035 2756 et
2086 2702 2512 2772 omnipotentem
2566 2703 2733 2758 Deum
2790 2701 2986 2756 merito
3035 2701 3336 2767 laudamus,
3391 2709 3445 2756 et
3495 2700 3565 2759 ad

1982 2791 2285 2848 dilectionis
2346 2800 2542 2849 vestra:
2590 2792 2837 2848 ardorem
2890 2792 3059 2865 magis
3119 2807 3181 2849 ac
3242 2791 3414 2865 magis
3469 2805 3565 2848 cor

1981 2893 2223 2938 nostrum
2265 2892 2658 2955 consequenter
2696 2884 3093 2953 succeudimus.
3146 2882 3408 2957 Optamus
3449 2881 3561 2958 310-.

1984 2976 2120 3030 rimo
2142 2982 2376 3031 vestram
2401 2976 2454 3031 in
2485 2974 2704 3031 Christo
2727 2977 2862 3030 bene
2887 2974 3088 3028 valere.

2676 3089 2861 3151 XLIX.

2357 3198 2426 3239 AD
2470 3196 2895 3241 HERIINTIIUDEI
2934 3194 3191 3237 REGINAI‘.

2587 3274 2765 3348 (Auno
2813 3276 2963 3345 865.)
3114 3284 3115 3287 ‘

1984 3388 2280 3474 Respondet
2320 3406 2373 3476 se
2415 3407 2628 3446 causam
2677 3391 3110 3476 Riotbadihguod
3152 3390 3246 3446 illa
3288 3386 3568 3476 ianuroli

2053 3461 2185 3533 regis
2217 3464 2444 3533 gratiam
2492 3463 2818 3534 suggerebat,
2876 3461 3222 3518 indiscussam
3282 3461 3574 3533 relinquere

2055 3550 2157 3588 non
2182 3550 2347 3604 posse.

2598 3602 2811 3675 [Mansi,
2837 3601 2990 3675 ibid.)

2052 3715 2322 3773 NICOLAUS
2341 3715 2645 3786 episcopus,
2670 3728 2857 3769 servus
2883 3727 3162 3769 servorum
3186 3711 3303 3781 Dei,
3329 3710 3573 3779 Haustus:

1986 3822 2146 3862 τιιυῐιι
2175 3805 2424 3877 gloriosae
2457 3806 2672 3875 regince.
3108 3868 3113 3873 _
3557 3806 3564 3815 ‘

2053 3898 2288 3953 Litteras
2311 3896 2611 3953 dilectionis
2634 3904 2824 3953 vestra:
2843 3937 2858 3965 ,
2883 3896 2991 3953 ﬁlia
3015 3894 3354 3961 charissima,
3383 3904 3441 3950 ut
3467 3911 3565 3951 nec

1983 3997 2154 4045 strum
2178 4006 2356 4062 regem
2381 3988 2652 4056 Caroium,
2668 3989 2843 4044 virum
2864 3996 3125 4053 vestrum,
3142 3999 3381 4044 nostrum
3396 3995 3575 4043 autem

1982 4081 2237 4139 dilectum
2270 4081 2436 4137 ﬁlium
2458 4123 2472 4148 ,
2502 4083 2554 4137 in
2586 4098 2753 4141 causa
2783 4082 3014 4139 Rothadi
3049 4081 3285 4155 episcopi
3313 4078 3569 4138 exauditi.

1982 4194 2121 4245 mus,
2152 4194 2248 4234 nos
2272 4180 2572 4244 hortantes,
2602 4195 2729 4236 ecce
2758 4196 2901 4236 nunc
2927 4178 3165 4237 secundo
3205 4182 3568 4252 suscepimus.

1982 4272 2088 4347 Ρνο
2106 4287 2212 4345 qua
2236 4287 2317 4339 re,
2334 4272 2463 4327 mihi
2480 4274 2660 4338 crede,
2680 4273 2905 4329 multum
2929 4273 3213 4331 anxiamur
3232 4272 3573 4346 multumque

1983 4363 2219 4433 undique
2262 4374 2655 4421 coarctamur:
2706 4365 2962 4435 quoniam
3007 4380 3106 4421 nec
3150 4380 3248 4420 nos
3285 4378 3576 4434 possumus

1986 4457 2158 4521 vobis,
2182 4464 2240 4511 ut
2270 4458 2551 4513 uobiscum
2574 4457 2640 4513 de
2668 4457 2758 4513 illo
2780 4473 2945 4514 unum
2975 4455 3218 4513 sentiatis
3237 4496 3253 4522 ,
3285 4455 3336 4510 id
3367 4454 3576 4524 ipsum-

1982 4565 2087 4627 que
2127 4550 2331 4621 velitis,
2365 4551 2626 4607 suadere:
2674 4568 2773 4609 uec
2806 4566 3021 4611 rurSum
3063 4564 3226 4606 causa
3276 4547 3399 4631 talis
3440 4555 3557 4615 est,

1984 4642 2124 4719 quod
2149 4643 2267 4698 sine
2314 4640 2609 4699 oiI'eusione
2659 4641 2752 4699 Dei
2802 4657 2900 4697 nos
2955 4639 3228 4695 valeamus
3262 4644 3551 4707 utrumque

1983 4742 2325 4805 postponere.
2370 4734 2606 4800 Verum,
2651 4733 2757 4787 ﬁlia
2781 4773 2794 4798 ,
2834 4740 2895 4785 ut
2930 4746 3050 4785 cum
3087 4726 3351 4783 charitate
3393 4736 3573 4783 vestra

1984 4828 2180 4895 dicam,
2207 4828 2250 4883 si
2280 4837 2529 4899 Oporteat
2556 4829 2776 4907 obedire
2807 4826 2918 4881 Deo
2947 4822 3117 4896 magis
3143 4836 3303 4899 quam
3343 4820 3577 4875 homini-

1984 4920 2104 4989 bus,
2138 4919 2251 4990 ipsa
2295 4919 2471 4987 potius
2492 4917 2700 4988 judica.
2736 4914 2846 4971 Nos
2871 4924 3048 4970 autem
3092 4926 3312 4966 causam
3342 4908 3573 4966 Rothadi

1985 4990 2037 5064 in
2064 5010 2264 5067 virtute
2286 5008 2379 5062 Dei
2404 5024 2509 5063 non
2536 5008 2825 5077 patiemur,
2844 5007 2957 5059 vita
2983 5003 3200 5065 comite,
3218 5000 3573 5084 indiscussam

1987 5102 2253 5173 relinqui,
2285 5110 2646 5173 praeterquam
2685 5100 2729 5154 si
2774 5107 2899 5152 ante
2936 5098 3076 5152 idem
3123 5093 3447 5167 venerabilis
3490 5094 3576 5149 vir

1986 5194 2215 5263 pristino
2266 5192 2427 5247 fuerit
2471 5191 2662 5247 honori
2707 5207 2770 5244 ac
2811 5187 3061 5258 dignitati
3096 5186 3371 5252 redditus,
3411 5200 3574 5257 quam

1988 5300 2169 5340 coram
2196 5292 2379 5347 nostra
2424 5282 2642 5354 speciali
2678 5281 2990 5354 praesentia,
3030 5278 3383 5335 discernenda
3411 5292 3574 5334 causa

1988 5375 2152 5444 ipsius
2177 5371 2449 5428 exstiterit
2487 5365 2829 5445 praesentata.
2857 5369 3009 5438 Quis,
3040 5383 3192 5440 rogo,
3226 5368 3280 5422 in
3307 5377 3420 5421 t0to
3444 5366 3575 5422 orbe

1986 5468 2137 5539 regni
2166 5465 2330 5521 vestri
2360 5465 2541 5531 laesus,
2567 5474 2662 5519 aut
2696 5463 2999 5530 laedendus,
3033 5462 3295 5518 clamaret
3337 5474 3572 5531 unquam

1986 5560 2053 5615 ad
2075 5557 2459 5615 sublimitatem
2490 5568 2747 5627 vestram,
2775 5558 2927 5630 cujus
2953 5572 3049 5612 vos
3072 5571 3258 5611 vocem
3282 5562 3571 5625 postpone-

1985 5652 2148 5718 retis,
2177 5660 2234 5706 et
2276 5668 2383 5706 non
2420 5653 2591 5724 magis
2614 5651 2819 5707 ultione
2861 5650 3106 5706 districta
3149 5645 3318 5718 ipsius
3349 5644 3573 5714 injurias

1982 5744 2377 5800 vindicaretis?
2406 5752 2461 5800 et
2483 5732 2581 5800 nos
2613 5759 2718 5817 quo
2763 5743 2921 5798 modo
2949 5739 3155 5797 hortari
3195 5737 3484 5803 Videmiui,
3515 5744 3574 5792 ut

1980 5850 2169 5892 vocem
2196 5835 2473 5908 sanguinis
2500 5837 2685 5891 lratris
2709 5835 2880 5891 nostri
2914 5848 3018 5887 non
3048 5826 3441 5884 rxaudiamus?
3465 5827 3579 5909 Aut

1977 5929 2247 6007 quomodo
2269 5930 2642 5989 obturabimus
2682 5942 2842 5987 aures
2868 5925 2935 5983 ad
2965 5925 3231 5983 clamores
3256 5920 3423 5992 illius,
3447 5914 3583 5981 cum'
