  <div class='ocr_page' id='page_1' title='image "/cluster/home/n/w/nwhite01/storage/ocr_20150623/119/hvd.32044015466915/437.png"; bbox 0 0 4070 6310; ppageno 0'>
   <div class='ocr_carea' id='block_1_1' title="bbox 535 361 646 421">
    <p class='ocr_par' dir='ltr' id='par_1_1' title="bbox 535 361 646 421">
     <span class='ocr_line' id='line_1_1' title="bbox 535 361 646 421; baseline 0 0"><span class='ocrx_word' id='word_1_1' title='bbox 535 361 646 421; x_wconf 74' lang='lat'><strong>803</strong></span> 
     </span>
    </p>
   </div>
   <div class='ocr_carea' id='block_1_2' title="bbox 1923 345 2498 407">
    <p class='ocr_par' dir='ltr' id='par_1_2' title="bbox 1923 345 2498 407">
     <span class='ocr_line' id='line_1_2' title="bbox 1923 345 2498 407; baseline -0.002 -3"><span class='ocrx_word' id='word_1_2' title='bbox 1923 346 2198 407; x_wconf 80' lang='lat' dir='ltr'><strong>NICOLAI</strong></span> <span class='ocrx_word' id='word_1_3' title='bbox 2234 347 2438 406; x_wconf 68' lang='lat' dir='ltr'><strong>PAPE</strong></span> <span class='ocrx_word' id='word_1_4' title='bbox 2475 345 2498 402; x_wconf 80' lang='grc' dir='ltr'>Ι</span> 
     </span>
    </p>
   </div>
   <div class='ocr_carea' id='block_1_3' title="bbox 3714 349 3815 410">
    <p class='ocr_par' dir='ltr' id='par_1_3' title="bbox 3714 349 3815 410">
     <span class='ocr_line' id='line_1_3' title="bbox 3714 349 3815 410; baseline 0.01 -1"><span class='ocrx_word' id='word_1_5' title='bbox 3714 349 3815 410; x_wconf 75' lang='grc' dir='ltr'><strong>εθι</strong></span> 
     </span>
    </p>
   </div>
   <div class='ocr_carea' id='block_1_4' title="bbox 533 460 3814 545">
    <p class='ocr_par' dir='ltr' id='par_1_4' title="bbox 533 460 3814 545">
     <span class='ocr_line' id='line_1_4' title="bbox 533 460 3814 545; baseline -0.003 -10"><span class='ocrx_word' id='word_1_6' title='bbox 533 479 891 537; x_wconf 73' lang='lat' dir='ltr'><strong>vehementer</strong></span> <span class='ocrx_word' id='word_1_7' title='bbox 928 484 1222 545; x_wconf 84' lang='lat' dir='ltr'><strong>paveamus</strong></span> <span class='ocrx_word' id='word_1_8' title='bbox 1261 481 1330 524; x_wconf 90' lang='lat' dir='ltr'><strong>ne</strong></span> <span class='ocrx_word' id='word_1_9' title='bbox 1365 475 1552 524; x_wconf 88' lang='lat' dir='ltr'><strong>nostra</strong></span> <span class='ocrx_word' id='word_1_10' title='bbox 1593 466 1664 524; x_wconf 93' lang='lat' dir='ltr'><strong>ob</strong></span> <span class='ocrx_word' id='word_1_11' title='bbox 1697 467 1802 523; x_wconf 91' lang='lat' dir='ltr'><strong>hoc</strong></span> <span class='ocrx_word' id='word_1_12' title='bbox 1830 465 1927 523; x_wconf 90' lang='lat' dir='ltr'><strong>ﬁat</strong></span> <span class='ocrx_word' id='word_1_13' title='bbox 1949 466 2124 524; x_wconf 81' lang='lat' dir='ltr'><strong>oratio</strong></span> <span class='ocrx_word' id='word_1_14' title='bbox 2148 468 2203 531; x_wconf 77' lang='grc' dir='ltr'>Α</span> <span class='ocrx_word' id='word_1_15' title='bbox 2227 465 2424 537; x_wconf 87' lang='lat' dir='ltr'><strong>vilegio</strong></span> <span class='ocrx_word' id='word_1_16' title='bbox 2442 464 2607 520; x_wconf 89' lang='lat' dir='ltr'><strong>etiam</strong></span> <span class='ocrx_word' id='word_1_17' title='bbox 2627 460 2785 521; x_wconf 88' lang='lat' dir='ltr'><strong>nobis</strong></span> <span class='ocrx_word' id='word_1_18' title='bbox 2807 469 3030 521; x_wconf 80' lang='lat' dir='ltr'><strong>ostenso</strong></span> <span class='ocrx_word' id='word_1_19' title='bbox 3059 463 3280 522; x_wconf 75' lang='lat' dir='ltr'><strong>fatetur.</strong></span> <span class='ocrx_word' id='word_1_20' title='bbox 3308 464 3368 522; x_wconf 89' lang='lat' dir='ltr'><strong>Si</strong></span> <span class='ocrx_word' id='word_1_21' title='bbox 3397 479 3527 522; x_wconf 88' lang='lat' dir='ltr'><strong>vero</strong></span> <span class='ocrx_word' id='word_1_22' title='bbox 3546 467 3814 540; x_wconf 81' lang='lat' dir='ltr'><strong>quispiam</strong></span> 
     </span>
    </p>
   </div>
   <div class='ocr_carea' id='block_1_5' title="bbox 538 561 2125 635">
    <p class='ocr_par' dir='ltr' id='par_1_5' title="bbox 538 561 2125 635">
     <span class='ocr_line' id='line_1_5' title="bbox 538 561 2125 635; baseline -0.008 -6"><span class='ocrx_word' id='word_1_23' title='bbox 538 568 933 635; x_wconf 81' lang='lat' dir='ltr'><strong>exsecrabilis,</strong></span> <span class='ocrx_word' id='word_1_24' title='bbox 969 566 1405 633; x_wconf 90' lang='lat' dir='ltr'><strong>clamemusque,</strong></span> <span class='ocrx_word' id='word_1_25' title='bbox 1446 563 1588 618; x_wconf 88' lang='lat' dir='ltr'><strong>sicut</strong></span> <span class='ocrx_word' id='word_1_26' title='bbox 1620 561 1882 632; x_wconf 88' lang='lat' dir='ltr'><strong>scriptum</strong></span> <span class='ocrx_word' id='word_1_27' title='bbox 1911 569 2028 627; x_wconf 90' lang='lat' dir='ltr'><strong>est,</strong></span> <span class='ocrx_word' id='word_1_28' title='bbox 2067 568 2125 616; x_wconf 86' lang='lat' dir='ltr'><strong>et</strong></span> 
     </span>
    </p>
   </div>
   <div class='ocr_carea' id='block_1_6' title="bbox 531 651 2124 726">
    <p class='ocr_par' dir='ltr' id='par_1_6' title="bbox 531 651 2124 726">
     <span class='ocr_line' id='line_1_6' title="bbox 531 651 2124 726; baseline -0.009 -4"><span class='ocrx_word' id='word_1_29' title='bbox 531 679 645 722; x_wconf 90' lang='lat' dir='ltr'><strong>non</strong></span> <span class='ocrx_word' id='word_1_30' title='bbox 674 657 1062 720; x_wconf 84' lang='lat' dir='ltr'><strong>exaudiamur?</strong></span> <span class='ocrx_word' id='word_1_31' title='bbox 1087 654 1246 711; x_wconf 84' lang='lat' dir='ltr'><strong>Certe</strong></span> <span class='ocrx_word' id='word_1_32' title='bbox 1263 668 1364 726; x_wconf 94' lang='lat' dir='ltr'><strong>pro</strong></span> <span class='ocrx_word' id='word_1_33' title='bbox 1390 651 1769 719; x_wconf 90' lang='lat' dir='ltr'><strong>sollicitudine,</strong></span> <span class='ocrx_word' id='word_1_34' title='bbox 1795 666 1958 724; x_wconf 86' lang='lat' dir='ltr'><strong>quam</strong></span> <span class='ocrx_word' id='word_1_35' title='bbox 1979 651 2124 708; x_wconf 89' lang='lat' dir='ltr'><strong>circa</strong></span> 
     </span>
    </p>
   </div>
   <div class='ocr_carea' id='block_1_7' title="bbox 533 741 2126 818">
    <p class='ocr_par' dir='ltr' id='par_1_7' title="bbox 533 741 2126 818">
     <span class='ocr_line' id='line_1_7' title="bbox 533 741 2126 818; baseline -0.01 -4"><span class='ocrx_word' id='word_1_36' title='bbox 533 755 834 814; x_wconf 87' lang='lat' dir='ltr'><strong>Ecclesiam</strong></span> <span class='ocrx_word' id='word_1_37' title='bbox 863 751 959 809; x_wconf 90' lang='lat' dir='ltr'><strong>Dei</strong></span> <span class='ocrx_word' id='word_1_38' title='bbox 1001 749 1300 806; x_wconf 87' lang='lat' dir='ltr'><strong>retinemus</strong></span> <span class='ocrx_word' id='word_1_39' title='bbox 1327 746 1659 812; x_wconf 81' lang='lat' dir='ltr'><strong>universam,</strong></span> <span class='ocrx_word' id='word_1_40' title='bbox 1692 755 1749 801; x_wconf 91' lang='lat' dir='ltr'><strong>et</strong></span> <span class='ocrx_word' id='word_1_41' title='bbox 1775 760 1877 818; x_wconf 86' lang='lat' dir='ltr'><strong>pro</strong></span> <span class='ocrx_word' id='word_1_42' title='bbox 1907 741 2126 817; x_wconf 85' lang='lat' dir='ltr'><strong>speciali</strong></span> 
     </span>
    </p>
   </div>
   <div class='ocr_carea' id='block_1_8' title="bbox 533 839 2127 920">
    <p class='ocr_par' dir='ltr' id='par_1_8' title="bbox 533 839 2127 920">
     <span class='ocr_line' id='line_1_8' title="bbox 533 839 2127 920; baseline -0.008 -13"><span class='ocrx_word' id='word_1_43' title='bbox 533 866 682 914; x_wconf 91' lang='lat' dir='ltr'><strong>cura,</strong></span> <span class='ocrx_word' id='word_1_44' title='bbox 703 862 865 920; x_wconf 92' lang='lat' dir='ltr'><strong>quam</strong></span> <span class='ocrx_word' id='word_1_45' title='bbox 888 846 1034 903; x_wconf 85' lang='lat' dir='ltr'><strong>circa</strong></span> <span class='ocrx_word' id='word_1_46' title='bbox 1057 851 1282 901; x_wconf 90' lang='lat' dir='ltr'><strong>cunctos</strong></span> <span class='ocrx_word' id='word_1_47' title='bbox 1304 840 1502 899; x_wconf 78' lang='lat' dir='ltr'><strong>fratres</strong></span> <span class='ocrx_word' id='word_1_48' title='bbox 1523 850 1740 898; x_wconf 88' lang='lat' dir='ltr'><strong>nostros</strong></span> <span class='ocrx_word' id='word_1_49' title='bbox 1757 839 2127 912; x_wconf 85' lang='lat' dir='ltr'><strong>principaliter</strong></span> 
     </span>
    </p>
   </div>
   <div class='ocr_carea' id='block_1_9' title="bbox 533 931 2126 1005">
    <p class='ocr_par' dir='ltr' id='par_1_9' title="bbox 533 931 2126 1005">
     <span class='ocr_line' id='line_1_9' title="bbox 533 931 2126 1005; baseline -0.008 -8"><span class='ocrx_word' id='word_1_50' title='bbox 533 941 828 1005; x_wconf 86' lang='lat' dir='ltr'><strong>habemus,</strong></span> <span class='ocrx_word' id='word_1_51' title='bbox 876 938 978 993; x_wconf 90' lang='lat' dir='ltr'><strong>etsi</strong></span> <span class='ocrx_word' id='word_1_52' title='bbox 1027 949 1306 1004; x_wconf 85' lang='lat' dir='ltr'><strong>nunquam</strong></span> <span class='ocrx_word' id='word_1_53' title='bbox 1343 941 1622 999; x_wconf 84' lang='lat' dir='ltr'><strong>vocasset,</strong></span> <span class='ocrx_word' id='word_1_54' title='bbox 1657 949 1687 986; x_wconf 91' lang='lat' dir='ltr'><strong>a</strong></span> <span class='ocrx_word' id='word_1_55' title='bbox 1715 931 1871 987; x_wconf 91' lang='lat' dir='ltr'><strong>nobis</strong></span> <span class='ocrx_word' id='word_1_56' title='bbox 1913 945 2126 987; x_wconf 90' lang='lat' dir='ltr'><strong>summa</strong></span> 
     </span>
    </p>
   </div>
   <div class='ocr_carea' id='block_1_10' title="bbox 532 1025 2123 1107">
    <p class='ocr_par' dir='ltr' id='par_1_10' title="bbox 532 1025 2123 1107">
     <span class='ocr_line' id='line_1_10' title="bbox 532 1025 2123 1107; baseline -0.008 -15"><span class='ocrx_word' id='word_1_57' title='bbox 532 1034 809 1107; x_wconf 84' lang='lat' dir='ltr'><strong>diligentia</strong></span> <span class='ocrx_word' id='word_1_58' title='bbox 831 1033 1024 1105; x_wconf 70' lang='lat' dir='ltr'><strong>quaeri,</strong></span> <span class='ocrx_word' id='word_1_59' title='bbox 1059 1039 1114 1087; x_wconf 89' lang='lat' dir='ltr'><strong>et</strong></span> <span class='ocrx_word' id='word_1_60' title='bbox 1157 1027 1486 1100; x_wconf 89' lang='lat' dir='ltr'><strong>competenti</strong></span> <span class='ocrx_word' id='word_1_61' title='bbox 1525 1028 1788 1084; x_wconf 87' lang='lat' dir='ltr'><strong>debuerat</strong></span> <span class='ocrx_word' id='word_1_62' title='bbox 1818 1027 1998 1083; x_wconf 91' lang='lat' dir='ltr'><strong>studio</strong></span> <span class='ocrx_word' id='word_1_63' title='bbox 2025 1025 2123 1081; x_wconf 91' lang='lat' dir='ltr'><strong>ad-</strong></span> 
     </span>
    </p>
   </div>
   <div class='ocr_carea' id='block_1_11' title="bbox 523 1119 2125 1196">
    <p class='ocr_par' dir='ltr' id='par_1_11' title="bbox 523 1119 2125 1196">
     <span class='ocr_line' id='line_1_11' title="bbox 523 1119 2125 1196; baseline -0.003 -15"><span class='ocrx_word' id='word_1_64' title='bbox 523 1126 723 1196; x_wconf 88' lang='lat' dir='ltr'><strong>juvari.</strong></span> <span class='ocrx_word' id='word_1_65' title='bbox 762 1125 916 1192; x_wconf 83' lang='lat' dir='ltr'><strong>Quod</strong></span> <span class='ocrx_word' id='word_1_66' title='bbox 946 1132 1126 1180; x_wconf 90' lang='lat' dir='ltr'><strong>autem</strong></span> <span class='ocrx_word' id='word_1_67' title='bbox 1177 1121 1495 1193; x_wconf 85' lang='lat' dir='ltr'><strong>scripsistis,</strong></span> <span class='ocrx_word' id='word_1_68' title='bbox 1527 1120 1656 1190; x_wconf 86' lang='lat' dir='ltr'><strong>quia</strong></span> <span class='ocrx_word' id='word_1_69' title='bbox 1685 1120 1728 1174; x_wconf 91' lang='lat' dir='ltr'><strong>si</strong></span> <span class='ocrx_word' id='word_1_70' title='bbox 1771 1119 2125 1176; x_wconf 84' lang='lat' dir='ltr'><strong>exaudiamus</strong></span> 
     </span>
    </p>
   </div>
   <div class='ocr_carea' id='block_1_12' title="bbox 529 1214 2124 1286">
    <p class='ocr_par' dir='ltr' id='par_1_12' title="bbox 529 1214 2124 1286">
     <span class='ocr_line' id='line_1_12' title="bbox 529 1214 2124 1286; baseline -0.003 -11"><span class='ocrx_word' id='word_1_71' title='bbox 529 1219 701 1276; x_wconf 89' lang='lat' dir='ltr'><strong>ﬁlium</strong></span> <span class='ocrx_word' id='word_1_72' title='bbox 731 1227 997 1284; x_wconf 89' lang='lat' dir='ltr'><strong>nostrum,</strong></span> <span class='ocrx_word' id='word_1_73' title='bbox 1031 1233 1138 1273; x_wconf 94' lang='lat' dir='ltr'><strong>non</strong></span> <span class='ocrx_word' id='word_1_74' title='bbox 1184 1216 1602 1280; x_wconf 86' lang='lat' dir='ltr'><strong>detrimentum,</strong></span> <span class='ocrx_word' id='word_1_75' title='bbox 1634 1214 1729 1270; x_wconf 90' lang='lat' dir='ltr'><strong>sed</strong></span> <span class='ocrx_word' id='word_1_76' title='bbox 1774 1223 2124 1286; x_wconf 85' lang='lat' dir='ltr'><strong>augmentum</strong></span> 
     </span>
    </p>
   </div>
   <div class='ocr_carea' id='block_1_13' title="bbox 527 1306 2124 1380">
    <p class='ocr_par' dir='ltr' id='par_1_13' title="bbox 527 1306 2124 1380">
     <span class='ocr_line' id='line_1_13' title="bbox 527 1306 2124 1380; baseline -0.006 -12"><span class='ocrx_word' id='word_1_77' title='bbox 527 1311 770 1368; x_wconf 64' lang='lat' dir='ltr'><strong>ecclesiae</strong></span> <span class='ocrx_word' id='word_1_78' title='bbox 796 1321 998 1366; x_wconf 56' lang='lat' dir='ltr'><strong>nostris</strong></span> <span class='ocrx_word' id='word_1_79' title='bbox 1019 1309 1316 1380; x_wconf 83' lang='lat' dir='ltr'><strong>privilegiis</strong></span> <span class='ocrx_word' id='word_1_80' title='bbox 1341 1316 1661 1379; x_wconf 78' lang='lat' dir='ltr'><strong>generetur:</strong></span> <span class='ocrx_word' id='word_1_81' title='bbox 1696 1321 1794 1361; x_wconf 90' lang='lat' dir='ltr'><strong>nos</strong></span> <span class='ocrx_word' id='word_1_82' title='bbox 1821 1306 2124 1361; x_wconf 88' lang='lat' dir='ltr'><strong>certissime</strong></span> 
     </span>
    </p>
   </div>
   <div class='ocr_carea' id='block_1_14' title="bbox 528 1397 2121 1472">
    <p class='ocr_par' dir='ltr' id='par_1_14' title="bbox 528 1397 2121 1472">
     <span class='ocr_line' id='line_1_14' title="bbox 528 1397 2121 1472; baseline -0.004 -13"><span class='ocrx_word' id='word_1_83' title='bbox 528 1404 823 1470; x_wconf 90' lang='lat' dir='ltr'><strong>credimus,</strong></span> <span class='ocrx_word' id='word_1_84' title='bbox 851 1402 977 1470; x_wconf 88' lang='lat' dir='ltr'><strong>quia</strong></span> <span class='ocrx_word' id='word_1_85' title='bbox 1009 1401 1290 1472; x_wconf 85' lang='lat' dir='ltr'><strong>privilegia</strong></span> <span class='ocrx_word' id='word_1_86' title='bbox 1337 1409 1542 1455; x_wconf 87' lang='lat' dir='ltr'><strong>sanctae</strong></span> <span class='ocrx_word' id='word_1_87' title='bbox 1573 1399 1833 1455; x_wconf 83' lang='lat' dir='ltr'><strong>Romanae</strong></span> <span class='ocrx_word' id='word_1_88' title='bbox 1862 1397 2121 1454; x_wconf 60' lang='lat' dir='ltr'><strong>Ecclesia}</strong></span> 
     </span>
    </p>
   </div>
   <div class='ocr_carea' id='block_1_15' title="bbox 523 1490 2123 1568">
    <p class='ocr_par' dir='ltr' id='par_1_15' title="bbox 523 1490 2123 1568">
     <span class='ocr_line' id='line_1_15' title="bbox 523 1490 2123 1568; baseline -0.003 -17"><span class='ocrx_word' id='word_1_89' title='bbox 523 1497 731 1551; x_wconf 90' lang='lat' dir='ltr'><strong>nullum</strong></span> <span class='ocrx_word' id='word_1_90' title='bbox 764 1505 989 1568; x_wconf 91' lang='lat' dir='ltr'><strong>possunt</strong></span> <span class='ocrx_word' id='word_1_91' title='bbox 1013 1495 1285 1550; x_wconf 90' lang='lat' dir='ltr'><strong>sustinere</strong></span> <span class='ocrx_word' id='word_1_92' title='bbox 1303 1493 1708 1558; x_wconf 88' lang='lat' dir='ltr'><strong>detrimentum,</strong></span> <span class='ocrx_word' id='word_1_93' title='bbox 1735 1507 1838 1548; x_wconf 90' lang='lat' dir='ltr'><strong>nec</strong></span> <span class='ocrx_word' id='word_1_94' title='bbox 1858 1490 2123 1561; x_wconf 90' lang='lat' dir='ltr'><strong>plantatio</strong></span> 
     </span>
    </p>
   </div>
   <div class='ocr_carea' id='block_1_16' title="bbox 527 1581 2124 1656">
    <p class='ocr_par' dir='ltr' id='par_1_16' title="bbox 527 1581 2124 1656">
     <span class='ocr_line' id='line_1_16' title="bbox 527 1581 2124 1656; baseline -0.001 -16"><span class='ocrx_word' id='word_1_95' title='bbox 527 1601 690 1656; x_wconf 91' lang='lat' dir='ltr'><strong>quam</strong></span> <span class='ocrx_word' id='word_1_96' title='bbox 721 1586 959 1643; x_wconf 76' lang='lat' dir='ltr'><strong>cmlestis</strong></span> <span class='ocrx_word' id='word_1_97' title='bbox 1002 1593 1160 1656; x_wconf 90' lang='lat' dir='ltr'><strong>pater</strong></span> <span class='ocrx_word' id='word_1_98' title='bbox 1185 1594 1371 1640; x_wconf 90' lang='lat' dir='ltr'><strong>noster</strong></span> <span class='ocrx_word' id='word_1_99' title='bbox 1395 1582 1662 1654; x_wconf 84' lang='lat' dir='ltr'><strong>plantavit</strong></span> <span class='ocrx_word' id='word_1_100' title='bbox 1693 1581 1985 1647; x_wconf 87' lang='lat' dir='ltr'><strong>eradicari,</strong></span> <span class='ocrx_word' id='word_1_101' title='bbox 2020 1597 2124 1638; x_wconf 89' lang='lat' dir='ltr'><strong>nec</strong></span> 
     </span>
    </p>
   </div>
   <div class='ocr_carea' id='block_1_17' title="bbox 523 1674 2124 1750">
    <p class='ocr_par' dir='ltr' id='par_1_17' title="bbox 523 1674 2124 1750">
     <span class='ocr_line' id='line_1_17' title="bbox 523 1674 2124 1750; baseline -0.002 -16"><span class='ocrx_word' id='word_1_102' title='bbox 523 1679 875 1736; x_wconf 88' lang='lat' dir='ltr'><strong>fundamenta</strong></span> <span class='ocrx_word' id='word_1_103' title='bbox 895 1719 910 1744; x_wconf 94' lang='lat'><strong>,</strong></span> <span class='ocrx_word' id='word_1_104' title='bbox 939 1693 1059 1750; x_wconf 66' lang='lat' dir='ltr'><strong>qum</strong></span> <span class='ocrx_word' id='word_1_105' title='bbox 1081 1692 1326 1733; x_wconf 90' lang='lat' dir='ltr'><strong>summus</strong></span> <span class='ocrx_word' id='word_1_106' title='bbox 1346 1676 1525 1748; x_wconf 91' lang='lat' dir='ltr'><strong>posuit</strong></span> <span class='ocrx_word' id='word_1_107' title='bbox 1545 1674 1897 1741; x_wconf 87' lang='lat' dir='ltr'><strong>architectus,</strong></span> <span class='ocrx_word' id='word_1_108' title='bbox 1921 1683 2124 1745; x_wconf 87' lang='lat' dir='ltr'><strong>queant</strong></span> 
     </span>
    </p>
   </div>
   <div class='ocr_carea' id='block_1_18' title="bbox 523 1767 2116 1843">
    <p class='ocr_par' dir='ltr' id='par_1_18' title="bbox 523 1767 2116 1843">
     <span class='ocr_line' id='line_1_18' title="bbox 523 1767 2116 1843; baseline -0.003 -17"><span class='ocrx_word' id='word_1_109' title='bbox 523 1771 855 1843; x_wconf 88' lang='lat' dir='ltr'><strong>quibuslibet</strong></span> <span class='ocrx_word' id='word_1_110' title='bbox 891 1778 948 1826; x_wconf 91' lang='lat' dir='ltr'><strong>et</strong></span> <span class='ocrx_word' id='word_1_111' title='bbox 981 1769 1334 1841; x_wconf 90' lang='lat' dir='ltr'><strong>quantislibet</strong></span> <span class='ocrx_word' id='word_1_112' title='bbox 1372 1767 1814 1823; x_wconf 89' lang='lat' dir='ltr'><strong>ﬁuctuationibus</strong></span> <span class='ocrx_word' id='word_1_113' title='bbox 1855 1767 2116 1822; x_wconf 87' lang='lat' dir='ltr'><strong>amoveri.</strong></span> 
     </span>
    </p>
   </div>
   <div class='ocr_carea' id='block_1_19' title="bbox 2227 557 3817 628">
    <p class='ocr_par' dir='ltr' id='par_1_19' title="bbox 2227 557 3817 628">
     <span class='ocr_line' id='line_1_19' title="bbox 2227 557 3817 628; baseline 0.005 -14"><span class='ocrx_word' id='word_1_114' title='bbox 2227 558 2618 615; x_wconf 88' lang='lat' dir='ltr'><strong>monachorum</strong></span> <span class='ocrx_word' id='word_1_115' title='bbox 2671 557 2967 628; x_wconf 86' lang='lat' dir='ltr'><strong>supradicti</strong></span> <span class='ocrx_word' id='word_1_116' title='bbox 3014 560 3330 616; x_wconf 83' lang='lat' dir='ltr'><strong>monasterii</strong></span> <span class='ocrx_word' id='word_1_117' title='bbox 3375 562 3551 618; x_wconf 88' lang='lat' dir='ltr'><strong>sancti</strong></span> <span class='ocrx_word' id='word_1_118' title='bbox 3600 561 3817 622; x_wconf 75' lang='lat' dir='ltr'><strong>Karileﬁ</strong></span> 
     </span>
    </p>
   </div>
   <div class='ocr_carea' id='block_1_20' title="bbox 2225 649 3819 721">
    <p class='ocr_par' dir='ltr' id='par_1_20' title="bbox 2225 649 3819 721">
     <span class='ocr_line' id='line_1_20' title="bbox 2225 649 3819 721; baseline 0.004 -15"><span class='ocrx_word' id='word_1_119' title='bbox 2225 649 2457 721; x_wconf 88' lang='lat' dir='ltr'><strong>amplius</strong></span> <span class='ocrx_word' id='word_1_120' title='bbox 2480 649 2736 706; x_wconf 87' lang='lat' dir='ltr'><strong>resistere</strong></span> <span class='ocrx_word' id='word_1_121' title='bbox 2768 649 2983 717; x_wconf 89' lang='lat' dir='ltr'><strong>nititur,</strong></span> <span class='ocrx_word' id='word_1_122' title='bbox 3016 664 3088 706; x_wconf 89' lang='lat' dir='ltr'><strong>ne</strong></span> <span class='ocrx_word' id='word_1_123' title='bbox 3128 651 3230 707; x_wconf 88' lang='lat' dir='ltr'><strong>sub</strong></span> <span class='ocrx_word' id='word_1_124' title='bbox 3265 651 3525 710; x_wconf 73' lang='lat' dir='ltr'><strong>Ecclesia:</strong></span> <span class='ocrx_word' id='word_1_125' title='bbox 3549 652 3819 713; x_wconf 85' lang='lat' dir='ltr'><strong>Cenoma-</strong></span> 
     </span>
    </p>
   </div>
   <div class='ocr_carea' id='block_1_21' title="bbox 2226 742 3821 814">
    <p class='ocr_par' dir='ltr' id='par_1_21' title="bbox 2226 742 3821 814">
     <span class='ocr_line' id='line_1_21' title="bbox 2226 742 3821 814; baseline 0.008 -17"><span class='ocrx_word' id='word_1_126' title='bbox 2226 742 2411 799; x_wconf 90' lang='lat' dir='ltr'><strong>nensis</strong></span> <span class='ocrx_word' id='word_1_127' title='bbox 2440 749 2708 814; x_wconf 89' lang='lat' dir='ltr'><strong>potestate</strong></span> <span class='ocrx_word' id='word_1_128' title='bbox 2725 742 2840 813; x_wconf 84' lang='lat' dir='ltr'><strong>jam</strong></span> <span class='ocrx_word' id='word_1_129' title='bbox 2869 743 3015 799; x_wconf 88' lang='lat' dir='ltr'><strong>dicta</strong></span> <span class='ocrx_word' id='word_1_130' title='bbox 3040 744 3326 812; x_wconf 87' lang='lat' dir='ltr'><strong>consistat,</strong></span> <span class='ocrx_word' id='word_1_131' title='bbox 3347 754 3402 802; x_wconf 91' lang='lat' dir='ltr'><strong>et</strong></span> <span class='ocrx_word' id='word_1_132' title='bbox 3423 746 3478 803; x_wconf 92' lang='lat' dir='ltr'><strong>in</strong></span> <span class='ocrx_word' id='word_1_133' title='bbox 3506 747 3615 804; x_wconf 86' lang='lat' dir='ltr'><strong>hac</strong></span> <span class='ocrx_word' id='word_1_134' title='bbox 3633 765 3821 810; x_wconf 69' lang='lat' dir='ltr'><strong>omnes</strong></span> 
     </span>
    </p>
   </div>
   <div class='ocr_carea' id='block_1_22' title="bbox 2225 833 3820 911">
    <p class='ocr_par' dir='ltr' id='par_1_22' title="bbox 2225 833 3820 911">
     <span class='ocr_line' id='line_1_22' title="bbox 2225 833 3820 911; baseline 0.006 -23"><span class='ocrx_word' id='word_1_135' title='bbox 2225 833 2593 892; x_wconf 88' lang='lat' dir='ltr'><strong>obstinatione</strong></span> <span class='ocrx_word' id='word_1_136' title='bbox 2640 834 2938 904; x_wconf 84' lang='lat' dir='ltr'><strong>perdurant</strong></span> <span class='ocrx_word' id='word_1_137' title='bbox 2987 851 3003 889; x_wconf 88' lang='lat'><strong>:</strong></span> <span class='ocrx_word' id='word_1_138' title='bbox 3051 835 3168 906; x_wconf 91' lang='lat' dir='ltr'><strong>ipse</strong></span> <span class='ocrx_word' id='word_1_139' title='bbox 3200 835 3493 894; x_wconf 77' lang='lat' dir='ltr'><strong>Rothertus</strong></span> <span class='ocrx_word' id='word_1_140' title='bbox 3534 839 3820 911; x_wconf 79' lang='lat' dir='ltr'><strong>episcopus</strong></span> 
     </span>
    </p>
   </div>
   <div class='ocr_carea' id='block_1_23' title="bbox 2227 926 3818 1007">
    <p class='ocr_par' dir='ltr' id='par_1_23' title="bbox 2227 926 3818 1007">
     <span class='ocr_line' id='line_1_23' title="bbox 2227 926 3818 1007; baseline 0.004 -25"><span class='ocrx_word' id='word_1_141' title='bbox 2227 926 2294 982; x_wconf 93' lang='lat' dir='ltr'><strong>de</strong></span> <span class='ocrx_word' id='word_1_142' title='bbox 2321 927 2518 984; x_wconf 87' lang='lat' dir='ltr'><strong>vicinis</strong></span> <span class='ocrx_word' id='word_1_143' title='bbox 2547 928 2816 1000; x_wconf 89' lang='lat' dir='ltr'><strong>episcopis</strong></span> <span class='ocrx_word' id='word_1_144' title='bbox 2845 929 2948 984; x_wconf 90' lang='lat' dir='ltr'><strong>sibi</strong></span> <span class='ocrx_word' id='word_1_145' title='bbox 2974 945 3113 1000; x_wconf 90' lang='lat' dir='ltr'><strong>quos</strong></span> <span class='ocrx_word' id='word_1_146' title='bbox 3133 929 3369 988; x_wconf 88' lang='lat' dir='ltr'><strong>voluerit</strong></span> <span class='ocrx_word' id='word_1_147' title='bbox 3391 929 3606 1001; x_wconf 89' lang='lat' dir='ltr'><strong>judices</strong></span> <span class='ocrx_word' id='word_1_148' title='bbox 3634 934 3818 1007; x_wconf 83' lang='lat' dir='ltr'><strong>eligat,</strong></span> 
     </span>
    </p>
   </div>
   <div class='ocr_carea' id='block_1_24' title="bbox 2227 1023 3820 1092">
    <p class='ocr_par' dir='ltr' id='par_1_24' title="bbox 2227 1023 3820 1092">
     <span class='ocr_line' id='line_1_24' title="bbox 2227 1023 3820 1092; baseline 0.005 -15"><span class='ocrx_word' id='word_1_149' title='bbox 2227 1030 2283 1078; x_wconf 94' lang='lat' dir='ltr'><strong>et</strong></span> <span class='ocrx_word' id='word_1_150' title='bbox 2332 1031 2516 1078; x_wconf 89' lang='lat' dir='ltr'><strong>nostra</strong></span> <span class='ocrx_word' id='word_1_151' title='bbox 2547 1023 2871 1079; x_wconf 90' lang='lat' dir='ltr'><strong>auctoritate</strong></span> <span class='ocrx_word' id='word_1_152' title='bbox 2917 1023 3078 1079; x_wconf 86' lang='lat' dir='ltr'><strong>simul</strong></span> <span class='ocrx_word' id='word_1_153' title='bbox 3127 1026 3464 1092; x_wconf 88' lang='lat' dir='ltr'><strong>convocatis,</strong></span> <span class='ocrx_word' id='word_1_154' title='bbox 3507 1036 3567 1082; x_wconf 93' lang='lat' dir='ltr'><strong>et</strong></span> <span class='ocrx_word' id='word_1_155' title='bbox 3607 1029 3820 1085; x_wconf 69' lang='lat' dir='ltr'><strong>caeteris</strong></span> 
     </span>
    </p>
   </div>
   <div class='ocr_carea' id='block_1_25' title="bbox 2227 1114 3822 1186">
    <p class='ocr_par' dir='ltr' id='par_1_25' title="bbox 2227 1114 3822 1186">
     <span class='ocr_line' id='line_1_25' title="bbox 2227 1114 3822 1186; baseline 0.004 -16"><span class='ocrx_word' id='word_1_156' title='bbox 2227 1115 2528 1186; x_wconf 91' lang='lat' dir='ltr'><strong>episcopis,</strong></span> <span class='ocrx_word' id='word_1_157' title='bbox 2590 1114 2682 1186; x_wconf 90' lang='lat' dir='ltr'><strong>qui</strong></span> <span class='ocrx_word' id='word_1_158' title='bbox 2732 1114 2787 1169; x_wconf 91' lang='lat' dir='ltr'><strong>in</strong></span> <span class='ocrx_word' id='word_1_159' title='bbox 2839 1115 3167 1172; x_wconf 66' lang='lat' dir='ltr'><strong>dioecesibus</strong></span> <span class='ocrx_word' id='word_1_160' title='bbox 3219 1125 3425 1174; x_wconf 71' lang='lat' dir='ltr'><strong>sancta:</strong></span> <span class='ocrx_word' id='word_1_161' title='bbox 3483 1115 3822 1176; x_wconf 79' lang='lat' dir='ltr'><strong>Turonensis</strong></span> 
     </span>
    </p>
   </div>
   <div class='ocr_carea' id='block_1_26' title="bbox 2226 1207 3821 1278">
    <p class='ocr_par' dir='ltr' id='par_1_26' title="bbox 2226 1207 3821 1278">
     <span class='ocr_line' id='line_1_26' title="bbox 2226 1207 3821 1278; baseline 0.003 -16"><span class='ocrx_word' id='word_1_162' title='bbox 2226 1207 2487 1278; x_wconf 73' lang='lat' dir='ltr'><strong>Ecclesiae</strong></span> <span class='ocrx_word' id='word_1_163' title='bbox 2511 1207 2765 1263; x_wconf 88' lang='lat' dir='ltr'><strong>videntur</strong></span> <span class='ocrx_word' id='word_1_164' title='bbox 2786 1208 3041 1274; x_wconf 83' lang='lat' dir='ltr'><strong>existere,</strong></span> <span class='ocrx_word' id='word_1_165' title='bbox 3076 1208 3203 1264; x_wconf 90' lang='lat' dir='ltr'><strong>talis</strong></span> <span class='ocrx_word' id='word_1_166' title='bbox 3225 1208 3488 1266; x_wconf 89' lang='lat' dir='ltr'><strong>tumultus</strong></span> <span class='ocrx_word' id='word_1_167' title='bbox 3523 1211 3821 1267; x_wconf 86' lang='lat' dir='ltr'><strong>dissensio-</strong></span> 
     </span>
    </p>
   </div>
   <div class='ocr_carea' id='block_1_27' title="bbox 2225 1300 3822 1375">
    <p class='ocr_par' dir='ltr' id='par_1_27' title="bbox 2225 1300 3822 1375">
     <span class='ocr_line' id='line_1_27' title="bbox 2225 1300 3822 1375; baseline 0.004 -19"><span class='ocrx_word' id='word_1_168' title='bbox 2225 1314 2341 1368; x_wconf 85' lang='lat' dir='ltr'><strong>nes,</strong></span> <span class='ocrx_word' id='word_1_169' title='bbox 2370 1315 2491 1372; x_wconf 80' lang='lat' dir='ltr'><strong>quae</strong></span> <span class='ocrx_word' id='word_1_170' title='bbox 2519 1300 2714 1357; x_wconf 89' lang='lat' dir='ltr'><strong>callido</strong></span> <span class='ocrx_word' id='word_1_171' title='bbox 2754 1310 2881 1358; x_wconf 90' lang='lat' dir='ltr'><strong>sunt</strong></span> <span class='ocrx_word' id='word_1_172' title='bbox 2906 1309 3110 1358; x_wconf 84' lang='lat' dir='ltr'><strong>exortae</strong></span> <span class='ocrx_word' id='word_1_173' title='bbox 3147 1303 3384 1375; x_wconf 86' lang='lat' dir='ltr'><strong>ingenio,</strong></span> <span class='ocrx_word' id='word_1_174' title='bbox 3422 1303 3573 1374; x_wconf 90' lang='lat' dir='ltr'><strong>justo</strong></span> <span class='ocrx_word' id='word_1_175' title='bbox 3604 1314 3822 1362; x_wconf 88' lang='lat' dir='ltr'><strong>sancto-</strong></span> 
     </span>
    </p>
   </div>
   <div class='ocr_carea' id='block_1_28' title="bbox 2224 1394 3823 1470">
    <p class='ocr_par' dir='ltr' id='par_1_28' title="bbox 2224 1394 3823 1470">
     <span class='ocr_line' id='line_1_28' title="bbox 2224 1394 3823 1470; baseline 0.004 -20"><span class='ocrx_word' id='word_1_176' title='bbox 2224 1410 2345 1450; x_wconf 88' lang='lat' dir='ltr'><strong>rum</strong></span> <span class='ocrx_word' id='word_1_177' title='bbox 2373 1394 2592 1450; x_wconf 88' lang='lat' dir='ltr'><strong>Patrum</strong></span> <span class='ocrx_word' id='word_1_178' title='bbox 2615 1396 2819 1467; x_wconf 89' lang='lat' dir='ltr'><strong>judicio</strong></span> <span class='ocrx_word' id='word_1_179' title='bbox 2844 1405 3182 1462; x_wconf 87' lang='lat' dir='ltr'><strong>resecentur,</strong></span> <span class='ocrx_word' id='word_1_180' title='bbox 3206 1398 3493 1469; x_wconf 88' lang='lat' dir='ltr'><strong>omnisque</strong></span> <span class='ocrx_word' id='word_1_181' title='bbox 3520 1399 3688 1470; x_wconf 89' lang='lat' dir='ltr'><strong>hujus</strong></span> <span class='ocrx_word' id='word_1_182' title='bbox 3718 1401 3823 1456; x_wconf 85' lang='lat' dir='ltr'><strong>litis</strong></span> 
     </span>
    </p>
   </div>
   <div class='ocr_carea' id='block_1_29' title="bbox 2225 1490 3824 1568">
    <p class='ocr_par' dir='ltr' id='par_1_29' title="bbox 2225 1490 3824 1568">
     <span class='ocr_line' id='line_1_29' title="bbox 2225 1490 3824 1568; baseline 0.006 -24"><span class='ocrx_word' id='word_1_183' title='bbox 2225 1490 2548 1562; x_wconf 77' lang='lat' dir='ltr'><strong>ambiguitas</strong></span> <span class='ocrx_word' id='word_1_184' title='bbox 2597 1493 2822 1564; x_wconf 77' lang='lat' dir='ltr'><strong>pacifica</strong></span> <span class='ocrx_word' id='word_1_185' title='bbox 2865 1495 3094 1552; x_wconf 83' lang='lat' dir='ltr'><strong>veritate</strong></span> <span class='ocrx_word' id='word_1_186' title='bbox 3141 1496 3414 1568; x_wconf 89' lang='lat' dir='ltr'><strong>pellatur:</strong></span> <span class='ocrx_word' id='word_1_187' title='bbox 3448 1497 3521 1552; x_wconf 92' lang='lat' dir='ltr'><strong>ita</strong></span> <span class='ocrx_word' id='word_1_188' title='bbox 3573 1513 3732 1564; x_wconf 88' lang='lat' dir='ltr'><strong>sane,</strong></span> <span class='ocrx_word' id='word_1_189' title='bbox 3767 1509 3824 1554; x_wconf 90' lang='lat' dir='ltr'><strong>nt</strong></span> 
     </span>
    </p>
   </div>
   <div class='ocr_carea' id='block_1_30' title="bbox 2225 1584 3820 1660">
    <p class='ocr_par' dir='ltr' id='par_1_30' title="bbox 2225 1584 3820 1660">
     <span class='ocr_line' id='line_1_30' title="bbox 2225 1584 3820 1660; baseline 0.006 -24"><span class='ocrx_word' id='word_1_190' title='bbox 2225 1584 2615 1640; x_wconf 89' lang='lat' dir='ltr'><strong>monasterium</strong></span> <span class='ocrx_word' id='word_1_191' title='bbox 2666 1585 2862 1657; x_wconf 87' lang='lat' dir='ltr'><strong>priscis</strong></span> <span class='ocrx_word' id='word_1_192' title='bbox 2913 1586 3196 1644; x_wconf 81' lang='lat' dir='ltr'><strong>fundatum</strong></span> <span class='ocrx_word' id='word_1_193' title='bbox 3255 1589 3623 1660; x_wconf 87' lang='lat' dir='ltr'><strong>temporibus,</strong></span> <span class='ocrx_word' id='word_1_194' title='bbox 3697 1607 3820 1646; x_wconf 89' lang='lat' dir='ltr'><strong>cum</strong></span> 
     </span>
    </p>
   </div>
   <div class='ocr_carea' id='block_1_31' title="bbox 2225 1676 3822 1751">
    <p class='ocr_par' dir='ltr' id='par_1_31' title="bbox 2225 1676 3822 1751">
     <span class='ocr_line' id='line_1_31' title="bbox 2225 1676 3822 1751; baseline 0.006 -22"><span class='ocrx_word' id='word_1_195' title='bbox 2225 1676 2477 1731; x_wconf 90' lang='lat' dir='ltr'><strong>omnibus</strong></span> <span class='ocrx_word' id='word_1_196' title='bbox 2522 1676 2625 1732; x_wconf 92' lang='lat' dir='ltr'><strong>sibi</strong></span> <span class='ocrx_word' id='word_1_197' title='bbox 2671 1677 2796 1748; x_wconf 88' lang='lat' dir='ltr'><strong>jure</strong></span> <span class='ocrx_word' id='word_1_198' title='bbox 2839 1679 3020 1734; x_wconf 87' lang='lat' dir='ltr'><strong>debito</strong></span> <span class='ocrx_word' id='word_1_199' title='bbox 3049 1681 3449 1751; x_wconf 88' lang='lat' dir='ltr'><strong>pertinentibus</strong></span> <span class='ocrx_word' id='word_1_200' title='bbox 3480 1682 3688 1747; x_wconf 78' lang='lat' dir='ltr'><strong>rebus,.</strong></span> <span class='ocrx_word' id='word_1_201' title='bbox 3715 1683 3822 1738; x_wconf 86' lang='lat' dir='ltr'><strong>Deo</strong></span> 
     </span>
    </p>
   </div>
   <div class='ocr_carea' id='block_1_32' title="bbox 2226 1767 3823 1842">
    <p class='ocr_par' dir='ltr' id='par_1_32' title="bbox 2226 1767 3823 1842">
     <span class='ocr_line' id='line_1_32' title="bbox 2226 1767 3823 1842; baseline 0.004 -20"><span class='ocrx_word' id='word_1_202' title='bbox 2226 1767 2542 1834; x_wconf 75' lang='lat' dir='ltr'><strong>auxiliante,</strong></span> <span class='ocrx_word' id='word_1_203' title='bbox 2599 1768 2864 1826; x_wconf 91' lang='lat' dir='ltr'><strong>illibatum</strong></span> <span class='ocrx_word' id='word_1_204' title='bbox 2915 1771 3018 1828; x_wconf 90' lang='lat' dir='ltr'><strong>sub</strong></span> <span class='ocrx_word' id='word_1_205' title='bbox 3065 1779 3336 1842; x_wconf 89' lang='lat' dir='ltr'><strong>potestate</strong></span> <span class='ocrx_word' id='word_1_206' title='bbox 3389 1772 3823 1830; x_wconf 83' lang='lat' dir='ltr'><strong>Cenomanensis</strong></span> 
     </span>
    </p>
   </div>
   <div class='ocr_carea' id='block_1_33' title="bbox 521 1840 3820 1933">
    <p class='ocr_par' dir='ltr' id='par_1_33' title="bbox 521 1840 3820 1933">
     <span class='ocr_line' id='line_1_33' title="bbox 521 1840 3820 1933; baseline 0 -13"><span class='ocrx_word' id='word_1_207' title='bbox 521 1840 932 1929; x_wconf 37' lang='lat' dir='ltr'><strong>ierumtamen,</strong></span> <span class='ocrx_word' id='word_1_208' title='bbox 963 1840 1284 1918; x_wconf 87' lang='lat' dir='ltr'><strong>charissima</strong></span> <span class='ocrx_word' id='word_1_209' title='bbox 1316 1860 1446 1927; x_wconf 91' lang='lat' dir='ltr'><strong>ﬁlia,</strong></span> <span class='ocrx_word' id='word_1_210' title='bbox 1476 1876 1735 1932; x_wconf 87' lang='lat' dir='ltr'><strong>magnum</strong></span> <span class='ocrx_word' id='word_1_211' title='bbox 1764 1869 1951 1916; x_wconf 90' lang='lat' dir='ltr'><strong>manet</strong></span> <span class='ocrx_word' id='word_1_212' title='bbox 1979 1861 2122 1932; x_wconf 88' lang='lat' dir='ltr'><strong>peri-</strong></span> <span class='ocrx_word' id='word_1_213' title='bbox 2147 1840 2198 1902; x_wconf 83' lang='grc' dir='ltr'>Β</span> <span class='ocrx_word' id='word_1_214' title='bbox 2224 1859 2501 1926; x_wconf 57' lang='lat' dir='ltr'><strong>Ecclesiae,</strong></span> <span class='ocrx_word' id='word_1_215' title='bbox 2526 1861 2569 1916; x_wconf 90' lang='lat' dir='ltr'><strong>si</strong></span> <span class='ocrx_word' id='word_1_216' title='bbox 2592 1859 2796 1932; x_wconf 88' lang='lat' dir='ltr'><strong>justum</strong></span> <span class='ocrx_word' id='word_1_217' title='bbox 2820 1861 3003 1930; x_wconf 83' lang='lat' dir='ltr'><strong>fuerit,</strong></span> <span class='ocrx_word' id='word_1_218' title='bbox 3038 1873 3273 1920; x_wconf 91' lang='lat' dir='ltr'><strong>maneat.</strong></span> <span class='ocrx_word' id='word_1_219' title='bbox 3298 1863 3669 1933; x_wconf 85' lang='lat' dir='ltr'><strong>Quamobrem</strong></span> <span class='ocrx_word' id='word_1_220' title='bbox 3704 1881 3820 1921; x_wconf 87' lang='lat' dir='ltr'><strong>ma-</strong></span> 
     </span>
    </p>
   </div>
   <div class='ocr_carea' id='block_1_34' title="bbox 523 1952 2120 2024">
    <p class='ocr_par' dir='ltr' id='par_1_34' title="bbox 523 1952 2120 2024">
     <span class='ocr_line' id='line_1_34' title="bbox 523 1952 2120 2024; baseline -0.001 -12"><span class='ocrx_word' id='word_1_221' title='bbox 523 1955 745 2022; x_wconf 90' lang='lat' dir='ltr'><strong>culum,</strong></span> <span class='ocrx_word' id='word_1_222' title='bbox 797 1963 910 2010; x_wconf 91' lang='lat' dir='ltr'><strong>tam</strong></span> <span class='ocrx_word' id='word_1_223' title='bbox 957 1969 1050 2010; x_wconf 90' lang='lat' dir='ltr'><strong>eos</strong></span> <span class='ocrx_word' id='word_1_224' title='bbox 1097 1953 1189 2024; x_wconf 88' lang='lat' dir='ltr'><strong>qui</strong></span> <span class='ocrx_word' id='word_1_225' title='bbox 1229 1968 1328 2009; x_wconf 89' lang='lat' dir='ltr'><strong>sua</strong></span> <span class='ocrx_word' id='word_1_226' title='bbox 1369 1952 1577 2009; x_wconf 89' lang='lat' dir='ltr'><strong>desidia</strong></span> <span class='ocrx_word' id='word_1_227' title='bbox 1622 1967 1686 2008; x_wconf 90' lang='lat' dir='ltr'><strong>ea</strong></span> <span class='ocrx_word' id='word_1_228' title='bbox 1725 1952 1898 2008; x_wconf 91' lang='lat' dir='ltr'><strong>minui</strong></span> <span class='ocrx_word' id='word_1_229' title='bbox 1939 1953 2120 2024; x_wconf 90' lang='lat' dir='ltr'><strong>aliquo</strong></span> 
     </span>
    </p>
   </div>
   <div class='ocr_carea' id='block_1_35' title="bbox 520 2043 2120 2117">
    <p class='ocr_par' dir='ltr' id='par_1_35' title="bbox 520 2043 2120 2117">
     <span class='ocr_line' id='line_1_35' title="bbox 520 2043 2120 2117; baseline -0.002 -13"><span class='ocrx_word' id='word_1_230' title='bbox 520 2046 685 2104; x_wconf 88' lang='lat' dir='ltr'><strong>modo</strong></span> <span class='ocrx_word' id='word_1_231' title='bbox 714 2047 920 2113; x_wconf 89' lang='lat' dir='ltr'><strong>sinunt,</strong></span> <span class='ocrx_word' id='word_1_232' title='bbox 970 2061 1133 2117; x_wconf 89' lang='lat' dir='ltr'><strong>quam</strong></span> <span class='ocrx_word' id='word_1_233' title='bbox 1171 2059 1264 2101; x_wconf 88' lang='lat' dir='ltr'><strong>eos</strong></span> <span class='ocrx_word' id='word_1_234' title='bbox 1298 2044 1391 2115; x_wconf 90' lang='lat' dir='ltr'><strong>qui</strong></span> <span class='ocrx_word' id='word_1_235' title='bbox 1433 2060 1531 2100; x_wconf 88' lang='lat' dir='ltr'><strong>sua</strong></span> <span class='ocrx_word' id='word_1_236' title='bbox 1577 2043 2004 2116; x_wconf 79' lang='lat' dir='ltr'><strong>praesumptione</strong></span> <span class='ocrx_word' id='word_1_237' title='bbox 2029 2045 2120 2102; x_wconf 90' lang='lat' dir='ltr'><strong>illa</strong></span> 
     </span>
    </p>
   </div>
   <div class='ocr_carea' id='block_1_36' title="bbox 520 2136 2121 2203">
    <p class='ocr_par' dir='ltr' id='par_1_36' title="bbox 520 2136 2121 2203">
     <span class='ocr_line' id='line_1_36' title="bbox 520 2136 2121 2203; baseline -0.001 -8"><span class='ocrx_word' id='word_1_238' title='bbox 520 2138 730 2196; x_wconf 90' lang='lat' dir='ltr'><strong>violare</strong></span> <span class='ocrx_word' id='word_1_239' title='bbox 772 2138 1127 2194; x_wconf 87' lang='lat' dir='ltr'><strong>contendunt.</strong></span> <span class='ocrx_word' id='word_1_240' title='bbox 1171 2137 1250 2192; x_wconf 89' lang='lat' dir='ltr'><strong>De</strong></span> <span class='ocrx_word' id='word_1_241' title='bbox 1293 2136 1635 2192; x_wconf 83' lang='lat' dir='ltr'><strong>exaudiendo</strong></span> <span class='ocrx_word' id='word_1_242' title='bbox 1665 2151 1828 2203; x_wconf 92' lang='lat' dir='ltr'><strong>vero,</strong></span> <span class='ocrx_word' id='word_1_243' title='bbox 1879 2137 1966 2193; x_wconf 90' lang='lat' dir='ltr'><strong>vel</strong></span> <span class='ocrx_word' id='word_1_244' title='bbox 2009 2153 2121 2194; x_wconf 90' lang='lat' dir='ltr'><strong>non</strong></span> 
     </span>
    </p>
   </div>
   <div class='ocr_carea' id='block_1_37' title="bbox 519 2224 2122 2298">
    <p class='ocr_par' dir='ltr' id='par_1_37' title="bbox 519 2224 2122 2298">
     <span class='ocr_line' id='line_1_37' title="bbox 519 2224 2122 2298; baseline -0.002 -12"><span class='ocrx_word' id='word_1_245' title='bbox 519 2229 861 2286; x_wconf 87' lang='lat' dir='ltr'><strong>exaudiendo</strong></span> <span class='ocrx_word' id='word_1_246' title='bbox 888 2226 998 2282; x_wconf 90' lang='lat' dir='ltr'><strong>ﬁlio</strong></span> <span class='ocrx_word' id='word_1_247' title='bbox 1027 2235 1214 2282; x_wconf 91' lang='lat' dir='ltr'><strong>nostro</strong></span> <span class='ocrx_word' id='word_1_248' title='bbox 1242 2225 1459 2292; x_wconf 86' lang='lat' dir='ltr'><strong>Carolo,</strong></span> <span class='ocrx_word' id='word_1_249' title='bbox 1501 2224 1732 2296; x_wconf 84' lang='lat' dir='ltr'><strong>conjuge</strong></span> <span class='ocrx_word' id='word_1_250' title='bbox 1770 2235 1988 2295; x_wconf 90' lang='lat' dir='ltr'><strong>vestro,</strong></span> <span class='ocrx_word' id='word_1_251' title='bbox 2021 2243 2122 2298; x_wconf 91' lang='lat' dir='ltr'><strong>per</strong></span> 
     </span>
    </p>
   </div>
   <div class='ocr_carea' id='block_1_38' title="bbox 518 2318 2114 2386">
    <p class='ocr_par' dir='ltr' id='par_1_38' title="bbox 518 2318 2114 2386">
     <span class='ocr_line' id='line_1_38' title="bbox 518 2318 2114 2386; baseline -0.001 -9"><span class='ocrx_word' id='word_1_252' title='bbox 518 2319 820 2378; x_wconf 90' lang='lat' dir='ltr'><strong>Liudonem</strong></span> <span class='ocrx_word' id='word_1_253' title='bbox 844 2319 1242 2386; x_wconf 88' lang='lat' dir='ltr'><strong>venerabilem,</strong></span> <span class='ocrx_word' id='word_1_254' title='bbox 1278 2318 1528 2374; x_wconf 87' lang='lat' dir='ltr'><strong>idoneam</strong></span> <span class='ocrx_word' id='word_1_255' title='bbox 1576 2319 1766 2385; x_wconf 85' lang='lat' dir='ltr'><strong>vobis,</strong></span> <span class='ocrx_word' id='word_1_256' title='bbox 1813 2328 1875 2374; x_wconf 89' lang='lat' dir='ltr'><strong>ut</strong></span> <span class='ocrx_word' id='word_1_257' title='bbox 1903 2335 2114 2386; x_wconf 90' lang='lat' dir='ltr'><strong>remur,</strong></span> 
     </span>
    </p>
   </div>
   <div class='ocr_carea' id='block_1_39' title="bbox 518 2412 2119 2484">
    <p class='ocr_par' dir='ltr' id='par_1_39' title="bbox 518 2412 2119 2484">
     <span class='ocr_line' id='line_1_39' title="bbox 518 2412 2119 2484; baseline 0 -13"><span class='ocrx_word' id='word_1_258' title='bbox 518 2415 772 2472; x_wconf 89' lang='lat' dir='ltr'><strong>misimus</strong></span> <span class='ocrx_word' id='word_1_259' title='bbox 801 2414 1088 2470; x_wconf 89' lang='lat' dir='ltr'><strong>rationem.</strong></span> <span class='ocrx_word' id='word_1_260' title='bbox 1131 2413 1332 2469; x_wconf 82' lang='lat' dir='ltr'><strong>Verum</strong></span> <span class='ocrx_word' id='word_1_261' title='bbox 1360 2427 1459 2469; x_wconf 90' lang='lat' dir='ltr'><strong>nos</strong></span> <span class='ocrx_word' id='word_1_262' title='bbox 1494 2412 1756 2484; x_wconf 88' lang='lat' dir='ltr'><strong>quidquid</strong></span> <span class='ocrx_word' id='word_1_263' title='bbox 1804 2413 1880 2469; x_wconf 90' lang='lat' dir='ltr'><strong>illi</strong></span> <span class='ocrx_word' id='word_1_264' title='bbox 1934 2415 2119 2471; x_wconf 87' lang='lat' dir='ltr'><strong>admo-</strong></span> 
     </span>
    </p>
   </div>
   <div class='ocr_carea' id='block_1_40' title="bbox 520 2504 2114 2575">
    <p class='ocr_par' dir='ltr' id='par_1_40' title="bbox 520 2504 2114 2575">
     <span class='ocr_line' id='line_1_40' title="bbox 520 2504 2114 2575; baseline 0 -12"><span class='ocrx_word' id='word_1_265' title='bbox 520 2505 722 2573; x_wconf 88' lang='lat' dir='ltr'><strong>nendo,</strong></span> <span class='ocrx_word' id='word_1_266' title='bbox 753 2505 839 2562; x_wconf 92' lang='lat' dir='ltr'><strong>vel</strong></span> <span class='ocrx_word' id='word_1_267' title='bbox 867 2505 1154 2571; x_wconf 90' lang='lat' dir='ltr'><strong>hortando,</strong></span> <span class='ocrx_word' id='word_1_268' title='bbox 1171 2504 1258 2559; x_wconf 92' lang='lat' dir='ltr'><strong>vel</strong></span> <span class='ocrx_word' id='word_1_269' title='bbox 1279 2504 1441 2559; x_wconf 89' lang='lat' dir='ltr'><strong>etiam</strong></span> <span class='ocrx_word' id='word_1_270' title='bbox 1470 2505 1800 2575; x_wconf 90' lang='lat' dir='ltr'><strong>increpando</strong></span> <span class='ocrx_word' id='word_1_271' title='bbox 1827 2507 2114 2575; x_wconf 88' lang='lat' dir='ltr'><strong>mittimus,</strong></span> 
     </span>
    </p>
   </div>
   <div class='ocr_carea' id='block_1_41' title="bbox 519 2595 2117 2672">
    <p class='ocr_par' dir='ltr' id='par_1_41' title="bbox 519 2595 2117 2672">
     <span class='ocr_line' id='line_1_41' title="bbox 519 2595 2117 2672; baseline 0.001 -18"><span class='ocrx_word' id='word_1_272' title='bbox 519 2597 589 2654; x_wconf 86' lang='lat' dir='ltr'><strong>ad</strong></span> <span class='ocrx_word' id='word_1_273' title='bbox 617 2598 737 2670; x_wconf 89' lang='lat' dir='ltr'><strong>ejus</strong></span> <span class='ocrx_word' id='word_1_274' title='bbox 763 2605 820 2654; x_wconf 91' lang='lat' dir='ltr'><strong>et</strong></span> <span class='ocrx_word' id='word_1_275' title='bbox 852 2597 1173 2653; x_wconf 90' lang='lat' dir='ltr'><strong>dilectorum</strong></span> <span class='ocrx_word' id='word_1_276' title='bbox 1203 2595 1349 2652; x_wconf 79' lang='lat' dir='ltr'><strong>illitis</strong></span> <span class='ocrx_word' id='word_1_277' title='bbox 1379 2595 1631 2662; x_wconf 88' lang='lat' dir='ltr'><strong>salutem,</strong></span> <span class='ocrx_word' id='word_1_278' title='bbox 1669 2606 1830 2668; x_wconf 90' lang='lat' dir='ltr'><strong>atque</strong></span> <span class='ocrx_word' id='word_1_279' title='bbox 1859 2599 1924 2655; x_wconf 93' lang='lat' dir='ltr'><strong>ad</strong></span> <span class='ocrx_word' id='word_1_280' title='bbox 1962 2601 2117 2672; x_wconf 83' lang='lat' dir='ltr'><strong>regni</strong></span> 
     </span>
    </p>
   </div>
   <div class='ocr_carea' id='block_1_42' title="bbox 520 2688 2113 2761">
    <p class='ocr_par' dir='ltr' id='par_1_42' title="bbox 520 2688 2113 2761">
     <span class='ocr_line' id='line_1_42' title="bbox 520 2688 2113 2761; baseline 0.001 -16"><span class='ocrx_word' id='word_1_281' title='bbox 520 2688 694 2761; x_wconf 84' lang='lat' dir='ltr'><strong>ipsius</strong></span> <span class='ocrx_word' id='word_1_282' title='bbox 722 2689 1151 2745; x_wconf 87' lang='lat' dir='ltr'><strong>incolumitatem</strong></span> <span class='ocrx_word' id='word_1_283' title='bbox 1175 2688 1453 2758; x_wconf 87' lang='lat' dir='ltr'><strong>perﬁcere,</strong></span> <span class='ocrx_word' id='word_1_284' title='bbox 1484 2704 1592 2746; x_wconf 89' lang='lat' dir='ltr'><strong>non</strong></span> <span class='ocrx_word' id='word_1_285' title='bbox 1623 2689 1952 2756; x_wconf 87' lang='lat' dir='ltr'><strong>dubitamus,</strong></span> <span class='ocrx_word' id='word_1_286' title='bbox 1985 2691 2113 2758; x_wconf 92' lang='lat' dir='ltr'><strong>imo,</strong></span> 
     </span>
    </p>
   </div>
   <div class='ocr_carea' id='block_1_43' title="bbox 522 2781 2112 2850">
    <p class='ocr_par' dir='ltr' id='par_1_43' title="bbox 522 2781 2112 2850">
     <span class='ocr_line' id='line_1_43' title="bbox 522 2781 2112 2850; baseline 0.001 -12"><span class='ocrx_word' id='word_1_287' title='bbox 522 2781 634 2839; x_wconf 91' lang='lat' dir='ltr'><strong>Deo</strong></span> <span class='ocrx_word' id='word_1_288' title='bbox 659 2792 902 2850; x_wconf 90' lang='lat' dir='ltr'><strong>auctore,</strong></span> <span class='ocrx_word' id='word_1_289' title='bbox 923 2783 1146 2840; x_wconf 91' lang='lat' dir='ltr'><strong>omnino</strong></span> <span class='ocrx_word' id='word_1_290' title='bbox 1174 2781 1518 2838; x_wconf 90' lang='lat' dir='ltr'><strong>conﬁdimus.</strong></span> <span class='ocrx_word' id='word_1_291' title='bbox 1544 2782 1870 2838; x_wconf 89' lang='lat' dir='ltr'><strong>Incolumem</strong></span> <span class='ocrx_word' id='word_1_292' title='bbox 1901 2785 2112 2839; x_wconf 86' lang='lat' dir='ltr'><strong>sereni-</strong></span> 
     </span>
    </p>
   </div>
   <div class='ocr_carea' id='block_1_44' title="bbox 522 2873 2114 2944">
    <p class='ocr_par' dir='ltr' id='par_1_44' title="bbox 522 2873 2114 2944">
     <span class='ocr_line' id='line_1_44' title="bbox 522 2873 2114 2944; baseline 0.001 -15"><span class='ocrx_word' id='word_1_293' title='bbox 522 2881 690 2930; x_wconf 91' lang='lat' dir='ltr'><strong>tatem</strong></span> <span class='ocrx_word' id='word_1_294' title='bbox 717 2883 958 2931; x_wconf 87' lang='lat' dir='ltr'><strong>vestram</strong></span> <span class='ocrx_word' id='word_1_295' title='bbox 991 2873 1172 2932; x_wconf 88' lang='lat' dir='ltr'><strong>divina</strong></span> <span class='ocrx_word' id='word_1_296' title='bbox 1202 2881 1490 2931; x_wconf 88' lang='lat' dir='ltr'><strong>conservet</strong></span> <span class='ocrx_word' id='word_1_297' title='bbox 1519 2873 1807 2944; x_wconf 89' lang='lat' dir='ltr'><strong>majestas,</strong></span> <span class='ocrx_word' id='word_1_298' title='bbox 1843 2874 1951 2930; x_wconf 88' lang='lat' dir='ltr'><strong>ﬁlia</strong></span> <span class='ocrx_word' id='word_1_299' title='bbox 1983 2875 2114 2932; x_wconf 89' lang='lat' dir='ltr'><strong>cha-</strong></span> 
     </span>
    </p>
   </div>
   <div class='ocr_carea' id='block_1_45' title="bbox 519 2966 1322 3094">
    <p class='ocr_par' dir='ltr' id='par_1_45' title="bbox 519 2966 1322 3094">
     <span class='ocr_line' id='line_1_45' title="bbox 519 2966 1322 3094; baseline 0.01 -72"><span class='ocrx_word' id='word_1_300' title='bbox 519 2966 755 3024; x_wconf 87' lang='lat' dir='ltr'><strong>rissima.</strong></span> <span class='ocrx_word' id='word_1_301' title='bbox 1279 3038 1322 3094; x_wconf 57' lang='grc' dir='ltr'><strong>ι</strong></span> 
     </span>
    </p>
   </div>
   <div class='ocr_carea' id='block_1_46' title="bbox 893 3142 1732 3186">
    <p class='ocr_par' dir='ltr' id='par_1_46' title="bbox 893 3142 1732 3186">
     <span class='ocr_line' id='line_1_46' title="bbox 893 3142 1732 3186; baseline 0.001 -2"><span class='ocrx_word' id='word_1_302' title='bbox 893 3143 963 3184; x_wconf 73' lang='grc' dir='ltr'><strong>ΑΒ</strong></span> <span class='ocrx_word' id='word_1_303' title='bbox 1001 3142 1251 3185; x_wconf 71' lang='lat' dir='ltr'><strong>CAROLUM</strong></span> <span class='ocrx_word' id='word_1_304' title='bbox 1288 3144 1499 3186; x_wconf 71' lang='lat' dir='ltr'><strong>CALVUII</strong></span> <span class='ocrx_word' id='word_1_305' title='bbox 1537 3145 1732 3185; x_wconf 60' lang='lat' dir='ltr'><strong>REGE“.</strong></span> 
     </span>
    </p>
   </div>
   <div class='ocr_carea' id='block_1_47' title="bbox 1144 3218 1508 3292">
    <p class='ocr_par' dir='ltr' id='par_1_47' title="bbox 1144 3218 1508 3292">
     <span class='ocr_line' id='line_1_47' title="bbox 1144 3218 1508 3292; baseline 0.005 -19"><span class='ocrx_word' id='word_1_306' title='bbox 1144 3221 1322 3290; x_wconf 82' lang='lat' dir='ltr'><strong>(Anno</strong></span> <span class='ocrx_word' id='word_1_307' title='bbox 1359 3218 1508 3292; x_wconf 82' lang='lat'><strong>865.)</strong></span> 
     </span>
    </p>
   </div>
   <div class='ocr_carea' id='block_1_48' title="bbox 527 3307 2111 3381">
    <p class='ocr_par' dir='ltr' id='par_1_48' title="bbox 527 3307 2111 3381">
     <span class='ocr_line' id='line_1_48' title="bbox 527 3307 2111 3381; baseline 0.003 -14"><span class='ocrx_word' id='word_1_308' title='bbox 527 3307 637 3368; x_wconf 90' lang='lat' dir='ltr'><strong>Pro</strong></span> <span class='ocrx_word' id='word_1_309' title='bbox 666 3307 914 3365; x_wconf 83' lang='lat' dir='ltr'><strong>Rotberto</strong></span> <span class='ocrx_word' id='word_1_310' title='bbox 939 3309 1177 3381; x_wconf 79' lang='lat' dir='ltr'><strong>episcopo</strong></span> <span class='ocrx_word' id='word_1_311' title='bbox 1209 3309 1592 3381; x_wconf 63' lang='lat' dir='ltr'><strong>Cenomgmensi</strong></span> <span class='ocrx_word' id='word_1_312' title='bbox 1637 3313 1884 3368; x_wconf 75' lang='lat' dir='ltr'><strong>advorsus</strong></span> <span class='ocrx_word' id='word_1_313' title='bbox 1926 3330 2111 3371; x_wconf 85' lang='lat' dir='ltr'><strong>mona-</strong></span> 
     </span>
    </p>
   </div>
   <div class='ocr_carea' id='block_1_49' title="bbox 1025 3380 1617 3454">
    <p class='ocr_par' dir='ltr' id='par_1_49' title="bbox 1025 3380 1617 3454">
     <span class='ocr_line' id='line_1_49' title="bbox 1025 3380 1617 3454; baseline 0.002 -17"><span class='ocrx_word' id='word_1_314' title='bbox 1025 3380 1147 3438; x_wconf 69' lang='lat' dir='ltr'><strong>chos</strong></span> <span class='ocrx_word' id='word_1_315' title='bbox 1172 3382 1340 3436; x_wconf 80' lang='lat' dir='ltr'><strong>sancti</strong></span> <span class='ocrx_word' id='word_1_316' title='bbox 1371 3380 1617 3454; x_wconf 77' lang='lat' dir='ltr'><strong>Karileﬁ.</strong></span> 
     </span>
    </p>
   </div>
   <div class='ocr_carea' id='block_1_50' title="bbox 1121 3493 1520 3569">
    <p class='ocr_par' dir='ltr' id='par_1_50' title="bbox 1121 3493 1520 3569">
     <span class='ocr_line' id='line_1_50' title="bbox 1121 3493 1520 3569; baseline 0 -20"><span class='ocrx_word' id='word_1_317' title='bbox 1121 3493 1337 3568; x_wconf 84' lang='lat' dir='ltr'><strong>[Mansi,</strong></span> <span class='ocrx_word' id='word_1_318' title='bbox 1365 3493 1520 3569; x_wconf 84' lang='lat' dir='ltr'><strong>ibid.]</strong></span> 
     </span>
    </p>
   </div>
   <div class='ocr_carea' id='block_1_51' title="bbox 592 3608 2114 3683">
    <p class='ocr_par' dir='ltr' id='par_1_51' title="bbox 592 3608 2114 3683">
     <span class='ocr_line' id='line_1_51' title="bbox 592 3608 2114 3683; baseline 0.003 -17"><span class='ocrx_word' id='word_1_319' title='bbox 592 3608 863 3670; x_wconf 77' lang='lat' dir='ltr'><strong>NICOLADS</strong></span> <span class='ocrx_word' id='word_1_320' title='bbox 885 3608 1188 3683; x_wconf 89' lang='lat' dir='ltr'><strong>episcopus,</strong></span> <span class='ocrx_word' id='word_1_321' title='bbox 1218 3624 1410 3666; x_wconf 89' lang='lat' dir='ltr'><strong>servus</strong></span> <span class='ocrx_word' id='word_1_322' title='bbox 1437 3623 1719 3666; x_wconf 86' lang='lat' dir='ltr'><strong>servorum</strong></span> <span class='ocrx_word' id='word_1_323' title='bbox 1747 3611 1860 3678; x_wconf 82' lang='lat' dir='ltr'><strong>Dei,</strong></span> <span class='ocrx_word' id='word_1_324' title='bbox 1895 3609 2114 3672; x_wconf 58' lang='grc' dir='ltr'><strong>(Ἀκοιο</strong></span> 
     </span>
    </p>
   </div>
   <div class='ocr_carea' id='block_1_52' title="bbox 518 3703 914 3778">
    <p class='ocr_par' dir='ltr' id='par_1_52' title="bbox 518 3703 914 3778">
     <span class='ocr_line' id='line_1_52' title="bbox 518 3703 914 3778; baseline 0.003 -19"><span class='ocrx_word' id='word_1_325' title='bbox 518 3703 755 3778; x_wconf 87' lang='lat' dir='ltr'><strong>glorioso</strong></span> <span class='ocrx_word' id='word_1_326' title='bbox 781 3707 914 3776; x_wconf 84' lang='lat' dir='ltr'><strong>regi.</strong></span> 
     </span>
    </p>
   </div>
   <div class='ocr_carea' id='block_1_53' title="bbox 589 3795 2112 3870">
    <p class='ocr_par' dir='ltr' id='par_1_53' title="bbox 589 3795 2112 3870">
     <span class='ocr_line' id='line_1_53' title="bbox 589 3795 2112 3870; baseline 0.003 -18"><span class='ocrx_word' id='word_1_327' title='bbox 589 3795 940 3854; x_wconf 71' lang='lat' dir='ltr'><strong>Excellentia:</strong></span> <span class='ocrx_word' id='word_1_328' title='bbox 960 3806 1158 3855; x_wconf 67' lang='lat' dir='ltr'><strong>vestrm</strong></span> <span class='ocrx_word' id='word_1_329' title='bbox 1202 3795 1612 3866; x_wconf 91' lang='lat' dir='ltr'><strong>innotescimus,</strong></span> <span class='ocrx_word' id='word_1_330' title='bbox 1643 3799 1772 3870; x_wconf 88' lang='lat' dir='ltr'><strong>quia</strong></span> <span class='ocrx_word' id='word_1_331' title='bbox 1817 3799 2112 3857; x_wconf 81' lang='lat' dir='ltr'><strong>Rotbertus</strong></span> 
     </span>
    </p>
   </div>
   <div class='ocr_carea' id='block_1_54' title="bbox 515 3886 2112 3970">
    <p class='ocr_par' dir='ltr' id='par_1_54' title="bbox 515 3886 2112 3970">
     <span class='ocr_line' id='line_1_54' title="bbox 515 3886 2112 3970; baseline 0 -23"><span class='ocrx_word' id='word_1_332' title='bbox 515 3896 721 3947; x_wconf 84' lang='lat' dir='ltr'><strong>sanctae</strong></span> <span class='ocrx_word' id='word_1_333' title='bbox 742 3887 1174 3945; x_wconf 88' lang='lat' dir='ltr'><strong>Cenomanensis</strong></span> <span class='ocrx_word' id='word_1_334' title='bbox 1199 3886 1458 3970; x_wconf 71' lang='lat' dir='ltr'><strong>Ecclesiae</strong></span> <span class='ocrx_word' id='word_1_335' title='bbox 1481 3889 1708 3945; x_wconf 84' lang='lat' dir='ltr'><strong>antistes</strong></span> <span class='ocrx_word' id='word_1_336' title='bbox 1741 3891 1895 3947; x_wconf 90' lang='lat' dir='ltr'><strong>nobis</strong></span> <span class='ocrx_word' id='word_1_337' title='bbox 1917 3891 2112 3947; x_wconf 89' lang='lat' dir='ltr'><strong>litteris</strong></span> 
     </span>
    </p>
   </div>
   <div class='ocr_carea' id='block_1_55' title="bbox 517 3981 2108 4054">
    <p class='ocr_par' dir='ltr' id='par_1_55' title="bbox 517 3981 2108 4054">
     <span class='ocr_line' id='line_1_55' title="bbox 517 3981 2108 4054; baseline 0.002 -17"><span class='ocrx_word' id='word_1_338' title='bbox 517 3981 632 4038; x_wconf 90' lang='lat' dir='ltr'><strong>suis</strong></span> <span class='ocrx_word' id='word_1_339' title='bbox 659 3981 955 4052; x_wconf 89' lang='lat' dir='ltr'><strong>cognitum,</strong></span> <span class='ocrx_word' id='word_1_340' title='bbox 981 3982 1250 4054; x_wconf 69' lang='lat' dir='ltr'><strong>praecipua</strong></span> <span class='ocrx_word' id='word_1_341' title='bbox 1276 3982 1456 4038; x_wconf 91' lang='lat' dir='ltr'><strong>cordis</strong></span> <span class='ocrx_word' id='word_1_342' title='bbox 1482 3982 1768 4040; x_wconf 90' lang='lat' dir='ltr'><strong>devotione</strong></span> <span class='ocrx_word' id='word_1_343' title='bbox 1796 3985 2108 4053; x_wconf 88' lang='lat' dir='ltr'><strong>obsecrans,</strong></span> 
     </span>
    </p>
   </div>
   <div class='ocr_carea' id='block_1_56' title="bbox 514 4056 2106 4143">
    <p class='ocr_par' dir='ltr' id='par_1_56' title="bbox 514 4056 2106 4143">
     <span class='ocr_line' id='line_1_56' title="bbox 514 4056 2106 4143; baseline 0.004 -16"><span class='ocrx_word' id='word_1_344' title='bbox 514 4070 697 4128; x_wconf 83' lang='lat' dir='ltr'><strong>facere</strong></span> <span class='ocrx_word' id='word_1_345' title='bbox 749 4073 976 4140; x_wconf 88' lang='lat' dir='ltr'><strong>studuit,</strong></span> <span class='ocrx_word' id='word_1_346' title='bbox 1022 4056 1166 4143; x_wconf 83' lang='lat' dir='ltr'><strong>quod</strong></span> <span class='ocrx_word' id='word_1_347' title='bbox 1212 4074 1601 4129; x_wconf 89' lang='lat' dir='ltr'><strong>monasterium</strong></span> <span class='ocrx_word' id='word_1_348' title='bbox 1644 4075 1820 4131; x_wconf 90' lang='lat' dir='ltr'><strong>sancti</strong></span> <span class='ocrx_word' id='word_1_349' title='bbox 1866 4075 2106 4143; x_wconf 85' lang='lat' dir='ltr'><strong>Karileﬁ,</strong></span> 
     </span>
    </p>
   </div>
   <div class='ocr_carea' id='block_1_57' title="bbox 516 4162 2108 4237">
    <p class='ocr_par' dir='ltr' id='par_1_57' title="bbox 516 4162 2108 4237">
     <span class='ocr_line' id='line_1_57' title="bbox 516 4162 2108 4237; baseline 0.003 -17"><span class='ocrx_word' id='word_1_350' title='bbox 516 4163 682 4220; x_wconf 80' lang='lat' dir='ltr'><strong>situm</strong></span> <span class='ocrx_word' id='word_1_351' title='bbox 709 4163 765 4219; x_wconf 88' lang='lat' dir='ltr'><strong>in</strong></span> <span class='ocrx_word' id='word_1_352' title='bbox 793 4178 931 4236; x_wconf 84' lang='lat' dir='ltr'><strong>pago</strong></span> <span class='ocrx_word' id='word_1_353' title='bbox 958 4162 1346 4232; x_wconf 88' lang='lat' dir='ltr'><strong>Cenomanico,</strong></span> <span class='ocrx_word' id='word_1_354' title='bbox 1376 4164 1495 4222; x_wconf 91' lang='lat' dir='ltr'><strong>loco</strong></span> <span class='ocrx_word' id='word_1_355' title='bbox 1521 4164 1794 4234; x_wconf 90' lang='lat' dir='ltr'><strong>videlicet,</strong></span> <span class='ocrx_word' id='word_1_356' title='bbox 1839 4167 1931 4237; x_wconf 91' lang='lat' dir='ltr'><strong>qui</strong></span> <span class='ocrx_word' id='word_1_357' title='bbox 1963 4169 2108 4224; x_wconf 92' lang='lat' dir='ltr'><strong>anti-</strong></span> 
     </span>
    </p>
   </div>
   <div class='ocr_carea' id='block_1_58' title="bbox 515 4255 2109 4328">
    <p class='ocr_par' dir='ltr' id='par_1_58' title="bbox 515 4255 2109 4328">
     <span class='ocr_line' id='line_1_58' title="bbox 515 4255 2109 4328; baseline 0.003 -16"><span class='ocrx_word' id='word_1_358' title='bbox 515 4256 704 4328; x_wconf 88' lang='lat' dir='ltr'><strong>quitus</strong></span> <span class='ocrx_word' id='word_1_359' title='bbox 731 4256 1013 4313; x_wconf 88' lang='lat' dir='ltr'><strong>dicebatur</strong></span> <span class='ocrx_word' id='word_1_360' title='bbox 1039 4256 1176 4313; x_wconf 88' lang='lat' dir='ltr'><strong>Casa</strong></span> <span class='ocrx_word' id='word_1_361' title='bbox 1205 4255 1422 4323; x_wconf 88' lang='lat' dir='ltr'><strong>Caiani,</strong></span> <span class='ocrx_word' id='word_1_362' title='bbox 1455 4271 1620 4328; x_wconf 87' lang='lat' dir='ltr'><strong>super</strong></span> <span class='ocrx_word' id='word_1_363' title='bbox 1643 4257 1864 4314; x_wconf 85' lang='lat' dir='ltr'><strong>ﬂuvium</strong></span> <span class='ocrx_word' id='word_1_364' title='bbox 1885 4258 2109 4317; x_wconf 86' lang='lat' dir='ltr'><strong>Anisola</strong></span> 
     </span>
    </p>
   </div>
   <div class='ocr_carea' id='block_1_59' title="bbox 513 4349 2109 4424">
    <p class='ocr_par' dir='ltr' id='par_1_59' title="bbox 513 4349 2109 4424">
     <span class='ocr_line' id='line_1_59' title="bbox 513 4349 2109 4424; baseline 0.002 -17"><span class='ocrx_word' id='word_1_365' title='bbox 513 4349 586 4407; x_wconf 86' lang='lat' dir='ltr'><strong>ab</strong></span> <span class='ocrx_word' id='word_1_366' title='bbox 611 4350 728 4420; x_wconf 89' lang='lat' dir='ltr'><strong>ejus</strong></span> <span class='ocrx_word' id='word_1_367' title='bbox 757 4350 963 4407; x_wconf 90' lang='lat' dir='ltr'><strong>ditione</strong></span> <span class='ocrx_word' id='word_1_368' title='bbox 993 4365 1060 4406; x_wconf 92' lang='lat' dir='ltr'><strong>ac</strong></span> <span class='ocrx_word' id='word_1_369' title='bbox 1081 4358 1354 4421; x_wconf 89' lang='lat' dir='ltr'><strong>potestate</strong></span> <span class='ocrx_word' id='word_1_370' title='bbox 1375 4350 1716 4407; x_wconf 88' lang='lat' dir='ltr'><strong>subtractum</strong></span> <span class='ocrx_word' id='word_1_371' title='bbox 1741 4351 1845 4420; x_wconf 88' lang='lat' dir='ltr'><strong>sit;</strong></span> <span class='ocrx_word' id='word_1_372' title='bbox 1875 4360 1932 4408; x_wconf 92' lang='lat' dir='ltr'><strong>et</strong></span> <span class='ocrx_word' id='word_1_373' title='bbox 1962 4353 2109 4424; x_wconf 88' lang='lat' dir='ltr'><strong>quod</strong></span> 
     </span>
    </p>
   </div>
   <div class='ocr_carea' id='block_1_60' title="bbox 496 4443 2104 4514">
    <p class='ocr_par' dir='ltr' id='par_1_60' title="bbox 496 4443 2104 4514">
     <span class='ocr_line' id='line_1_60' title="bbox 496 4443 2104 4514; baseline 0.001 -15"><span class='ocrx_word' id='word_1_374' title='bbox 496 4454 918 4501; x_wconf 71' lang='lat' dir='ltr'><strong>.antecessorum</strong></span> <span class='ocrx_word' id='word_1_375' title='bbox 947 4443 1065 4514; x_wconf 90' lang='lat' dir='ltr'><strong>ejus</strong></span> <span class='ocrx_word' id='word_1_376' title='bbox 1097 4444 1317 4500; x_wconf 88' lang='lat' dir='ltr'><strong>decreto</strong></span> <span class='ocrx_word' id='word_1_377' title='bbox 1348 4452 1402 4499; x_wconf 94' lang='lat' dir='ltr'><strong>et</strong></span> <span class='ocrx_word' id='word_1_378' title='bbox 1426 4443 1706 4501; x_wconf 87' lang='lat' dir='ltr'><strong>voluntate</strong></span> <span class='ocrx_word' id='word_1_379' title='bbox 1727 4445 2104 4514; x_wconf 90' lang='lat' dir='ltr'><strong>ordinabatur,</strong></span> 
     </span>
    </p>
   </div>
   <div class='ocr_carea' id='block_1_61' title="bbox 2224 1951 3818 2030">
    <p class='ocr_par' dir='ltr' id='par_1_61' title="bbox 2224 1951 3818 2030">
     <span class='ocr_line' id='line_1_61' title="bbox 2224 1951 3818 2030; baseline 0.006 -25"><span class='ocrx_word' id='word_1_380' title='bbox 2224 1951 2561 2023; x_wconf 89' lang='lat' dir='ltr'><strong>gnitudinem</strong></span> <span class='ocrx_word' id='word_1_381' title='bbox 2609 1961 2845 2010; x_wconf 85' lang='lat' dir='ltr'><strong>vestram</strong></span> <span class='ocrx_word' id='word_1_382' title='bbox 2891 1970 3196 2021; x_wconf 89' lang='lat' dir='ltr'><strong>monemus,</strong></span> <span class='ocrx_word' id='word_1_383' title='bbox 3263 1965 3323 2012; x_wconf 90' lang='lat' dir='ltr'><strong>ut</strong></span> <span class='ocrx_word' id='word_1_384' title='bbox 3381 1957 3522 2014; x_wconf 89' lang='lat' dir='ltr'><strong>sicut</strong></span> <span class='ocrx_word' id='word_1_385' title='bbox 3567 1960 3818 2030; x_wconf 81' lang='lat' dir='ltr'><strong>superius</strong></span> 
     </span>
    </p>
   </div>
   <div class='ocr_carea' id='block_1_62' title="bbox 2224 2043 3820 2119">
    <p class='ocr_par' dir='ltr' id='par_1_62' title="bbox 2224 2043 3820 2119">
     <span class='ocr_line' id='line_1_62' title="bbox 2224 2043 3820 2119; baseline 0.004 -21"><span class='ocrx_word' id='word_1_386' title='bbox 2224 2043 2426 2099; x_wconf 89' lang='lat' dir='ltr'><strong>dictum</strong></span> <span class='ocrx_word' id='word_1_387' title='bbox 2456 2051 2558 2112; x_wconf 87' lang='lat' dir='ltr'><strong>est,</strong></span> <span class='ocrx_word' id='word_1_388' title='bbox 2582 2045 2851 2118; x_wconf 88' lang='lat' dir='ltr'><strong>justitiam</strong></span> <span class='ocrx_word' id='word_1_389' title='bbox 2877 2056 2932 2103; x_wconf 91' lang='lat' dir='ltr'><strong>et</strong></span> <span class='ocrx_word' id='word_1_390' title='bbox 2957 2049 3269 2119; x_wconf 76' lang='lat' dir='ltr'><strong>aequitatem</strong></span> <span class='ocrx_word' id='word_1_391' title='bbox 3302 2049 3356 2104; x_wconf 91' lang='lat' dir='ltr'><strong>in</strong></span> <span class='ocrx_word' id='word_1_392' title='bbox 3398 2049 3502 2105; x_wconf 92' lang='lat' dir='ltr'><strong>hoc</strong></span> <span class='ocrx_word' id='word_1_393' title='bbox 3546 2058 3606 2104; x_wconf 91' lang='lat' dir='ltr'><strong>et</strong></span> <span class='ocrx_word' id='word_1_394' title='bbox 3633 2050 3688 2104; x_wconf 93' lang='lat' dir='ltr'><strong>in</strong></span> <span class='ocrx_word' id='word_1_395' title='bbox 3719 2066 3820 2106; x_wconf 62' lang='lat' dir='ltr'><strong>ac.</strong></span> 
     </span>
    </p>
   </div>
   <div class='ocr_carea' id='block_1_63' title="bbox 2224 2135 3817 2210">
    <p class='ocr_par' dir='ltr' id='par_1_63' title="bbox 2224 2135 3817 2210">
     <span class='ocr_line' id='line_1_63' title="bbox 2224 2135 3817 2210; baseline 0.005 -22"><span class='ocrx_word' id='word_1_396' title='bbox 2224 2135 2354 2190; x_wconf 91' lang='lat' dir='ltr'><strong>teris</strong></span> <span class='ocrx_word' id='word_1_397' title='bbox 2401 2135 2653 2192; x_wconf 91' lang='lat' dir='ltr'><strong>omnibus</strong></span> <span class='ocrx_word' id='word_1_398' title='bbox 2705 2151 3062 2206; x_wconf 88' lang='lat' dir='ltr'><strong>conservare,</strong></span> <span class='ocrx_word' id='word_1_399' title='bbox 3119 2143 3190 2194; x_wconf 90' lang='lat' dir='ltr'><strong>ob</strong></span> <span class='ocrx_word' id='word_1_400' title='bbox 3253 2141 3817 2210; x_wconf 87' lang='lat' dir='ltr'><strong>recompensationem</strong></span> 
     </span>
    </p>
   </div>
   <div class='ocr_carea' id='block_1_64' title="bbox 2222 2226 3812 2309">
    <p class='ocr_par' dir='ltr' id='par_1_64' title="bbox 2222 2226 3812 2309">
     <span class='ocr_line' id='line_1_64' title="bbox 2222 2226 3812 2309; baseline 0.006 -28"><span class='ocrx_word' id='word_1_401' title='bbox 2222 2226 2417 2284; x_wconf 77' lang='lat' dir='ltr'><strong>futura.-</strong></span> <span class='ocrx_word' id='word_1_402' title='bbox 2443 2231 2818 2287; x_wconf 91' lang='lat' dir='ltr'><strong>retributionis</strong></span> <span class='ocrx_word' id='word_1_403' title='bbox 2839 2231 2985 2287; x_wconf 91' lang='lat' dir='ltr'><strong>nulla</strong></span> <span class='ocrx_word' id='word_1_404' title='bbox 3006 2233 3190 2289; x_wconf 68' lang='lat' dir='ltr'><strong>saeculi</strong></span> <span class='ocrx_word' id='word_1_405' title='bbox 3211 2233 3471 2291; x_wconf 81' lang='lat' dir='ltr'><strong>felicitate</strong></span> <span class='ocrx_word' id='word_1_406' title='bbox 3504 2235 3812 2309; x_wconf 85' lang='lat' dir='ltr'><strong>negligatis.</strong></span> 
     </span>
    </p>
   </div>
   <div class='ocr_carea' id='block_1_65' title="bbox 2221 2319 3816 2396">
    <p class='ocr_par' dir='ltr' id='par_1_65' title="bbox 2221 2319 3816 2396">
     <span class='ocr_line' id='line_1_65' title="bbox 2221 2319 3816 2396; baseline 0.006 -24"><span class='ocrx_word' id='word_1_407' title='bbox 2221 2319 2374 2386; x_wconf 89' lang='lat' dir='ltr'><strong>Quod</strong></span> <span class='ocrx_word' id='word_1_408' title='bbox 2398 2319 2442 2374; x_wconf 92' lang='lat' dir='ltr'><strong>si</strong></span> <span class='ocrx_word' id='word_1_409' title='bbox 2469 2320 2521 2374; x_wconf 93' lang='lat' dir='ltr'><strong>in</strong></span> <span class='ocrx_word' id='word_1_410' title='bbox 2545 2322 2737 2376; x_wconf 91' lang='lat' dir='ltr'><strong>eodem</strong></span> <span class='ocrx_word' id='word_1_411' title='bbox 2757 2319 2964 2390; x_wconf 91' lang='lat' dir='ltr'><strong>judicio</strong></span> <span class='ocrx_word' id='word_1_412' title='bbox 2991 2323 3285 2394; x_wconf 85' lang='lat' dir='ltr'><strong>praedictus</strong></span> <span class='ocrx_word' id='word_1_413' title='bbox 3314 2324 3605 2396; x_wconf 89' lang='lat' dir='ltr'><strong>episcopus</strong></span> <span class='ocrx_word' id='word_1_414' title='bbox 3641 2325 3816 2382; x_wconf 90' lang='lat' dir='ltr'><strong>Ceno-</strong></span> 
     </span>
    </p>
   </div>
   <div class='ocr_carea' id='block_1_66' title="bbox 2219 2411 3820 2487">
    <p class='ocr_par' dir='ltr' id='par_1_66' title="bbox 2219 2411 3820 2487">
     <span class='ocr_line' id='line_1_66' title="bbox 2219 2411 3820 2487; baseline 0.006 -23"><span class='ocrx_word' id='word_1_415' title='bbox 2219 2411 2497 2466; x_wconf 90' lang='lat' dir='ltr'><strong>manensis</strong></span> <span class='ocrx_word' id='word_1_416' title='bbox 2523 2411 2702 2483; x_wconf 90' lang='lat' dir='ltr'><strong>aliqua</strong></span> <span class='ocrx_word' id='word_1_417' title='bbox 2752 2413 3075 2471; x_wconf 87' lang='lat' dir='ltr'><strong>necessitate</strong></span> <span class='ocrx_word' id='word_1_418' title='bbox 3125 2415 3436 2486; x_wconf 91' lang='lat' dir='ltr'><strong>compulsus</strong></span> <span class='ocrx_word' id='word_1_419' title='bbox 3462 2417 3820 2487; x_wconf 82' lang='lat' dir='ltr'><strong>appellaverit</strong></span> 
     </span>
    </p>
   </div>
   <div class='ocr_carea' id='block_1_67' title="bbox 2221 2505 3820 2581">
    <p class='ocr_par' dir='ltr' id='par_1_67' title="bbox 2221 2505 3820 2581">
     <span class='ocr_line' id='line_1_67' title="bbox 2221 2505 3820 2581; baseline 0.004 -23"><span class='ocrx_word' id='word_1_420' title='bbox 2221 2517 2279 2558; x_wconf 91' lang='lat' dir='ltr'><strong>se</strong></span> <span class='ocrx_word' id='word_1_421' title='bbox 2300 2505 2365 2560; x_wconf 89' lang='lat' dir='ltr'><strong>de</strong></span> <span class='ocrx_word' id='word_1_422' title='bbox 2394 2505 2498 2561; x_wconf 89' lang='lat' dir='ltr'><strong>hoc</strong></span> <span class='ocrx_word' id='word_1_423' title='bbox 2528 2506 2582 2560; x_wconf 90' lang='lat' dir='ltr'><strong>in</strong></span> <span class='ocrx_word' id='word_1_424' title='bbox 2605 2513 2793 2562; x_wconf 89' lang='lat' dir='ltr'><strong>nostra</strong></span> <span class='ocrx_word' id='word_1_425' title='bbox 2820 2507 3106 2579; x_wconf 76' lang='lat' dir='ltr'><strong>praesentia</strong></span> <span class='ocrx_word' id='word_1_426' title='bbox 3150 2507 3412 2578; x_wconf 90' lang='lat' dir='ltr'><strong>judicium</strong></span> <span class='ocrx_word' id='word_1_427' title='bbox 3450 2525 3640 2581; x_wconf 88' lang='lat' dir='ltr'><strong>agere,</strong></span> <span class='ocrx_word' id='word_1_428' title='bbox 3667 2510 3820 2566; x_wconf 78' lang='lat' dir='ltr'><strong>volu-</strong></span> 
     </span>
    </p>
   </div>
   <div class='ocr_carea' id='block_1_68' title="bbox 2219 2596 3818 2672">
    <p class='ocr_par' dir='ltr' id='par_1_68' title="bbox 2219 2596 3818 2672">
     <span class='ocr_line' id='line_1_68' title="bbox 2219 2596 3818 2672; baseline 0.004 -22"><span class='ocrx_word' id='word_1_429' title='bbox 2219 2611 2340 2651; x_wconf 90' lang='lat' dir='ltr'><strong>mus</strong></span> <span class='ocrx_word' id='word_1_430' title='bbox 2369 2605 2423 2651; x_wconf 89' lang='lat' dir='ltr'><strong>et</strong></span> <span class='ocrx_word' id='word_1_431' title='bbox 2446 2596 2700 2667; x_wconf 77' lang='lat' dir='ltr'><strong>iubemus</strong></span> <span class='ocrx_word' id='word_1_432' title='bbox 2729 2607 2838 2653; x_wconf 91' lang='lat' dir='ltr'><strong>tam</strong></span> <span class='ocrx_word' id='word_1_433' title='bbox 2870 2599 3045 2669; x_wconf 85' lang='lat' dir='ltr'><strong>ipsum</strong></span> <span class='ocrx_word' id='word_1_434' title='bbox 3084 2600 3418 2671; x_wconf 86' lang='lat' dir='ltr'><strong>episcopum,</strong></span> <span class='ocrx_word' id='word_1_435' title='bbox 3447 2600 3531 2655; x_wconf 84' lang='lat' dir='ltr'><strong>vel</strong></span> <span class='ocrx_word' id='word_1_436' title='bbox 3580 2602 3818 2672; x_wconf 84' lang='lat' dir='ltr'><strong>legatum</strong></span> 
     </span>
    </p>
   </div>
   <div class='ocr_carea' id='block_1_69' title="bbox 2218 2685 3819 2763">
    <p class='ocr_par' dir='ltr' id='par_1_69' title="bbox 2218 2685 3819 2763">
     <span class='ocr_line' id='line_1_69' title="bbox 2218 2685 3819 2763; baseline 0.004 -23"><span class='ocrx_word' id='word_1_437' title='bbox 2218 2685 2354 2757; x_wconf 90' lang='lat' dir='ltr'><strong>ejus,</strong></span> <span class='ocrx_word' id='word_1_438' title='bbox 2388 2704 2660 2760; x_wconf 90' lang='lat' dir='ltr'><strong>quamque</strong></span> <span class='ocrx_word' id='word_1_439' title='bbox 2685 2689 2850 2746; x_wconf 90' lang='lat' dir='ltr'><strong>etiam</strong></span> <span class='ocrx_word' id='word_1_440' title='bbox 2872 2699 2984 2747; x_wconf 89' lang='lat' dir='ltr'><strong>tres</strong></span> <span class='ocrx_word' id='word_1_441' title='bbox 3009 2691 3075 2747; x_wconf 90' lang='lat' dir='ltr'><strong>de</strong></span> <span class='ocrx_word' id='word_1_442' title='bbox 3099 2691 3382 2747; x_wconf 89' lang='lat' dir='ltr'><strong>monachis</strong></span> <span class='ocrx_word' id='word_1_443' title='bbox 3419 2691 3673 2763; x_wconf 67' lang='lat' dir='ltr'><strong>prmdicti</strong></span> <span class='ocrx_word' id='word_1_444' title='bbox 3705 2707 3819 2747; x_wconf 86' lang='lat' dir='ltr'><strong>mo-</strong></span> 
     </span>
    </p>
   </div>
   <div class='ocr_carea' id='block_1_70' title="bbox 2217 2782 3817 2856">
    <p class='ocr_par' dir='ltr' id='par_1_70' title="bbox 2217 2782 3817 2856">
     <span class='ocr_line' id='line_1_70' title="bbox 2217 2782 3817 2856; baseline 0.003 -21"><span class='ocrx_word' id='word_1_445' title='bbox 2217 2782 2465 2848; x_wconf 87' lang='lat' dir='ltr'><strong>nasterii,</strong></span> <span class='ocrx_word' id='word_1_446' title='bbox 2511 2793 2758 2855; x_wconf 88' lang='lat' dir='ltr'><strong>tempore</strong></span> <span class='ocrx_word' id='word_1_447' title='bbox 2806 2791 3111 2856; x_wconf 89' lang='lat' dir='ltr'><strong>opportuno</strong></span> <span class='ocrx_word' id='word_1_448' title='bbox 3145 2784 3214 2839; x_wconf 90' lang='lat' dir='ltr'><strong>ad</strong></span> <span class='ocrx_word' id='word_1_449' title='bbox 3261 2799 3362 2840; x_wconf 91' lang='lat' dir='ltr'><strong>nos</strong></span> <span class='ocrx_word' id='word_1_450' title='bbox 3387 2785 3537 2840; x_wconf 89' lang='lat' dir='ltr'><strong>omni</strong></span> <span class='ocrx_word' id='word_1_451' title='bbox 3588 2794 3817 2856; x_wconf 69' lang='lat' dir='ltr'><strong>praeter-</strong></span> 
     </span>
    </p>
   </div>
   <div class='ocr_carea' id='block_1_71' title="bbox 2218 2857 3815 2949">
    <p class='ocr_par' dir='ltr' id='par_1_71' title="bbox 2218 2857 3815 2949">
     <span class='ocr_line' id='line_1_71' title="bbox 2218 2857 3815 2949; baseline 0.003 -21"><span class='ocrx_word' id='word_1_452' title='bbox 2218 2876 2382 2930; x_wconf 88' lang='lat' dir='ltr'><strong>missa</strong></span> <span class='ocrx_word' id='word_1_453' title='bbox 2412 2876 2701 2932; x_wconf 87' lang='lat' dir='ltr'><strong>occasione</strong></span> <span class='ocrx_word' id='word_1_454' title='bbox 2752 2857 2938 2932; x_wconf 82' lang='lat' dir='ltr'><strong>venire</strong></span> <span class='ocrx_word' id='word_1_455' title='bbox 2976 2895 2991 2932; x_wconf 91' lang='lat'>:</span> <span class='ocrx_word' id='word_1_456' title='bbox 3037 2886 3098 2934; x_wconf 92' lang='lat' dir='ltr'><strong>ut</strong></span> <span class='ocrx_word' id='word_1_457' title='bbox 3126 2877 3288 2948; x_wconf 86' lang='lat' dir='ltr'><strong>digne</strong></span> <span class='ocrx_word' id='word_1_458' title='bbox 3328 2876 3642 2949; x_wconf 66' lang='lat' dir='ltr'><strong>apostolica:</strong></span> <span class='ocrx_word' id='word_1_459' title='bbox 3671 2877 3815 2932; x_wconf 87' lang='lat' dir='ltr'><strong>sedis</strong></span> 
     </span>
    </p>
   </div>
   <div class='ocr_carea' id='block_1_72' title="bbox 2217 2969 3810 3042">
    <p class='ocr_par' dir='ltr' id='par_1_72' title="bbox 2217 2969 3810 3042">
     <span class='ocr_line' id='line_1_72' title="bbox 2217 2969 3810 3042; baseline 0.001 -18"><span class='ocrx_word' id='word_1_460' title='bbox 2217 2971 2470 3026; x_wconf 79' lang='lat' dir='ltr'><strong>examine</strong></span> <span class='ocrx_word' id='word_1_461' title='bbox 2494 2979 2658 3042; x_wconf 90' lang='lat' dir='ltr'><strong>atque</strong></span> <span class='ocrx_word' id='word_1_462' title='bbox 2674 2969 2879 3040; x_wconf 90' lang='lat' dir='ltr'><strong>judicio</strong></span> <span class='ocrx_word' id='word_1_463' title='bbox 2911 2970 3034 3027; x_wconf 89' lang='lat' dir='ltr'><strong>talis</strong></span> <span class='ocrx_word' id='word_1_464' title='bbox 3063 2971 3351 3041; x_wconf 90' lang='lat' dir='ltr'><strong>utriusque</strong></span> <span class='ocrx_word' id='word_1_465' title='bbox 3375 2969 3551 3041; x_wconf 90' lang='lat' dir='ltr'><strong>partis</strong></span> <span class='ocrx_word' id='word_1_466' title='bbox 3581 2978 3810 3025; x_wconf 83' lang='lat' dir='ltr'><strong>contro-</strong></span> 
     </span>
    </p>
   </div>
   <div class='ocr_carea' id='block_1_73' title="bbox 2215 3060 3818 3132">
    <p class='ocr_par' dir='ltr' id='par_1_73' title="bbox 2215 3060 3818 3132">
     <span class='ocr_line' id='line_1_73' title="bbox 2215 3060 3818 3132; baseline 0 -16"><span class='ocrx_word' id='word_1_467' title='bbox 2215 3062 2393 3117; x_wconf 86' lang='lat' dir='ltr'><strong>vcrsia</strong></span> <span class='ocrx_word' id='word_1_468' title='bbox 2444 3070 2740 3128; x_wconf 90' lang='lat' dir='ltr'><strong>resecetur,</strong></span> <span class='ocrx_word' id='word_1_469' title='bbox 2791 3070 2849 3117; x_wconf 90' lang='lat' dir='ltr'><strong>et</strong></span> <span class='ocrx_word' id='word_1_470' title='bbox 2901 3061 2988 3118; x_wconf 86' lang='lat' dir='ltr'><strong>ad</strong></span> <span class='ocrx_word' id='word_1_471' title='bbox 3020 3060 3293 3132; x_wconf 74' lang='lat' dir='ltr'><strong>aequitatis</strong></span> <span class='ocrx_word' id='word_1_472' title='bbox 3341 3061 3538 3117; x_wconf 58' lang='lat' dir='ltr'><strong>debitae</strong></span> <span class='ocrx_word' id='word_1_473' title='bbox 3576 3060 3673 3132; x_wconf 88' lang='lat' dir='ltr'><strong>jus</strong></span> <span class='ocrx_word' id='word_1_474' title='bbox 3695 3076 3818 3132; x_wconf 83' lang='lat' dir='ltr'><strong>pars</strong></span> 
     </span>
    </p>
   </div>
   <div class='ocr_carea' id='block_1_74' title="bbox 2211 3149 3811 3225">
    <p class='ocr_par' dir='ltr' id='par_1_74' title="bbox 2211 3149 3811 3225">
     <span class='ocr_line' id='line_1_74' title="bbox 2211 3149 3811 3225; baseline 0.002 -20"><span class='ocrx_word' id='word_1_475' title='bbox 2211 3149 2359 3222; x_wconf 87' lang='lat' dir='ltr'><strong>justa</strong></span> <span class='ocrx_word' id='word_1_476' title='bbox 2408 3153 2525 3209; x_wconf 90' lang='lat' dir='ltr'><strong>sine</strong></span> <span class='ocrx_word' id='word_1_477' title='bbox 2579 3152 2937 3225; x_wconf 89' lang='lat' dir='ltr'><strong>protelatione</strong></span> <span class='ocrx_word' id='word_1_478' title='bbox 2985 3153 3311 3208; x_wconf 92' lang='lat' dir='ltr'><strong>indubitanti</strong></span> <span class='ocrx_word' id='word_1_479' title='bbox 3348 3150 3456 3208; x_wconf 87' lang='lat' dir='ltr'><strong>ﬁne</strong></span> <span class='ocrx_word' id='word_1_480' title='bbox 3505 3153 3811 3223; x_wconf 84' lang='lat' dir='ltr'><strong>perveniat.</strong></span> 
     </span>
    </p>
   </div>
   <div class='ocr_carea' id='block_1_75' title="bbox 2143 3214 3816 3315">
    <p class='ocr_par' dir='ltr' id='par_1_75' title="bbox 2143 3214 3816 3315">
     <span class='ocr_line' id='line_1_75' title="bbox 2143 3214 3816 3315; baseline 0.001 -18"><span class='ocrx_word' id='word_1_481' title='bbox 2143 3214 2187 3280; x_wconf 56' lang='grc' dir='ltr'><strong>(δ</strong></span> <span class='ocrx_word' id='word_1_482' title='bbox 2221 3243 2370 3310; x_wconf 86' lang='lat' dir='ltr'><strong>Quod</strong></span> <span class='ocrx_word' id='word_1_483' title='bbox 2400 3244 2444 3300; x_wconf 90' lang='lat' dir='ltr'><strong>si</strong></span> <span class='ocrx_word' id='word_1_484' title='bbox 2472 3243 2572 3315; x_wconf 89' lang='lat' dir='ltr'><strong>ipsi</strong></span> <span class='ocrx_word' id='word_1_485' title='bbox 2604 3243 2876 3309; x_wconf 89' lang='lat' dir='ltr'><strong>monachi,</strong></span> <span class='ocrx_word' id='word_1_486' title='bbox 2900 3252 3083 3298; x_wconf 90' lang='lat' dir='ltr'><strong>nostra</strong></span> <span class='ocrx_word' id='word_1_487' title='bbox 3107 3241 3354 3312; x_wconf 89' lang='lat' dir='ltr'><strong>jussione</strong></span> <span class='ocrx_word' id='word_1_488' title='bbox 3389 3243 3594 3307; x_wconf 86' lang='lat' dir='ltr'><strong>vocati,</strong></span> <span class='ocrx_word' id='word_1_489' title='bbox 3626 3243 3816 3298; x_wconf 80' lang='lat' dir='ltr'><strong>venire</strong></span> 
     </span>
    </p>
   </div>
   <div class='ocr_carea' id='block_1_76' title="bbox 2215 3333 3810 3407">
    <p class='ocr_par' dir='ltr' id='par_1_76' title="bbox 2215 3333 3810 3407">
     <span class='ocr_line' id='line_1_76' title="bbox 2215 3333 3810 3407; baseline -0.001 -17"><span class='ocrx_word' id='word_1_490' title='bbox 2215 3333 2355 3392; x_wconf 82' lang='lat' dir='ltr'><strong>forte</strong></span> <span class='ocrx_word' id='word_1_491' title='bbox 2405 3337 2872 3407; x_wconf 86' lang='lat' dir='ltr'><strong>contempserint,</strong></span> <span class='ocrx_word' id='word_1_492' title='bbox 2917 3342 3115 3391; x_wconf 68' lang='lat' dir='ltr'><strong>vestrae</strong></span> <span class='ocrx_word' id='word_1_493' title='bbox 3173 3335 3460 3407; x_wconf 90' lang='lat' dir='ltr'><strong>potestatis</strong></span> <span class='ocrx_word' id='word_1_494' title='bbox 3523 3349 3810 3405; x_wconf 81' lang='lat' dir='ltr'><strong>properare</strong></span> 
     </span>
    </p>
   </div>
   <div class='ocr_carea' id='block_1_77' title="bbox 2215 3425 3812 3500">
    <p class='ocr_par' dir='ltr' id='par_1_77' title="bbox 2215 3425 3812 3500">
     <span class='ocr_line' id='line_1_77' title="bbox 2215 3425 3812 3500; baseline -0.003 -16"><span class='ocrx_word' id='word_1_495' title='bbox 2215 3436 2478 3500; x_wconf 86' lang='lat' dir='ltr'><strong>cogantur</strong></span> <span class='ocrx_word' id='word_1_496' title='bbox 2502 3428 2752 3500; x_wconf 89' lang='lat' dir='ltr'><strong>imperio,</strong></span> <span class='ocrx_word' id='word_1_497' title='bbox 2785 3443 2908 3483; x_wconf 89' lang='lat' dir='ltr'><strong>cum</strong></span> <span class='ocrx_word' id='word_1_498' title='bbox 2944 3429 3140 3499; x_wconf 89' lang='lat' dir='ltr'><strong>quibus</strong></span> <span class='ocrx_word' id='word_1_499' title='bbox 3176 3434 3234 3483; x_wconf 91' lang='lat' dir='ltr'><strong>et</strong></span> <span class='ocrx_word' id='word_1_500' title='bbox 3280 3425 3496 3482; x_wconf 90' lang='lat' dir='ltr'><strong>ﬁdelem</strong></span> <span class='ocrx_word' id='word_1_501' title='bbox 3541 3425 3812 3481; x_wconf 88' lang='lat' dir='ltr'><strong>hominem</strong></span> 
     </span>
    </p>
   </div>
   <div class='ocr_carea' id='block_1_78' title="bbox 2211 3517 3810 3591">
    <p class='ocr_par' dir='ltr' id='par_1_78' title="bbox 2211 3517 3810 3591">
     <span class='ocr_line' id='line_1_78' title="bbox 2211 3517 3810 3591; baseline -0.001 -19"><span class='ocrx_word' id='word_1_502' title='bbox 2211 3527 2451 3574; x_wconf 85' lang='lat' dir='ltr'><strong>vestrum</strong></span> <span class='ocrx_word' id='word_1_503' title='bbox 2491 3518 2864 3574; x_wconf 89' lang='lat' dir='ltr'><strong>transmittere</strong></span> <span class='ocrx_word' id='word_1_504' title='bbox 2911 3519 3004 3591; x_wconf 92' lang='lat' dir='ltr'><strong>qui</strong></span> <span class='ocrx_word' id='word_1_505' title='bbox 3053 3517 3222 3590; x_wconf 90' lang='lat' dir='ltr'><strong>ipsius</strong></span> <span class='ocrx_word' id='word_1_506' title='bbox 3276 3531 3460 3573; x_wconf 60' lang='lat' dir='ltr'><strong>causa:</strong></span> <span class='ocrx_word' id='word_1_507' title='bbox 3497 3526 3555 3572; x_wconf 90' lang='lat' dir='ltr'><strong>et</strong></span> <span class='ocrx_word' id='word_1_508' title='bbox 3592 3527 3810 3572; x_wconf 80' lang='lat' dir='ltr'><strong>conten-</strong></span> 
     </span>
    </p>
   </div>
   <div class='ocr_carea' id='block_1_79' title="bbox 2215 3611 3608 3684">
    <p class='ocr_par' dir='ltr' id='par_1_79' title="bbox 2215 3611 3608 3684">
     <span class='ocr_line' id='line_1_79' title="bbox 2215 3611 3608 3684; baseline 0 -18"><span class='ocrx_word' id='word_1_509' title='bbox 2215 3611 2377 3668; x_wconf 89' lang='lat' dir='ltr'><strong>tionis</strong></span> <span class='ocrx_word' id='word_1_510' title='bbox 2404 3611 2617 3667; x_wconf 90' lang='lat' dir='ltr'><strong>initium</strong></span> <span class='ocrx_word' id='word_1_511' title='bbox 2645 3611 2958 3682; x_wconf 85' lang='lat' dir='ltr'><strong>experiatur</strong></span> <span class='ocrx_word' id='word_1_512' title='bbox 2990 3619 3048 3668; x_wconf 93' lang='lat' dir='ltr'><strong>et</strong></span> <span class='ocrx_word' id='word_1_513' title='bbox 3071 3611 3254 3680; x_wconf 90' lang='lat' dir='ltr'><strong>ﬁnem,</strong></span> <span class='ocrx_word' id='word_1_514' title='bbox 3281 3611 3608 3684; x_wconf 86' lang='lat' dir='ltr'><strong>dignemini.</strong></span> 
     </span>
    </p>
   </div>
   <div class='ocr_carea' id='block_1_80' title="bbox 2963 3723 3052 3780">
    <p class='ocr_par' dir='ltr' id='par_1_80' title="bbox 2963 3723 3052 3780">
     <span class='ocr_line' id='line_1_80' title="bbox 2963 3723 3052 3780; baseline 0 0"><span class='ocrx_word' id='word_1_515' title='bbox 2963 3723 3052 3780; x_wconf 89' lang='lat' dir='ltr'><strong>LI.</strong></span> 
     </span>
    </p>
   </div>
   <div class='ocr_carea' id='block_1_81' title="bbox 2392 3829 3633 3875">
    <p class='ocr_par' dir='ltr' id='par_1_81' title="bbox 2392 3829 3633 3875">
     <span class='ocr_line' id='line_1_81' title="bbox 2392 3829 3633 3875; baseline 0.001 -5"><span class='ocrx_word' id='word_1_516' title='bbox 2392 3831 2461 3870; x_wconf 77' lang='lat' dir='ltr'><strong>AD</strong></span> <span class='ocrx_word' id='word_1_517' title='bbox 2498 3829 2826 3874; x_wconf 66' lang='lat' dir='ltr'><strong>ROTBERTUI</strong></span> <span class='ocrx_word' id='word_1_518' title='bbox 2862 3831 3156 3873; x_wconf 69' lang='lat' dir='ltr'><strong>EPISCOPUI</strong></span> <span class='ocrx_word' id='word_1_519' title='bbox 3191 3831 3633 3875; x_wconf 69' lang='lat' dir='ltr'><strong>CENOIANENSEI.</strong></span> 
     </span>
    </p>
   </div>
   <div class='ocr_carea' id='block_1_82' title="bbox 2824 3908 3202 3982">
    <p class='ocr_par' dir='ltr' id='par_1_82' title="bbox 2824 3908 3202 3982">
     <span class='ocr_line' id='line_1_82' title="bbox 2824 3908 3202 3982; baseline 0.003 -20"><span class='ocrx_word' id='word_1_520' title='bbox 2824 3908 3002 3980; x_wconf 85' lang='lat' dir='ltr'><strong>(Anno</strong></span> <span class='ocrx_word' id='word_1_521' title='bbox 3048 3908 3202 3982; x_wconf 79' lang='lat'><strong>865.)</strong></span> 
     </span>
    </p>
   </div>
   <div class='ocr_carea' id='block_1_83' title="bbox 2212 3995 3806 4070">
    <p class='ocr_par' dir='ltr' id='par_1_83' title="bbox 2212 3995 3806 4070">
     <span class='ocr_line' id='line_1_83' title="bbox 2212 3995 3806 4070; baseline 0.004 -16"><span class='ocrx_word' id='word_1_522' title='bbox 2212 3995 2421 4054; x_wconf 82' lang='lat' dir='ltr'><strong>Narrat</strong></span> <span class='ocrx_word' id='word_1_523' title='bbox 2472 3997 2598 4070; x_wconf 84' lang='lat' dir='ltr'><strong>quid</strong></span> <span class='ocrx_word' id='word_1_524' title='bbox 2653 3999 2818 4070; x_wconf 79' lang='lat' dir='ltr'><strong>ipsius</strong></span> <span class='ocrx_word' id='word_1_525' title='bbox 2857 4017 3019 4055; x_wconf 83' lang='lat' dir='ltr'><strong>causa</strong></span> <span class='ocrx_word' id='word_1_526' title='bbox 3056 4003 3297 4057; x_wconf 74' lang='lat' dir='ltr'><strong>statuerit</strong></span> <span class='ocrx_word' id='word_1_527' title='bbox 3345 4003 3410 4058; x_wconf 83' lang='lat' dir='ltr'><strong>de</strong></span> <span class='ocrx_word' id='word_1_528' title='bbox 3451 4006 3806 4060; x_wconf 74' lang='lat' dir='ltr'><strong>controversia</strong></span> 
     </span>
    </p>
   </div>
   <div class='ocr_carea' id='block_1_84' title="bbox 2600 4071 3412 4143">
    <p class='ocr_par' dir='ltr' id='par_1_84' title="bbox 2600 4071 3412 4143">
     <span class='ocr_line' id='line_1_84' title="bbox 2600 4071 3412 4143; baseline 0.007 -20"><span class='ocrx_word' id='word_1_529' title='bbox 2600 4073 2903 4126; x_wconf 75' lang='lat' dir='ltr'><strong>monasterii</strong></span> <span class='ocrx_word' id='word_1_530' title='bbox 2945 4074 3115 4128; x_wconf 70' lang='lat' dir='ltr'><strong>sancti</strong></span> <span class='ocrx_word' id='word_1_531' title='bbox 3169 4071 3412 4143; x_wconf 76' lang='lat' dir='ltr'><strong>Karilc/i.</strong></span> 
     </span>
    </p>
   </div>
   <div class='ocr_carea' id='block_1_85' title="bbox 2801 4163 3205 4239">
    <p class='ocr_par' dir='ltr' id='par_1_85' title="bbox 2801 4163 3205 4239">
     <span class='ocr_line' id='line_1_85' title="bbox 2801 4163 3205 4239; baseline 0 -20"><span class='ocrx_word' id='word_1_532' title='bbox 2801 4163 3021 4236; x_wconf 87' lang='lat' dir='ltr'><strong>[Mansi,</strong></span> <span class='ocrx_word' id='word_1_533' title='bbox 3048 4164 3205 4239; x_wconf 84' lang='lat' dir='ltr'><strong>ibid.]</strong></span> 
     </span>
    </p>
   </div>
   <div class='ocr_carea' id='block_1_86' title="bbox 2247 4257 3806 4330">
    <p class='ocr_par' dir='ltr' id='par_1_86' title="bbox 2247 4257 3806 4330">
     <span class='ocr_line' id='line_1_86' title="bbox 2247 4257 3806 4330; baseline 0.004 -18"><span class='ocrx_word' id='word_1_534' title='bbox 2247 4257 2550 4314; x_wconf 72' lang='lat' dir='ltr'><strong>.Nrcouus</strong></span> <span class='ocrx_word' id='word_1_535' title='bbox 2591 4258 2898 4330; x_wconf 90' lang='lat' dir='ltr'><strong>episcopus,</strong></span> <span class='ocrx_word' id='word_1_536' title='bbox 2943 4274 3138 4316; x_wconf 88' lang='lat' dir='ltr'><strong>servus</strong></span> <span class='ocrx_word' id='word_1_537' title='bbox 3180 4273 3463 4317; x_wconf 84' lang='lat' dir='ltr'><strong>servorum</strong></span> <span class='ocrx_word' id='word_1_538' title='bbox 3504 4261 3624 4328; x_wconf 85' lang='lat' dir='ltr'><strong>Dei,</strong></span> <span class='ocrx_word' id='word_1_539' title='bbox 3658 4261 3806 4319; x_wconf 73' lang='lat' dir='ltr'><strong>Bor-</strong></span> 
     </span>
    </p>
   </div>
   <div class='ocr_carea' id='block_1_87' title="bbox 2207 4350 3332 4424">
    <p class='ocr_par' dir='ltr' id='par_1_87' title="bbox 2207 4350 3332 4424">
     <span class='ocr_line' id='line_1_87' title="bbox 2207 4350 3332 4424; baseline 0 -16"><span class='ocrx_word' id='word_1_540' title='bbox 2207 4366 2386 4408; x_wconf 73' lang='lat' dir='ltr'><strong>BBRTO</strong></span> <span class='ocrx_word' id='word_1_541' title='bbox 2412 4350 2839 4409; x_wconf 90' lang='lat' dir='ltr'><strong>Cenomanensis</strong></span> <span class='ocrx_word' id='word_1_542' title='bbox 2873 4353 3022 4409; x_wconf 90' lang='lat' dir='ltr'><strong>urbis</strong></span> <span class='ocrx_word' id='word_1_543' title='bbox 3055 4352 3332 4424; x_wconf 90' lang='lat' dir='ltr'><strong>episcopo.</strong></span> 
     </span>
    </p>
   </div>
   <div class='ocr_carea' id='block_1_88' title="bbox 2275 4446 3807 4519">
    <p class='ocr_par' dir='ltr' id='par_1_88' title="bbox 2275 4446 3807 4519">
     <span class='ocr_line' id='line_1_88' title="bbox 2275 4446 3807 4519; baseline 0.001 -15"><span class='ocrx_word' id='word_1_544' title='bbox 2275 4446 2445 4504; x_wconf 86' lang='lat' dir='ltr'><strong>Plane</strong></span> <span class='ocrx_word' id='word_1_545' title='bbox 2471 4447 2600 4518; x_wconf 86' lang='lat' dir='ltr'><strong>quia</strong></span> <span class='ocrx_word' id='word_1_546' title='bbox 2652 4447 2998 4503; x_wconf 85' lang='lat' dir='ltr'><strong>sanctitatem</strong></span> <span class='ocrx_word' id='word_1_547' title='bbox 3047 4456 3287 4502; x_wconf 88' lang='lat' dir='ltr'><strong>vestram</strong></span> <span class='ocrx_word' id='word_1_548' title='bbox 3337 4447 3408 4503; x_wconf 90' lang='lat' dir='ltr'><strong>ad</strong></span> <span class='ocrx_word' id='word_1_549' title='bbox 3450 4447 3807 4519; x_wconf 80' lang='lat' dir='ltr'><strong>apostolicam</strong></span> 
     </span>
    </p>
   </div>
   <div class='ocr_carea' id='block_1_89' title="bbox 512 4537 3805 4609">
    <p class='ocr_par' dir='ltr' id='par_1_89' title="bbox 512 4537 3805 4609">
     <span class='ocr_line' id='line_1_89' title="bbox 512 4537 3805 4609; baseline 0.001 -15"><span class='ocrx_word' id='word_1_550' title='bbox 512 4554 655 4594; x_wconf 91' lang='lat' dir='ltr'><strong>nunc</strong></span> <span class='ocrx_word' id='word_1_551' title='bbox 679 4539 797 4594; x_wconf 89' lang='lat' dir='ltr'><strong>sine</strong></span> <span class='ocrx_word' id='word_1_552' title='bbox 849 4537 1018 4609; x_wconf 88' lang='lat' dir='ltr'><strong>ipsius</strong></span> <span class='ocrx_word' id='word_1_553' title='bbox 1050 4537 1124 4594; x_wconf 91' lang='lat' dir='ltr'><strong>sit</strong></span> <span class='ocrx_word' id='word_1_554' title='bbox 1166 4552 1436 4594; x_wconf 88' lang='lat' dir='ltr'><strong>consensu</strong></span> <span class='ocrx_word' id='word_1_555' title='bbox 1478 4537 1581 4594; x_wconf 91' lang='lat' dir='ltr'><strong>sub</strong></span> <span class='ocrx_word' id='word_1_556' title='bbox 1607 4538 1820 4594; x_wconf 86' lang='lat' dir='ltr'><strong>abbatis</strong></span> <span class='ocrx_word' id='word_1_557' title='bbox 1840 4538 2103 4595; x_wconf 91' lang='lat' dir='ltr'><strong>constitu-</strong></span> <span class='ocrx_word' id='word_1_558' title='bbox 2125 4592 2178 4609; x_wconf 58' lang='grc'><em>,,</em></span> <span class='ocrx_word' id='word_1_559' title='bbox 2207 4539 2393 4598; x_wconf 87' lang='lat' dir='ltr'><strong>sedem</strong></span> <span class='ocrx_word' id='word_1_560' title='bbox 2436 4544 2652 4595; x_wconf 91' lang='lat' dir='ltr'><strong>constat</strong></span> <span class='ocrx_word' id='word_1_561' title='bbox 2677 4538 2870 4609; x_wconf 90' lang='lat' dir='ltr'><strong>plenas</strong></span> <span class='ocrx_word' id='word_1_562' title='bbox 2893 4537 3180 4594; x_wconf 88' lang='lat' dir='ltr'><strong>devotione</strong></span> <span class='ocrx_word' id='word_1_563' title='bbox 3224 4537 3432 4594; x_wconf 90' lang='lat' dir='ltr'><strong>litteras</strong></span> <span class='ocrx_word' id='word_1_564' title='bbox 3478 4539 3805 4608; x_wconf 84' lang='lat' dir='ltr'><strong>destinasse,</strong></span> 
     </span>
    </p>
   </div>
   <div class='ocr_carea' id='block_1_90' title="bbox 510 4629 2099 4704">
    <p class='ocr_par' dir='ltr' id='par_1_90' title="bbox 510 4629 2099 4704">
     <span class='ocr_line' id='line_1_90' title="bbox 510 4629 2099 4704; baseline 0.002 -19"><span class='ocrx_word' id='word_1_565' title='bbox 510 4638 624 4685; x_wconf 90' lang='lat' dir='ltr'><strong>tum</strong></span> <span class='ocrx_word' id='word_1_566' title='bbox 656 4631 940 4702; x_wconf 88' lang='lat' dir='ltr'><strong>regimine.</strong></span> <span class='ocrx_word' id='word_1_567' title='bbox 970 4629 1125 4688; x_wconf 89' lang='lat' dir='ltr'><strong>Unde</strong></span> <span class='ocrx_word' id='word_1_568' title='bbox 1151 4639 1389 4686; x_wconf 84' lang='lat' dir='ltr'><strong>vestram</strong></span> <span class='ocrx_word' id='word_1_569' title='bbox 1423 4629 1534 4686; x_wconf 92' lang='lat' dir='ltr'><strong>Deo</strong></span> <span class='ocrx_word' id='word_1_570' title='bbox 1573 4630 1860 4686; x_wconf 88' lang='lat' dir='ltr'><strong>amabilem</strong></span> <span class='ocrx_word' id='word_1_571' title='bbox 1884 4631 2099 4704; x_wconf 85' lang='lat' dir='ltr'><strong>magni-</strong></span> 
     </span>
    </p>
   </div>
   <div class='ocr_carea' id='block_1_91' title="bbox 509 4725 2102 4796">
    <p class='ocr_par' dir='ltr' id='par_1_91' title="bbox 509 4725 2102 4796">
     <span class='ocr_line' id='line_1_91' title="bbox 509 4725 2102 4796; baseline 0.002 -17"><span class='ocrx_word' id='word_1_572' title='bbox 509 4725 784 4782; x_wconf 88' lang='lat' dir='ltr'><strong>ﬁcentiam</strong></span> <span class='ocrx_word' id='word_1_573' title='bbox 841 4725 926 4781; x_wconf 92' lang='lat' dir='ltr'><strong>his</strong></span> <span class='ocrx_word' id='word_1_574' title='bbox 971 4725 1228 4796; x_wconf 89' lang='lat' dir='ltr'><strong>apostolis</strong></span> <span class='ocrx_word' id='word_1_575' title='bbox 1278 4739 1564 4780; x_wconf 90' lang='lat' dir='ltr'><strong>monemus</strong></span> <span class='ocrx_word' id='word_1_576' title='bbox 1611 4733 1773 4796; x_wconf 92' lang='lat' dir='ltr'><strong>atque</strong></span> <span class='ocrx_word' id='word_1_577' title='bbox 1819 4725 2102 4782; x_wconf 90' lang='lat' dir='ltr'><strong>hortamur</strong></span> 
     </span>
    </p>
   </div>
   <div class='ocr_carea' id='block_1_92' title="bbox 509 4812 2100 4888">
    <p class='ocr_par' dir='ltr' id='par_1_92' title="bbox 509 4812 2100 4888">
     <span class='ocr_line' id='line_1_92' title="bbox 509 4812 2100 4888; baseline 0.001 -18"><span class='ocrx_word' id='word_1_578' title='bbox 509 4815 776 4886; x_wconf 89' lang='lat' dir='ltr'><strong>apicibus,</strong></span> <span class='ocrx_word' id='word_1_579' title='bbox 830 4823 889 4870; x_wconf 93' lang='lat' dir='ltr'><strong>ut</strong></span> <span class='ocrx_word' id='word_1_580' title='bbox 915 4812 1072 4883; x_wconf 83' lang='lat' dir='ltr'><strong>juxta</strong></span> <span class='ocrx_word' id='word_1_581' title='bbox 1116 4815 1359 4871; x_wconf 88' lang='lat' dir='ltr'><strong>veritatis</strong></span> <span class='ocrx_word' id='word_1_582' title='bbox 1400 4829 1712 4882; x_wconf 91' lang='lat' dir='ltr'><strong>censuram,</strong></span> <span class='ocrx_word' id='word_1_583' title='bbox 1740 4823 1942 4872; x_wconf 75' lang='lat' dir='ltr'><strong>sancta:</strong></span> <span class='ocrx_word' id='word_1_584' title='bbox 1984 4815 2100 4888; x_wconf 91' lang='lat' dir='ltr'><strong>jam</strong></span> 
     </span>
    </p>
   </div>
   <div class='ocr_carea' id='block_1_93' title="bbox 512 4905 2094 4983">
    <p class='ocr_par' dir='ltr' id='par_1_93' title="bbox 512 4905 2094 4983">
     <span class='ocr_line' id='line_1_93' title="bbox 512 4905 2094 4983; baseline 0.003 -21"><span class='ocrx_word' id='word_1_585' title='bbox 512 4907 670 4962; x_wconf 60' lang='lat' dir='ltr'><strong>dictae</strong></span> <span class='ocrx_word' id='word_1_586' title='bbox 700 4905 1093 4964; x_wconf 87' lang='lat' dir='ltr'><strong>Cenomanensi</strong></span> <span class='ocrx_word' id='word_1_587' title='bbox 1121 4905 1400 4974; x_wconf 76' lang='lat' dir='ltr'><strong>Ecclesiae,</strong></span> <span class='ocrx_word' id='word_1_588' title='bbox 1439 4922 1601 4980; x_wconf 90' lang='lat' dir='ltr'><strong>super</strong></span> <span class='ocrx_word' id='word_1_589' title='bbox 1623 4906 1786 4980; x_wconf 90' lang='lat' dir='ltr'><strong>hujus</strong></span> <span class='ocrx_word' id='word_1_590' title='bbox 1823 4909 1903 4966; x_wconf 91' lang='lat' dir='ltr'><strong>rei</strong></span> <span class='ocrx_word' id='word_1_591' title='bbox 1933 4923 2094 4983; x_wconf 82' lang='lat' dir='ltr'><strong>nego-</strong></span> 
     </span>
    </p>
   </div>
   <div class='ocr_carea' id='block_1_94' title="bbox 511 4997 2102 5072">
    <p class='ocr_par' dir='ltr' id='par_1_94' title="bbox 511 4997 2102 5072">
     <span class='ocr_line' id='line_1_94' title="bbox 511 4997 2102 5072; baseline 0.004 -20"><span class='ocrx_word' id='word_1_592' title='bbox 511 4997 592 5052; x_wconf 89' lang='lat' dir='ltr'><strong>tio</strong></span> <span class='ocrx_word' id='word_1_593' title='bbox 615 4997 882 5068; x_wconf 89' lang='lat' dir='ltr'><strong>justitiam</strong></span> <span class='ocrx_word' id='word_1_594' title='bbox 906 5012 1252 5067; x_wconf 89' lang='lat' dir='ltr'><strong>conservare,</strong></span> <span class='ocrx_word' id='word_1_595' title='bbox 1301 5007 1357 5056; x_wconf 91' lang='lat' dir='ltr'><strong>et</strong></span> <span class='ocrx_word' id='word_1_596' title='bbox 1383 4999 1533 5072; x_wconf 92' lang='lat' dir='ltr'><strong>pium</strong></span> <span class='ocrx_word' id='word_1_597' title='bbox 1559 4999 1860 5058; x_wconf 89' lang='lat' dir='ltr'><strong>devotionis</strong></span> <span class='ocrx_word' id='word_1_598' title='bbox 1903 5009 2102 5058; x_wconf 70' lang='lat' dir='ltr'><strong>vestra:</strong></span> 
     </span>
    </p>
   </div>
   <div class='ocr_carea' id='block_1_95' title="bbox 510 5088 2098 5166">
    <p class='ocr_par' dir='ltr' id='par_1_95' title="bbox 510 5088 2098 5166">
     <span class='ocr_line' id='line_1_95' title="bbox 510 5088 2098 5166; baseline 0.004 -22"><span class='ocrx_word' id='word_1_599' title='bbox 510 5088 772 5144; x_wconf 88' lang='lat' dir='ltr'><strong>auxilium</strong></span> <span class='ocrx_word' id='word_1_600' title='bbox 819 5091 1104 5162; x_wconf 89' lang='lat' dir='ltr'><strong>impertiri,</strong></span> <span class='ocrx_word' id='word_1_601' title='bbox 1138 5091 1283 5148; x_wconf 87' lang='lat' dir='ltr'><strong>nulla</strong></span> <span class='ocrx_word' id='word_1_602' title='bbox 1312 5093 1595 5150; x_wconf 91' lang='lat' dir='ltr'><strong>hominum</strong></span> <span class='ocrx_word' id='word_1_603' title='bbox 1619 5091 1844 5149; x_wconf 89' lang='lat' dir='ltr'><strong>subdola</strong></span> <span class='ocrx_word' id='word_1_604' title='bbox 1873 5107 2098 5166; x_wconf 88' lang='lat' dir='ltr'><strong>persua-</strong></span> 
     </span>
    </p>
   </div>
   <div class='ocr_carea' id='block_1_96' title="bbox 509 5179 2094 5255">
    <p class='ocr_par' dir='ltr' id='par_1_96' title="bbox 509 5179 2094 5255">
     <span class='ocr_line' id='line_1_96' title="bbox 509 5179 2094 5255; baseline 0.004 -20"><span class='ocrx_word' id='word_1_605' title='bbox 509 5180 663 5236; x_wconf 91' lang='lat' dir='ltr'><strong>sione</strong></span> <span class='ocrx_word' id='word_1_606' title='bbox 691 5179 1121 5250; x_wconf 67' lang='lat' dir='ltr'><strong>praatermittatis</strong></span> <span class='ocrx_word' id='word_1_607' title='bbox 1151 5199 1164 5236; x_wconf 90' lang='lat'><strong>:</strong></span> <span class='ocrx_word' id='word_1_608' title='bbox 1198 5182 1374 5254; x_wconf 88' lang='lat' dir='ltr'><strong>ipsum</strong></span> <span class='ocrx_word' id='word_1_609' title='bbox 1397 5182 1792 5240; x_wconf 89' lang='lat' dir='ltr'><strong>monasterium</strong></span> <span class='ocrx_word' id='word_1_610' title='bbox 1821 5199 1920 5255; x_wconf 92' lang='lat' dir='ltr'><strong>pro</strong></span> <span class='ocrx_word' id='word_1_611' title='bbox 1960 5183 2094 5252; x_wconf 86' lang='lat' dir='ltr'><strong>Deo,</strong></span> 
     </span>
    </p>
   </div>
   <div class='ocr_carea' id='block_1_97' title="bbox 512 5274 2098 5349">
    <p class='ocr_par' dir='ltr' id='par_1_97' title="bbox 512 5274 2098 5349">
     <span class='ocr_line' id='line_1_97' title="bbox 512 5274 2098 5349; baseline 0.004 -22"><span class='ocrx_word' id='word_1_612' title='bbox 512 5283 822 5343; x_wconf 80' lang='lat' dir='ltr'><strong>nostraeque</strong></span> <span class='ocrx_word' id='word_1_613' title='bbox 877 5275 1221 5344; x_wconf 89' lang='lat' dir='ltr'><strong>paternitatis</strong></span> <span class='ocrx_word' id='word_1_614' title='bbox 1275 5290 1491 5343; x_wconf 88' lang='lat' dir='ltr'><strong>amore,</strong></span> <span class='ocrx_word' id='word_1_615' title='bbox 1555 5274 1783 5349; x_wconf 66' lang='lat' dir='ltr'><strong>praefato</strong></span> <span class='ocrx_word' id='word_1_616' title='bbox 1835 5275 2098 5334; x_wconf 70' lang='lat' dir='ltr'><strong>ltotberto</strong></span> 
     </span>
    </p>
   </div>
   <div class='ocr_carea' id='block_1_98' title="bbox 513 5368 2096 5442">
    <p class='ocr_par' dir='ltr' id='par_1_98' title="bbox 513 5368 2096 5442">
     <span class='ocr_line' id='line_1_98' title="bbox 513 5368 2096 5442; baseline 0.001 -18"><span class='ocrx_word' id='word_1_617' title='bbox 513 5370 790 5438; x_wconf 84' lang='lat' dir='ltr'><strong>episcopo,</strong></span> <span class='ocrx_word' id='word_1_618' title='bbox 821 5368 960 5423; x_wconf 87' lang='lat' dir='ltr'><strong>sicut</strong></span> <span class='ocrx_word' id='word_1_619' title='bbox 985 5377 1042 5424; x_wconf 90' lang='lat' dir='ltr'><strong>et</strong></span> <span class='ocrx_word' id='word_1_620' title='bbox 1079 5369 1516 5427; x_wconf 88' lang='lat' dir='ltr'><strong>antecessoribus</strong></span> <span class='ocrx_word' id='word_1_621' title='bbox 1562 5369 1680 5442; x_wconf 88' lang='lat' dir='ltr'><strong>ejus</strong></span> <span class='ocrx_word' id='word_1_622' title='bbox 1699 5368 1824 5440; x_wconf 90' lang='lat' dir='ltr'><strong>jure</strong></span> <span class='ocrx_word' id='word_1_623' title='bbox 1847 5383 2096 5441; x_wconf 83' lang='lat' dir='ltr'><strong>perman-</strong></span> 
     </span>
    </p>
   </div>
   <div class='ocr_carea' id='block_1_99' title="bbox 509 5462 2095 5537">
    <p class='ocr_par' dir='ltr' id='par_1_99' title="bbox 509 5462 2095 5537">
     <span class='ocr_line' id='line_1_99' title="bbox 509 5462 2095 5537; baseline 0.001 -17"><span class='ocrx_word' id='word_1_624' title='bbox 509 5464 606 5529; x_wconf 83' lang='lat' dir='ltr'><strong>sit,</strong></span> <span class='ocrx_word' id='word_1_625' title='bbox 635 5463 889 5533; x_wconf 83' lang='lat' dir='ltr'><strong>deinceps</strong></span> <span class='ocrx_word' id='word_1_626' title='bbox 916 5462 1138 5531; x_wconf 88' lang='lat' dir='ltr'><strong>habere,</strong></span> <span class='ocrx_word' id='word_1_627' title='bbox 1165 5473 1327 5535; x_wconf 90' lang='lat' dir='ltr'><strong>atque</strong></span> <span class='ocrx_word' id='word_1_628' title='bbox 1355 5463 1648 5521; x_wconf 86' lang='lat' dir='ltr'><strong>salubriter</strong></span> <span class='ocrx_word' id='word_1_629' title='bbox 1672 5478 1773 5537; x_wconf 90' lang='lat' dir='ltr'><strong>pro</strong></span> <span class='ocrx_word' id='word_1_630' title='bbox 1802 5464 1972 5536; x_wconf 90' lang='lat' dir='ltr'><strong>ipsius</strong></span> <span class='ocrx_word' id='word_1_631' title='bbox 2004 5479 2095 5521; x_wconf 80' lang='lat' dir='ltr'><strong>ve-</strong></span> 
     </span>
    </p>
   </div>
   <div class='ocr_carea' id='block_1_100' title="bbox 510 5556 2096 5621">
    <p class='ocr_par' dir='ltr' id='par_1_100' title="bbox 510 5556 2096 5621">
     <span class='ocr_line' id='line_1_100' title="bbox 510 5556 2096 5621; baseline 0.002 -9"><span class='ocrx_word' id='word_1_632' title='bbox 510 5557 773 5613; x_wconf 84' lang='lat' dir='ltr'><strong>nerabilis</strong></span> <span class='ocrx_word' id='word_1_633' title='bbox 821 5556 925 5613; x_wconf 93' lang='lat' dir='ltr'><strong>loci</strong></span> <span class='ocrx_word' id='word_1_634' title='bbox 972 5557 1296 5613; x_wconf 88' lang='lat' dir='ltr'><strong>utilitatibus</strong></span> <span class='ocrx_word' id='word_1_635' title='bbox 1345 5557 1632 5621; x_wconf 89' lang='lat' dir='ltr'><strong>ordinare,</strong></span> <span class='ocrx_word' id='word_1_636' title='bbox 1679 5557 1868 5614; x_wconf 90' lang='lat' dir='ltr'><strong>libenti</strong></span> <span class='ocrx_word' id='word_1_637' title='bbox 1914 5558 2096 5615; x_wconf 90' lang='lat' dir='ltr'><strong>animo</strong></span> 
     </span>
    </p>
   </div>
   <div class='ocr_carea' id='block_1_101' title="bbox 509 5649 2095 5722">
    <p class='ocr_par' dir='ltr' id='par_1_101' title="bbox 509 5649 2095 5722">
     <span class='ocr_line' id='line_1_101' title="bbox 509 5649 2095 5722; baseline 0.001 -16"><span class='ocrx_word' id='word_1_638' title='bbox 509 5651 836 5722; x_wconf 86' lang='lat' dir='ltr'><strong>permittatis</strong></span> <span class='ocrx_word' id='word_1_639' title='bbox 869 5667 882 5704; x_wconf 87' lang='lat'><strong>:</strong></span> <span class='ocrx_word' id='word_1_640' title='bbox 919 5649 1233 5719; x_wconf 91' lang='lat' dir='ltr'><strong>nullamque</strong></span> <span class='ocrx_word' id='word_1_641' title='bbox 1254 5650 1508 5720; x_wconf 85' lang='lat' dir='ltr'><strong>potentiae</strong></span> <span class='ocrx_word' id='word_1_642' title='bbox 1547 5656 1742 5705; x_wconf 64' lang='lat' dir='ltr'><strong>vestrae</strong></span> <span class='ocrx_word' id='word_1_643' title='bbox 1775 5649 1887 5706; x_wconf 89' lang='lat' dir='ltr'><strong>vim</strong></span> <span class='ocrx_word' id='word_1_644' title='bbox 1912 5649 1967 5706; x_wconf 92' lang='lat' dir='ltr'><strong>in</strong></span> <span class='ocrx_word' id='word_1_645' title='bbox 1991 5651 2095 5707; x_wconf 90' lang='lat' dir='ltr'><strong>hoc</strong></span> 
     </span>
    </p>
   </div>
   <div class='ocr_carea' id='block_1_102' title="bbox 506 5741 2094 5814">
    <p class='ocr_par' dir='ltr' id='par_1_102' title="bbox 506 5741 2094 5814">
     <span class='ocr_line' id='line_1_102' title="bbox 506 5741 2094 5814; baseline 0.001 -16"><span class='ocrx_word' id='word_1_646' title='bbox 506 5741 849 5814; x_wconf 78' lang='lat' dir='ltr'><strong>aliquatenus</strong></span> <span class='ocrx_word' id='word_1_647' title='bbox 874 5741 1146 5814; x_wconf 86' lang='lat' dir='ltr'><strong>patiatur;</strong></span> <span class='ocrx_word' id='word_1_648' title='bbox 1182 5742 1277 5798; x_wconf 89' lang='lat' dir='ltr'><strong>sed</strong></span> <span class='ocrx_word' id='word_1_649' title='bbox 1310 5741 1474 5800; x_wconf 88' lang='lat' dir='ltr'><strong>liceat</strong></span> <span class='ocrx_word' id='word_1_650' title='bbox 1490 5743 1542 5800; x_wconf 86' lang='lat' dir='ltr'><strong>ei</strong></span> <span class='ocrx_word' id='word_1_651' title='bbox 1567 5743 1770 5801; x_wconf 88' lang='lat' dir='ltr'><strong>habere</strong></span> <span class='ocrx_word' id='word_1_652' title='bbox 1805 5746 2094 5811; x_wconf 86' lang='lat' dir='ltr'><strong>securiter,</strong></span> 
     </span>
    </p>
   </div>
   <div class='ocr_carea' id='block_1_103' title="bbox 505 5831 2094 5912">
    <p class='ocr_par' dir='ltr' id='par_1_103' title="bbox 505 5831 2094 5912">
     <span class='ocr_line' id='line_1_103' title="bbox 505 5831 2094 5912; baseline -0.002 -19"><span class='ocrx_word' id='word_1_653' title='bbox 505 5835 653 5912; x_wconf 81' lang='lat' dir='ltr'><strong>quod</strong></span> <span class='ocrx_word' id='word_1_654' title='bbox 673 5831 820 5905; x_wconf 87' lang='lat' dir='ltr'><strong>juste</strong></span> <span class='ocrx_word' id='word_1_655' title='bbox 845 5847 979 5891; x_wconf 85' lang='lat' dir='ltr'><strong>suos</strong></span> <span class='ocrx_word' id='word_1_656' title='bbox 1007 5848 1224 5904; x_wconf 89' lang='lat' dir='ltr'><strong>semper</strong></span> <span class='ocrx_word' id='word_1_657' title='bbox 1245 5834 1485 5892; x_wconf 87' lang='lat' dir='ltr'><strong>tenuisse</strong></span> <span class='ocrx_word' id='word_1_658' title='bbox 1521 5834 1949 5907; x_wconf 65' lang='lat' dir='ltr'><strong>praedecessores</strong></span> <span class='ocrx_word' id='word_1_659' title='bbox 1980 5835 2094 5906; x_wconf 90' lang='lat' dir='ltr'><strong>pri-</strong></span> 
     </span>
    </p>
   </div>
   <div class='ocr_carea' id='block_1_104' title="bbox 2125 4592 2184 4658">
    <p class='ocr_par' dir='ltr' id='par_1_104' title="bbox 2125 4592 2184 4658">
     <span class='ocr_line' id='line_1_104' title="bbox 2125 4592 2184 4658; baseline 0 0"><span class='ocrx_word' id='word_1_660' title='bbox 2125 4592 2184 4658; x_wconf 88' lang='lat' dir='ltr'><strong>D</strong></span> 
     </span>
    </p>
   </div>
   <div class='ocr_carea' id='block_1_105' title="bbox 2207 4629 3802 4703">
    <p class='ocr_par' dir='ltr' id='par_1_105' title="bbox 2207 4629 3802 4703">
     <span class='ocr_line' id='line_1_105' title="bbox 2207 4629 3802 4703; baseline -0.001 -14"><span class='ocrx_word' id='word_1_661' title='bbox 2207 4631 2406 4690; x_wconf 89' lang='lat' dir='ltr'><strong>multas</strong></span> <span class='ocrx_word' id='word_1_662' title='bbox 2432 4631 2637 4703; x_wconf 87' lang='lat' dir='ltr'><strong>gratias</strong></span> <span class='ocrx_word' id='word_1_663' title='bbox 2661 4629 2773 4686; x_wconf 91' lang='lat' dir='ltr'><strong>Deo</strong></span> <span class='ocrx_word' id='word_1_664' title='bbox 2791 4630 3175 4701; x_wconf 90' lang='lat' dir='ltr'><strong>omnipotenti,</strong></span> <span class='ocrx_word' id='word_1_665' title='bbox 3199 4631 3462 4702; x_wconf 90' lang='lat' dir='ltr'><strong>vobisque</strong></span> <span class='ocrx_word' id='word_1_666' title='bbox 3491 4632 3802 4701; x_wconf 81' lang='lat' dir='ltr'><strong>referimus,</strong></span> 
     </span>
    </p>
   </div>
   <div class='ocr_carea' id='block_1_106' title="bbox 2205 4721 3805 4794">
    <p class='ocr_par' dir='ltr' id='par_1_106' title="bbox 2205 4721 3805 4794">
     <span class='ocr_line' id='line_1_106' title="bbox 2205 4721 3805 4794; baseline 0 -13"><span class='ocrx_word' id='word_1_667' title='bbox 2205 4739 2274 4781; x_wconf 87' lang='lat' dir='ltr'><strong>eo</strong></span> <span class='ocrx_word' id='word_1_668' title='bbox 2301 4722 2444 4794; x_wconf 90' lang='lat' dir='ltr'><strong>quod</strong></span> <span class='ocrx_word' id='word_1_669' title='bbox 2473 4730 2529 4778; x_wconf 89' lang='lat' dir='ltr'><strong>et</strong></span> <span class='ocrx_word' id='word_1_670' title='bbox 2555 4721 2795 4778; x_wconf 89' lang='lat' dir='ltr'><strong>debitam</strong></span> <span class='ocrx_word' id='word_1_671' title='bbox 2817 4721 3179 4778; x_wconf 86' lang='lat' dir='ltr'><strong>reverentiam</strong></span> <span class='ocrx_word' id='word_1_672' title='bbox 3219 4725 3594 4789; x_wconf 88' lang='lat' dir='ltr'><strong>observantes,</strong></span> <span class='ocrx_word' id='word_1_673' title='bbox 3627 4739 3728 4779; x_wconf 88' lang='lat' dir='ltr'><strong>nos</strong></span> <span class='ocrx_word' id='word_1_674' title='bbox 3753 4726 3805 4781; x_wconf 90' lang='lat' dir='ltr'><strong>in</strong></span> 
     </span>
    </p>
   </div>
   <div class='ocr_carea' id='block_1_107' title="bbox 2207 4813 3803 4886">
    <p class='ocr_par' dir='ltr' id='par_1_107' title="bbox 2207 4813 3803 4886">
     <span class='ocr_line' id='line_1_107' title="bbox 2207 4813 3803 4886; baseline -0.001 -14"><span class='ocrx_word' id='word_1_675' title='bbox 2207 4815 2410 4874; x_wconf 89' lang='lat' dir='ltr'><strong>vestris</strong></span> <span class='ocrx_word' id='word_1_676' title='bbox 2437 4813 2767 4871; x_wconf 88' lang='lat' dir='ltr'><strong>utilitatibus</strong></span> <span class='ocrx_word' id='word_1_677' title='bbox 2789 4813 3063 4884; x_wconf 89' lang='lat' dir='ltr'><strong>adjutores</strong></span> <span class='ocrx_word' id='word_1_678' title='bbox 3091 4814 3441 4886; x_wconf 86' lang='lat' dir='ltr'><strong>quaesivistis,</strong></span> <span class='ocrx_word' id='word_1_679' title='bbox 3475 4823 3531 4871; x_wconf 91' lang='lat' dir='ltr'><strong>et</strong></span> <span class='ocrx_word' id='word_1_680' title='bbox 3559 4824 3803 4872; x_wconf 89' lang='lat' dir='ltr'><strong>sanctam</strong></span> 
     </span>
    </p>
   </div>
   <div class='ocr_carea' id='block_1_108' title="bbox 2207 4906 3804 4966">
    <p class='ocr_par' dir='ltr' id='par_1_108' title="bbox 2207 4906 3804 4966">
     <span class='ocr_line' id='line_1_108' title="bbox 2207 4906 3804 4966; baseline -0.003 0"><span class='ocrx_word' id='word_1_681' title='bbox 2207 4908 2451 4966; x_wconf 90' lang='lat' dir='ltr'><strong>omnium</strong></span> <span class='ocrx_word' id='word_1_682' title='bbox 2481 4917 2750 4963; x_wconf 90' lang='lat' dir='ltr'><strong>terrarum</strong></span> <span class='ocrx_word' id='word_1_683' title='bbox 2779 4915 3008 4963; x_wconf 89' lang='lat' dir='ltr'><strong>matrem</strong></span> <span class='ocrx_word' id='word_1_684' title='bbox 3038 4907 3341 4964; x_wconf 85' lang='lat' dir='ltr'><strong>Romanam</strong></span> <span class='ocrx_word' id='word_1_685' title='bbox 3375 4906 3682 4964; x_wconf 86' lang='lat' dir='ltr'><strong>Ecclesiam</strong></span> <span class='ocrx_word' id='word_1_686' title='bbox 3724 4907 3804 4962; x_wconf 88' lang='lat' dir='ltr'><strong>in-</strong></span> 
     </span>
    </p>
   </div>
   <div class='ocr_carea' id='block_1_109' title="bbox 2208 4997 3804 5070">
    <p class='ocr_par' dir='ltr' id='par_1_109' title="bbox 2208 4997 3804 5070">
     <span class='ocr_line' id='line_1_109' title="bbox 2208 4997 3804 5070; baseline -0.003 -12"><span class='ocrx_word' id='word_1_687' title='bbox 2208 4999 2595 5059; x_wconf 86' lang='lat' dir='ltr'><strong>terventricetn</strong></span> <span class='ocrx_word' id='word_1_688' title='bbox 2645 4997 2960 5070; x_wconf 90' lang='lat' dir='ltr'><strong>suppliciter</strong></span> <span class='ocrx_word' id='word_1_689' title='bbox 3008 4997 3380 5070; x_wconf 63' lang='lat' dir='ltr'><strong>praeoptastis,</strong></span> <span class='ocrx_word' id='word_1_690' title='bbox 3425 4998 3576 5069; x_wconf 88' lang='lat' dir='ltr'><strong>quod</strong></span> <span class='ocrx_word' id='word_1_691' title='bbox 3620 4998 3703 5054; x_wconf 81' lang='lat' dir='ltr'><strong>ita</strong></span> <span class='ocrx_word' id='word_1_692' title='bbox 3746 5012 3804 5054; x_wconf 85' lang='lat' dir='ltr'><strong>se</strong></span> 
     </span>
    </p>
   </div>
   <div class='ocr_carea' id='block_1_110' title="bbox 2203 5088 3800 5161">
    <p class='ocr_par' dir='ltr' id='par_1_110' title="bbox 2203 5088 3800 5161">
     <span class='ocr_line' id='line_1_110' title="bbox 2203 5088 3800 5161; baseline -0.004 -9"><span class='ocrx_word' id='word_1_693' title='bbox 2203 5095 2408 5153; x_wconf 88' lang='lat' dir='ltr'><strong>habere</strong></span> <span class='ocrx_word' id='word_1_694' title='bbox 2425 5093 2545 5150; x_wconf 92' lang='lat' dir='ltr'><strong>luce</strong></span> <span class='ocrx_word' id='word_1_695' title='bbox 2567 5090 2768 5147; x_wconf 89' lang='lat' dir='ltr'><strong>clarius</strong></span> <span class='ocrx_word' id='word_1_696' title='bbox 2786 5097 2953 5161; x_wconf 90' lang='lat' dir='ltr'><strong>patet,</strong></span> <span class='ocrx_word' id='word_1_697' title='bbox 2969 5089 3170 5146; x_wconf 90' lang='lat' dir='ltr'><strong>vestris</strong></span> <span class='ocrx_word' id='word_1_698' title='bbox 3191 5089 3474 5145; x_wconf 87' lang='lat' dir='ltr'><strong>annisibus</strong></span> <span class='ocrx_word' id='word_1_699' title='bbox 3492 5088 3800 5154; x_wconf 73' lang='lat' dir='ltr'><strong>consulere,</strong></span> 
     </span>
    </p>
   </div>
   <div class='ocr_carea' id='block_1_111' title="bbox 2199 5179 3802 5254">
    <p class='ocr_par' dir='ltr' id='par_1_111' title="bbox 2199 5179 3802 5254">
     <span class='ocr_line' id='line_1_111' title="bbox 2199 5179 3802 5254; baseline -0.003 -11"><span class='ocrx_word' id='word_1_700' title='bbox 2199 5186 2277 5243; x_wconf 92' lang='lat' dir='ltr'><strong>De</strong></span> <span class='ocrx_word' id='word_1_701' title='bbox 2305 5185 2524 5242; x_wconf 92' lang='lat' dir='ltr'><strong>illorum</strong></span> <span class='ocrx_word' id='word_1_702' title='bbox 2564 5183 2958 5240; x_wconf 89' lang='lat' dir='ltr'><strong>monachorum</strong></span> <span class='ocrx_word' id='word_1_703' title='bbox 3003 5181 3179 5238; x_wconf 90' lang='lat' dir='ltr'><strong>sancti</strong></span> <span class='ocrx_word' id='word_1_704' title='bbox 3219 5179 3441 5237; x_wconf 85' lang='lat' dir='ltr'><strong>Karileﬁ</strong></span> <span class='ocrx_word' id='word_1_705' title='bbox 3495 5180 3802 5254; x_wconf 74' lang='lat' dir='ltr'><strong>improvida</strong></span> 
     </span>
    </p>
   </div>
   <div class='ocr_carea' id='block_1_112' title="bbox 2199 5272 3802 5340">
    <p class='ocr_par' dir='ltr' id='par_1_112' title="bbox 2199 5272 3802 5340">
     <span class='ocr_line' id='line_1_112' title="bbox 2199 5272 3802 5340; baseline -0.004 -4"><span class='ocrx_word' id='word_1_706' title='bbox 2199 5277 2500 5336; x_wconf 91' lang='lat' dir='ltr'><strong>intentione</strong></span> <span class='ocrx_word' id='word_1_707' title='bbox 2534 5274 2875 5332; x_wconf 88' lang='lat' dir='ltr'><strong>decrevimus</strong></span> <span class='ocrx_word' id='word_1_708' title='bbox 2922 5283 3000 5340; x_wconf 92' lang='lat' dir='ltr'><strong>ut,</strong></span> <span class='ocrx_word' id='word_1_709' title='bbox 3044 5273 3092 5329; x_wconf 87' lang='lat' dir='ltr'><strong>si</strong></span> <span class='ocrx_word' id='word_1_710' title='bbox 3116 5272 3390 5338; x_wconf 87' lang='lat' dir='ltr'><strong>venerint,</strong></span> <span class='ocrx_word' id='word_1_711' title='bbox 3417 5280 3476 5328; x_wconf 90' lang='lat' dir='ltr'><strong>et</strong></span> <span class='ocrx_word' id='word_1_712' title='bbox 3505 5273 3637 5328; x_wconf 87' lang='lat' dir='ltr'><strong>talia</strong></span> <span class='ocrx_word' id='word_1_713' title='bbox 3669 5288 3802 5330; x_wconf 84' lang='lat' dir='ltr'><strong>eou-</strong></span> 
     </span>
    </p>
   </div>
   <div class='ocr_carea' id='block_1_113' title="bbox 2200 5365 3801 5444">
    <p class='ocr_par' dir='ltr' id='par_1_113' title="bbox 2200 5365 3801 5444">
     <span class='ocr_line' id='line_1_113' title="bbox 2200 5365 3801 5444; baseline -0.005 -14"><span class='ocrx_word' id='word_1_714' title='bbox 2200 5372 2319 5429; x_wconf 88' lang='lat' dir='ltr'><strong>cedi</strong></span> <span class='ocrx_word' id='word_1_715' title='bbox 2344 5369 2620 5444; x_wconf 87' lang='lat' dir='ltr'><strong>petierint,</strong></span> <span class='ocrx_word' id='word_1_716' title='bbox 2662 5375 2847 5424; x_wconf 91' lang='lat' dir='ltr'><strong>vestro</strong></span> <span class='ocrx_word' id='word_1_717' title='bbox 2888 5365 3036 5423; x_wconf 87' lang='lat' dir='ltr'><strong>ducti</strong></span> <span class='ocrx_word' id='word_1_718' title='bbox 3081 5379 3268 5422; x_wconf 89' lang='lat' dir='ltr'><strong>amore</strong></span> <span class='ocrx_word' id='word_1_719' title='bbox 3295 5379 3397 5422; x_wconf 87' lang='lat' dir='ltr'><strong>nec</strong></span> <span class='ocrx_word' id='word_1_720' title='bbox 3430 5365 3652 5422; x_wconf 86' lang='lat' dir='ltr'><strong>illorum</strong></span> <span class='ocrx_word' id='word_1_721' title='bbox 3700 5367 3801 5423; x_wconf 83' lang='lat' dir='ltr'><strong>im-</strong></span> 
     </span>
    </p>
   </div>
   <div class='ocr_carea' id='block_1_114' title="bbox 2203 5459 3799 5538">
    <p class='ocr_par' dir='ltr' id='par_1_114' title="bbox 2203 5459 3799 5538">
     <span class='ocr_line' id='line_1_114' title="bbox 2203 5459 3799 5538; baseline -0.002 -18"><span class='ocrx_word' id='word_1_722' title='bbox 2203 5465 2387 5538; x_wconf 91' lang='lat' dir='ltr'><strong>politis</strong></span> <span class='ocrx_word' id='word_1_723' title='bbox 2413 5463 2673 5535; x_wconf 88' lang='lat' dir='ltr'><strong>precibus</strong></span> <span class='ocrx_word' id='word_1_724' title='bbox 2705 5474 3028 5526; x_wconf 90' lang='lat' dir='ltr'><strong>annuemus,</strong></span> <span class='ocrx_word' id='word_1_725' title='bbox 3061 5474 3164 5516; x_wconf 92' lang='lat' dir='ltr'><strong>nec</strong></span> <span class='ocrx_word' id='word_1_726' title='bbox 3201 5459 3545 5514; x_wconf 85' lang='lat' dir='ltr'><strong>auctoritatis</strong></span> <span class='ocrx_word' id='word_1_727' title='bbox 3593 5470 3799 5517; x_wconf 71' lang='lat' dir='ltr'><strong>nostra</strong></span> 
     </span>
    </p>
   </div>
   <div class='ocr_carea' id='block_1_115' title="bbox 2207 5553 3799 5628">
    <p class='ocr_par' dir='ltr' id='par_1_115' title="bbox 2207 5553 3799 5628">
     <span class='ocr_line' id='line_1_115' title="bbox 2207 5553 3799 5628; baseline -0.004 -12"><span class='ocrx_word' id='word_1_728' title='bbox 2207 5573 2497 5616; x_wconf 88' lang='lat' dir='ltr'><strong>censuram</strong></span> <span class='ocrx_word' id='word_1_729' title='bbox 2529 5556 2636 5613; x_wconf 88' lang='lat' dir='ltr'><strong>illis</strong></span> <span class='ocrx_word' id='word_1_730' title='bbox 2656 5556 2712 5612; x_wconf 89' lang='lat' dir='ltr'><strong>in</strong></span> <span class='ocrx_word' id='word_1_731' title='bbox 2741 5554 2936 5612; x_wconf 87' lang='lat' dir='ltr'><strong>talibus</strong></span> <span class='ocrx_word' id='word_1_732' title='bbox 2955 5553 3270 5628; x_wconf 87' lang='lat' dir='ltr'><strong>largiemur.</strong></span> <span class='ocrx_word' id='word_1_733' title='bbox 3300 5553 3402 5622; x_wconf 91' lang='lat' dir='ltr'><strong>Qui</strong></span> <span class='ocrx_word' id='word_1_734' title='bbox 3424 5554 3470 5608; x_wconf 90' lang='lat' dir='ltr'><strong>si</strong></span> <span class='ocrx_word' id='word_1_735' title='bbox 3499 5569 3634 5611; x_wconf 84' lang='lat' dir='ltr'><strong>voce</strong></span> <span class='ocrx_word' id='word_1_736' title='bbox 3657 5553 3799 5611; x_wconf 77' lang='lat' dir='ltr'><strong>forte</strong></span> 
     </span>
    </p>
   </div>
   <div class='ocr_carea' id='block_1_116' title="bbox 2203 5647 3796 5720">
    <p class='ocr_par' dir='ltr' id='par_1_116' title="bbox 2203 5647 3796 5720">
     <span class='ocr_line' id='line_1_116' title="bbox 2203 5647 3796 5720; baseline -0.003 -13"><span class='ocrx_word' id='word_1_737' title='bbox 2203 5651 2465 5708; x_wconf 70' lang='lat' dir='ltr'><strong>falsidicat</strong></span> <span class='ocrx_word' id='word_1_738' title='bbox 2489 5648 2810 5706; x_wconf 90' lang='lat' dir='ltr'><strong>assertionis</strong></span> <span class='ocrx_word' id='word_1_739' title='bbox 2863 5647 3088 5720; x_wconf 87' lang='lat' dir='ltr'><strong>aliquid,</strong></span> <span class='ocrx_word' id='word_1_740' title='bbox 3138 5647 3296 5719; x_wconf 88' lang='lat' dir='ltr'><strong>quasi</strong></span> <span class='ocrx_word' id='word_1_741' title='bbox 3339 5656 3540 5704; x_wconf 83' lang='lat' dir='ltr'><strong>nostrae</strong></span> <span class='ocrx_word' id='word_1_742' title='bbox 3575 5647 3796 5704; x_wconf 83' lang='lat' dir='ltr'><strong>institu-</strong></span> 
     </span>
    </p>
   </div>
   <div class='ocr_carea' id='block_1_117' title="bbox 2203 5739 3796 5813">
    <p class='ocr_par' dir='ltr' id='par_1_117' title="bbox 2203 5739 3796 5813">
     <span class='ocr_line' id='line_1_117' title="bbox 2203 5739 3796 5813; baseline -0.003 -13"><span class='ocrx_word' id='word_1_743' title='bbox 2203 5743 2371 5801; x_wconf 91' lang='lat' dir='ltr'><strong>tionis</strong></span> <span class='ocrx_word' id='word_1_744' title='bbox 2394 5743 2540 5799; x_wconf 90' lang='lat' dir='ltr'><strong>edita</strong></span> <span class='ocrx_word' id='word_1_745' title='bbox 2567 5743 2804 5808; x_wconf 86' lang='lat' dir='ltr'><strong>decreta,</strong></span> <span class='ocrx_word' id='word_1_746' title='bbox 2857 5741 3204 5813; x_wconf 89' lang='lat' dir='ltr'><strong>protulerint,</strong></span> <span class='ocrx_word' id='word_1_747' title='bbox 3255 5741 3431 5799; x_wconf 90' lang='lat' dir='ltr'><strong>donec</strong></span> <span class='ocrx_word' id='word_1_748' title='bbox 3477 5751 3669 5798; x_wconf 87' lang='lat' dir='ltr'><strong>nostro</strong></span> <span class='ocrx_word' id='word_1_749' title='bbox 3697 5739 3796 5796; x_wconf 85' lang='lat' dir='ltr'><strong>de-</strong></span> 
     </span>
    </p>
   </div>
   <div class='ocr_carea' id='block_1_118' title="bbox 2205 5830 3795 5904">
    <p class='ocr_par' dir='ltr' id='par_1_118' title="bbox 2205 5830 3795 5904">
     <span class='ocr_line' id='line_1_118' title="bbox 2205 5830 3795 5904; baseline -0.002 -14"><span class='ocrx_word' id='word_1_750' title='bbox 2205 5850 2354 5890; x_wconf 89' lang='lat' dir='ltr'><strong>mum</strong></span> <span class='ocrx_word' id='word_1_751' title='bbox 2415 5833 2691 5904; x_wconf 89' lang='lat' dir='ltr'><strong>pontiﬁcio</strong></span> <span class='ocrx_word' id='word_1_752' title='bbox 2747 5832 3027 5902; x_wconf 79' lang='lat' dir='ltr'><strong>cognitum</strong></span> <span class='ocrx_word' id='word_1_753' title='bbox 3079 5831 3208 5900; x_wconf 87' lang='lat' dir='ltr'><strong>ﬁat,</strong></span> <span class='ocrx_word' id='word_1_754' title='bbox 3263 5830 3370 5889; x_wconf 86' lang='lat' dir='ltr'><strong>illis</strong></span> <span class='ocrx_word' id='word_1_755' title='bbox 3415 5832 3795 5890; x_wconf 83' lang='lat' dir='ltr'><strong>credulitatem</strong></span> 
     </span>
    </p>
   </div>
  </div>
