4070 6310
313 357 420 415 865

1546 352 1908 412 EPISTOLE
1951 353 2041 411 ET
2079 353 2427 414 DECRETA.

3478 355 3588 414 866

311 469 558 530 exhiberi
589 482 696 524 non
724 466 972 524 volumus
995 484 1008 522 :
1031 465 1178 538 quia,
1209 474 1270 522 ut
1295 465 1504 538 praefati
1545 483 1756 537 sumus,
1796 469 1902 527 illis
1927 471 1981 533 Α
2005 467 2143 524 Nam
2173 470 2220 526 si
2277 469 2388 525 illic
2409 469 2554 526 inter
2581 467 2898 540 praedictum
2932 466 3350 526 Cenomanicum
3379 469 3594 542 episco-

312 567 371 624 in
396 565 594 622 talibus
638 563 864 619 minime
909 577 1189 618 assensum
1239 563 1636 634 praestabimus,
1674 573 1768 620 aut
1794 565 1899 622 alia

311 655 616 714 volentibus
665 652 844 710 facere
891 653 1242 725 apostolicam
1287 653 1560 710 licentiam
1607 655 1895 714 dabimus:

310 756 542 820 excepto
582 746 628 802 si
677 745 802 801 talis
840 745 982 802 ratio
1034 760 1141 801 non
1190 745 1482 816 prmluceat
1516 745 1678 818 [forte
1702 788 1717 813 ,
1758 748 1898 806 ratio

313 843 472 901 nobis
497 839 808 914 praeluceat,
833 838 1054 913 Ilium],
1079 855 1178 912 pro
1205 854 1310 910 qua
1340 839 1395 895 id
1421 836 1639 896 dilliniri
1669 839 1900 898 intentio

314 943 493 1008 cogat.
531 932 840 990 Gloriosum
877 944 1094 1003 quoque
1118 947 1300 1005 regem
1336 940 1578 988 vestrum
1624 930 1896 998 Carolum,

314 1026 542 1098 ejusque
598 1024 749 1097 regni
803 1023 1123 1096 episcopos,
1186 1023 1389 1080 nostris
1433 1022 1900 1080 exhortationibus

314 1120 669 1176 admonemus
698 1125 778 1184 ut,
801 1125 988 1173 nostra
1009 1115 1130 1171 fulti
1150 1115 1494 1182 auctoritate,
1525 1123 1717 1171 contra
1749 1113 1898 1187 [edit.

313 1208 492 1275 Rom.,
523 1205 692 1279 circa]
737 1215 937 1263 vestra:
974 1206 1219 1262 ecclesiae
1262 1206 1543 1278 privilegia
1574 1205 1901 1263 sententiam

315 1302 542 1360 minime
570 1301 824 1368 inferant,
873 1299 1190 1366 discutiant,
1241 1314 1305 1356 ac
1335 1299 1510 1355 audiri
1539 1299 1899 1372 permittant:

313 1395 430 1463 sed,
457 1393 640 1450 divina
663 1391 952 1449 clementia
975 1389 1212 1457 favente,
1228 1388 1376 1460 juste
1394 1391 1715 1456 decernant,
1733 1399 1789 1446 et
1806 1389 1904 1447 Ce-

312 1485 660 1545 nomanensis
685 1485 836 1542 urbis
864 1484 1016 1551 viris,
1043 1484 1264 1556 ejusque
1290 1483 1635 1555 praesulibus,
1674 1492 1734 1540 ut
1757 1491 1900 1550 erat,

313 1579 491 1651 ipsum
516 1577 903 1635 monasterium
949 1575 1263 1644 redderent,
1294 1577 1586 1633 statuimus
1628 1584 1690 1633 ut
1733 1577 1902 1634 vestri

313 1675 416 1731 sub
441 1689 572 1730 cura
600 1671 881 1744 regiminis
906 1671 1249 1728 subderetur.
1276 1671 1390 1727 Hoc
1425 1671 1534 1728 illis
1563 1685 1903 1743 summepere

313 1774 636 1832 statuentes,
663 1773 723 1820 ut
743 1764 788 1820 si
811 1780 844 1820 a
869 1762 1025 1820 vobis
1044 1763 1271 1835 judices,
1300 1763 1663 1834 quicanonice
1681 1777 1901 1819 causam

2000 573 2128 630 pum
2148 568 2310 630 atque
2333 575 2429 617 vos
2455 559 2702 632 regulare
2719 558 2982 630 judicium
3028 560 3214 618 datum
3261 575 3373 617 non
3401 560 3593 632 fuerit,

2001 661 2132 710 tunc
2151 653 2532 710 incunctanter
2555 654 2920 726 praecipimus,
2946 662 3007 710 ut
3032 669 3099 711 ex
3145 654 3299 711 vobis
3327 662 3438 711 tres
3489 653 3590 711 eli-

2001 752 2218 816 gantur,
2245 744 2483 814 quicum
2516 758 2658 814 saepe
2685 743 2798 800 fato
2827 745 3100 817 episcopo,
3136 744 3223 801 vel
3250 744 3368 817 ejus
3389 745 3589 816 legato,

2002 836 2058 892 in
2117 846 2365 894 nostram
2423 837 2776 909 apostolicam
2820 838 3041 895 veniant
3088 838 3478 910 praesentiam:
3535 846 3601 896 ut

2001 927 2149 983 omni
2203 927 2422 1000 repulsa
2461 929 2766 996 occasione,
2821 938 3010 987 nostro
3057 915 3293 986 examini
3332 929 3490 1000 hujus
3517 927 3600 988 rei

2002 1021 2175 1092 gratia
2209 1030 2490 1094 appareat,
2523 1030 2684 1093 atque
2714 1025 2977 1081 canonico
3003 1023 3211 1080 calculo
3261 1023 3423 1081 ﬁnem
3449 1023 3596 1081 acci-

2001 1111 2136 1183 piat.
2166 1111 2431 1184 Optamus
2459 1129 2554 1171 vos
2585 1114 2639 1170 in
2661 1114 2880 1172 Christo
2906 1117 3045 1172 bene
3075 1115 3276 1172 valere.

2733 1225 2865 1284 LIII.

2022 1299 2031 1309 ’
2075 1333 2144 1376 an
2170 1335 2449 1380 EPISCOPOS
2475 1337 2528 1378 IN
2547 1335 2719 1379 uacuo
2742 1303 2936 1378 canon
2960 1336 3116 1380 cum
3134 1337 3524 1382 cons-usuros.

2611 1434 2794 1506 (Anno
2819 1431 2968 1506 865.)

2005 1526 2077 1584 Ut
2123 1545 2339 1585 causam
2387 1530 2524 1584 inter
2550 1529 2851 1600 episcopum
2895 1527 3300 1600 Cenomanicum
3329 1538 3378 1583 et
3408 1545 3594 1584 mona-

2359 1601 2482 1656 chos
2501 1597 2670 1655 sancti
2696 1597 2919 1668 Karileﬁ
2942 1599 3244 1655 discutiant.

2489 1694 2666 1769 [Apud
2692 1694 2862 1750 Mansi
2883 1735 2898 1761 ,
2932 1693 3084 1768 ibid.]

2075 1784 2345 1843 NICOLAUS
2382 1786 2689 1858 episcopus,
2728 1801 2918 1842 servus
2954 1801 3238 1844 servorum
3279 1787 3394 1854 Dei,
3429 1789 3604 1845 omni-

312 1858 696 1923 determinent,
725 1871 795 1912 ex
833 1853 967 1926 ipsis
996 1854 1154 1910 electi
1185 1854 1410 1921 fuerint,
1437 1863 1633 1911 vestrae
1677 1863 1905 1926 pareant

2010 1879 2110 1936 bus
2135 1877 2592 1934 reverentissimis
2622 1888 2680 1935 et
2705 1879 3066 1952 sanctissimis
3103 1879 3469 1935 eonfratribus
3511 1895 3604 1934 ar-

311 1947 579 2004 voluntati
623 1964 637 2002 :
685 1946 760 2002 ita
816 1953 877 2000 ut
925 1952 982 2000 et
1011 1944 1222 2016 judices
1257 1945 1476 2011 dentur,
1509 1954 1565 2001 et
1622 1945 1783 2015 hujus
1826 1946 1905 2002 rei

314 2039 545 2096 intentio
567 2053 720 2110 teque
742 2035 1054 2093 ventiletur.
1088 2035 1240 2103 Quod
1274 2036 1321 2091 si
1359 2035 1430 2091 ob
1467 2033 1696 2104 alicujus
1736 2037 1906 2108 impe-

313 2131 612 2188 dimentum
642 2127 774 2184 inibi
818 2143 908 2185 res
954 2127 1163 2199 digesta
1189 2143 1295 2183 non
1327 2126 1514 2194 fuerit,
1558 2129 1905 2199 praecipimus

312 2233 375 2281 ut
400 2234 631 2294 utraque
671 2237 820 2294 pars,
857 2236 954 2277 vos
992 2221 1203 2278 scilicet
1241 2231 1336 2277 aut
1363 2229 1544 2277 vester
1571 2221 1803 2293 legatus,
1850 2229 1907 2278 et

313 2327 429 2375 tres
457 2333 526 2375 ex
553 2317 684 2389 ipsis
718 2315 1021 2382 monachis,
1055 2315 1110 2371 in
1149 2323 1391 2372 nostram
1431 2314 1720 2386 specialem
1763 2330 1904 2386 prae-

313 2409 545 2468 sentiam
589 2409 832 2476 veniant,
887 2417 950 2464 ut
995 2407 1153 2465 nobis
1193 2407 1554 2479 praesentibus
1599 2408 1902 2478 legitimum

313 2503 479 2558 ﬁnem
505 2501 796 2572 accipiant.
826 2497 963 2555 Nam
989 2507 1045 2556 et
1066 2498 1397 2556 eonfratrem
1425 2508 1671 2555 nostrum
1709 2499 1906 2555 Herar-

317 2594 447 2650 dum
479 2593 970 2665 archiepiscOpum,
1028 2591 1095 2647 de
1125 2591 1211 2647 his
1243 2607 1343 2662 per
1371 2591 1696 2661 apostolicos
1721 2591 1906 2661 apices

315 2695 529 2744 certum
576 2686 930 2751 reddidimus,
979 2692 1036 2740 et
1065 2691 1124 2738 ut
1172 2700 1203 2738 a
1251 2683 1410 2740 nobis
1451 2684 1762 2740 institutum
1823 2691 1907 2739 est

313 2779 704 2835 intimavimus.
759 2776 916 2833 Unde
959 2784 1015 2832 et
1057 2775 1278 2832 eosdem
1330 2776 1628 2831 monachos
1681 2775 1903 2847 dignum

313 2871 567 2927 duximus
591 2869 886 2940 corripere,
916 2853 1245 2934 admonere:
1269 2877 1330 2924 ut
1372 2867 1594 2939 proprio
1619 2867 1790 2922 libitui
1813 2881 1904 2922 re-

311 2965 508 3020 sistere
543 2961 820 3033 incipiant,
855 2970 914 3016 et
953 2959 1092 3015 ultra
1115 2960 1332 3016 modum
1360 2969 1596 3016 mentem
1644 2975 1752 3015 non
1794 2959 1907 3015 ele-

310 3063 461 3121 vent,
494 3070 594 3111 nec
620 3053 807 3110 illicita
838 3065 1065 3123 quaeque
1089 3053 1495 3124 apprehendere
1519 3062 1853 3124 praesumant
1888 3071 1901 3108 :

311 3148 408 3204 sed
436 3161 683 3217 repressa
703 3153 867 3201 tantae
895 3145 1219 3202 temeritatis
1239 3146 1484 3210 audacia,
1510 3146 1662 3201 vobis
1685 3145 1907 3202 obedire

310 3255 421 3296 non
451 3237 721 3308 differant,
745 3247 802 3294 et
829 3246 1024 3294 vestrae
1053 3236 1297 3294 ecclesias
1323 3237 1460 3294 colla
1487 3237 1828 3294 submittant.

1059 3352 1168 3410 LII.

749 3482 818 3524 an
853 3464 1132 3525 Homerios
1157 3484 1204 3525 s.
1241 3481 1512 3524 KARILEl-‘l.

914 3563 1092 3634 (Anno
1116 3560 1267 3634 865.)

308 3654 465 3711 Iubet
490 3665 544 3709 ut
572 3655 810 3727 episwpo
846 3653 1195 3727 Cenomanico
1223 3653 1428 3727 subesse
1469 3668 1571 3706 non
1599 3651 1905 3727 detrectent,

385 3727 453 3780 ad
475 3724 690 3781 causam
726 3724 901 3780 coram
932 3725 1210 3794 episcopis,
1235 3724 1312 3778 vel
1338 3739 1515 3778 coram
1545 3724 1666 3776 sede
1692 3731 1904 3791 aposto-

381 3797 485 3852 lica
519 3797 795 3851 dicendam
817 3812 872 3850 se
899 3804 1221 3866 comparent.

817 3887 994 3961 [Apud
1021 3886 1190 3943 Mansi
1210 3927 1225 3954 ,
1256 3885 1410 3960 ibid.]

381 3983 651 4042 NICOLAUS
683 3983 993 4055 episcopus,
1019 3997 1208 4038 servus
1237 3997 1522 4037 servorum
1549 3979 1665 4046 Dei,
1697 3989 1907 4035 cunctae

310 4077 722 4150 congregationi
748 4076 1062 4133 monasterii
1094 4077 1267 4132 sancti
1295 4074 1539 4130 Karileﬁ.

381 4169 647 4226 Fidelium
708 4169 970 4226 relatione
1025 4167 1388 4238 comperimus
1414 4208 1430 4233 ,
1482 4167 1628 4238 quod
1689 4155 1908 4222 modum

309 4263 591 4335 proprium
643 4262 948 4335 transgredi
978 4261 1280 4333 cupientes,
1316 4277 1345 4316 a
1382 4261 1506 4332 jure
1535 4262 1908 4319 Cenomanica:

311 4355 483 4421 urbis,
536 4354 592 4408 in
630 4354 784 4426 cujus
826 4353 1048 4409 dioecesi
1097 4354 1405 4419 moramini,
1442 4369 1538 4410 vos
1588 4355 1909 4411 subtrahere

311 4451 608 4518 conamini,
634 4459 707 4515 et,
743 4450 884 4506 sicut
916 4451 1089 4506 nostri
1134 4451 1470 4522 apostolatus
1514 4452 1785 4509 arbitratu
1818 4467 1908 4508 co-

311 4543 646 4615 gnoscimus,
679 4542 746 4598 ad
781 4542 950 4598 vestri
995 4543 1248 4600 interitus
1276 4545 1660 4615 perditionem,
1704 4545 1756 4599 in
1787 4561 1909 4616 pro-

310 4636 429 4706 pria
465 4635 746 4692 voluntate
791 4635 1044 4702 vivendo,
1098 4638 1308 4694 animos
1364 4638 1576 4695 elevare
1628 4639 1906 4694 videmini.

312 4729 430 4797 Qua
459 4729 526 4786 de
548 4745 607 4785 re
626 4729 850 4786 salutem
868 4739 1170 4786 vestrarum
1192 4732 1560 4789 desiderantes
1581 4735 1906 4800 animarum,

311 4821 610 4890 apostolica
641 4821 964 4878 auctoritate
999 4837 1029 4877 a
1061 4823 1260 4879 talibus
1286 4839 1385 4880 vos
1422 4840 1678 4881 revocare
1707 4827 1911 4882 studui-

311 4926 455 4968 mus.
485 4912 919 4984 Expressiusque
943 4913 1218 4984 jubemus,
1267 4924 1328 4970 ut
1375 4931 1481 4972 non
1525 4931 1620 4973 vos
1651 4917 1906 4988 proprius

310 5001 500 5060 libitus
528 5005 713 5070 ducat,
744 5019 854 5076 quo
897 5005 1110 5061 animus
1161 5005 1295 5078 erigi
1333 5007 1662 5078 praevaleat:
1703 5009 1797 5064 sed
1837 5009 1906 5066 ad

309 5093 669 5165 principalem
689 5103 932 5152 vestram
961 5095 1272 5164 ecclesiam,
1301 5095 1556 5153 videlicet
1579 5095 1910 5155 Cenomani-

311 5201 458 5253 cam,
485 5189 646 5245 solito
672 5203 825 5245 more
867 5190 1166 5257 recurrite;
1198 5191 1426 5262 ejusque
1469 5191 1726 5263 episcopo
1751 5192 1909 5249 obse—

311 5277 632 5345 cundantes,
658 5289 715 5335 et
739 5280 910 5347 illam,
939 5296 1046 5352 qua
1073 5282 1289 5338 nomine
1313 5281 1576 5349 dicimini,
1621 5284 1786 5338 vitam
1810 5283 1910 5338 im-

311 5367 464 5439 plere
491 5370 746 5443 satagite,
768 5381 824 5428 et
845 5372 1014 5428 vestri
1044 5373 1252 5429 ordinis
1286 5373 1648 5430 ministerium
1669 5375 1909 5446 pruden-

315 5465 402 5517 ter
426 5464 684 5520 assumite
711 5481 834 5521 cum
865 5467 1172 5524 sanctitate.
1202 5467 1354 5535 Quod
1385 5468 1430 5524 si
1459 5468 1563 5524 ista
1606 5478 1909 5526 vestrarum
1929 5511 1950 5522 -

315 5568 520 5612 arcana
568 5559 830 5614 mentium
878 5576 986 5616 non
1031 5563 1457 5632 penetraverint,
1509 5571 1638 5620 tunc
1680 5563 1735 5618 in
1779 5579 1911 5619 con-

314 5658 509 5721 Spectu
535 5651 1001 5710 sanctissimorum
1024 5654 1428 5725 episcoporum,
1467 5655 1616 5726 quia
1649 5654 1912 5712 Rotberto

315 5738 683 5801 Cenomanico
701 5745 933 5817 pmsule
977 5747 1259 5804 convocati
1287 5747 1508 5816 fuerint,
1535 5765 1754 5805 causam
1799 5751 1913 5806 edi-

316 5846 445 5895 cere
476 5849 780 5910 procurate,
812 5848 872 5899 ut
896 5856 1006 5914 quo
1035 5857 1122 5901 res
1145 5842 1362 5902 ducitur
1381 5843 1594 5917 plenius
1615 5845 1909 5917 digeratur.

1930 3217 1977 3282 C

2009 1971 2372 2043 chiepiscopis
2411 1978 2467 2026 et
2515 1971 2786 2041 episcopis
2842 1970 2898 2026 in
2938 1985 3106 2042 regno
3163 1971 3342 2028 Caroli
3383 1971 3605 2043 gloriosi

2007 2063 2152 2135 regis
2188 2062 2671 2118 commorantibus.

2077 2156 2311 2227 Dignum
2351 2163 2462 2224 est,
2492 2163 2553 2210 ut
2592 2156 2684 2226 qui
2738 2156 3060 2212 sacerdotali
3105 2156 3409 2213 reverentia
3437 2157 3602 2214 deco-

2014 2255 2232 2314 rantur,
2297 2245 2594 2302 secundum
2645 2253 2955 2301 sanctorum
3024 2245 3249 2302 Patrum
3294 2262 3604 2312 censuram,

2006 2339 2149 2409 aequi
2181 2337 2568 2394 moderaminis
2595 2336 2752 2393 lance
2795 2337 2875 2393 sic
2926 2345 3121 2394 cuncta
3167 2339 3423 2396 studeant
3449 2339 3609 2394 truti-

2004 2445 2162 2498 nare,
2208 2437 2477 2500 quatenus
2527 2443 2753 2501 gregum
2781 2427 2887 2484 sibi
2930 2444 2961 2483 a
2992 2429 3226 2486 Domino
3274 2431 3606 2486 creditorum

2007 2531 2162 2594 septa
2196 2522 2410 2578 munire
2447 2537 2557 2577 non
2605 2521 2874 2588 desinant,
2914 2529 2970 2577 et
2999 2522 3236 2578 debitam
3278 2537 3468 2578 curam
3513 2523 3608 2579 ad—

2005 2612 2194 2668 hibere
2220 2626 2563 2684 nequaquam
2588 2619 2952 2682 postponant:
2978 2627 3048 2667 ne
3070 2609 3211 2668 forte
3231 2627 3356 2668 cum
3375 2611 3606 2685 segnitia

2005 2703 2231 2774 ceperit
2273 2702 2500 2768 oboriri,
2552 2701 2826 2758 incentori
2878 2701 3061 2757 aditus
3112 2701 3473 2774 relinquatur,
3503 2715 3604 2772 per

2005 2812 2166 2868 quem
2193 2795 2452 2868 pestifero
2481 2810 2634 2852 more
2663 2795 2718 2849 in
2742 2794 2882 2850 ovile
2902 2793 3244 2852 Dominicum
3267 2795 3601 2867 ingrediens,

2004 2904 2134 2944 oves
2164 2888 2463 2944 dominicas
2487 2889 2816 2960 discerpere,
2855 2905 2920 2946 ac
2949 2905 3133 2946 morsu
3161 2888 3339 2946 ferino
3380 2888 3605 2960 incipiat

2005 2979 2266 3035 lacerare.
2298 2979 2452 3047 Quod
2476 2979 2664 3049 utique
2689 2980 2755 3034 de
2787 2980 2965 3048 vobis,
2998 2979 3470 3047 fratres,‘minime
3497 2979 3605 3036 diei

2005 3072 2274 3139 volumus,
2305 3073 2436 3144 quin
2469 3087 2898 3138 commonemus,
2932 3083 2993 3128 ut
3035 3082 3196 3129 tantae
3230 3071 3608 3128 sollicitudinis

2006 3179 2227 3234 operam
2257 3163 2327 3218 ad
2353 3171 2671 3220 cunctorum
2711 3163 3081 3234 subjectorum
3103 3162 3421 3234 'profectum
3449 3177 3608 3220 assu-

2012 3271 2160 3311 mere
2189 3254 2472 3323 studeatis,
2497 3264 2763 3327 quantum
2814 3255 2944 3311 illud
2994 3256 3187 3312 audire
3213 3255 3433 3328 cupitis,
3461 3255 3607 3327 quod

2015 3350 2276 3406 Dominus
2298 3364 2356 3406 se
2385 3348 2771 3406 conﬁtentibus
2798 3348 3230 3405 misericorditer
3255 3347 3605 3418 repromisit:

2009 3440 2181 3512 Euge,
2238 3441 2511 3511 inquiens,
2563 3458 2707 3497 serve
2755 3441 2885 3496 bone
2935 3449 2985 3496 et
3019 3440 3234 3510 ﬁdelis:
3287 3442 3414 3511 quia
3453 3453 3612 3510 super

2009 3549 2180 3603 pauca
2211 3533 2362 3604 fuisti
2393 3533 2586 3599 ﬁdelis,
2611 3549 2770 3604 super
2813 3531 3056 3586 multa'te
3083 3531 3441 3596 constituam;
3469 3531 3610 3584 intra

2007 3625 2063 3678 in
2083 3624 2339 3694 gaudium
2365 3623 2581 3678 Domini
2615 3623 2692 3678 tui
2721 3621 2936 3695 (Matth.
2968 3622 3120 3696 xxv).
3161 3622 3370 3678 Idcirco
3408 3621 3611 3679 sanctis

2010 3713 2108 3768 tati
2142 3721 2335 3770 vestrae
2360 3724 2698 3785 compertum
2728 3729 2848 3770 esse
2871 3713 3142 3782 volumus,
3179 3714 3414 3786 qualiter
3434 3728 3465 3768 a
3497 3712 3610 3784 pri-

2010 3807 2221 3864 mordio
2248 3799 2674 3866 constructionis
2718 3823 2830 3864 suae
2877 3807 3268 3864 monasterium
3294 3806 3469 3864 sancti
3499 3806 3611 3862 Ka-

2011 3897 2171 3964 rileﬁ,
2217 3899 2275 3954 in
2324 3898 2656 3955 Cenomania
2702 3898 2887 3964 situm,
2939 3895 3182 3969 ejusdem
3236 3897 3610 3955 Cenomanicae

2008 3989 2162 4046 urbis
2201 3990 2335 4060 juri,
2371 3989 2604 4061 ejusque
2655 3987 2924 4059 praesulis,
2985 3988 3260 4044 subditum
3309 3988 3510 4044 fuerit:
3555 3994 3613 4043 et

2003 4084 2162 4156 juxta
2189 4083 2451 4138 canonica
2500 4082 2772 4147 instituta,
2836 4081 2930 4152 qui
2982 4080 3100 4151 ejus
3145 4081 3442 4138 diteceseos
3465 4096 3637 4137 curae-

2007 4186 2254 4249 praeerat,
2289 4175 2456 4247 ipsius
2483 4174 2652 4230 etiam
2688 4173 2791 4230 sub
2842 4173 3102 4245 regimine
3129 4171 3369 4244 ejusdem
3416 4189 3608 4230 mona-

2009 4269 2159 4325 sterii
2190 4268 2537 4340 congregatio
2565 4268 2814 4338 degebat.
2871 4266 2978 4323 Sed
3007 4282 3170 4332 nunc,
3201 4277 3259 4322 ut
3289 4268 3494 4324 nostris
3523 4267 3610 4322 in-

2010 4359 2187 4415 tonuit
2213 4359 2459 4423 auribus,
2493 4358 2750 4414 monaebi
2807 4357 2994 4429 ipsius,
3026 4358 3259 4429 regulari
3286 4357 3610 4413 auctoritate

2010 4460 2346 4524 contempta,
2404 4451 2581 4507 zelum
2629 4459 2869 4522 paternae
2910 4449 3217 4506 traditionis
3247 4463 3355 4506 non
3382 4449 3607 4514 ducunt,

2012 4557 2067 4602 et
2097 4545 2315 4601 modum
2344 4543 2583 4600 debitum
2614 4559 2836 4600 servare
2870 4556 2978 4598 non
3011 4541 3260 4612 cupiunt;
3294 4555 3438 4607 cum,
3465 4539 3610 4610 quod

2016 4652 2126 4694 non
2161 4637 2311 4703 licet,
2375 4635 2596 4707 proprio
2644 4633 2799 4690 libitu
2855 4633 3038 4687 vivere
3065 4639 3334 4703 quaerunt,
3364 4640 3420 4686 et
3446 4645 3610 4701 paro-

2014 4728 2216 4792 cbiam,
2250 4728 2304 4782 in
2335 4727 2490 4798 cujus
2519 4725 2740 4782 dioecesi
2772 4722 3096 4788 consistunt,
3115 4719 3208 4790 jus
3232 4737 3342 4776 non
3371 4721 3610 4778 tenuisse

2013 4816 2274 4872 fatentur.
2308 4817 2648 4887 Quapropter
2670 4813 2980 4884 apostolicae
2998 4811 3340 4869 auctoritatis
3363 4812 3610 4883 apicibus

2014 4911 2261 4967 omnium
2303 4919 2611 4966 vestrorum
2659 4905 3019 4962 reverentiam
3048 4919 3393 4962 eommonere
3419 4905 3609 4962 deem-

2017 5001 2216 5066 vimus,
2247 5010 2305 5056 ut
2336 4997 2680 5056 rectitudinis
2733 5005 2894 5068 atque
2936 4997 3160 5068 justitiae
3212 4995 3612 5054 intercurrente

2015 5091 2324 5157 libramine,
2354 5090 2640 5146 Dominum
2665 5102 2779 5159 pne
2815 5087 2989 5144 oculis
3017 5088 3298 5155 habentes,
3322 5087 3427 5144 hoc
3453 5095 3610 5143 extra

2015 5186 2416 5243 institutionem
2441 5191 2758 5240 sanctorum
2793 5182 3017 5238 Patrum
3066 5182 3185 5238 ﬁeri
3234 5196 3341 5238 non
3369 5180 3564 5238 sinatis
3592 5196 3608 5235 :

2015 5281 2110 5338 sed
2140 5293 2531 5351 usquequaque
2585 5292 2806 5334 causam
2854 5277 3280 5346 considerantes,
3333 5275 3464 5348 quid
3516 5289 3608 5332 re-

2016 5379 2178 5445 ctius,
2205 5377 2403 5448 quidve
2444 5374 2630 5431 utilius
2679 5374 3017 5442 inveneritis,
3071 5375 3174 5431 hoc
3197 5380 3605 5440 conservantes,

2016 5483 2179 5544 atque
2208 5479 2472 5538 tenentes,
2501 5471 2924 5529 Cenomanicam
2948 5472 3159 5544 plebem
3185 5486 3292 5528 non
3321 5468 3602 5542 patiamini

2013 5565 2385 5638 praejudicium
2414 5566 2705 5634 sustinere,
2729 5577 2894 5640 atque
2921 5582 3042 5638 quae
3077 5567 3194 5638 ejus
3244 5571 3390 5630 sunt,
3420 5563 3609 5618 incon-

2016 5661 2254 5717 venienti
2307 5660 2515 5718 calculo
2563 5663 2894 5729 discernere,
2941 5678 3006 5718 ac
3051 5667 3430 5734 pertractare:
3469 5670 3605 5727 qua-

2018 5763 2177 5810 tenus
2205 5763 2260 5811 et
2303 5763 2495 5811 vestrae
2543 5754 2904 5813 fraternitatis
2953 5755 3089 5811 ordo
3131 5768 3238 5810 non
3271 5749 3522 5816 violetur,
3552 5757 3608 5804 ct

2020 5847 2190 5921 ipsius
2236 5849 2478 5907 ecclesiae
2505 5849 2700 5920 praesul
2728 5865 2825 5906 sua
2875 5849 3123 5904 amittere
3151 5857 3605 5918 ncquaquamco-
