4070 6310
466 304 581 375 881

1834 302 2111 366 meum:
2147 301 2351 365 P-APIE
2388 305 2423 387 ιΔ

468 431 643 499 gatnr.
670 422 943 505 igitur-si
970 423 1040 479 ab
1066 422 1255 479 eodem
1300 419 1666 479 Genemanico
1703 419 1934 490 praesule
1987 434 2054 474 ex
2081 421 2136 481 Α
2160 419 2483 476 rendissimo
2521 426 2578 475 et
2615 418 2959 477 sanctissimo
3003 419 3270 475 confratri
3312 429 3503 477 nostro
3552 418 3761 484 Vri-su

466 515 643 582 vobis,
678 515 770 585 qui
798 513 1169 585 hujuscemodi
1218 511 1578 585 quaestionem
1623 510 1940 577 discutiant,
1967 510 2058 585 iu-

469 596 619 683 dices
643 596 796 664 electi
830 596 1054 675 fuerint,
1084 614 1141 663 et
1165 606 1270 661 alia
1297 605 1494 663 electio
1540 606 1597 660 in
1652 621 1819 661 unum
1861 618 2060 661 conve-

471 701 639 767 nerit,
670 710 800 756 tunc
830 700 875 759 si
906 700 1035 758 illnc
1083 700 1451 756 contentionis
1501 697 1626 755 finis
1680 698 1860 769 aliqua
1887 710 2063 753 emer-

467 804 629 871 gente
675 791 987 851 difﬁcultate
1041 792 1198 864 dirigi
1260 807 1366 848 non
1418 791 1655 863 poterit;
1703 790 1958 863 iubemus
2002 795 2063 845 ut

466 896 697 959 utraque
725 900 851 958 pars
900 885 955 941 in
985 894 1227 941 nostram
1258 882 1553 955 specialem
1605 882 1787 936 veniat
1825 895 2063 952 praesen-

466 962 624 1055 :tiam,
656 987 714 1037 ut
757 978 869 1034 litis
895 977 1126 1035 intentio
1158 977 1313 1050 legali
1342 992 1530 1033 coram
1560 984 1749 1033 nostro
1779 973 2063 1045 pontificio

467 1071 741 1129 sententia
768 1070 1085 1137 ventiletur,
1135 1070 1466 1136 declaretur,
1520 1077 1683 1139 atque
1712 1067 1834 1123 luce
1864 1065 2065 1122 clarius

466 1163 708 1220 ﬁniatur.
734 1146 1091 1235 omnipotens
1145 1163 1408 1219 Dominus
1437 1170 1647 1216 mentes
1674 1169 1729 1215 et
1757 1157 1923 1215 corda
1974 1172 2065 1212 ve-

468 1266 583 1311 stra
612 1257 683 1311 ad
721 1256 862 1312 bene
917 1255 1184 1327 agendum
1242 1268 1458 1325 semper
1504 1252 1747 1319 inclinet,
1797 1259 1858 1305 ut
1907 1248 2065 1305 bonis

465 1347 720 1419 Operibns
745 1346 1080 1415 inhaerendo,
1106 1345 1377 1418 aequitatis
1403 1353 1565 1415 atque
1586 1342 1812 1415 iustitiae
1831 1340 2066 1397 culmine

465 1439 759 1496 videamini
788 1438 1092 1496 sublimari.

744 1599 757 1606 η
1203 1528 1339 1584 Liv.

650 1644 717 1687 AD
747 1628 1061 1683 HINCIARUH
1090 1636 1545 1679 ARCHIEPISCOPUH
1577 1633 1915 1675 RiiEMENSEI.

1102 1718 1280 1790 (Anno
1310 1713 1460 1787 865.)

2159 512 2507 585 patriarchae.

2176 658 2179 663 ,
2232 605 2429 662 Notum
2460 606 2579 663 fieri
2610 606 2853 679 religioni
2884 615 3006 674 tuae,
3039 615 3096 662 et
3126 622 3472 679 summopere
3504 623 3756 668 necessa-

2163 698 2304 755 rium
2349 697 2738 768 indicavimus,
2788 700 2916 770 quia
2967 714 3065 771 pro
3132 700 3363 757 diversis
3428 701 3759 760 utilitatibus

2165 802 2364 851 sancta:
2412 793 2508 850 Dei
2552 793 2807 850 Ecclesiae
2842 802 3083 849 nostram
3134 794 3401 866 synodum
3450 793 3539 850 vel
3568 795 3757 851 conci-

2163 884 2295 940 lium
2351 871 2458 940 nna
2514 901 2639 941 cum
2698 885 2912 942 caeteris
2974 884 3337 940 sanctissimis
3386 882 3762 941 confratribus

2164 978 2367 1034 nostris
2398 978 2559 1034 tertio
2601 977 2964 1035 Kalendarum
2991 975 3377 1033 Novembrium
3432 978 3490 1033 in
3539 976 3602 1033 S.
3650 975 3762 1032 Bo-

2165 1089 2325 1145 maua
2353 1073 2480 1129 sede
2511 1073 2789 1131 celebrare
2819 1072 3141 1143 dispositum
3172 1072 3456 1127 habemus.
3506 1070 3761 1142 Quapro-

2164 1175 2287 1240 pter
2314 1166 2608 1239 apostolica
2634 1165 2986 1231 auctoritate,
3011 1174 3073 1220 et
3108 1163 3368 1235 pastorali
3401 1163 3763 1235 persuasione

2169 1269 2315 1329 tuam
2347 1273 2630 1315 monemus
2672 1248 3094 1321 fratcrnitatem,
3120 1267 3181 1310 ut
3223 1255 3293 1310 ad
3333 1254 3649 1312 condictam
3675 1270 3766 1327 ηρ

2166 1353 2367 1409 nodum
2396 1366 2636 1422 pratsens
2662 1350 2854 1409 adesse
2896 1357 2983 1405 tua
3016 1350 3278 1407 sanctitas
3298 1349 3557 1421 omnibus
3585 1348 3767 1405 modis

2168 1443 2410 1507 studeat,
2462 1453 2731 1513 quatenus
2763 1456 2889 1497 cum
2937 1448 3030 1497 tua
3082 1440 3287 1511 pariter
3328 1447 3768 1508 caatemrumque

2168 1545 2482 1595 sanctorum
2514 1536 2895 1607 episcoporum
2925 1534 3193 1591 industria
3224 1535 3293 1589 de
3314 1532 3403 1589 his
3419 1547 3545 1604 quae
3561 1539 3767 1587 sancta:

2167 1628 2266 1685 Dei
2295 1628 2553 1684 Ecclesia:
2588 1628 2744 1683 valde
2791 1626 3118 1697 pertinentia
3160 1634 3216 1681 et
3241 1624 3578 1690 necessaria,
3606 1622 3770 1678 satis-

2168 1735 2276 1791 que
2301 1720 2571 1775 habentur
2596 1718 2771 1784 utilia,
2798 1717 3096 1789 auxiliante
3117 1716 3300 1773 divina
3329 1713 3652 1779 clementia,
3680 1727 3767 1768 cae

471 1810 640 1873 Taa'at
687 1810 836 1867 illum
864 1811 1004 1885 quod
1016 1884 1021 1885 γ
1058 1810 1325 1885 monachis
1356 1809 1526 1864 sancti
1564 1804 1805 1885 _KariIe/i
1826 1804 2065 1885 “fauens,
2092 1811 2143 1874 Β
2171 1810 2364 1868 nonice
2413 1825 2478 1865 ac
2522 1809 2762 1881 legitime
2792 1808 3026 1865 liberare
3070 1813 3369 1867 secundum
3420 1807 3614 1871 Deum,
3656 1805 3771 1860 imo

544 1884 726 1941 Caroli
753 1875 887 1954 regis
936 1884 1171 1938 animum
1214 1882 1462 1936 adversus
1493 1879 1789 1952 episwpum
1817 1875 2071 1932 Cenoma-

545 1972 753 2013 nensem
783 1956 1135 2011 conmaoserit.
2013 1974 2019 1979 ν

971 2025 1147 2099 [Apud
1173 2025 1364 2091 .iiansi,
1400 2021 1559 2095 ibid.]

544 2135 815 2195 NICOLAIJS
848 2133 1160 2205 episcopus,
1215 2147 1404 2190 servus
1451 2145 1731 2188 servorum
1763 2128 1884 2194 Dei,
1916 2143 2070 2184 reve-

472 2228 784 2287 rentissimo
812 2235 869 2284 et
888 2225 1237 2283 sanctissimo
1266 2224 1530 2280 coni'ratri
1556 2231 1742 2278 nostro
1787 2220 2070 2277 illumne

472 2321 810 2379 Rhemornm
833 2318 1264 2390 archiepiscopo.

543 2414 741 2473 Balatu
777 2412 1139 2486 quorumdam
1192 2409 1524 2477 audivimus,
1571 2411 1713 2480 quod
1755 2415 1845 2464 tua
1878 2407 2072 2464 frater‘

472 2512 619 2571 nitas
645 2518 836 2567 contra
881 2508 1205 2565 Rutbertum
1251 2505 1631 2562 Ceuomanica:
1682 2504 1835 2559 urbis
1862 2503 2074 2575 episco-

470 2618 623 2679 pum,
650 2619 750 2676 pro
796 2602 1037 2673 eoquod
1084 2598 1475 2656 monasterium
1530 2596 1703 2652 sancti
1754 2594 1975 2652 Karileti
2003 2592 2073 2648 ad

470 2698 563 2771 ius
585 2697 835 2754 ecclesiae
857 2694 961 2751 sibi
1009 2692 1314 2750 commissae
1341 2690 1621 2746 vindicare
1641 2688 1796 2755 velit,
1830 2702 1937 2743 non
1971 2702 2071 2758 pa-

474 2805 599 2851 rum
624 2791 697 2847 sit
722 2789 1003 2861 indignata
1040 2803 1055 2842 :
1087 2787 1163 2842 ita
1208 2792 1270 2841 ut
1316 2783 1556 2840 animum
1595 2780 1932 2837 dilectissimi
1977 2779 2074 2835 filii

474 2884 649 2941 nostri
678 2880 859 2938 Caroli
888 2879 1109 2952 gloriosi
1158 2878 1305 2949 regis
1327 2877 1589 2932 adversus
1617 2889 1741 2930 eum
1770 2887 2075 2929 commove.

475 2975 571 3043 rit,
598 2983 655 3030 et
682 2975 739 3029 in
768 2973 996 3044 synodo,
1036 2982 1157 3041 quae
1180 2969 1341 3025 modo
1373 2968 1574 3027 dicitur
1607 2983 1637 3021 a
1663 2967 1951 3022 sanctitate
1983 2975 2076 3021 tua

474 3066 680 3137 colligi,
711 3064 888 3120 fertur
914 3064 1061 3134 quod
1114 3061 1301 3117 nescio
1354 3073 1491 3132 quas
1544 3058 1790 3125 insidias,
1822 3057 1977 3128 quasi
2007 3073 2072 3113 ex

480 3159 585 3214 alia
613 3157 844 3222 ratione,
897 3154 977 3210 illi
1022 3152 1273 3208 nitamini
1321 3164 1652 3223 praeparare,
1703 3149 1901 3205 laedere
1950 3164 2074 3204 eum

479 3260 811 3320 magnopere
836 3243 1153 3318 gestientes,
1189 3244 1334 3314 quod
1360 3243 1428 3298 de
1457 3250 1612 3297 tanto
1635 3242 1758 3297 viro
1789 3241 2073 3311 indignum

476 3338 708 3398 credere
728 3337 1112 3410 indicavimus.
1149 3335 1395 3406 Denique
1433 3336 1479 3391 si
1530 3333 1826 3390 Rotbertus
1860 3335 2071 3405 episco-

478 3446 586 3507 pus
608 3431 748 3504 petit
770 3430 916 3503 quod
951 3436 1142 3501 petere
1169 3428 1349 3494 debet,
1378 3428 1672 3498 impetret:
1699 3426 1748 3481 si
1770 3440 1902 3482 vero
1930 3425 2073 3495 quod

474 3538 592 3582 non
616 3524 781 3581 debet
804 3521 1062 3594 postulat,
1083 3534 1362 3591 nunquam
1392 3519 1668 3575 obtineat:
1701 3527 2073 3581 verumtamen

477 3619 552 3678 ob
577 3619 632 3675 id
657 3619 791 3675 nihil
812 3617 1087 3675 sustineat
1114 3615 1442 3674 omnimodis
1468 3614 1723 3669 laesionis.
1759 3613 1913 3680 Quod
1955 3622 2066 3678 tua,

476 3708 649 3769 frater
670 3710 1011 3776 charissime,
1044 3709 1260 3765 studeat
1291 3707 1551 3764 sanctitas
1572 3720 1915 3776 summopere
1938 3718 2075 3776 prae-

478 3818 712 3870 cavere;
738 3819 807 3859 ne
828 3802 975 3873 quod
999 3815 1108 3857 non
1137 3800 1431 3867 credimus,
1462 3784 1687 3869 iniuste,
1716 3798 1802 3854 vel
1847 3799 2070 3853 obtentu

474 3896 767 3967 aequitatis,
788 3894 943 3957 idem
969 3894 1197 3949 antistes
1222 3907 1253 3945 a
1283 3900 1372 3946 tua
1423 3890 1646 3946 laedatur
1668 3891 1723 3945 in
1759 3890 1941 3960 aliquo
1970 3903 2062 3943 re«

476 3986 744 4042 verentia.
775 3984 882 4040 Sed
913 3984 957 4039 si
986 3983 1194 4039 crimen
1221 3982 1296 4037 illi
1318 3980 1594 4052 obiicitur,
1647 3982 1727 4038 sic
1749 3980 1814 4035 de
1841 3994 1906 4035 eo
1937 3994 2069 4034 exa-

479 4077 707 4134 minatio
749 4075 1066 4147 praeveniat,
1097 4083 1158 4129 ut
1201 4073 1460 4144 iudicium
1499 4074 1555 4127 in
1601 4073 1749 4128 illuni
1776 4089 1843 4129 ex
1871 4081 2072 4128 nostra:

481 4169 823 4225 auctoritatis
863 4167 1150 4223 libramine
1201 4168 1580 4237 subsequatur.
1638 4164 1774 4221 Nam
1818 4180 1942 4221 cum
1977 4178 2071 4220 vos

478 4272 765 4334 suspectos
817 4262 1018 4317 habere
1056 4261 1330 4325 videatur,
1376 4259 1713 4326 indecorum,
1766 4258 1875 4313 imo
1903 4265 2073 4311 teme-

478 4357 689 4414 rarium
714 4361 820 4421 est,
864 4360 927 4407 ut
972 4366 1004 4407 a
1032 4360 1214 4407 vestra
1253 4352 1543 4407 sanctitate
1586 4350 1789 4421 aliquid
1836 4350 2072 4421 patiatur

477 4446 833 4504 discrimtnts.
863 4442 972 4499 Sed
996 4450 1053 4499 et
1076 4441 1407 4497 devotissimi
1441 4440 1537 4496 filii
1572 4442 1745 4496 nostri
1773 4440 1953 4498 Caroli
1996 4441 2071 4510 pii

2168 1904 2325 1976 iuxta
2354 1901 2499 1957 illius
2528 1902 2863 1957 voluntatem
2887 1899 3114 1957 delinire
3142 1898 3445 1956 valeamus.
3470 1897 3531 1953 Si
3559 1905 3766 1963 autem,

2170 1999 2314 2068 quod
2366 1995 2589 2051 minime
2635 2004 2921 2066 optamus,
2971 2003 3064 2049 tua
3112 1994 3230 2065 ipsa
3280 1992 3575 2065 praesentia
3622 1990 3769 2045 nullo

2168 2090 2334 2147 modo
2384 2089 2622 2161 potuerit
2683 2104 2780 2159 per
2833 2088 3182 2159 semetipsam
3238 2100 3482 2158 praesens
3531 2084 3764 2149 adesse,

2169 2183 2501 2240 omnimodis
2552 2183 2814 2238 decernat
2859 2179 3123 2235 sanctitas
3155 2186 3245 2232 tua
3293 2193 3362 2232 ex
3404 2174 3767 2247 suffraganeis

2171 2277 2442 2348 episcopis
2488 2276 2597 2331 tuis
2646 2284 2899 2330 strenuos
2932 2288 3057 2327 cum
3103 2270 3425 2344 presbytero
3464 2269 3674 2341 pariter
3710 2274 3763 2324 et

2173 2368 2419 2433 diacono,
2450 2367 2544 2439 qui
2570 2366 2743 2421 vicem
2782 2375 2886 2421 tute
2914 2363 3296 2429 fraternitatis,
3323 2362 3656 2417 auctoritate
3676 2370 3765 2415 tua

2171 2460 2454 2527 succincti,
2484 2460 2774 2531 vigilanter
2800 2457 3074 2530 expleant,
3105 2465 3161 2512 et
3187 2472 3312 2512 cum
3340 2455 3542 2526 quibus
3581 2455 3648 2509 de
3685 2453 3767 2509 his

2172 2575 2294 2631 qua:
2318 2568 2506 2615 nostro
2535 2566 2829 2628 vestroque
2867 2556 3143 2626 pertinent
3168 2552 3494 2614 ministerio,
3522 2551 3767 2606 saluber-

2172 2656 2309 2713 rime
2334 2663 2496 2726 atque
2524 2652 2787 2713 canonice
2813 2652 3085 2706 instruere
3107 2648 3191 2705 vel
3217 2647 3465 2713 delinire,
3490 2647 3613 2702 Deo
3631 2660 3767 2715 pra:-

2173 2756 2380 2815 stante,
2426 2746 2718 2818 possimus.
2761 2743 3026 2815 Optamus
3068 2741 3472 2800 fraternitatem
3518 2747 3675 2795 tuam
3712 2739 3767 2794 in

2173 2840 2392 2897 Christo
2411 2840 2551 2897 bene
2587 2838 2789 2894 valere.
2821 2832 2848 2923 θ’

2903 2927 3038 2987 LVI.

2605 3040 2676 3081 ΑΙ)
2701 3037 2982 3081 εριωοροε
3008 3034 3318 3080 ΕΕΗΙΔΜΕ.

2175 3119 2436 3177 Adversus
2480 3117 2866 3189 Thietgaudum
2915 3115 3272 3189 Trevirensens
3316 3121 3366 3189 et
3406 3109 3766 3189 Gtt-theriam

2285 3184 2650 3249 Colonieuseni
2670 3190 2724 3245 in
2754 3188 2959 3262 negotio
2984 3187 3194 3243 divortii
3222 3184 3461 3242 Lotharii
3505 3185 3660 3255 regis.

2797 3304 2975 3379 (Anno
3000 3302 3153 3385 865.)

2175 3425 2353 3500 [Apud
2396 3426 2709 3493 Hontheim,
2748 3424 2888 3482 Hist.
2930 3424 3167 3492 Trevir.,
3204 3431 3334 3478 tom.
3367 3419 3410 3486 Ι,
3449 3434 3575 3491 pag.
3605 3414 3761 3488 200.]

2244 3522 2536 3587 NICOLAUS,
2585 3537 2774 3577 servus
2822 3534 3105 3577 servorum
3138 3518 3253 3584 Dei,
3298 3512 3767 3571 reverendissimis

2172 3630 2238 3670 ac
2286 3612 2647 3669 sanctissimis
2693 3611 2957 3667 fratribus
3004 3609 3205 3665 nostris
3246 3604 3679 3675 archiepiscopis
3710 3603 3762 3657 in

2172 3722 2342 3779 regno
2362 3705 2620 3761 Ludovici
2650 3705 2791 3777 regis
2823 3703 3131 3761 Germaniae
3155 3700 3487 3757 constitutis.

2246 3799 2435 3856 Scelus
2458 3800 2601 3870 quod
2629 3798 2918 3854 Lotharius
2946 3812 3064 3860 rex,
3094 3794 3140 3850 si
3172 3804 3349 3849 tamen
3381 3806 3479 3846 rex
3498 3788 3767 3846 veraciter

2173 3895 2279 3952 dici
2308 3896 2480 3966 possit
2504 3895 2596 3967 qui
2630 3894 2777 3948 nullo
2809 3890 3308 3960 salubri'regimine
3330 3886 3579 3958 corporis
3606 3899 3765 3954 appe-

2172 3986 2304 4042 titus
2331 3985 2645 4050 refrenavit,
2669 3983 2763 4041 sed
2787 3983 2992 4037 lubrica
3013 3980 3368 4037 euervatione
3386 3978 3571 4048 inagis
3600 3975 3768 4046 ipsius

2174 4080 2376 4135 illicitis
2409 4079 2643 4136 motibus
2672 4077 2836 4143 cedit,
2866 4088 2891 4117 ι
2923 4075 3266 4145 Theutherga
3299 4072 3503 4128 scilicet
3533 4078 3589 4127 et
3612 4068 3763 4126 Wal-

2175 4174 2340 4229 drada
2391 4173 2685 4238 commisit,
2729 4170 2980 4225 omnibus
3008 4167 3357 4223 manifestum
3402 4173 3506 4222 est.
3557 4165 3667 4221 Sed
3710 4172 3767 4219 et

2176 4267 2375 4323 dudum
2422 4267 2707 4338 episcopos
2749 4264 3164 4335 Theutgaudum
3212 4272 3270 4317 et
3317 4260 3683 4317 Gnntharium
3711 4258 3765 4315 in

2177 4359 2271 4415 tali
2300 4357 2444 4414 facto
2471 4375 2594 4414 eum
2627 4358 2883 4413 habuisse
2915 4364 3121 4412 tutores
3146 4366 3199 4412 et
3231 4355 3494 4419 fautores,
3528 4369 3667 4424 pene
3691 4362 3745 4408 to

2178 4460 2265 4505 tns
2293 4450 2447 4505 nobis
2474 4450 2645 4515 orbis,
2672 4450 2913 4519 undique
2940 4449 3005 4502 ad
3048 4447 3232 4502 limina
3263 4462 3356 4502 seu
3399 4447 3585 4502 sedem
3632 4460 3763 4517 θροο

475 4540 623 4613 "38is
645 4539 888 4594 animm“
934 4545 1119 4593 *θεῖτε
1150 4534 1428 4629 δεδίξαιάο
1463 4534 1739 4629 θίτφιῖδιη
1770 4532 1940 4587 fatum
1962 4534 2071 4629 °_Pi'
2096 4567 2151 4629 Β
2175 4543 2424 4599 stolicam
2458 4542 2755 4608 continens,
2790 4542 3079 4607 referebat,
3108 4541 3422 4597 absentibus
3467 4554 3684 4609 quoque
3710 4538 3769 4593 id

475 4642 701 4705 scopum
752 4629 1069 4703 placabilem
1098 4642 1165 4682 ac
1211 4626 1401 4681 mitem
1445 4625 1672 4681 reddere
1724 4634 1909 4680 nostra
1947 4625 2068 4681 vice

474 4736 768 4804 procuret:
814 4732 1078 4798 quatenus
1124 4724 1309 4780 furore
1366 4722 1632 4796 deposito,
1679 4725 1806 4779 dum
1835 4725 1945 4780 Deo
1973 4740 2067 4779 au-

476 4830 631 4879 ctare
660 4830 895 4879 mentem
930 4834 1085 4877 suam
1112 4818 1179 4874 ad
1211 4817 1369 4874 nobis
1405 4819 1580 4874 adhuc
1605 4819 1981 4885 obediendum,
2009 4826 2067 4876 et

474 4912 625 4972 circa
678 4926 820 4985 saepe
846 4913 1188 4983 designatum
1240 4911 1548 4982 episcopum
1598 4913 1826 4983 benigne
1872 4927 2063 4983 regere

475 5005 761 5071 studuerit,
792 5006 933 5075 quod
953 5019 1080 5060 vere
1112 5018 1206 5058 rex
1232 5002 1303 5059 sit
1330 5005 1581 5060 omnibus
1600 5004 1776 5075 palam
1800 5005 1958 5059 detur
1978 5005 2060 5060 in-

479 5091 670 5164 telligi,
692 5098 748 5147 et
774 5092 985 5148 cunctis
1006 5091 1294 5148 manifeste
1324 5092 1493 5164 ipsius
1513 5093 1684 5163 pietas
1737 5093 2061 5150 innotescat.

477 5184 748 5257 Optamus
774 5186 1167 5242 fraternitatem
1194 5184 1339 5242 tuam
1365 5187 1418 5243 in
1447 5186 1668 5244 Christo
1696 5188 1834 5246 bene
1862 5189 2062 5246 valere.

480 5292 485 5301 ‘
514 5278 520 5287 ’
1220 5276 1332 5332 LV.

721 5382 791 5424 λι)
817 5382 1052 5426 νιτΑιιιιι
1074 5382 1392 5426 εκηεπεειι
1423 5384 1819 5430 PATRIARCIIAI.

1099 5466 1279 5537 (Anno
1301 5466 1452 5540 865.)

698 5554 895 5613 Incitat
926 5558 995 5612 ad
1020 5558 1279 5630 synodum
1308 5558 1491 5616 Roma:
1516 5560 1831 5617 habendam.

550 5648 817 5708 NICOLAUS
845 5653 1150 5723 episcopus,
1182 5665 1370 5709 servus
1414 5668 1696 5710 servorum
1742 5656 1859 5722 Dei,
1904 5668 2063 5712 reve-

555 5786 579 5825 ἀ
608 5778 809 5843 Desunt
838 5785 922 5843 hic
953 5787 1152 5859 aliqua.

2176 4636 2539 4692 scribentibus
2564 4635 2909 4705 apostolatui.
2945 4634 3097 4703 Quod
3127 4651 3225 4689 nos
3256 4644 3404 4689 tanto
3427 4635 3656 4689 credere
3683 4647 3768 4687 re-

2173 4729 2413 4795 nuimus,
2448 4740 2655 4801 quanto
2683 4732 2749 4784 de
2777 4729 3043 4800 epiSCOpis
3078 4729 3184 4783 tale
3214 4728 3342 4799 quid
3373 4728 3563 4783 audire
3593 4726 3767 4803 nulla:

2172 4833 2331 4879 tenus
2358 4824 2732 4894 sperabamus,
2768 4821 2941 4876 donec
2976 4820 3074 4890 ipsi
3106 4818 3331 4875 Romam
3364 4829 3610 4889 tempore
3631 4834 3759 4873 con-

2169 4916 2279 4971 cilii
2311 4916 2613 4979 venientes,
2646 4930 2828 4969 coram
2865 4912 3018 4969 nobis
3057 4922 3114 4968 et
3153 4920 3340 4967 sancta
3380 4911 3590 4982 synodo
3631 4910 3763 4966 tales

2171 5008 2377 5065 inventi
2409 5016 2556 5072 sunt,
2577 5005 2766 5078 rituales
2788 5006 3003 5061 fuerant
3029 5022 3057 5060 a
3080 5005 3265 5061 multis
3295 5018 3437 5073 saepe
3459 5003 3757 5074 przcdicati,

2172 5102 2333 5157 itaut
2378 5101 2668 5170 scriptura,
2701 5115 2863 5170 quam
2908 5099 3021 5155 suis
3065 5097 3458 5169 stipulaverant
3487 5097 3760 5163 manibus,

2172 5204 2445 5263 quamque
2492 5190 2747 5246 volebant
2799 5198 2858 5245 nt
2923 5196 3111 5245 nostro
3162 5189 3547 5245 roboraremns
3591 5188 3763 5243 chiro—

2171 5288 2403 5360 grapho,
2438 5295 2785 5356 caperentur,
2816 5283 2943 5340 dum
2982 5283 3339 5353 muscipulam
3379 5282 3761 5339 innocentibus

2172 5398 2442 5455 apponere
2498 5390 2825 5454 satagerent,
2868 5380 3079 5438 insidiis
3125 5380 3237 5437 suis
3292 5380 3573 5451 illaqueati
3634 5386 3761 5435 sunt

2128 5475 2292 5547 'ipsi.
2329 5472 2527 5547 Sicque
2570 5475 2898 5546 completum
2929 5482 3034 5541 est,
3078 5474 3189 5530 Deo
3233 5484 3477 5540 auctore,
3521 5473 3668 5544 quod
3706 5473 3758 5527 in

2168 5568 2480 5626 Proverbiis
2508 5569 2747 5640 legitur:
2780 5567 3010 5626 Frustra
3036 5569 3240 5642 jacitur
3274 5578 3379 5624 rete
3413 5576 3535 5622 ante
3578 5566 3757 5622 oculos

2169 5672 2537 5735 pennatorum.
2591 5662 2873 5735 Siquidem
2900 5664 3004 5735 ipsi
3040 5663 3261 5737 obligati
3310 5671 3436 5720 sunt
3457 5670 3512 5717 et
3554 5660 3767 5745 occide;
