4070 6310
546 415 645 474 871

691 635 760 675 ΔΙ)
798 636 1104 678 ΠΙΝΕΜΑΒυᾺί
1140 637 1587 679 ARCHIEPISCOPUI
1625 638 1964 682 RHBMENSEI.

1191 735 1369 808 (Anno
1399 734 1550 808 864.)

542 842 835 901 Rothadum
864 848 1136 923 abitinere
1164 848 1400 923 Romano
1439 850 1752 922 prohibitum
1784 853 1946 923 fuisse
1973 853 2119 909 indi-

609 927 818 993 gnatnr.
851 915 1007 993 {abet
1044 929 1100 993 ut
1131 915 1519 991 quamprimum
1558 915 1842 993 dirigatur,
1882 934 1932 979 et
1972 923 2116 979 illius

608 987 814 1040 interim
857 987 969 1042 loco
1004 987 1301 1060 episcopum
1339 992 1577 1046 ordinari
1619 987 1774 1047 vitat.
1824 987 2003 1049 Monet
2049 995 2118 1048 ad

605 1066 915 1136 estremuln,
962 1057 1331 1136 ut'Guntharii
1372 1063 1790 1119 communionem
1827 1064 1937 1136 ipse
1964 1075 2120 1136 atque

603 1126 715 1196 ejus
743 1128 1065 1200 su/fraganei
1089 1141 1325 1188 caveant.

1038 1243 1215 1318 [Apud
1242 1244 1434 1316 Mansi,
1470 1247 1626 1322 ibid.]

600 1347 867 1410 Nrcomus
890 1333 1210 1427 episcopus,
1240 1371 1429 1414 servus
1469 1370 1752 1416 servorum
1780 1359 1910 1430 Dei,
1949 1359 2117 1418 HINC-

528 1459 673 1502 ιιΑιιο
700 1447 1105 1519 archiepiscopo
1125 1447 1476 1507 Rhemorum.

595 1538 682 1594 Ad
729 1538 1132 1596 fraternitatem
1182 1550 1365 1610 tuam,
1416 1542 1702 1614 epistolam
1753 1543 1949 1602 dilecto
2007 1545 2119 1602 tilio

525 1625 721 1689 carolo
749 1631 982 1704 glorioso
1010 1633 1127 1706 regi
1157 1649 1279 1706 qua;
1308 1649 1408 1691 suo
1453 1636 1674 1692 nomine
1701 1637 1966 1705 titulatur,
2001 1655 2032 1692 a
2066 1647 2120 1693 te

525 1725 843 1782 mittendam
896 1726 1226 1799 dirigimus:
1284 1728 1490 1785 idcirco
1545 1729 1882 1801 apostolatus
1936 1732 2113 1786 nostri

521 1820 726 1892 scripto
757 1820 1054 1887 hortamur,
1094 1829 1151 1878 ut
1181 1821 1327 1878 illam
1374 1822 1667 1879 instantius
1714 1824 1975 1895 praedicto
2000 1823 2116 1896 regi

1879 413 2151 473 NICOLAI
2185 413 2390 472 ΡΑΡᾸΞ
2425 415 2447 471 ι

2148 535 2203 597 Α
2219 529 2374 604 juxta
2406 531 2802 604 praecedentem
2828 533 3275 592 consuetudinem
3299 534 3368 592 de
3385 549 3544 593 sacro
3566 538 3827 598 ministe—

3707 419 3829 478 873

2221 626 2304 682 rio
2329 627 2473 698 quod
2495 627 2546 683 ei
2570 627 2903 700 prohibitum
2927 626 3139 693 fuerat,
3169 637 3464 687 attrectare
3503 633 3819 703 praesumit,

2220 730 2276 779 et
2306 722 2362 778 id
2394 723 2540 794 quod
2564 732 2756 782 contra
2798 739 2924 782 eum
2957 723 3218 780 canonice
3259 732 3442 781 actum
3467 734 3576 793 est,
3603 726 3824 784 irreve-

2221 827 2404 873 renter
2452 817 2743 876 defendere
2788 817 3002 891 quaerit.
3047 817 3159 876 Nos
3193 826 3410 888 autem,
3457 835 3524 877 eo
3549 820 3699 890 quod
3736 819 3828 878 sic

2221 911 2501 967 deﬁnitum
2526 926 2648 967 cum
2681 918 2868 968 sancta
2897 911 3106 985 synodo
3133 911 3396 969 habemus
3415 953 3433 980 ,
3481 911 3823 980 nullatenus,

2219 1001 2266 1057 si
2295 1001 2371 1056 ita
2400 1008 2504 1068 est,
2535 1001 2585 1056 ei
2614 1001 3100 1070 communicamus,
3131 1001 3227 1058 sed
3259 1003 3330 1060 ab
3370 1003 3520 1059 omni
3569 1017 3826 1060 commu-

2220 1095 2382 1152 nione
2421 1093 2659 1151 ﬁdelium
2686 1095 2839 1152 illum
2870 1110 2996 1152 cum
3029 1094 3375 1166 sequacibus,
3406 1097 3822 1165 consentaneis,

2220 1185 2627 1257 fautoribusque
2652 1186 2765 1243 suis
2794 1185 3028 1243 alienum
3064 1201 3186 1242 esse
3227 1187 3446 1258 penitus
3476 1184 3820 1255 iudicamus.

2218 1276 2607 1335 Verumtamen
2635 1293 2704 1334 ne
2733 1278 2880 1336 illius
2906 1279 3021 1336 sola
3071 1278 3206 1336 faece
3243 1287 3304 1334 tu
3348 1279 3435 1334 vel
3485 1278 3821 1351 sulfraganei

2220 1370 2297 1426 tui
2322 1370 2582 1443 episcopi,
2610 1371 2752 1428 sicut
2789 1370 2900 1442 jam
2926 1371 3083 1428 vobis
3117 1371 3515 1439 mandavimus,
3564 1369 3821 1442 coinqui-

2223 1463 2341 1520 nari
2368 1462 2614 1528 valeatis,
2644 1478 2988 1535 summopere
3013 1463 3390 1532 exhortamur,
3418 1475 3821 1532 monemusque

2221 1566 2386 1630 atque
2428 1557 2792 1629 praecipimus.
2823 1557 2960 1614 Nam
2989 1565 3046 1613 et
3067 1555 3243 1628 qualis
3271 1556 3346 1614 sit
3385 1556 3528 1614 idem
3560 1555 3817 1612 Guntha-

2221 1655 2336 1712 rius
2362 1699 2378 1725 ,
2435 1664 2806 1728 quantumque
2858 1664 3172 1713 sanctorum
3231 1655 3458 1712 Patrum
3514 1653 3820 1712 excesserit

2222 1749 2458 1819 regulas,
2486 1751 2610 1807 viva
2640 1765 2772 1806 voce
2797 1749 3054 1821 juhemus
3106 1750 3359 1807 omnibus
3408 1748 3711 1819 publicare,
3761 1757 3820 1804 et

2223 1843 2342 1914 ejus
2365 1843 2835 1914 praesumptionem
2863 1843 3039 1914 palam
3067 1843 3136 1899 ad
3175 1844 3490 1900 canonicam
3521 1857 3814 1899 censuram

521 1911 796 1970 destinare
834 1927 1124 1983 procures,
1151 1922 1208 1969 et
1245 1929 1346 1985 pro
1379 1923 1566 1971 nostro
1595 1930 1782 1972 amore
1812 1916 1929 1972 sine
1960 1932 2099 1972 mora

2219 1934 2514 1991 cavendam
2542 1933 2757 1992 edicere
2794 1949 3110 2006 procurare.
3147 1933 3246 1990 Diu
3277 1935 3589 1991 sanctitatis
3619 1940 3816 1988 vestrae

522 2002 691 2058 facias
714 2004 1053 2074 praesentari.
1085 2004 1345 2060 Miramur
1368 2014 1630 2076 praeterea
1653 2015 1709 2062 et
1735 2008 2112 2079 aequanimiter

522 2093 669 2151 ferre
712 2110 819 2152 non
866 2111 1188 2166 possumus,
1218 2112 1316 2154 cur
1343 2098 1640 2169 apostolica
1689 2109 1876 2157 nostra
1910 2102 2113 2158 monita

519 2186 635 2259 jam
667 2189 825 2246 toties
872 2204 972 2261 pro
1014 2188 1288 2247 confratre
1335 2200 1522 2248 nostro
1565 2191 1819 2250 Rothado
1861 2194 2114 2265 episcopo

522 2281 857 2353 vilipendens
882 2323 897 2349 ,
945 2298 1206 2356 spernere
1262 2301 1370 2341 non
1418 2301 1637 2343 recuses
1665 2327 1681 2355 ,
1739 2288 1806 2344 de
1851 2303 1958 2358 quo
2005 2305 2113 2345 non

520 2373 694 2430 solum
719 2382 822 2442 ter,
852 2376 947 2432 sed
970 2384 1027 2432 et
1053 2385 1246 2448 quater
1272 2378 1526 2436 charitati
1560 2387 1667 2435 tua:
1687 2421 1702 2447 ,
1734 2389 1795 2436 ut
1821 2396 2114 2454 recupera-

518 2474 688 2534 retur,
719 2466 1036 2536 direximus,
1060 2479 1117 2526 et
1142 2470 1211 2526 ad
1237 2470 1484 2528 ultimum
1515 2474 1828 2542 statuimus,
1851 2484 1912 2532 ut
1929 2484 2109 2534 autem

521 2555 715 2612 honori
759 2557 992 2628 pristino
1021 2559 1356 2628 redderetur,
1388 2569 1484 2617 aut
1509 2562 1767 2621 Kalendis
1797 2565 1924 2622 Maii
1954 2567 2111 2624 istius

515 2662 594 2702 xu
637 2647 948 2706 indictionis
989 2650 1316 2722 apostolatui
1363 2663 1552 2710 nostro
1587 2669 1712 2711 eum
1760 2656 1958 2728 legatis
2004 2659 2116 2715 tuis

512 2746 950 2808 praesentaretur.
989 2729 1143 2809 Quod
1173 2757 1280 2798 non
1311 2750 1519 2800 tantum
1548 2745 1664 2800 ﬁeri
1704 2749 1931 2805 renuisti
1951 2791 1965 2815 ,
2013 2750 2110 2806 sed

512 2827 677 2884 etiam
702 2844 827 2885 cum
876 2830 992 2901 ipse
1018 2833 1207 2889 venire
1253 2831 1430 2900 vellet,
1479 2835 1690 2906 iterque
1717 2837 1833 2908 jam
1872 2847 2110 2910 emptum

511 2919 770 2988 haberet,
816 2938 924 2979 non
963 2931 1048 2980 est
1087 2924 1386 2996 permissus
1419 2941 1434 2980 :
1478 2927 1579 2983 sed
1621 2928 1801 2997 potius
1845 2938 2105 2998 coactus,

512 3021 660 3068 retro
681 3028 930 3071 reversus
955 3024 1059 3071 est.
1088 3015 1151 3072 In
1178 3031 1286 3086 quo
1312 3013 1473 3072 datur
1500 3017 1746 3091 intelligi,
1788 3028 1849 3075 ut
1878 3028 1972 3076 tua
1999 3023 2110 3077 fra-

514 3103 742 3159 ternitas
787 3105 857 3162 ad
902 3104 1064 3174 hujus
1109 3121 1296 3161 casum
1336 3115 1588 3178 prompta
1631 3108 1866 3165 existere
1893 3110 2106 3182 possit,

511 3196 728 3264 quando
772 3205 827 3252 et
868 3198 1165 3268 apostolica
1204 3199 1497 3271 praeceptio
1542 3201 1612 3257 ad
1656 3200 1910 3272 injuriam
1956 3202 2103 3258 beati

2217 2025 2616 2082 fraternitatem
2641 2026 2710 2082 ad
2755 2025 3137 2082 exaltationem
3177 2033 3379 2082 sanctae
3405 2040 3520 2082 suae
3554 2021 3815 2080 Ecclesia:

2216 2114 2360 2173 Deus
2378 2115 2721 2188 omnipotens
2747 2123 2927 2173 servet
2954 2115 3303 2172 incolumem.
3605 2136 3607 2138 ·

2943 2247 3080 2304 LXI.

2454 2357 2720 2400 οΑΡιτῠιΑ
2747 2358 3148 2401 ιιιςθροιηειουωι
3175 2359 3388 2402 Νιςοιλι
3418 2361 3588 2402 ΡΑΡΕ.

2216 2457 2299 2514 Ad
2326 2457 2637 2533 legationem
2677 2463 2978 2520 Salomonis
3031 2464 3258 2534 episcopi
3309 2465 3454 2519 missi
3511 2478 3655 2519 anno
3704 2461 3809 2519 864

2603 2552 2637 2590 a
2659 2552 2775 2606 rege
2796 2533 3067 2592 Ludovico
3089 2533 3424 2591 Germanico.

2712 2645 2890 2719 [Apud
2920 2646 3115 2717 Mansi,
3144 2648 3304 2722 ibid.]

2286 2757 2483 2815 Fateor
2510 2761 2778 2817 veraciter
2802 2762 3162 2833 apostolatum
3196 2773 3444 2820 nostrum
3470 2775 3803 2820 commotum

2215 2851 2384 2909 fuisse
2412 2854 2673 2911 adversus
2702 2871 2847 2923 eum,
2877 2873 2987 2913 non
3017 2858 3144 2929 quia
3189 2857 3390 2914 illicitae
3432 2858 3641 2930 copulat
3671 2872 3804 2915 con-

2213 2948 2402 3013 sensit,
2433 2949 2530 3005 sed
2558 2951 2682 3020 quia
2714 2952 2854 3008 sicut
2877 2968 2981 3008 non
3023 2953 3320 3020 consensit,
3347 2953 3428 3010 sic
3471 2969 3582 3010 non
3612 2954 3804 3025 prohi-

2210 3038 2344 3094 buit.
2373 3039 2442 3095 Et
2467 3057 2574 3096 non
2603 3041 2830 3100 sufﬁciat
2865 3045 2934 3100 ad
2957 3045 3186 3101 salutem
3215 3061 3322 3101 non
3365 3045 3545 3102 facere
3573 3046 3802 3112 malum,

2209 3131 2256 3186 si
2294 3148 2405 3188 non
2455 3131 2721 3192 faciamus
2765 3136 2988 3193 bonum.
3023 3136 3123 3195 Job
3161 3147 3350 3195 sancto
3381 3155 3489 3195 non
3533 3139 3806 3196 sufﬁceret

2212 3221 2382 3277 solum
2421 3224 2549 3295 quia
2575 3225 2806 3297 simplex
2832 3235 2950 3282 erat
2974 3241 3072 3299 per
3103 3227 3492 3296 innocentiam,
3521 3229 3630 3286 nisi
3659 3238 3806 3286 esset

510 3286 657 3342 Petri
696 3290 923 3360 apostoli
964 3291 1070 3347 illis
1109 3291 1163 3347 in
1190 3293 1436 3362 partibus
1463 3309 1573 3352 non
1611 3296 1952 3361 observatur,
1989 3304 2044 3351 et
2069 3311 2103 3352 a
2131 3284 2178 3351 C
2207 3323 2264 3369 ει
2301 3284 2482 3373 remis
2534 3331 2634 3388 per
2676 3284 3007 3390 aquaam;
3053 3318 3170 3377 Duo
3212 3284 3308 3376 ﬁlii
3356 3284 3521 3388 Inda,
3580 3284 3798 3392 iniquus

511 3387 564 3434 te
612 3382 884 3451 spernitur
912 3399 978 3440 ac
1002 3384 1253 3442 violatur.
1306 3386 1364 3443 Si
1407 3403 1537 3444 vero
1577 3405 1707 3463 erga
1751 3391 2104 3463 apostolicam

507 3470 833 3529 charitatem
886 3483 1130 3532 nostram
1187 3479 1563 3536 benevolentia
1616 3491 1710 3538 tua
1764 3483 2101 3553 haberetur,

508 3561 701 3620 saltem
727 3581 826 3622 cur
853 3567 909 3622 in
939 3569 1202 3627 veniendo
1241 3571 1385 3628 idem
1415 3572 1698 3632 Rothadus
1737 3575 1900 3634 fuerit
1928 3578 2101 3651 impe-

507 3653 682 3724 ditus,
737 3659 894 3716 nobis
951 3660 1335 3734 signiﬁcasses.
1382 3668 1729 3742 Recognosce
1767 3688 1896 3744 ergo
1940 3681 2103 3745 atque

509 3750 827 3820 considera,
871 3754 998 3824 quia
1026 3757 1163 3814 bene
1191 3774 1356 3831 agere
1399 3762 1626 3820 minime
1668 3765 1947 3837 probaris,
1975 3784 2100 3826 cum

505 3849 718 3898 constet
763 3860 897 3909 nos,
947 3846 1176 3905 Domino
1223 3861 1530 3920 annuente,
1577 3856 1818 3926 praedicti
1867 3857 2100 3915 Rothadi

505 3948 728 3990 causam
785 3951 956 4006 usque
1006 3938 1065 3993 in
1133 3940 1296 3996 ﬁnem
1348 3942 1710 4002 indiscussam
1755 3962 2100 4020 nequaquam

505 4025 779 4112 dimittere
807 4028 935 4084 :sed
960 4044 1062 4100 pro
1085 4032 1292 4090 viribus
1324 4049 1391 4091 eo
1416 4037 1560 4107 quod
1587 4039 1656 4096 ad
1677 4041 1862 4096 sedem
1882 4052 2102 4112 aposto-

505 4111 665 4169 licam
705 4115 1028 4186 appellavit,
1073 4122 1143 4176 ad
1185 4123 1302 4180 veri
1337 4127 1608 4184 examinis
1653 4131 1954 4199 perducere
1997 4149 2098 4190 nos

504 4208 644 4265 velle
668 4211 996 4280 aequitatem.
1032 4213 1112 4270 Tu
1153 4226 1357 4287 autem,
1396 4220 1568 4278 frater
1602 4223 1946 4293 charissime,
1982 4241 2100 4282 om-

503 4313 630 4388 nem
655 4299 1073 4360 inobedientiam
1101 4307 1328 4378 depone,
1361 4319 1417 4365 et
1442 4319 1553 4367 tam
1582 4326 1681 4384 per
1703 4322 1777 4382 te,
1806 4330 1968 4386 quam
1996 4331 2098 4388 per

504 4387 672 4443 tilium
703 4400 952 4448 nostrum
977 4393 1245 4463 _Carolum
1286 4399 1581 4471 gloriosum
1610 4419 1814 4476 regem,
1844 4387 2096 4464 eumdem

501 4481 836 4552 episcopum,
867 4499 1028 4554 quem
1053 4503 1086 4542 a
1108 4489 1266 4547 nobis
1302 4494 1699 4551 exaudiendum
1724 4498 1913 4556 venire
1931 4500 2092 4572 jube—

500 4585 642 4636 mus,
673 4572 995 4646 iterumque
1021 4579 1403 4651 prreeipimus,
1452 4585 1522 4641 ad
1547 4588 1904 4658 apostolicam
1949 4592 2094 4648 beati

501 4660 648 4718 Petri
693 4667 901 4735 sedem,
944 4668 1096 4740 cujus
1144 4675 1390 4730 membra
1437 4691 1558 4734 esse
1590 4679 1917 4749 probamini,
1969 4699 2094 4739 cum

500 4756 682 4813 missis
732 4759 838 4816 tuis
893 4763 1214 4832 quantocius
1264 4766 1498 4838 dirigere
1554 4763 1797 4840 studeas,
1846 4775 1892 4830 si
1942 4782 2092 4832 tuam

500 4846 822 4904 charitatem
851 4850 906 4904 in
932 4851 1241 4924 integritate
1283 4855 1592 4916 ﬁrmissime
1617 4872 1786 4932 petrae
1812 4865 2090 4926 desideras

500 4940 780 5008 collocare,
803 4943 894 4999 ubi
914 4943 1162 5004 Christus
1182 4947 1398 5007 domum
1419 4967 1573 5010 suam
1594 4955 1856 5013 fundavit.
1876 4958 2010 5015 Nam
2036 4969 2092 5018 et

499 5034 731 5130 alterum
774 5038 1086 5112 episcopum
1110 5083 1125 5111 ,
1167 5045 1260 5116 qui
1303 5056 1428 5118 post
1461 5050 1611 5107 illum
1641 5055 1824 5110 sedem
1870 5057 1927 5113 in
1969 5059 2086 5130 ejus

499 5127 800 5199 dejectione
829 5135 1065 5205 suscepit
1091 5135 1164 5192 ibi
1191 5152 1300 5195 non
1339 5155 1627 5202 consecres
1647 5187 1663 5213 ,
1702 5148 1875 5206 donec
1906 5127 2090 5208 coram

498 5221 675 5288 nobis,
725 5221 794 5279 de
841 5240 908 5282 eo
946 5228 1346 5290 examinatione
1389 5239 1692 5308 praemissa,
1743 5241 1864 5299 luce
1891 5244 2090 5303 clarius

498 5327 718 5370 causam
749 5315 866 5386 ejus
891 5333 1018 5374 vera
1061 5320 1360 5380 intentione
1388 5327 1763 5387 discutiamus.
1796 5333 2080 5403 Quoniam,

498 5411 561 5459 ut
587 5419 728 5476 saepe
770 5407 1028 5478 diximus,
1056 5413 1353 5483 repetimus
1382 5432 1448 5473 ac
1489 5427 1754 5487 tenemus,
1789 5423 1938 5480 illum
1968 5424 2086 5482 sine

497 5496 743 5555 examine
770 5515 879 5556 non
908 5501 1260 5561 dimittemus.
1300 5505 1408 5564 Sed
1447 5518 1503 5566 et
1546 5511 1676 5569 illud
1704 5516 1846 5585 quod
1888 5516 2086 5576 frater-

495 5590 720 5649 nitatem
749 5601 898 5651 tuam
924 5612 1117 5654 cavere
1144 5609 1378 5670 oportet,
1403 5608 1712 5665 necessario
1742 5609 2080 5682 intimamus,

495 5679 562 5735 de
589 5679 893 5741 Gunthario
938 5685 1144 5743 scilicet
1187 5705 1297 5746 uno
1321 5692 1387 5748 de
1429 5695 1716 5762 damnatis,
1767 5701 1858 5769 qui
1888 5679 2078 5761 contra

497 5785 807 5832 sanctorum
834 5777 1054 5832 Patrum
1084 5788 1306 5850 statuta,
1337 5793 1633 5857 contraque
1661 5792 1831 5847 nostri
1861 5804 2078 5863 aposto-

494 5863 638 5922 latus
666 5875 722 5922 et
747 5875 948 5924 sancta:
976 5871 1164 5940 synodi
1195 5875 1548 5945 sanctionem,
1576 5887 1637 5934 ut
1657 5879 1799 5937 fama
1835 5882 2070 5954 jactitat,

2209 3407 2417 3462 scilicet
2465 3415 2524 3463 et
2572 3423 2760 3465 semen
2811 3411 2868 3465 in
2903 3418 3107 3466 terram
3155 3411 3406 3480 fundens,
3445 3413 3554 3469 duo
3597 3425 3794 3484 genera

2209 3497 2493 3554 hominum
2533 3499 2865 3573 signiﬁcant,
2912 3518 3080 3558 unum
3120 3503 3372 3560 videlicet
3401 3520 3504 3575 per
3536 3501 3799 3558 malitiam

2208 3605 2436 3658 nocens,
2501 3598 2558 3647 et
2614 3591 2846 3648 alterum
2900 3608 2998 3664 per
3051 3595 3483 3651 benevolentiam
3538 3603 3803 3668 praestare

2207 3682 2419 3739 nolens.
2479 3681 2588 3740 Sed
2664 3693 2955 3756 utrumque
3009 3687 3270 3746 Dominus
3340 3688 3514 3744 iratus
3577 3689 3798 3745 occidit.

2205 3775 2414 3832 Rursus
2439 3776 2533 3848 qui
2575 3793 2675 3835 nos
2701 3778 2817 3834 vult
2863 3779 3138 3852 simplices
3178 3797 3298 3839 esse
3334 3783 3476 3840 sicut
3515 3785 3796 3849 columbaa,

2205 3869 2485 3925 admonuit
2513 3879 2574 3926 ut
2610 3871 2784 3928 simus
2810 3872 3103 3942 prudentes
3148 3875 3288 3931 sicut
3325 3885 3634 3948 serpentes.
3669 3876 3799 3932 Nam

2204 3968 2259 4014 et
2290 3959 2523 4032 Spiritus
2549 3971 2772 4020 sanctus
2820 3964 2875 4019 in
2903 3964 3156 4022 columba
3194 3974 3251 4024 et
3289 3967 3414 4039 igne
3460 3979 3798 4025 monstratus

2203 4062 2309 4119 est,
2338 4053 2465 4123 quia
2490 4069 2679 4112 omnes
2695 4071 2834 4128 quos
2861 4056 3152 4128 repleverit
3172 4058 3447 4129 simplices
3460 4069 3518 4115 et
3542 4062 3797 4117 ardentes

2203 4142 2350 4209 facit,
2381 4144 2652 4216 simplices
2692 4147 2951 4218 puritate,
3002 4149 3261 4206 ardentes
3285 4149 3656 4208 aemulatione.
3701 4150 3794 4206 Vi-

2205 4235 2328 4291 dete
2352 4250 2484 4308 ergo
2509 4239 2781 4308 quomodo
2798 4237 3015 4310 placere
3047 4240 3159 4297 Deo
3180 4241 3504 4313 simplicitas
3534 4243 3657 4298 sine
3679 4243 3795 4299 zelo

2201 4339 2309 4381 non
2338 4329 2530 4397 possit.
2563 4327 2750 4384 Talem
2776 4328 2937 4401 igitur
2973 4346 3032 4387 se
3065 4331 3253 4388 debuit
3283 4348 3382 4405 per
3422 4332 3600 4388 zelum
3632 4334 3795 4390 recti-

2201 4416 2408 4473 tudinis
2428 4427 2617 4476 contra
2635 4421 2955 4492 injustitiam
2972 4424 3253 4492 exhibere,
3273 4433 3333 4481 ut
3346 4427 3601 4482 omnibus
3620 4427 3797 4498 palam

2203 4507 2426 4564 daretur
2476 4510 2703 4583 intelligi
2747 4511 2908 4585 juxlo
2940 4514 3055 4586 regi
3100 4525 3357 4587 rectoque
3406 4518 3641 4590 principi
3689 4535 3793 4574 non

2199 4602 2416 4673 placere
2456 4612 2568 4660 tam
2603 4605 2840 4664 immane
2869 4607 3166 4679 piaculum,
3193 4611 3429 4666 maxime
3457 4611 3511 4666 in
3546 4627 3648 4668 suo
3673 4624 3820 4684 sane;

2199 4697 2363 4766 guine
2386 4707 2443 4754 et
2471 4699 2528 4754 in
2550 4715 2649 4756 sua
2693 4715 2878 4758 carne.
2925 4700 3032 4758 Sed
3071 4719 3194 4759 cum
3239 4703 3512 4775 simplices
3541 4706 3616 4761 ita
3645 4703 3822 4784 illum:

2200 4794 2385 4857 tepere
2414 4789 2641 4846 vidisset
2665 4798 2722 4846 et
2761 4790 3060 4849 forinsecus
3090 4794 3234 4849 nulla
3256 4810 3357 4865 pro
3386 4797 3619 4853 veritate
3648 4789 3844 4884 ωω-ξο

2197 4879 2401 4935 moveri
2433 4881 2799 4950 aemulatione,
2841 4883 3086 4940 arbitrati
3116 4895 3244 4940 sunt
3269 4885 3412 4957 quod
3433 4887 3539 4942 nisi
3557 4889 3796 4959 placeret

2197 4969 2294 5036 illi,
2345 4971 2492 5028 nullo
2521 4976 2684 5030 modo
2717 4982 2870 5031 tanto
2918 4975 3134 5032 silentio
3182 4978 3264 5034 uti
3311 4979 3602 5049 potuisset.
3641 4979 3792 5036 Unde

2195 5062 2406 5121 seducti
2425 5068 2597 5123 secuti
2619 5077 2746 5124 sunt
2767 5069 2922 5126 nefas
2941 5069 3082 5125 sicut
3102 5071 3275 5128 nefas.
3301 5071 3455 5140 Quod
3476 5089 3791 5144 praecavens

2197 5155 2442 5224 Eleazar,
2465 5158 2532 5214 de
2559 5175 2667 5230 quo
2692 5163 2832 5232 apud
2873 5161 3208 5220 Machabams
3231 5164 3447 5237 legitur,
3491 5181 3614 5222 cum
3637 5167 3789 5236 jussa

2194 5249 2466 5318 prohibita
2500 5251 2760 5321 perﬁcere
2807 5263 3114 5327 cogeretur,
3162 5272 3263 5313 nec
3293 5256 3486 5312 saltem
3531 5257 3788 5312 aestimari

2193 5339 2365 5397 voluit
2385 5341 2953 5404 talibus'suasionibus
2982 5347 3270 5405 annuisse:
3303 5349 3391 5404 cui
3421 5364 3543 5405 cum
3575 5349 3788 5420 placere

2191 5429 2262 5487 ob
2303 5431 2424 5503 ejus
2461 5434 2821 5491 reverentiam
2874 5436 3160 5494 carniﬁces
3192 5437 3511 5504 voluissent,
3563 5449 3622 5493 et
3676 5425 3802 5509 ipse.

2192 5532 2379 5595 posset
2427 5533 2483 5580 et
2509 5537 2739 5584 mortem
2781 5528 3008 5585 evadere
3061 5540 3116 5586 et
3166 5531 3221 5586 in
3272 5531 3528 5602 legitimis
3570 5531 3782 5587 Domini

2191 5631 2301 5673 non
2328 5631 2578 5687 peccare,
2610 5619 2798 5674 maluit
2828 5629 3055 5677 mortem
3091 5622 3293 5690 eligere
3330 5639 3494 5695 quam
3519 5623 3689 5679 vitam
3719 5623 3784 5679 ad

2189 5709 2533 5767 inﬁrmorum
2577 5716 2981 5770 enervationem
3035 5715 3280 5788 diligere.
3325 5715 3459 5771 Nam
3498 5716 3629 5786 quid
3661 5733 3781 5786 pro-

2186 5800 2368 5858 desset
2416 5803 2589 5861 Deum
2635 5803 2689 5860 in
2735 5807 2949 5862 occulto
2997 5823 3101 5864 non
3151 5810 3440 5880 abnegare,
3488 5820 3544 5864 et
3601 5818 3777 5862 tamen

2181 5892 2358 5961 palam
2406 5909 2512 5950 non
2561 5895 2902 5967 gloriﬁcare?
2943 5898 3187 5971 Denique
3235 5914 3358 5958 cum
3405 5897 3655 5954 Christus
3709 5898 3776 5953 sit

2332 6059 2364 6067 Α.
