4070 6310
239 360 352 419 875

1461 357 1818 416 EPISTOLIE
1854 356 1941 411 ΕΤ
1983 356 2321 413 DECRETA.

3401 358 3508 416 875

246 483 478 546 veritas,
534 476 779 550 quisquis
823 492 923 548 pro
974 475 1203 531 veritate
1253 472 1432 545 palam
1475 491 1582 530 non
1630 482 1822 540 certat,
1852 479 1901 538 Α
1928 487 2072 526 nunc
2099 472 2348 528 audimus
2394 468 2753 528 Guntharium
2796 473 3139 528 interdictum
3186 473 3286 529 sibi
3339 475 3502 530 mini-

245 572 522 628 Christu-m
561 584 744 623 coram
787 565 1090 621 hominibus
1136 565 1322 635 procul
1367 565 1528 619 dubio
1569 566 1822 635 abnegat.

317 662 357 716 Ι.
381 660 442 714 Si
459 659 704 712 voluntas
725 655 840 724 eius
861 671 959 711 nec
979 663 1116 720 erat,
1144 669 1244 710 nec
1262 662 1370 718 est,
1404 669 1506 708 nec
1533 653 1639 708 erit
1664 653 1716 708 in
1739 652 1828 707 illa

246 749 444 818 injusta
469 749 680 817 copula,
707 749 818 802 Deo
843 745 1047 814 gratias
1092 744 1319 814 agimus,
1364 743 1490 812 quia
1521 742 1677 798 valde
1704 742 1827 796 dili-

250 845 426 916 gimus
454 841 622 896 illum.
653 841 718 894 Et
741 839 942 893 idcirco
959 836 1250 908 plurimum
1271 835 1574 890 doleremus
1593 835 1660 899 si,
1685 834 1830 903 quod

249 934 416 997 absit,
446 931 603 986 aliter
636 937 805 984 esset.
843 927 950 982 Sed
981 927 1111 997 quia
1148 928 1256 982 Deo
1287 926 1490 995 gratias
1528 940 1625 978 rex
1665 933 1750 979 est
1775 931 1833 980 et

250 1026 304 1079 in
337 1022 552 1079 sublimi
585 1028 848 1091 potestate
894 1017 1163 1082 consistit,
1209 1017 1386 1086 palam
1440 1016 1690 1070 omnibus
1742 1015 1832 1069 in~

249 1121 498 1170 notescat
526 1128 676 1167 suain
710 1126 815 1166 non
851 1125 972 1164 esse
1009 1110 1063 1163 in
1107 1108 1198 1162 tali
1225 1106 1420 1177 c0pula
1459 1105 1827 1171 voluntatem;

247 1216 310 1261 ut
342 1206 583 1260 videntes
635 1202 884 1257 homines
933 1200 1051 1268 ejus
1095 1199 1236 1253 bona
1291 1213 1475 1268 opera,
1529 1196 1831 1268 gloriﬁcent

247 1295 465 1350 Patrem
516 1303 758 1349 nostrum
800 1292 892 1362 qui
942 1299 1027 1346 est
1073 1290 1128 1345 in
1172 1290 1345 1345 ctelis.
1393 1289 1560 1344 Nemo
1609 1288 1827 1358 quippe,

249 1388 392 1442 sicut
421 1387 632 1441 Veritas
669 1385 821 1448 dicit,
862 1381 1112 1437 accendit
1144 1381 1413 1435 lucernam
1445 1391 1491 1433 et
1522 1379 1673 1448 ponit
1713 1395 1831 1432 eam

246 1478 344 1533 sub
371 1478 570 1542 modio,
599 1476 688 1530 sed
718 1490 873 1544 super
901 1472 1290 1531 candelabrum,
1317 1481 1372 1524 ut
1393 1470 1560 1524 luceat
1595 1469 1832 1524 omnibus

249 1567 338 1638 qui
371 1567 428 1620 in
479 1566 634 1620 domo
657 1573 776 1618 sunt
815 1561 1032 1634 (Matth.
1064 1561 1143 1630 v).
1175 1561 1316 1629 Ergo
1355 1560 1567 1614 deserat
1610 1557 1833 1612 simula-

251 1658 474 1721 tionem,
501 1665 558 1711 et
580 1654 806 1724 arripiat
828 1652 1053 1706 liberam
1091 1651 1393 1713 audaciam,
1420 1663 1580 1717 quam
1610 1661 1707 1716 pro
1735 1647 1831 1702 Dei

248 1748 486 1812 nomine,
518 1760 626 1800 non
668 1745 846 1799 solum
900 1758 1022 1796 cum
1048 1751 1137 1796 est
1189 1756 1302 1805 rex,
1345 1755 1533 1794 verum
1576 1740 1739 1794 etiam
1784 1737 1832 1794 si

1930 563 2156 617 sterium
2201 578 2529 633 usurpasse;
2563 573 2891 635 quapropter
2934 565 3038 619 tale
3085 565 3368 620 consilium
3413 568 3524 621 da-

1928 668 2049 708 mus
2072 663 2128 708 et
2152 668 2251 724 per
2293 656 2663 710 auctoritatem
2697 655 2792 709 Dei
2830 663 2886 710 et
2926 655 3206 710 beatorum
3257 656 3403 712 Petri
3451 667 3509 714 et

1927 744 2078 800 Pauli
2106 747 2470 818 apostolorum
2501 748 2803 818 principum
2829 756 2884 802 et
2907 748 3146 801 omnium
3177 749 3336 803 simul
3381 766 3510 804 san-

1929 847 2138 893 ctorum
2160 848 2372 909 patrum
2406 839 2604 894 domno
2634 839 2747 910 regi
2771 839 3044 894 Ludovico
3093 838 3421 908 injungimus
3445 850 3508 896 ut

1929 929 1998 983 ab
2022 929 2262 1000 ejusdem
2290 927 2576 984 Guntharii
2631 929 2715 983 vel
2763 930 2924 984 etiam
2959 928 3305 1000 Theodgaudi
3354 946 3506 984 com-

1929 1023 2183 1077 munione
2226 1037 2285 1077 se
2317 1037 2550 1092 suosque
2598 1039 2787 1078 omnes
2837 1032 2890 1078 et
2916 1023 3185 1098 praecipue
3226 1025 3510 1095 episcopos

1929 1111 2258 1175 substrahat,
2285 1119 2395 1165 eta
2440 1110 2806 1166 familiaritate
2854 1127 3042 1166 eorum
3088 1113 3178 1182 qui
3210 1113 3316 1167 illis
3360 1130 3509 1167 com-

1929 1199 2208 1254 municant
2229 1199 2314 1254 vel
2343 1215 2560 1270 quoquo
2585 1201 2744 1256 modo
2789 1201 2992 1265 favent,
3041 1217 3099 1257 se
3126 1212 3179 1256 ct
3206 1218 3333 1258 suos
3359 1212 3512 1273 quot-

1927 1297 2061 1358 quot
2096 1298 2275 1360 potest
2313 1291 2608 1355 contineat,
2638 1290 2711 1344 ita
2742 1298 2916 1344 tamen
2947 1291 2991 1344 si
3018 1307 3203 1345 verum
3242 1301 3325 1347 est
3367 1293 3510 1362 quod

1930 1377 2274 1432 interdictum
2319 1379 2422 1433 sibi
2449 1378 2750 1448 episcopale
2777 1378 3008 1434 ofﬁcium
3046 1389 3326 1450 peragant,
3351 1381 3434 1435 vel
3465 1381 3512 1436 si

1929 1467 2302 1522 conventicula
2337 1477 2526 1524 contra
2570 1469 2942 1526 diﬂinitionem
2981 1479 3217 1527 nostram
3266 1471 3318 1525 in
3362 1472 3510 1542 ipsos

1929 1557 2194 1627 prolatam
2252 1573 2586 1631 congregare
2646 1560 2970 1614 teutaverint
3010 1577 3025 1623 ;
3069 1560 3317 1614 similiter
3371 1569 3427 1615 et
3477 1577 3510 1613 a

1929 1636 2170 1703 Lotharii
2192 1650 2571 1706 communione
2596 1665 2655 1705 se
2682 1651 2902 1706 omnino
2940 1653 3250 1721 suspendat,
3277 1651 3350 1705 ita
3376 1652 3513 1706 dun-

1933 1750 2081 1796 taxat
2106 1741 2150 1796 si
2179 1742 2324 1796 -idem
2345 1741 2636 1798 Lotharius
2675 1744 2876 1798 monita
2917 1754 3103 1799 nostra
3157 1744 3431 1814 negligens
3456 1744 3510 1798 in

246 1845 392 1891 esset
419 1834 810 1905 pauperrimus,
835 1831 1237 1902 apprehendere
1262 1844 1602 1898 nequaquam
1640 1827 1830 1882 formi-
1862 1826 1906 1884 B
1933 1833 2127 1903 copula
2159 1832 2465 1888 Waldradm
2498 1849 2818 1903 permanere
2856 1835 3131 1905 delegerit,
3158 1835 3242 1889 vel
3267 1836 3311 1888 si
3361 1834 3514 1889 cuili-

247 1925 381 1979 dare
417 1925 691 1978 debuerat.
722 1921 856 1988 Quia
900 1935 1030 1975 vero
1074 1921 1289 1989 quando
1338 1918 1642 1973 habuerunt
1671 1933 1832 1990 syno-

248 2012 425 2067 dalem
449 2021 798 2075 conventum,
829 2011 902 2065 ibi
942 2024 1042 2064 nec
1070 2009 1182 2078 ipse
1224 2008 1342 2074 fuit,
1369 2024 1471 2064 nec
1495 2009 1735 2078 episcopi
1765 2010 1833 2066 de

248 2118 416 2171 regno
439 2103 625 2171 ipsius,
657 2102 760 2155 hoc
787 2114 1110 2170 magnopere
1136 2099 1464 2153 laudandum
1484 2114 1590 2153 non
1627 2107 1732 2163 est,
1759 2115 1826 2155 eo

245 2191 394 2260 quod
444 2191 491 2244 si
539 2199 702 2252 esset,
758 2187 986 2242 forsitan
1034 2185 1537 2251 contradixissent,
1596 2185 1829 2248 forsitan

248 2281 604 2338 escenderent
631 2295 698 2333 ex
725 2279 953 2332 adverso
985 2286 1041 2330 et
1081 2283 1418 2346 opponerent
1466 2291 1682 2330 murum
1732 2292 1832 2347 pro

251 2374 411 2426 domo
438 2370 669 2425 Domini.
700 2369 898 2424 Verum
926 2366 1119 2421 melius
1139 2366 1450 2436 judicamus
1479 2380 1575 2421 eos
1607 2366 1686 2422 ibi
1721 2381 1830 2422 non

255 2461 425 2517 fuisse
475 2475 641 2530 quam
689 2459 736 2514 si
779 2465 964 2514 essent
1005 2466 1060 2512 et
1100 2457 1185 2512 vel
1245 2456 1472 2512 tacendo
1528 2459 1831 2513 consensis-

253 2566 396 2610 sent.
441 2555 708 2624 Quoniam
751 2562 933 2608 autem
979 2560 1199 2623 propter
1237 2563 1477 2607 nostram
1516 2553 1832 2624 petitionem

255 2655 577 2701 clamorem
628 2642 812 2698 fratris
862 2643 944 2697 sui
995 2641 1419 2697 familiaritatem
1469 2644 1661 2698 habuit
1708 2659 1831 2698 cum

256 2735 366 2800 illo,
396 2744 452 2789 et
472 2749 698 2805 regnum
724 2733 840 2801 ejus
865 2732 1125 2788 stabilivit
1149 2743 1203 2788 et
1226 2735 1402 2789 adhuc
1423 2733 1664 2789 stabilire
1692 2734 1831 2798 vult,

255 2829 303 2884 si
343 2837 542 2883 nostra:
592 2827 856 2883 obedierit
901 2825 1134 2896 jussioni
1175 2827 1313 2881 bene
1353 2827 1501 2882 facit.
1535 2825 1666 2892 Sed,
1695 2826 1846 2895 prob

257 2921 448 2976 dolor!
478 2922 604 2992 quid
633 2923 683 2976 ei
709 2922 928 2991 prodest
963 2936 1185 2992 regnum
1211 2932 1476 2976 terrarum
1522 2921 1613 2990 qui
1657 2921 1834 2990 perdit

257 3013 578 3067 mtherium?
610 3013 700 3066 Vel
747 3011 900 3080 cujus
950 3010 1334 3066 familiaritatis
1376 3011 1610 3066 societas
1648 3010 1833 3065 haberi

259 3112 432 3171 potest
485 3119 606 3157 cum
651 3118 717 3156 eo
759 3103 848 3172 qui
898 3102 1222 3157 dissociantur
1265 3119 1296 3156 a
1335 3104 1462 3167 Deo,
1513 3113 1568 3155 et
1609 3116 1831 3156 carnem

260 3208 414 3246 suam
437 3193 560 3248 odio
589 3194 814 3258 habens,
847 3193 986 3248 tollit
1017 3195 1256 3248 tuembra
1283 3192 1506 3260 Christi,
1532 3200 1586 3247 et
1608 3192 1742 3248 facit
1767 3208 1832 3247 ea
1861 3176 1906 3238 Ο

259 3283 501 3336 membra
532 3283 854 3338 meretricis.

331 3375 392 3428 ll.
427 3375 580 3442 Quod
625 3378 671 3430 si
698 3392 730 3430 a
760 3377 845 3432 via
897 3378 1140 3433 veritatis
1193 3378 1282 3434 ille
1325 3377 1614 3435 Lotharius
1657 3381 1836 3436 devia-

260 3471 402 3524 vcrit
433 3478 489 3524 et
533 3485 736 3524 normae
771 3468 993 3538 justitiaa
1039 3486 1147 3525 non
1194 3471 1479 3537 obedierit,
1508 3481 1566 3528 et
1609 3472 1838 3528 domnus

261 3573 356 3614 res
384 3558 686 3614 Ludovicus
716 3559 952 3629 postulat
987 3569 1234 3614 nostrum
1278 3561 1659 3630 apostolatum,
1697 3563 1842 3618 sicut

262 3652 536 3705 credimus
557 3651 680 3721 quia
703 3665 772 3704 ex
793 3650 974 3706 cordis
996 3650 1229 3719 postulat
1251 3651 1616 3721 simplicitate,
1636 3661 1690 3706 et
1707 3667 1840 3707 con-

265 3744 480 3798 fidimus
521 3743 646 3813 quia
693 3752 981 3813 postquam
1023 3751 1266 3796 nostrum
1311 3743 1595 3796 consilium
1625 3745 1836 3812 quaerit,

262 3849 369 3887 non
401 3833 751 3902 parvipendet
774 3871 790 3896 ,
834 3832 931 3887 sed
969 3831 1286 3886 obedienter
1323 3830 1586 3901 perficiet,
1631 3833 1839 3886 interea

265 3924 596 3993 disponimus
636 3923 884 3978 eumdem
930 3921 1243 3976 Lotharium
1284 3922 1593 3986 admonere,
1639 3929 1696 3976 et
1738 3922 1840 3976 iste

265 4025 490 4084 patruus
513 4015 562 4070 ei
597 4014 852 4069 similiter
878 4015 1061 4069 faciat.
1093 4014 1245 4080 Quod
1273 4014 1319 4068 si
1348 4014 1506 4067 toties
1546 4023 1840 4068 conventus

265 4119 456 4175 parere
474 4106 630 4162 nobis
654 4107 939 4170 distulerit,
975 4106 1242 4160 neminem
1265 4105 1689 4160 Christianorum
1717 4120 1841 4160 cum

264 4212 332 4251 eo
354 4198 601 4254 volumus
655 4199 1075 4253 familiaritatem
1115 4197 1348 4267 aliquam
1399 4197 1618 4260 habere,
1650 4197 1742 4251 sed
1771 4197 1844 4251 sit

269 4287 495 4343 ulterius
521 4289 772 4345 omnibus
807 4290 945 4344 sicut
985 4287 1231 4342 ethnicus
1267 4296 1324 4342 et
1368 4287 1683 4358 publicanus
1719 4303 1843 4342 cum

278 4375 624 4436 hmiliaribus
666 4382 800 4436 suis.
832 4380 911 4435 Tu
949 4391 1152 4442 autem,
1193 4381 1529 4436 sanctissime
1571 4381 1839 4450 episcope,

280 4472 408 4528 lcue
435 4471 578 4526 nosti
616 4471 742 4540 quia
785 4487 925 4541 saepe
953 4471 1193 4526 nonnulli
1225 4470 1484 4540 compulsi
1514 4472 1738 4527 redeunt
1773 4471 1841 4525 ad

274 4563 410 4616 riam
441 4561 649 4617 salutis.
684 4561 835 4617 Unde
879 4563 924 4616 si
963 4563 1101 4617 sicut
1139 4563 1280 4632 apud
1305 4577 1404 4617 nos
1428 4560 1631 4616 nullum
1670 4561 1843 4631 potuit

268 4654 473 4709 habere
502 4669 612 4709 suae
641 4654 939 4723 iniquitatis
961 4655 1287 4724 praesidium,
1333 4656 1406 4708 ita
1448 4653 1650 4708 nullum
1691 4655 1846 4708 inve-

269 4747 440 4800 nisset
462 4747 604 4816 apud
641 4755 860 4815 patruos
901 4755 955 4801 et
984 4744 1176 4800 fratres
1203 4761 1329 4800 suos
1375 4745 1703 4814 confugium,
1728 4747 1842 4815 jam

270 4836 353 4890 vel
385 4845 603 4890 coactus
635 4835 854 4888 rediret.
884 4833 988 4888 Sed
1015 4850 1138 4888 cum
1183 4818 1386 4888 invenit
1431 4835 1668 4906 requiem
1702 4835 1844 4904 apud

270 4927 372 4982 hos
409 4935 462 4980 et
498 4935 875 4990 tutamentum,
926 4925 1136 4979 reverti
1171 4925 1487 4978 contemnit.
1537 4923 1672 4992 Quia
1716 4938 1846 4980 vero

271 5037 372 5076 nos
401 5036 523 5076 cum
563 5028 749 5074 sancta
773 5019 974 5089 synodo
996 5017 1152 5086 juxta
1194 5030 1429 5072 canones
1451 5030 1515 5071 ea
1543 5016 1850 5073 conditione

271 5113 696 5183 Thcodgaudum
760 5121 816 5165 et
865 5109 1223 5167 Guntharium
1280 5108 1625 5178 deposuimus
1677 5116 1737 5162 ut
1801 5106 1850 5163 si

268 5204 424 5273 juxta
473 5206 867 5274 praecedentem
911 5201 1351 5258 consuetudinem
1397 5199 1600 5271 aliquid
1650 5195 1717 5255 de
1741 5199 1852 5254 mi-

274 5300 501 5353 nisterio
556 5312 713 5352 sacro
764 5296 1026 5350 auderent
1091 5294 1441 5363 contingere,
1498 5291 1644 5346 nullo
1688 5291 1850 5346 modo

275 5390 466 5445 liceret
494 5389 573 5444 eis
593 5389 766 5444 necin
802 5387 903 5441 alia
948 5385 1152 5456 synodo
1190 5383 1544 5438 restitutionis
1566 5397 1712 5451 spem
1755 5389 1851 5436 aut

275 5481 454 5535 locum
487 5481 688 5536 habere
724 5477 1104 5535 satisfactiouis
1125 5517 1139 5541 ,
1169 5475 1262 5530 sed
1309 5483 1360 5530 et
1387 5473 1852 5529 communicantes

276 5573 357 5626 eis
379 5586 566 5625 omnes
595 5569 753 5639 adjici
796 5570 861 5623 de
896 5567 1158 5629 Ecclesia,
1209 5575 1262 5621 et
1313 5564 1543 5620 maxime
1579 5563 1624 5618 si
1663 5570 1852 5633 postea

279 5677 442 5730 quam
469 5663 752 5717 didicerint
775 5661 1032 5715 adversus
1057 5668 1380 5713 memoratos
1400 5641 1660 5726 prolatam
1683 5656 1852 5710 fuisse

281 5753 640 5815 sententiam,
695 5752 894 5804 eisdem
947 5750 1347 5804 communicare
1391 5747 1754 5810 teutaverint,
1799 5756 1862 5799 et

675 5846 923 5904 ΡΔΊιίυι.
998 5844 1222 5906 CXIX.

1932 1923 2023 1978 bet
2047 1923 2420 1978 damnatorum
2458 1923 2804 1993 praefatorum
2844 1936 3033 1980 contra
3064 1927 3278 1980 decreta
3325 1935 3514 1982 nostra

1932 2013 2184 2067 renitenti
2232 2015 2636 2068 communicare
2697 2015 2782 2070 vel
2847 2015 3028 2071 favere
3087 2016 3513 2087 praesumpserit.

1930 2103 2178 2174 Alioquin
2211 2121 2310 2161 nec
2353 2107 2446 2161 Dei
2489 2121 2588 2162 nec
2624 2107 2918 2163 beatorum
2947 2110 3313 2178 apostolorum
3363 2108 3514 2165 Petri

1931 2206 1988 2249 et
2011 2194 2182 2262 Pauli,
2223 2210 2326 2252 nec
2357 2205 2558 2252 sanctae
2583 2197 2864 2254 catholicre
2906 2207 2960 2252 et
2990 2199 3294 2269 apostolicae
3322 2199 3514 2255 Eccle-

1932 2287 2026 2344 sia:
2055 2289 2488 2346 communionem
2512 2291 2714 2346 habere
2745 2291 3119 2361 proculdubio
3143 2291 3361 2362 poterit.
3441 2360 3446 2364 ἱ

2002 2379 2085 2434 Ill.
2119 2381 2228 2437 Piae
2270 2382 2544 2438 memorize
2575 2381 2830 2438 Ludovici
2876 2383 3218 2452 imperatoris
3273 2382 3509 2438 studium

1933 2469 2318 2538 collaudamus,
2362 2472 2889 2542 praedecessorisque
2935 2472 3106 2527 nostri
3153 2481 3358 2527 sanctze
3399 2485 3515 2526 me-

1935 2561 2118 2616 moriae
2155 2561 2405 2630 Gregorii
2428 2562 2655 2632 vestigia
2683 2562 2835 2631 sequi
2864 2562 3038 2630 parati
3063 2576 3270 2616 sumus.

2005 2649 2094 2705 IV.
2123 2651 2193 2707 Ut
2221 2651 2504 2721 episcopus
2549 2651 2949 2715 Bremonensis,
2995 2649 3124 2706 licet
3150 2664 3182 2704 a
3208 2649 3514 2705 Gunthario

1935 2743 2050 2798 haec
2070 2757 2176 2798 non
2205 2743 2439 2813 potuerit
2459 2742 2574 2797 dari
2619 2742 2856 2806 licentia,
2901 2757 3002 2797 nec
3028 2742 3097 2797 ab
3122 2756 3188 2796 eo
3240 2740 3348 2796 tale
3383 2742 3512 2812 quid

1934 2831 2042 2902 peti
2074 2831 2337 2895 debuerit,
2385 2839 2566 2886 tamen
2590 2845 2690 2902 pro
2731 2845 2916 2886 amore
2959 2830 3142 2886 domui
3173 2831 3313 2901 regis
3339 2870 3354 2895 ,
3381 2830 3509 2900 quia

1936 2921 2024 2992 pia
2051 2931 2134 2976 est
2151 2921 2268 2990 ejus
2295 2921 2507 2992 petitio,
2542 2936 2665 2976 cum
2695 2930 2879 2976 nostra
2925 2920 3244 2976 auctoritate
3287 2921 3341 2975 in
3367 2936 3516 2991 prae-

1937 3013 2080 3068 dicto
2093 3013 2210 3068 loco
2224 3013 2452 3069 Bremon
2476 3022 2796 3085 potestatem
2809 3023 2864 3068 et
2879 3015 3136 3068 honorem
3153 3031 3181 3067 a
3191 3013 3517 3084 rchiepisco—

1935 3114 2096 3176 patus
2115 3121 2277 3176 super
2298 3106 2476 3162 Donas
2490 3115 2547 3161 et
2568 3105 2807 3162 Suvevos
2834 3106 3050 3171 habeat,
3072 3113 3127 3159 et
3151 3105 3313 3160 simili
3349 3107 3512 3160 modo

1938 3198 2020 3254 sui
2070 3213 2416 3254 successores
2463 3214 2561 3269 per
2611 3208 2852 3270 tempora
2901 3197 3080 3252 futura
3130 3197 3516 3268 perpetualiter

1939 3285 2160 3342 teneant
2188 3294 2350 3356 atque
2373 3287 2708 3356 possideant.

2007 3376 2074 3433 ν.
2107 3378 2183 3432 De
2205 3379 2460 3448 episcOpo
2497 3377 2933 3434 Radasbenensis
2973 3377 3234 3444 civitatis,
3267 3379 3311 3434 si
3350 3379 3507 3444 adeo,

1939 3470 2080 3526 sicut
2105 3470 2259 3536 dicis,
2287 3470 2593 3525 infirmatur
2639 3479 2696 3524 ut
2723 3471 2790 3525 de
2828 3471 3016 3526 ovibus
3062 3473 3164 3526 sibi
3213 3473 3518 3528 commissis

1940 3565 2142 3620 nullam
2172 3580 2356 3620 curam
2402 3564 2605 3619 habere
2647 3563 2838 3632 possit,
2885 3579 2952 3618 ne
2999 3563 3116 3618 sine
3156 3564 3518 3618 sollicitudine

1941 3652 2195 3724 pastorali
2216 3653 2471 3723 degentes
2493 3665 2622 3706 oves
2641 3650 2841 3706 Christi
2869 3651 3184 3721 depereant,
3200 3653 3517 3721 profiteatur

1940 3745 2141 3815 scripto
2167 3753 2223 3800 et
2253 3743 2484 3814 propriae
2514 3755 2705 3798 manus
2751 3742 3144 3812 subscriptione
3186 3758 3284 3798 suo
3312 3753 3515 3798 metro-

1940 3834 2180 3905 politano
2207 3849 2267 3889 se
2301 3833 2374 3888 nil
2404 3832 2537 3887 lucri
2569 3832 2707 3902 plebi
2752 3831 2852 3886 sibi
2898 3833 3199 3887 commissae
3236 3847 3394 3902 posse
3421 3849 3521 3903 pro

1942 3941 2037 3981 sua
2066 3925 2216 3996 gravi
2245 3924 2594 3996 aegrotatione
2622 3923 2886 3978 conferre.
2923 3922 3030 3978 Sed
3060 3933 3116 3978 et
3153 3923 3316 3978 simili
3361 3925 3521 3979 modo

1944 4032 2216 4085 nunquam
2252 4032 2309 4071 se
2345 4016 2597 4084 deinceps
2641 4014 2944 4084 episcopale
2982 4013 3210 4069 cilicium
3257 4015 3520 4084 repetitu-

1943 4124 2061 4162 rum
2089 4106 2424 4177 polliceatur.
2469 4107 2512 4160 si
2559 4117 2737 4161 tamen
2762 4107 2878 4176 ejus
2921 4107 2974 4159 in
3006 4107 3106 4161 hoc
3135 4114 3242 4160 tota
3271 4109 3521 4161 voluntas

1944 4210 2026 4254 est
2055 4208 2109 4252 et
2135 4199 2200 4252 de
2223 4198 2454 4252 sanitate
2499 4197 2664 4266 ipsius
2690 4197 2862 4251 modis
2901 4197 3151 4252 omnibus
3180 4197 3514 4266 desperatur.

1944 4291 2040 4346 His
2070 4293 2142 4345 ita
2192 4291 2379 4359 gestis,
2427 4303 2528 4342 non
2585 4288 2958 4357 talis-qualem
3007 4289 3122 4358 ipsc
3165 4288 3410 4358 elegerit,
3450 4302 3520 4342 ne

1946 4393 2131 4438 contra
2179 4397 2418 4436 canones
2470 4396 2836 4436 successorem
2884 4380 2988 4436 sibi
3032 4380 3145 4450 ipse
3171 4379 3398 4450 elegisse
3434 4379 3518 4431 vi-

1947 4476 2171 4539 deatur;
2203 4475 2294 4529 sed
2317 4489 2476 4544 quem
2507 4473 2638 4529 cleri
2660 4481 2715 4528 et
2744 4474 2918 4544 plebis
2955 4489 3077 4529 cum
3103 4487 3371 4527 consensu
3398 4487 3515 4527 me-

1947 4566 2253 4637 tropolitani
2283 4565 2531 4620 voluntas
2555 4563 2794 4634 elegerit,
2829 4565 2874 4619 is
2907 4564 3026 4618 loco
3048 4562 3215 4632 ipsius
3237 4561 3522 4631 episcopus

1943 4656 2120 4712 modis
2143 4654 2392 4710 omnibus
2431 4661 2798 4717 consecretur,
2821 4651 2890 4707 de
2919 4653 3032 4721 ipsa
3071 4650 3310 4705 Ecclesia
3334 4665 3521 4721 snper-

1946 4745 2060 4801 stiti
2080 4745 2332 4814 episcopo
2352 4741 2632 4812 stipendiis
2653 4739 2890 4811 quandiu
2918 4739 3113 4794 vixerit
3133 4738 3521 4795 sufﬁcientibus

1947 4849 2046 4904 per
2072 4848 2439 4890 successorem
2477 4846 2634 4887 suum
2669 4830 2978 4900 episcopum
3008 4827 3378 4897 subrogandis.

2019 4925 2106 4980 Vl.
2136 4926 2213 4980 De
2241 4923 2536 4994 Hartuvigo
2562 4920 2955 4976 Pa‘zzouvensis
2968 4919 3220 4989 .civitatis
3244 4920 3516 4989 episcopo,

1951 5029 2109 5085 quem
2137 5013 2378 5068 asseritis
2405 5021 2530 5066 ante
2559 5025 2729 5065 annos
2772 5018 3003 5078 quatuor
3042 5009 3274 5080 paralysi
3304 5024 3522 5080 percus-
3582 5023 3594 5035 ··

1951 5119 2092 5169 sum,
2121 5105 2194 5158 ita
2213 5111 2273 5157 ut
2289 5103 2362 5157 nil
2384 5101 2559 5155 valeat
2579 5100 2744 5169 loqui,
2773 5109 2828 5153 et
2847 5098 3084 5153 Ecclesia
3105 5099 3205 5154 sibi
3229 5099 3516 5155 commissa

1950 5194 2244 5264 dissipetur
2267 5201 2324 5248 et
2364 5193 2432 5246 ad
2467 5190 2694 5246 nihilum
2740 5189 3032 5259 redigatur,
3078 5191 3205 5245 dum
3251 5197 3334 5248 est
3372 5193 3519 5246 omni

1949 5284 2204 5356 pastorali
2225 5297 2354 5338 cura
2375 5281 2630 5337 destituta
2649 5288 2707 5336 et
2725 5279 2866 5335 nulla
2884 5279 3174 5351 episcopali
3185 5280 3520 5352 providentia

1949 5378 2329 5448 circumsepta,
2354 5375 2400 5430 si
2431 5375 2506 5429 ita
2529 5383 2633 5438 est,
2659 5373 2818 5429 debet
2843 5373 2983 5428 idem
3011 5374 3295 5443 episcopus
3328 5373 3546 5429 saltem.

1951 5472 2155 5542 scripto
2175 5468 2415 5539 profiteri
2445 5482 2504 5523 se
2531 5464 2762 5522 ofﬁcium
2793 5465 2923 5522 illud
2941 5481 3046 5522 non
3065 5480 3224 5536 posse
3243 5479 3517 5534 peragere.

1953 5560 2104 5628 Quod
2130 5560 2175 5614 si
2205 5560 2310 5614 hoc
2349 5572 2509 5628 agere
2553 5572 2659 5612 non
2703 5563 2902 5626 potest,
2927 5555 3197 5621 quomodo
3237 5569 3520 5624 possumus

1953 5651 2154 5706 viventi
2194 5650 2446 5719 episcopo
2485 5647 2757 5717 propriam
2791 5645 3084 5701 Ecclesiam
3129 5639 3364 5707 auferre,
3397 5642 3520 5696 dum

1958 5741 2173 5797 divitias
2236 5738 2618 5793 misericordiae
2682 5735 2778 5792 Dei
2833 5734 3011 5790 nullus
3072 5731 3525 5799 cmnprehendcre

3055 5830 3132 5888 28
