4070 6310
575 337 680 394 875

1906 333 2150 392 NICOIA

2249 336 2432 391 ἈΡᾹΞ
2476 337 2494 390 1
3758 341 3860 396 876

575 449 769 520 possit,
799 457 854 502 et
893 447 1018 504 dum
1049 447 1148 516 ipsi
1194 464 1311 518 quae
1337 448 1514 502 minus
1560 455 1813 518 putamus
1870 447 2041 516 ipsius
2073 448 2154 501 di-
2182 451 2227 508 Α
2262 447 2332 499 ita
2356 447 2606 516 deinceps
2634 448 3195 518 obcdiensperomnia
3221 451 3484 508 fierive'it
3511 453 3576 508 ad
3600 464 3859 510 nostram

575 539 923 610 spensatione
949 537 1281 594 occurrunt?
1314 538 1396 592 Sit
1437 554 1565 606 ergo
1595 554 1722 592 cura
1759 555 1940 592 rerum
1979 539 2152 594 eccle-

576 629 920 686 siasticarum
964 643 1244 684 (Bconomo
1273 627 1445 682 electo
1483 629 1547 682 de
1590 629 1809 697 proprio
1834 629 2153 698 clerojuxta

577 735 763 775 sacros
806 735 1041 775 canones
1091 720 1423 784 commissa;
1460 727 1514 774 et
1560 735 1681 788 quae
1733 721 1800 774 ad
1840 721 2152 789 episcopum

574 827 736 882 agere
754 811 1046 880 pertinent,
1065 825 1162 881 per
1181 810 1490 880 episcOpum
1517 826 1676 880 quem
1707 811 2154 880 metropolitanus

573 904 800 958 antistes
826 902 890 956 ad
935 903 1037 957 hoc
1078 917 1218 973 opus
1247 902 1512 972 agendum
1544 900 1767 971 elegerit
1809 901 2026 954 interim
2055 915 2151 969 ge-

577 1005 780 1060 rantur.
811 993 982 1048 Aliter
1010 1003 1189 1048 autem
1235 994 1301 1048 de
1330 993 1433 1048 hoc
1458 1007 1618 1062 quam
1653 991 1720 1046 de
1765 992 2042 1060 superiore
2071 991 2155 1044 di-

571 1085 773 1146 ximus,
795 1084 918 1153 quia
945 1083 1087 1138 illius
1120 1081 1282 1137 affatu
1306 1082 1445 1137 scire
1483 1095 1798 1152 possumus,
1844 1081 1999 1137 istius
2024 1096 2153 1136 vero

569 1175 899 1236 voluntatem
939 1189 1100 1228 nosse
1121 1174 1424 1242 nequimus.

640 1263 749 1318 Vll.
775 1265 849 1319 De
872 1262 1350 1334 episcopojuventi
1377 1261 1496 1334 [al.,
1521 1259 1730 1334 juveni]
1760 1259 1988 1317 faetmus
2006 1260 2160 1331 quod

569 1359 655 1429 pie
677 1374 703 1411 a
738 1358 893 1413 nobis
923 1373 980 1412 re
1002 1357 1170 1412 voluit
1198 1356 1488 1427 postulare.

642 1448 772 1503 Vlll.
806 1447 1066 1503 Similiter
1093 1447 1161 1504 de
1201 1447 1496 1502 Liudberto
1523 1445 1959 1516 archiepiscopos
2011 1443 2150 1499 faci-

570 1554 690 1594 mus
724 1539 866 1608 quod
890 1538 1154 1608 poposcit.

640 1628 732 1684 1X.
775 1628 1016 1699 Hymnus
1053 1627 1349 1698 angelicus,
1393 1627 1446 1681 id
1485 1634 1567 1680 est
1601 1625 1784 1681 Gloria
1818 1626 1873 1680 in
1927 1623 2145 1679 excelsis

559 1720 698 1784 "Deo,
732 1733 837 1773 non
862 1727 946 1774 est
978 1733 1008 1771 a
1036 1717 1366 1788 presbyteris
1396 1716 1496 1771 nisi
1520 1716 1574 1769 in
1596 1713 1835 1784 paschali
1860 1712 2148 1768 festivitate

567 1809 850 1874 dicendus,
881 1807 1023 1878 quod
1055 1816 1110 1862 et
1139 1807 1273 1863 liber
1295 1807 1767 1861 Sacramentorum
1790 1804 2141 1867 demonstrat,
2179 1799 2218 1858 Β

571 1910 625 1971 et
655 1900 987 1955 consuetudo
1018 1899 1068 1952 in
1097 1897 1340 1952 Romana
1369 1897 1606 1953 Ecclesia
1634 1896 1931 1966 antiquitus
1963 1897 2149 1948 obser-

567 2000 692 2061 vata
719 1999 965 2060 patenter
993 1989 1248 2054 ostendit,
1278 2003 1439 2058 quam
1471 1987 1668 2042 debere
1701 2002 1889 2041 omnes
1929 1987 1981 2039 in
2005 1986 2149 2039 ordi-

568 2081 728 2136 nibus
803 2079 1186 2134 ecclesiasticis
1253 2079 1403 2147 sequi
1452 2077 1643 2132 beatus
1697 2076 2039 2131 Innocentius
2092 2075 2148 2127 in

566 2171 832 2244 principio
907 2169 1248 2226 decretorum
1323 2183 1544 2224 suorum
1620 2166 1920 2223 luculenter
1987 2179 2149 2233 expo-

567 2263 668 2318 nit.

637 2352 707 2408 Χ.
754 2352 862 2408 Pro
896 2367 1023 2425 rege
1073 2351 1368 2418 Danorum,
1395 2349 1488 2421 qui
1542 2348 1691 2404 vovit
1728 2355 1910 2404 votum
1958 2347 2069 2402 Deo
2093 2351 2150 2400 et

565 2453 754 2501 sancto
778 2443 956 2507 Petro,
989 2443 1192 2514 gratias
1219 2443 1428 2512 agimus
1474 2440 1650 2494 eidem
1701 2438 1828 2502 Deo,
1861 2437 2150 2508 deprecan-

567 2549 649 2594 tes
677 2538 887 2608 pariter
913 2546 972 2591 ut
997 2536 1142 2606 quod
1170 2536 1326 2590 nobis
1357 2534 1423 2589 de
1447 2531 1696 2588 Cornelio
1721 2530 2036 2586 centurione
2064 2543 2148 2582 re-

565 2627 758 2694 fertur,
790 2627 950 2683 faciat
987 2640 1200 2696 quoque
1248 2625 1543 2679 clementer
1580 2623 1646 2678 de
1689 2623 1792 2676 hoc
1819 2621 1874 2675 in
1901 2619 2148 2690 proximo

565 2735 663 2776 nos
691 2720 896 2776 audire.
925 2719 1022 2774 Cui
1070 2718 1346 2773 orationes
1392 2723 1450 2770 et
1499 2714 1853 2784 eleemosyna:
1879 2712 1982 2766 etsi
2021 2719 2149 2766 ante

565 2813 894 2885 baptismum
918 2828 1022 2867 non
1039 2810 1356 2883 profuerunt
1377 2809 1444 2864 ad
1464 2808 1770 2863 diluendam
1794 2806 2145 2876 impietatem,

565 2905 885 2976 profuerunt
938 2915 1120 2960 tamen
1169 2905 1237 2961 ad
1263 2903 1693 2975 cognoscendam
1743 2900 2148 2956 veracissimam

564 3005 1028 3153 miifeguoniam
1057 3085 1274 3140 nuntias
1299 3085 1438 3154 quod
1485 3082 1654 3138 fidelis
1689 3097 1782 3136 rex
1828 3080 2146 3152 dispositum

2256 548 2497 592 mutuam
2519 549 2828 609 sanctzeqne
2864 540 2953 595 Dei
2985 541 3239 597 Ecclesia:
3283 544 3676 600 exaltationem
3719 548 3858 603 sicut

2255 629 2398 683 filius
2426 629 2562 698 patri
2585 639 2641 684 et
2660 629 2847 697 junior
2869 632 3148 700 magistro,
3180 633 3224 686 si
3255 648 3405 702 spem
3441 634 3658 689 firmam
3686 637 3744 690 in
3765 652 3858 691 no-

2253 722 2338 777 bis
2365 723 2566 777 habere
2593 732 2788 793 potest,
2815 725 2954 778 sicut
2985 725 3171 779 habuit
3200 735 3484 794 postquam
3508 744 3607 782 nos
3623 727 3786 782 Deus
3806 730 3856 783 in

2252 821 2438 866 sancta
2471 813 2572 866 hac
2621 814 2746 866 sede
2796 815 3101 867 constituit.
3130 815 3229 868 Cui
3273 815 3589 872 iutimamus
3615 819 3703 871 uti
3737 833 3855 888 post

2255 903 2421 957 Deum
2455 903 2614 958 talem
2665 905 2717 958 in
2744 905 2900 959 nobis
2929 921 3078 975 spem
3103 907 3302 961 habeat
3335 916 3397 962 ut
3445 909 3627 964 nullus
3660 913 3742 965 sit
3773 916 3854 966 cui

2255 991 2341 1046 ille
2363 993 2550 1046 credat
2573 983 2715 1061 quod
2752 1009 2849 1048 nos
2878 994 2950 1048 illi
2989 1005 3043 1049 et
3069 996 3184 1050 suis
3231 1012 3336 1051 non
3367 1011 3528 1053 omne
3587 1000 3852 1069 gaudium

2251 1092 2305 1139 et
2332 1100 2546 1139 omnem
2593 1085 2822 1140 velimus
2849 1087 3067 1142 evenire
3129 1087 3389 1152 laetitiam,
3421 1102 3680 1159 optantes
3710 1091 3855 1146 scili-

2251 1183 2359 1238 cet,
2387 1183 2437 1228 et
2466 1177 2632 1230 Deum
2667 1178 3090 1248 omnipotentem
3123 1179 3463 1235 incessanter
3509 1182 3849 1252 ﬂagitantes,

2252 1273 2312 1317 nt
2336 1282 2441 1319 non
2461 1266 2632 1319 solum
2663 1267 2715 1322 in
2742 1269 2995 1337 praesenti
3026 1270 3225 1324 smculo
3255 1287 3514 1341 prospere
3539 1286 3745 1344 regnet
3773 1286 3853 1329 at-

2253 1370 2355 1422 que
2379 1371 2474 1424 per
2520 1356 2686 1409 multa
2743 1367 3043 1426 temporum
3093 1361 3361 1415 curricula
3400 1363 3600 1438 vigeat,
3653 1380 3850 1420 Verum

2250 1446 2412 1530 etiam
2440 1447 2494 1500 in
2533 1446 2716 1502 futuro
2763 1464 2885 1503 cum
2921 1449 3140 1504 Christo
3177 1453 3296 1506 sine
3328 1453 3436 1508 ﬁne
3469 1455 3630 1510 beate
3674 1459 3844 1523 vivat,

2252 1535 2420 1590 Deum
2451 1539 2591 1592 sicut
2618 1547 2702 1594 est
2724 1540 3120 1610 contemplans.

2963 1643 3114 1708 LX".

2250 1755 2458 1794 NICOLAI
2499 1757 2752 1796 EPISTOLA
2783 1760 2848 1798 AD
2878 1760 3170 1801 ANSGARIUII
3205 1764 3659 1806 Ακειιιειιιεεοριγιι
3705 1768 3842 1806 “AI-

2892 1853 3198 1893 BURGENSEI

3006 1943 3100 1985 SEU

2250 2011 2404 2068 Bulla
2434 2033 2530 2087 pro
2570 2019 2934 2095 coniunctione
2971 2022 3313 2095 episcOpajusA
3336 2021 3761 2095 Hamburgerm's
3792 2038 3836 2080 et

2650 2078 2945 2144 Bremensis
2977 2078 3116 2145 anno
3141 2078 3250 2147 .864
3280 2093 3428 2147 data.

2317 2175 2586 2232 Nicouus
2627 2179 2932 2250 episcopus,
2971 2195 3161 2235 servus
3189 2197 3467 2238 servorum
3502 2185 3618 2251 Dei,
3651 2188 3833 2241 omni-

2244 2264 2345 2321 bus
2394 2267 2635 2324 fidelibus
2683 2269 2934 2324 Ecclesia:
2974 2279 3174 2325 sanctae
3219 2272 3341 2335 Dei,
3390 2277 3758 2342 praesentibus
3785 2287 3835 2329 et

2247 2355 2459 2417 futuris,
2484 2359 2709 2413 salutem
2738 2366 2793 2414 et
2821 2359 3168 2428 apostolicam
3194 2360 3646 2418 benedictionem.

2316 2443 2572 2514 Quisquis
2632 2447 2954 2513 Dominum,
2998 2456 3054 2503 et
3107 2445 3520 2518 Redemptorem
3579 2460 3829 2506 nostrum

2245 2534 2428 2590 Iesum
2456 2536 2731 2592 Christum
2761 2536 2828 2590 de
2855 2537 2976 2591 sinu
3021 2537 3198 2592 Patris
3239 2538 3306 2592 ad
3358 2548 3558 2593 terram
3590 2555 3697 2608 pro
3733 2540 3826 2594 de-

2248 2627 2594 2681 monstranda
2645 2627 2898 2680 cordibus
2941 2627 3216 2682 hominum
3256 2642 3385 2682 vera
3422 2639 3477 2684 et
3521 2641 3676 2684 certa
3729 2631 3827 2684 fide

2249 2718 2592 2773 descendisse
2622 2732 2727 2772 non
2768 2719 3008 2784 dubitat,
3040 2718 3282 2788 profecto
3313 2736 3414 2774 non
3447 2720 3688 2791 ignorat,
3716 2739 3828 2776 om-

2247 2821 2368 2872 nes,
2395 2808 2487 2876 qui
2521 2807 2759 2876 ejusdem
2791 2809 2912 2862 fidei
2943 2825 3040 2879 per
3067 2820 3295 2878 gratiam
3327 2811 3494 2880 ipsius
3534 2815 3830 2882 participes

2247 2898 2376 2953 facti
2419 2908 2564 2964 sunt,
2595 2911 2648 2954 et
2677 2901 2943 2977 przecipue
2979 2916 3098 2964 nos,
3137 2901 3228 2969 qui
3267 2916 3364 2969 per
3389 2903 3624 2970 primum
3665 2913 3828 2957 tanta:

2248 2991 2465 3048 virtutis
2497 2993 2803 3046 ministrum
2837 2993 3010 3047 locum
3049 2994 3375 3062 praecipuum
3419 3001 3691 3058 tenemus,
3735 2995 3825 3048 ho-

2250 3083 2489 3139 minibus
2513 3083 2709 3138 debere
2737 3083 3010 3138 lucrandis
3039 3083 3307 3148 insistere,
3336 3094 3392 3136 et
3419 3099 3517 3153 per
3544 3086 3824 3140 universas

565 3179 760 3233 habeat
789 3177 976 3231 venire
1020 3174 1288 3229 Tullinam
1329 3181 1385 3230 et
1426 3174 1616 3228 deinde
1638 3187 1824 3241 pacem
1852 3187 1976 3227 cum
2023 3184 2148 3241 rege
2173 3145 2219 3209 (ἶ
2257 3183 2443 3245 gentes
2483 3175 2632 3228 verbi
2680 3176 2884 3229 semina
2934 3189 3136 3238 serere,
3178 3189 3242 3228 ac
3288 3174 3478 3228 solatia
3525 3173 3824 3230 ferentibus

567 3267 922 3334 Vulgarorum
981 3265 1305 3320 confirmare
1357 3273 1411 3319 et
1463 3263 1746 3318 Rastitium
1794 3270 1888 3316 aut
1925 3261 2150 3316 valendo

565 3366 662 3411 aut
710 3355 940 3410 nolendo
983 3355 1086 3409 sibi
1123 3353 1462 3408 obedientem
1503 3352 1702 3416 facere,
1728 3366 1948 3405 oramus
1973 3349 2150 3404 omni-

567 3455 842 3517 potentem
893 3444 1062 3498 Deum
1093 3453 1153 3498 ut
1188 3443 1409 3512 angelus
1437 3443 1524 3513 qui
1550 3442 1652 3497 fuit
1691 3458 1815 3498 cum
1861 3441 2027 3496 Jacob
2055 3456 2151 3511 pa-

564 3539 823 3600 triarcha.
850 3537 922 3591 sit
952 3550 1169 3605 quoque
1206 3549 1328 3589 cum
1360 3535 1476 3603 ipso
1505 3543 1560 3590 et
1588 3549 1708 3588 cum
1732 3535 1983 3590 omnibus
2009 3535 2144 3600 suis,

563 3638 620 3684 et
643 3629 781 3683 bene
811 3627 1060 3696 disponat
1084 3628 1185 3680 iter
1203 3622 1339 3693 ejus,
1381 3633 1576 3680 etcum
1600 3641 1730 3696 pace
1760 3635 1815 3680 et
1843 3625 2038 3694 gaudio
2059 3639 2149 3680 re-

561 3729 806 3776 vertatur
828 3720 894 3772 ad
924 3717 1162 3788 propria.

635 3811 749 3866 Xll.
789 3811 926 3879 Quia
974 3824 1104 3866 vero
1131 3808 1268 3864 dicis
1317 3809 1461 3880 quod
1513 3809 2008 3865 Christianissrmus
2049 3823 2142 3863 rex

564 3912 748 3974 speret
773 3903 915 3974 quod
941 3903 1056 3974 ipse
1083 3916 1179 3956 rex
1199 3898 1552 3972 Vulgarorum
1583 3902 1649 3956 ad
1680 3900 1839 3956 fidem
1872 3900 2001 3954 velit
2023 3915 2150 3954 com-

566 3995 704 4048 verti
729 4004 784 4047 et
800 3992 912 4061 jam
943 3994 1094 4050 multi
1116 4010 1182 4050 ex
1211 3995 1345 4064 ipsis
1372 3992 1662 4048 Christiani
1706 3991 1835 4045 facti
1864 3992 1989 4055 sint,
2024 4006 2148 4062 gra-

568 4086 676 4140 tias
705 4086 914 4155 agimus
941 4086 1067 4150 Deo,
1096 4103 1256 4156 quem
1285 4100 1568 4157 precamur
1593 4085 1950 4160 ut_abundare
1981 4084 2148 4140 faciat

572 4165 906 4232 incrementa
947 4175 1164 4250 frugum
1218 4180 1272 4234 in
1324 4179 1520 4233 horreo
1565 4190 1686 4232 suo.
1723 4175 1992 4248 Jejuniun
2017 4192 2146 4232 vero

568 4283 669 4336 pro
697 4267 778 4320 eis
803 4275 858 4320 et
884 4269 1324 4335 orationes,sicut
1347 4282 1444 4338 per
1485 4276 1536 4322 te
1584 4267 1852 4328 hortatur,
1892 4267 2002 4322 Deo
2030 4283 2148 4336 pro-

563 4359 697 4427 pitio
721 4356 1001 4414 faciemus.

642 4455 774 4510 Xlll.
812 4455 1080 4512 Prteterea
1135 4455 1323 4512 fateris
1358 4455 1500 4526 quod
1555 4453 1936 4509 devotissimus
1991 4453 2143 4522 prin-
2170 4494 2223 4552 Β

565 4563 693 4618 ceps
720 4547 1038 4618 deprecetur
1063 4563 1162 4604 nos
1191 4557 1250 4602 ut
1270 4549 1314 4603 si
1346 4548 1539 4617 aliquis
1565 4547 1840 4602 sinistrum
1871 4545 2143 4616 quippiam

571 4639 638 4694 de
666 4638 757 4694 illo
784 4640 939 4695 nobis
962 4655 1058 4710 per
1079 4641 1301 4696 missum
1329 4655 1422 4694 seu
1452 4654 1549 4707 per
1567 4638 1846 4708 epistolam
1867 4637 2146 4692 intimave—

565 4731 656 4797 rit,
689 4746 796 4785 non
818 4730 868 4786 ei
899 4731 1184 4786 credamus
1210 4731 1521 4800 priusquam
1552 4730 1666 4800 ipse
1698 4731 1882 4784 venire
1903 4745 2142 4799 prtesens

568 4820 650 4874 vel
679 4837 805 4876 suos
843 4823 1063 4877 idoneos
1094 4821 1294 4890 legatos
1321 4821 1386 4874 ad
1415 4836 1511 4875 nos
1532 4821 1703 4890 possit
1750 4822 2136 4876 transmittere.

565 4913 663 4970 Cui
696 4915 1066 4968 renuntiamus
1087 4913 1213 4982 quia
1246 4927 1344 4966 nos
1376 4913 1570 4982 pignus
1598 4911 2034 4982 repromissionis
2056 4913 2138 4966 di-

517 5023 528 5033 -
563 5001 812 5059 lectionis
843 5013 900 5058 et
923 5004 1222 5058 devotionis
1244 5019 1352 5058 sua:
1389 5003 1703 5057 retinemus.
1741 5000 1905 5070 Cujus
1931 5016 2138 5055 memo-

563 5108 678 5158 res,
707 5094 753 5147 si
799 5095 926 5164 quid
980 5094 1046 5149 de
1084 5096 1200 5163 ipso
1241 5109 1438 5149 smvum
1478 5091 1617 5146 forte
1655 5091 1983 5154 audiremus,
2023 5101 2140 5143 tan-

563 5199 725 5254 quam
755 5185 798 5239 si
831 5200 1080 5240 ranarum
1127 5195 1314 5241 cantus
1343 5185 1610 5240 declinare
1651 5183 2006 5239 studebimus.
2031 5183 2137 5237 Ve-

567 5289 688 5328 rum
715 5273 828 5344 ipse
851 5289 1064 5346 semper
1085 5287 1336 5345 operetur
1357 5277 1498 5330 unde
1520 5275 1871 5344 tripudiantes
1895 5273 2141 5329 laetemur

562 5371 618 5419 et
644 5363 714 5418 ob
743 5365 793 5418 id
820 5364 929 5420 Deo
954 5368 1152 5436 gratias
1175 5367 1382 5420 debitas
1411 5365 1799 5434 persolvamus.

635 5451 773 5508 XIV.
815 5454 984 5510 Porro
1025 5455 1372 5510 asserverasti
1419 5455 1562 5524 quod
1610 5456 1837 5511 domnus
1864 5471 1957 5510 rex
1985 5453 2140 5509 nobis

637 5599 662 5628 ι
695 5589 859 5642 Deest
884 5590 936 5644 in
967 5588 1126 5641 editis
1152 5587 1413 5656 Bolland.,
1443 5587 1583 5658 pius.

636 5659 665 5698 ι»
701 5659 854 5723 ΒοιΙ.,
886 5659 1105 5728 genitor.

635 5740 657 5766 ε
699 5728 853 5793 Boll.,
881 5724 927 5780 et
961 5724 1255 5780 Sf'at'orum.

2255 3265 2584 3320 ministrare.
2617 3264 2769 3319 Nunc
2808 3274 2985 3320 autem
3031 3266 3156 3334 quia
3196 3263 3502 3319 Ludovicus
3547 3265 3820 3318 sublimis-

2253 3357 2423 3411 simus
2465 3369 2558 3409 rex
2602 3370 2698 3424 per
2728 3353 3068 3409 Salomonem
3110 3354 3470 3409 venerabilem
3515 3355 3811 3423 episcopum

2253 3446 2488 3505 civitatis
2533 3445 2980 3511 Constantiensis,
3013 3455 3198 3500 nostro
3242 3445 3451 3500 studuit
3499 3442 3813 3514 apostolatui

2253 3540 2526 3604 intimare,
2553 3540 2696 3608 quod
2729 3539 2829 3608 pia:
2867 3538 3138 3592 memoria:
3180 3537 3481 3592 Ludovicus
3509 3550 3535 3577 ι
3574 3538 3694 3606 pius
3721 3537 3815 3589 im-

2249 3640 2467 3702 perator
2516 3630 2824 3700 progenitor
2871 3629 2901 3668 ὶ)
2945 3645 3104 3694 suus,
3152 3629 3435 3698 quemdam
3498 3630 3809 3683 monachum

2249 3722 2466 3777 nomine
2507 3721 2866 3776 Anscbarium
2906 3720 2973 3774 de
3004 3721 3334 3774 monasterio
3377 3720 3693 3775 Corbeiensi
3739 3732 3810 3773 tn-

2249 3812 2414 3876 lisset,
2459 3822 2514 3868 et
2545 3812 2862 3868 collocasset
2901 3827 3024 3866 eum
3059 3811 3213 3880 juxta
3256 3811 3468 3865 Albiam
3501 3811 3719 3865 fluvium
3763 3811 3809 3862 in

2249 3902 2550 3957 confinibus
2616 3903 2885 3956 Danorum
2959 3902 3342 3971 Saxonumque
3397 3911 3422 3940 ε
3479 3902 3531 3954 in
3605 3901 3811 3956 castello

2249 3993 2640 4062 Hammehurg,
2690 3994 2832 4047 inter
2877 3993 3014 4046 duos
3048 3993 3422 4061 episcopatus,
3467 3989 3809 4045 Bremensem

2248 4087 2454 4141 scilicet
2477 4095 2531 4139 et
2555 4084 2904 4140 Verdensem.
2952 4083 3027 4138 De
3069 4083 3262 4152 quibus
3307 4082 3500 4136 tollens
3541 4081 3811 4138 ecclesias,

2246 4186 2302 4231 et
2335 4177 2569 4231 decimas
2609 4177 2675 4230 ad
2734 4175 3178 4230 sustentationem
3242 4173 3574 4244 provehendi
3614 4170 3812 4240 przfati

2239 4267 2353 4335 jam
2400 4267 2635 4338 episc0pi
2693 4267 3122 4336 clericorumque
3171 4264 3320 4333 ejus,
3362 4266 3722 4320 condonasset
3765 4263 3814 4315 in

2248 4359 2502 4428 praedicto
2545 4358 2681 4423 loco,
2716 4368 3003 4423 annuente,
3039 4373 3104 4412 ac
3133 4355 3392 4411 solemnia
3421 4356 3568 4410 sedis
3603 4366 3815 4424 aposto-

2250 4452 2365 4506 lica:
2395 4451 2670 4522 privilegia
2718 4451 2989 4520 praebente
3017 4448 3412 4519 praedecessore
3441 4456 3628 4502 nostro
3670 4449 3814 4500 bona:

2251 4540 2522 4595 memoriae
2571 4539 2832 4608 Gregorio
2881 4553 3040 4608 papa.
3089 4537 3256 4604 Cujus
3295 4545 3351 4591 et
3398 4537 3720 4591 auctoritate
3765 4538 3813 4589 in

2248 4630 2558 4698 supradicto
2595 4627 3076 4696 Nordalbingorum
3121 4625 3319 4694 populo
3343 4627 3500 4679 sedes
3528 4627 3813 4680 constituta

2245 4730 2329 4774 cst
2377 4718 2850 4787 archiepiscopalis
2890 4718 2942 4770 in
2982 4717 3204 4770 castello
3238 4715 3484 4784 superius
3525 4727 3817 4770 memorato

2243 4809 2625 4879 Hammeburg,
2664 4817 2719 4862 et
2759 4809 2809 4862 in
2861 4808 3048 4861 eadem
3097 4810 3308 4874 quo‘que
3354 4807 3481 4861 sede
3525 4816 3749 4876 accepto
3785 4820 3813 4858 ι

2242 4902 2369 4957 sede
2414 4900 2704 4970 apostolica
2735 4898 2915 4968 pallio,
2960 4898 3396 4965 archiepiscopus
3427 4897 3637 4964 primus
3678 4896 3816 4950 ordi—

2247 5004 2406 5049 natus
2447 5002 2532 5048 est
2559 4993 2910 5052 Anscharius.
2939 4989 3025 5044 cui
3057 5006 3085 5043 a
3125 4990 3346 5059 praefato
3377 4988 3405 5027 ἀ
3440 5004 3655 5042 summo
3693 5003 3816 5057 ponc

2247 5086 2391 5141 tifice
2435 5085 2679 5155 delegata
2711 5092 2795 5138 est
2837 5098 2965 5136 cura
3011 5083 3312 5136 seminandi
3351 5082 3576 5135 verbum
3619 5081 3732 5141 Dei,
3766 5088 3816 5133 et

2247 5180 2456 5234 animas
2516 5178 2626 5232 Deo
2664 5176 2927 5231 lucrandi.
2975 5185 2998 5214 ο
3041 5173 3203 5243 Cujus
3246 5173 3599 5242 delegationis
3638 5181 3693 5226 et
3727 5187 3815 5226 au-

2249 5271 2537 5334 ctoritatis,
2579 5286 2642 5323 ac
2692 5269 2836 5338 pallii
2875 5266 3202 5336 acceptionis
3240 5266 3435 5335 pagina
3481 5265 3639 5320 nobis
3683 5271 3814 5318 esu

2247 5359 2474 5430 praefato
2509 5359 2618 5412 tilio
2648 5369 2831 5412 nostro
2860 5355 3130 5410 Ludovico
3169 5370 3296 5423 rege
3330 5371 3426 5424 per
3463 5355 3575 5424 jam
3621 5355 3813 5408 dictum

2247 5450 2592 5506 Salomonem
2657 5447 3059 5500 sanctissimum
3125 5445 3438 5515 episcopum
3514 5444 3813 5504 destinata,

2316 5581 2343 5621 ἀ
2382 5581 2516 5634 Boll.
2546 5595 2650 5634 non
2680 5579 2806 5649 legit
2832 5593 3055 5649 811!"th.

2321 5665 2346 5692 ο
2385 5651 2479 5704 Hic
2520 5644 2886 5705 desinit'Boll.
2934 5647 3039 5701 Sed
3071 5646 3158 5699 hic
3199 5644 3384 5713 incipit
3428 5653 3741 5714 excerptum
3771 5653 3801 5692 a

2246 5723 2538 5777 Retnbcrto
2566 5723 2617 5774 in
2649 5719 2762 5774 Vita
2793 5720 2850 5772 S.
2878 5717 3123 5785 Ansgarii
3153 5717 3355 5770 datum.
