4070 6310
549 328 659 387 879

1902 320 2175 379 NlCOLAl
2209 319 2410 381 ΡΑΡΑΞ
2447 319 2469 374 1

546 439 675 497 sede
708 437 1029 495 beatitudini
1067 447 1170 495 tua:
1195 437 1397 494 indulta
1431 450 1719 508 cognosce,
1759 434 1804 491 si
1844 449 1877 490 a
1920 433 2025 488 ﬁde
2075 441 2131 488 et
2159 437 2201 495 Α
2233 440 2288 485 et
2324 429 2550 485 colimus
2589 444 2691 501 pro
2739 429 2828 485 illa
2876 429 3009 498 vita,
3042 445 3203 502 quam
3233 448 3332 503 pro
3376 431 3505 501 ista,
3550 450 3679 505 qua:
3709 446 3831 492 tota

548 529 784 586 decretis
809 540 1009 585 sancta:
1031 529 1286 586 Ecclesiae.
1306 528 1588 584 catholica:
1617 526 1871 582 Romana:
1898 526 1952 581 in
1982 525 2129 582 nullo

550 619 875 675 deviaveris.
908 618 1061 686 Quod
1101 622 1147 675 si
1189 636 1221 674 a
1264 619 1369 675 ﬁde
1409 627 1465 674 et
1506 618 1768 674 institutis
1810 617 1955 672 sedis
1994 630 2128 685 apo-

548 710 755 775 stolicae
783 710 1058 765 declinare
1082 708 1517 779 praesumpseris,
1551 708 1636 763 his
1670 707 1870 762 nostris
1899 705 1991 760 tibi
2020 704 2131 762 col-

548 801 676 857 latis
703 802 979 856 beneliciis
1023 802 1253 857 carebis.
1300 800 1470 857 Porro
1511 808 1565 855 te
1599 799 1763 872 pallio
1794 798 1870 853 nti
1913 796 2129 852 nonnisi

549 898 703 946 more
738 891 884 946 sedis
911 890 1257 946 concedimus
1291 890 1623 961 apostolicae,
1663 890 1892 962 scilicet,
1923 897 1982 942 ut
2010 903 2133 943 suc-

549 998 792 1040 cessores
830 986 906 1040 tui
937 1000 1034 1055 per
1058 986 1381 1055 semetipsos
1423 984 1507 1039 vel
1552 984 1762 1056 legatos
1803 998 1931 1039 suos
1968 981 2129 1036 ﬁdem

552 1078 833 1132 nobiscum
867 1086 1076 1144 tenere,
1111 1094 1174 1134 ac
1215 1086 1432 1133 sanctas
1460 1092 1556 1133 sex
1592 1075 1825 1148 synodos
1866 1074 2128 1142 recipere,

548 1182 755 1222 necnon
787 1167 1003 1223 decreta
1041 1169 1284 1222 omnium
1330 1166 1587 1221 Romanae
1630 1165 1776 1221 sedis
1811 1164 2130 1235 praasulum,

544 1267 602 1313 et
642 1258 924 1328 epistolas,
960 1274 1079 1329 qua:
1105 1258 1207 1315 sibi
1249 1258 1441 1313 delatae
1482 1256 1711 1322 fuerint,
1750 1253 2157 1318 venerabiliter,

522 1386 525 1395 .
547 1348 864 1416 observare,
888 1358 1050 1420 atque
1073 1350 1336 1420 perﬁcere
1375 1349 1623 1404 omnibus
1653 1349 1781 1402 vitae
1803 1362 1914 1402 suae
1940 1346 2133 1402 diebus

547 1440 754 1511 scripto
788 1457 848 1497 se
892 1450 949 1498 et
979 1442 1291 1513 iuramento
1321 1439 1696 1511 proﬁteantur.
1729 1438 2002 1509 Scriptum
2033 1454 2130 1508 per

546 1542 766 1586 manum
804 1531 1084 1587 Zachariae
1117 1532 1312 1586 notarii
1344 1540 1544 1587 sanctze
1572 1530 1825 1585 Romanae
1850 1526 2127 1592 Ecclesia),

550 1622 605 1675 in
640 1637 824 1679 mense
854 1621 1015 1689 Maio,
1041 1623 1231 1679 lndict.
1259 1637 1358 1686 xu,
1384 1620 1685 1692 imperante
1719 1619 1991 1675 Ludovico
2027 1618 2129 1674 im-

543 1723 792 1781 peratore
817 1728 961 1768 anno
985 1728 1083 1769 suo
1109 1724 1135 1754 ι
1163 1712 1378 1782 quinto.

1245 1822 1425 1878 LXlll.

930 1930 1000 1970 AD
1026 1930 1264 1970 IOBICUI
1308 1928 1485 1968 REGE.

1160 2026 1335 2094 (Anno
1359 2024 1512 2094 864.)

737 2133 840 2209 [Ex
865 2136 1007 2190 Actis
1036 2134 1373 2200 Sanctorum,
1403 2142 1535 2189 tom.
1572 2132 1614 2199 ι,
1642 2149 1762 2204 pag.
1789 2131 1941 2205 407.]
2035 2159 2045 2171 -

1537 1927 1735 1968 ωιιιε.

617 2246 884 2303 Nicoutus
897 2247 1198 2317 episcopus,
1221 2259 1410 2301 servus
1434 2259 1712 2301 servorum
1735 2244 1850 2300 Dci.
1874 2243 2079 2300 Homco
2100 2244 2127 2282 δ

548 2337 661 2408 regi
702 2337 996 2392 Danorum.

616 2427 812 2483 Multas
834 2426 1192 2498 omnipotenti
1223 2424 1333 2481 Deo
1348 2425 1552 2497 gratias
1579 2425 1787 2496 egimus
1814 2424 1866 2479 in
1896 2426 2128 2480 adventu

543 2518 731 2574 fratris
758 2529 811 2573 et
834 2519 1136 2589 coepiscopi
1161 2518 1327 2571 nostri
1356 2516 1677 2577 Salommnis.
1713 2516 1803 2585 qui
1858 2515 2054 2570 missus
2098 2530 2130 2569 a

544 2610 654 2667 ﬁlio
700 2620 886 2667 nostro
930 2611 1162 2682 glorioso
1194 2625 1320 2681 rege
1369 2608 1644 2663 Ludovico
1684 2618 1740 2663 et
1778 2625 2000 2662 munera
2035 2615 2126 2662 tua

542 2703 741 2760 obtulit
772 2712 827 2760 et
876 2704 942 2758 de
979 2703 1083 2759 ﬁde
1116 2713 1225 2769 tua,
1274 2718 1434 2773 quam
1482 2703 1647 2756 etiam
1698 2711 1826 2758 ante
1870 2702 2128 2773 baptismi

543 2795 772 2866 gratiam
814 2810 912 2866 per
950 2795 1367 2866 prtevenientem
1421 2792 1513 2848 Dei
1564 2793 1989 2848 misericordiam
2013 2792 2128 2862 jam

542 2884 745 2939 habere
796 2884 1147 2957 dignosceris,
1195 2899 1295 2939 nos
1339 2883 1629 2954 plurimum
1687 2878 2132 2937 exhilaravit.‘Et

544 2975 666 3031 ideo
694 2976 933 3032 levantes
961 2980 1145 3032 oculos
1170 2978 1237 3032 ad
1284 2991 1431 3042 eum,
1449 2966 1553 3045 ἰιιιί
1595 2974 1741 3030 solus
1770 2983 1855 3029 est
1886 2990 2048 3029 verus
2075 2984 2131 3030 et

543 3068 738 3122 unicus
760 3077 919 3139 atque
946 3069 1310 3139 omnipotens,
1347 3068 1681 3123 incessanter
1704 3083 1805 3139 pro
1832 3067 2006 3123 salute
2038 3075 2129 3122 tua

545 3156 886 3212 clementiam
927 3158 1044 3230 ejus
1068 3158 1381 3229 suppliciter
1404 3173 1715 3224 exoramus,
1760 3168 1818 3213 ut
1857 3159 1949 3229 qui
1991 3159 2130 3215 dixit
2155 3146 2203 3209 Ω

548 3246 617 3299 de
639 3247 874 3303 tenebris
893 3247 1067 3303 lucem
1095 3248 1489 3318 splendescere,
1518 3257 1572 3303 et
1593 3249 1764 3304 sancti
1788 3249 1868 3304 sui
1894 3248 2137 3319 Sp‘ritus

548 3335 910 3393 illustratione
947 3337 1229 3409 caliginem
1275 3338 1591 3409 ignorantia:
1637 3337 1718 3393 vel
1742 3338 2131 3394 inlidelitatise

554 3428 810 3485 cordibus
852 3429 1103 3495 illorum,
1145 3428 1239 3499 qui
1299 3429 1556 3484 credituri
1592 3439 1758 3484 erant
1807 3429 1859 3484 in
1912 3431 2130 3485 nomine

549 3519 741 3590 ipsius,
773 3537 868 3576 sua
897 3522 1256 3592 praeveniente
1289 3522 1462 3591 gratia
1491 3522 1791 3592 dissipavit,
1820 3520 2040 3592 jamque
2071 3522 2129 3577 in

547 3618 603 3665 te
630 3612 989 3668 miserationis
1015 3628 1125 3668 suae
1158 3628 1293 3682 opus
1329 3612 1613 3667 ostendere
1633 3612 1789 3667 solita
1815 3612 2013 3682 pietate
2035 3628 2131 3667 cu-

547 3703 717 3767 ravit;
751 3702 862 3773 ipse
888 3698 1102 3774 quoque
1121 3703 1306 3759 oculos
1332 3712 1450 3758 tuos
1473 3702 1539 3758 ad
1584 3703 2011 3774 cognoscendam
2038 3718 2129 3758 ve-

551 3794 768 3849 ritatem
809 3795 1034 3866 aperiat,
1066 3811 1098 3851 e
1134 3803 1352 3866 pectore
1380 3803 1473 3849 tuo
1522 3795 1838 3866 ignorantiae
1875 3795 2128 3850 tenebras

547 3883 743 3955 abigat,
777 3883 1031 3939 duritiam
1054 3892 1108 3938 et
1140 3883 1499 3939 velamentum
1526 3884 1705 3938 cordis
1729 3883 1802 3963 tui
1831 3895 2124 3951 removeat,

548 3979 835 4049 lumenque
865 3979 960 4035 tibi
990 3994 1127 4035 vera:
1151 3978 1273 4035 ﬁdei
1297 3994 1363 4035 ac
1388 3979 1663 4052 religionis
1676 3979 1945 4045 ostendat,
1965 3990 2127 4052 atque

553 4077 602 4120 te
636 4066 703 4119 ad
749 4074 900 4122 suam
954 4068 1192 4122 attrahat
1230 4068 1615 4143 cognitionem,
1642 4077 1697 4124 et
1725 4070 1793 4123 ad
1837 4068 2128 4124 salutarem

551 4160 754 4210 fontem
779 4165 834 4211 et
875 4156 941 4211 ad
967 4171 1201 4226 perenne
1236 4173 1457 4231 regnum
1484 4167 1539 4215 et
1566 4158 1632 4214 ad
1663 4158 1827 4213 vitam
1867 4159 2128 4229 perducat

549 4257 839 4313 aeternam;
864 4248 951 4303 ubi
976 4257 1058 4304 est
1079 4250 1327 4320 gaudium
1350 4249 1466 4306 sine
1487 4263 1738 4312 maerore,
1762 4249 1985 4304 satietas
2010 4248 2129 4303 sine

548 4337 787 4403 fastidio,
824 4337 969 4393 salus
1020 4324 1293 4405 continua,
1340 4340 1452 4395 vita
1509 4339 1842 4406 indeﬁciens,
1886 4354 1990 4409 pax
2020 4352 2123 4393 non

549 4432 753 4486 habens
784 4430 963 4499 ﬁnem,
986 4440 1042 4488 et
1070 4445 1279 4486 summa
1309 4440 1491 4486 manet
1531 4431 1793 4487 securitas
1838 4447 1903 4487 ac
1928 4432 2126 4502 sempi-

2230 524 2425 579 misera
2458 530 2564 587 est,
2594 533 2703 577 tota
2728 522 2888 592 plena
2926 523 3199 592 periculis,
3239 524 3327 579 ubi
3346 536 3437 581 est
3461 542 3668 583 mceror
3685 544 3830 584 con-

2231 612 2430 674 tiuuus,
2459 612 2680 666 satietas
2701 627 2823 667 cum
2846 613 3054 675 dolore,
3082 615 3292 668 sanitas
3315 615 3516 680 brevis,
3541 618 3653 671 vita
3678 633 3833 673 mor—

2232 702 2593 775 talis,jurgia,
2625 718 2690 757 ac
2720 714 2974 773 suspecta
3025 705 3313 771 securitas,
3340 717 3393 760 et
3424 712 3535 762 cito
3558 711 3834 777 deficiens

2229 794 2420 865 gloria,
2473 794 2561 848 ubi
2612 793 2874 868 scriptum
2918 802 3045 850 est:
3084 794 3279 849 Militia
3325 808 3401 850 est
3452 799 3553 853 vita
3589 800 3834 857 hominis

2229 899 2385 952 super
2426 892 2645 949 terram,
2701 893 2749 936 et
2806 883 2959 954 quasi
3008 884 3119 938 dies
3172 888 3480 941 mercenarii
3535 889 3652 943 dies
3698 891 3834 959 eju

2231 970 2351 1043 (Job
2396 988 2493 1039 vu,
2529 973 2579 1044 l)
2618 991 2631 1027 :
2668 974 2799 1038 ubi,
2840 974 3080 1044 inquam,
3125 991 3350 1046 regnum
3400 979 3564 1034 breve
3613 992 3721 1047 est,
3768 990 3835 1037 et

2223 1061 2442 1135 iugibus
2467 1064 2623 1119 bellis
2649 1064 2976 1130 concutitur,
3020 1075 3075 1121 et
3102 1076 3225 1135 post
3249 1067 3522 1137 paululum
3549 1070 3617 1124 de
3650 1087 3824 1127 manu

2229 1156 2557 1226 possidentis
2583 1157 2866 1223 adimitur,
2891 1158 3018 1213 dum
3049 1161 3149 1214 etsi
3181 1176 3288 1215 non
3327 1163 3529 1219 virtute
3559 1164 3829 1232 hominis,

2231 1254 2409 1300 tamen
2431 1247 2741 1301 conditione
2776 1248 2968 1302 mortis
2992 1248 3256 1304 aufertur.
3282 1250 3480 1307 Desine
3504 1269 3642 1322 ergo
3682 1256 3831 1310 idola

2230 1335 2429 1400 colere,
2446 1345 2501 1391 et
2516 1335 2850 1392 daemonibus
2863 1337 2975 1407 jam
2999 1339 3204 1395 servire
3222 1340 3441 1397 desiste.
3467 1341 3665 1399 Omnes
3684 1348 3833 1399 ιιιίιι

2230 1427 2304 1481 dii
2326 1430 2576 1497 gentium,
2608 1427 2819 1483 dicente
2860 1427 3169 1492 Psalmista,
3217 1430 3516 1498 dwmoma;
3562 1433 3831 1489 Dominus

2229 1527 2403 1571 autem
2424 1516 2576 1572 stelas
2600 1518 2747 1587 fecit.
2777 1518 2966 1588 itaque
2991 1520 3083 1588 qui
3114 1519 3242 1576 fecit
3260 1530 3315 1576 et
3360 1524 3453 1591 qui
3485 1522 3650 1595 [addc
3690 1525 3833 1600 non]

2229 1608 2404 1664 factus
2431 1620 2534 1673 est,
2565 1617 2778 1664 creator
2796 1617 2850 1665 et
2872 1624 2977 1665 non
3008 1620 3259 1665 creatura
3283 1612 3656 1670 eolendusest.
3684 1616 3834 1673 Ecce

2231 1699 2375 1755 enim
2406 1700 2544 1755 idola
2594 1708 2685 1755 tua
2730 1716 2893 1755 manu
2948 1701 3113 1769 facta,
3162 1705 3347 1771 surda,
3378 1716 3554 1769 muta,
3582 1716 3639 1760 et
3679 1722 3830 1764 (τέρα

2152 1764 2207 1853 Β.
2228 1800 2386 1857 sunt;
2425 1801 2480 1847 et
2517 1808 2680 1862 quam
2707 1792 2801 1847 tibi
2859 1793 3083 1847 salutem
3111 1803 3338 1864 possunt
3378 1796 3654 1861 conferre,
3686 1799 3830 1869 ipse,

2230 1899 2412 1954 qnzeso
2435 1885 2730 1954 perpende,
2779 1900 2900 1940 cum
2926 1886 3142 1940 sibimet
3165 1884 3366 1940 nullum
3393 1888 3678 1951 auxilium,
3700 1905 3833 1945 cum

2227 1974 2339 2031 sint
2388 1974 2513 2030 sine
2561 1989 2744 2042 sensu,
2791 1975 3007 2029 valeant
3050 1976 3272 2031 omnino
3308 1988 3593 2047 praestare.
3641 1981 3820 2036 Deum

2230 2065 2393 2136 igitur
2414 2064 2552 2128 cole,
2567 2066 2740 2135 ipsum
2765 2067 2949 2131 adora,
2980 2066 3077 2136 ipsi
3094 2067 3194 2120 soli
3217 2068 3547 2138 singularem
3584 2052 3821 2124 servitti-

2230 2168 2339 2214 tem
2363 2156 2633 2229 impende,
2662 2158 2754 2231 qui
2790 2168 2875 2215 est
2912 2160 3272 2229 omnipotens,
3328 2161 3700 2226 omnitenens,
3744 2163 3830 2216 in.

2232 2252 2575 2316 enarrabilis,
2603 2252 2916 2318 immensus,
2949 2252 3209 2316 inﬁnitus,
3239 2253 3484 2324 simplex,
3516 2254 3823 2308 incommu-

2230 2343 2430 2408 tabilis,
2481 2344 2976 2414 incirconscriptus,
3025 2345 3364 2408 immortalis,
3419 2356 3567 2400 totus
3616 2347 3818 2411 bonus,

2229 2440 2375 2490 totus
2404 2434 2736 2499 misericors,
2786 2444 2930 2489 totus
2963 2443 3183 2489 sanctus
3209 2451 3225 2501 ;
3284 2437 3375 2505 qui
3405 2436 3499 2490 tibi
3530 2447 3589 2490 et
3620 2439 3673 2491 in
3711 2438 3820 2492 hoc

2229 2524 2425 2579 Steculo
2446 2524 2694 2581 auxiliari
2724 2534 2921 2605 pptest,
2948 2534 2998 2579 et
3027 2525 3079 2580 in
3126 2524 3307 2581 futuro
3346 2526 3696 2591 beatiﬁcare;
3728 2530 3827 2598 qui

2231 2616 2327 2672 tibi
2377 2626 2499 2687 post
2545 2626 2772 2673 mortem
2826 2617 2986 2671 vitam
3028 2618 3178 2672 dabit
3227 2633 3347 2687 quae
3377 2636 3483 2673 non
3518 2620 3723 2681 ﬁnitur,
3768 2631 3828 2675 et

2232 2721 2458 2777 regnum
2488 2707 2709 2770 tribuet,
2738 2707 2782 2762 si
2809 2722 2933 2761 eum
2960 2706 3199 2778 perfecte
3236 2708 3493 2773 colueris,
3519 2720 3577 2765 et
3605 2728 3828 2773 amave-

2231 2797 2327 2862 ris,
2353 2799 2494 2869 quod
2522 2799 2726 2854 nesciat
2749 2815 2979 2869 prorsus
3010 2815 3410 2866 occasum,nec
3428 2801 3629 2857 Seutiat
3658 2803 3827 2861 ullum

2231 2887 2313 2943 sui
2380 2896 2555 2941 status
2604 2888 2918 2965 .aliquando
2983 2889 3407 2944 decrementum.
3478 2890 3828 2947 llluminator

2231 2979 2470 3033 omnium
2498 2979 2641 3035 Deus
2667 2979 3010 3049 omnipotens
3038 2979 3304 3034 illuminet
3350 2996 3445 3037 cor
3486 2991 3643 3038 tuum
3667 2992 3725 3038 et
3759 2985 3828 3038 ad

2233 3070 2562 3144 agnitionem
2584 3086 2737 3126 suam
2758 3060 3055 3143 perducere
3075 3072 3352 3143 dignetur.

2923 3183 3106 3239 LXIV.

2603 3291 2673 3330 ΔΙ)
2698 3289 3030 3333 ,ηειιιιιιιιτιιυ
3037 3291 3142 3331 ιιι-ει
3178 3292 3438 3333 ΙΕΕΙΝΑΙ.

2830 3386 3007 3454 (Auno
3041 3384 3192 3455 864.)

2434 3471 2650 3530 Gratias
2676 3476 2783 3547 agit
2809 3475 2874 3529 de
2900 3477 3201 3530 muneribus
3227 3477 3292 3530 ab
3312 3493 3374 3531 ea
3402 3478 3597 3532 missis.

2539 3586 2717 3658 [Apud
2758 3586 2951 3652 Mansi,
2982 3586 3168 3653 Conc.,
3199 3598 3329 3645 tom.
3367 3587 3514 3663 XV.]

2299 3699 2572 3756 Ntcoutus
2611 3702 2915 3772 episcopus,
2950 3717 3140 3757 servus
3185 3718 3465 3759 servorum
3515 3703 3641 3770 Dei,
3682 3702 3814 3759 Hu-

2230 3809 2334 3849 IEN
2344 3809 2502 3849 TRUDI
2524 3793 2769 3865 gloriosa
2806 3795 3023 3863 reginze.
3270 3850 3279 3853 ,

2300 3881 2648 3938 Devotionem
2713 3891 2856 3935 tuam
2903 3889 2958 3935 et
3002 3880 3163 3936 ﬁdem
3211 3896 3372 3951 quam
3422 3880 3808 3937 sublimitatem

2230 3984 2377 4031 tuam
2456 3975 2603 4029 circa
2659 3973 2940 4028 beatorum
3014 3973 3382 4045 apostolorum
3452 3975 3812 4029 reverentiam

2229 4067 2430 4123 habere
2452 4066 2804 4137 perspicimus
2838 4074 3212 4136 agnoscentes,
3230 4065 3420 4135 dignas
3436 4064 3671 4121 Domino
3689 4064 3812 4119 Jesu

2228 4156 2445 4214 Christo
2473 4158 2754 4212 retulimus
2777 4158 3002 4228 gratias.
3033 4156 3164 4211 Nam
3194 4168 3249 4213 et
3298 4172 3585 4211 munerum
3606 4166 3815 4212 vestrm

2228 4263 2348 4302 rum
2385 4248 2611 4303 diversis
2652 4247 2936 4315 speciebus
2980 4245 3176 4301 oblatis
3229 4260 3334 4300 non
3389 4255 3500 4299 tam
3547 4261 3770 4300 censum
3796 4285 3814 4309 ,

2228 4355 2387 4410 quam
2414 4340 2558 4410 pium
2575 4338 2974 4394 considerantes
2985 4338 3236 4394 aﬁ‘ectum
3256 4338 3451 4407 regina:
3470 4339 3711 4394 Austria:
3733 4340 3818 4393 in-

2228 4430 2492 4485 dustriam
2538 4438 2681 4484 tuam
2720 4429 3075 4500 przetulimus.
3112 4428 3390 4498 Siquidem
3426 4437 3577 4484 tanto
3627 4444 3814 4484 coram

548 4532 701 4577 terna
727 4521 894 4593 gloria
920 4538 934 4575 :
961 4521 1049 4578 ubi
1073 4519 1341 4577 videbitur
1368 4522 1510 4577 Deus
1538 4521 1695 4576 sicuti
1720 4530 1823 4587 est,
1855 4530 1909 4577 et
1935 4536 2126 4577 omnes
2152 4507 2205 4566 Ῑ)
2230 4520 2384 4576 nobis
2411 4520 2632 4591 gratius,
2659 4508 2820 4589 quam
2846 4518 3083 4588 praefata:
3130 4519 3351 4590 regium,
3384 4528 3563 4572 vestra
3592 4536 3817 4574 munera

468 4641 475 4649 -
520 4609 674 4681 ηυξ.ιί
715 4626 837 4665 cum
869 4611 959 4666 illo
1005 4608 1325 4681 regnabant,
1378 4621 1433 4666 et
1473 4625 1695 4680 regnum
1739 4612 1982 4680 ipsorum
2027 4623 2127 4664 nec

549 4699 798 4755 terminis
821 4699 1179 4770 angustiatur,
1226 4714 1327 4754 nec
1353 4699 1554 4768 praeliis
1582 4698 1835 4765 agitatur,
1871 4713 1973 4754 nec
2016 4697 2121 4752 ﬁne

549 4792 908 4858 concluditur,
935 4808 1033 4847 nec
1056 4790 1519 4846 consummatione
1551 4787 1754 4843 ﬁnitur.
1784 4789 1935 4857 Quod
1962 4804 2126 4860 agno-

549 4889 762 4943 scentes
792 4897 910 4946 nos,
938 4882 1026 4952 qui
1054 4880 1210 4935 ﬁdem
1240 4879 1441 4935 Christi
1466 4888 1731 4944 tenemus,
1759 4888 1813 4933 et
1833 4878 2125 4933 Christiani

471 4994 482 5033 ι
550 4984 830 5037 vocamur,
860 4972 1129 5027 credimus
1157 4971 1209 5025 in
1239 4971 1433 5042 ipsum,
1463 4972 1552 5039 qui
1576 4969 1733 5023 talem
1784 4970 1937 5024 nobis
1961 4970 2126 5022 vitam

555 5070 611 5117 et
635 5078 856 5133 regnum
884 5066 1150 5135 promisit,
1177 5074 1242 5121 ac
1281 5064 1448 5120 multo
1474 5063 1703 5135 amplius
1749 5063 1823 5118 illi
1862 5063 2129 5117 servimus

507 5202 525 5238 "
555 5283 570 5287 _
624 5212 829 5287 {Apud
855 5212 1043 5285 Lunig.
1070 5213 1320 5286 Spicileg.
1349 5217 1530 5287 pagin.
1556 5216 1646 5280 75,
1673 5216 1762 5271 ubi
1787 5216 1993 5286 pariter
2012 5215 2130 5271 hate

554 5282 979 5358 bulla_ltabetur_,
996 5282 1153 5358 recte
1174 5282 1366 5358 legitur
1385 5304 1400 5339 :
1424 5282 1626 5341 decimo
1645 5282 1847 5355 quanio.

629 5352 655 5392 δ
696 5352 898 5427 Estliic
929 5352 1373 5427 lloricusjtﬁiior,
1401 5358 1490 5425 qui
1518 5352 1892 5427 pueri-tignum
1920 5358 2129 5427 accepit

558 5436 698 5496 anno
721 5422 847 5496 854,
875 5434 927 5477 et
950 5423 1092 5496 ultra
1116 5422 1256 5481 anno
1277 5428 1399 5490 888,
1418 5422 1531 5496 quo
1559 5422 1778 5482 sanctuis
1804 5422 2126 5481 lietnbert'us

555 5492 809 5567 decessit,
838 5494 1074 5567 creditur
1112 5511 1364 5567 regnasse
1415 5492 1616 5551 {hunc
1654 5514 1682 5549 a
1727 5500 1782 5551 S.
1829 5498 2129 5551 Ansehario

515 5592 528 5614 ο
552 5562 1321 5638 placatum_Cltristianit;ttetn
1352 5568 1653 5638 suscepisse
1695 5570 1920 5638 suisque
1955 5570 2130 5622 omni-

594 5650 677 5705 us,
725 5641 781 5686 ut
826 5632 1118 5689 Christiani
1160 5635 1350 5705 fierent
1395 5652 1488 5705 per
1512 5632 1770 5693 'edietunt
1818 5632 2127 5701 mandasse,

552 5702 796 5757 scribunt
825 5707 1057 5761 Adamus
1083 5722 1133 5761 c.
1160 5704 1252 5772 ‘28,
1303 5716 1355 5759 et
1394 5702 1644 5761 Albertus
1673 5706 1737 5761 ad
1765 5724 1963 5762 annum
2000 5709 2123 5765 858.

2227 4621 2480 4682 suscepta
2502 4621 2652 4676 sunt,
2683 4621 2885 4680 quanto
2917 4609 3003 4663 illa
3024 4609 3256 4681 mortali,
3288 4620 3343 4663 tu
3368 4624 3516 4673 vero,
3547 4609 3657 4662 ﬁlia
3683 4611 3812 4664 cha-

2226 4704 2463 4771 rissima,
2495 4703 2782 4758 immortali
2826 4702 2958 4774 regi,
2986 4710 3042 4755 et
3070 4700 3324 4756 Ecclesiae
3354 4702 3524 4771 ipsius
3552 4702 3813 4771 principi-

2226 4796 2348 4861 bus,
2385 4797 2618 4865 quicum
2648 4808 2711 4849 co
2742 4793 2968 4848 feliciter
2990 4802 3233 4863 regnant,
3276 4802 3331 4847 et
3374 4793 3528 4847 vobis
3558 4792 3814 4847 interces-

2228 4886 2472 4942 sienibus
2519 4888 2633 4940 suis
2678 4885 2870 4939 solatia
2949 4881 3277 4946 conferunt,
3329 4882 3468 4935 dona
3536 4898 3644 4935 non
3707 4894 3812 4937 tant

2230 4978 2619 5047 corruptibilia,
2652 4992 2810 5045 quam
2832 4991 3045 5043 semper
3068 4989 3341 5035 mansura,
3372 4983 3426 5027 et
3471 4982 3600 5027 ante
3652 4974 3813 5028 Deum

2223 5064 2427 5139 jngiter
2462 5065 2707 5122 ﬂorentia
2734 5066 3024 5121 obtulistis.
3075 5065 3142 5119 Et
3185 5080 3394 5137 revera,
3435 5065 3481 5118 si
3517 5064 3663 5120 illus
3698 5081 3814 5135 qua:

2234 5220 2346 5275 Ιηιο
2370 5234 2540 5291 regem
2570 5217 2767 5281 Datim,
2794 5217 2884 5291 qui
2922 5217 3191 5291 Danorum
3235 5224 3335 5278 est,
3368 5230 3397 5268 a
3430 5213 3506 5291 _S.
3542 5214 3812 5291 Ιζςηιρειςιο

2237 5287 2557 5357 baptizatum
2582 5304 2712 5353 esse,
2748 5289 3001 5351 traditur,
3048 5289 3101 5340 in
3128 5297 3309 5341 vetere
3335 5287 3545 5354 scripto
3562 5287 3816 5341 Ecclesia

2238 5359 2547 5415 Bremensis
2570 5376 2674 5412 una
2705 5374 2825 5412 rum
2861 5357 3091 5412 llistoria
3122 5357 3653 5424 archiepiscoporum
3694 5357 3814 5410 Bre-

2227 5432 2495 5484 mt-nsitttu
2547 5440 2664 5497 pust
2711 5429 2971 5481 Adamunt
3014 5427 3175 5480 edito.
3223 5424 3351 5492 Quae
3378 5429 3659 5497 illlil’tttlllll‘
3692 5441 3814 5478 nus-

2230 5518 2389 5571 quam
2423 5502 2475 5552 in
2513 5496 2763 5571 VitagSS.
2796 5497 3078 5571 Anscharii
3110 5500 3197 5571 aut
3240 5496 3513 5571 [leniberli
3559 5496 3811 5565 proferri.

2234 5567 2307 5626 Ex
2339 5574 2441 5626 hac
2459 5569 2685 5637 epistola
2726 5583 2849 5623 eum
2879 5567 3202 5623 Christianis
3236 5567 3434 5637 favisse
3471 5577 3715 5637 constat,
3760 5576 3817 5637 et

2230 5658 2297 5698 ex
2320 5643 2469 5698 Actis
2495 5636 2551 5694 S.
2575 5639 2858 5695 Anscharii
2886 5638 3198 5708 permisisse
3220 5636 3449 5695 subditis
3471 5636 3637 5695 Iidem
3664 5636 3816 5695 Cliti-

2233 5711 2323 5777 Sli,
2354 5713 2394 5765 si
2422 5711 2635 5775 \cllcul,
2658 5709 2927 5765 alllDiCCli.
