4070 6310
587 340 694 397 833

1934 333 2203 392 NICOLAI
2243 336 2323 391 PA
2333 337 2441 392 ΡιιΕ
2485 338 2501 379 Ι

3747 332 3856 392 886

587 453 893 517 flectimus;
923 467 1083 522 qualn
1114 452 1295 519 utique
1327 447 1426 503 nisi
1458 456 1606 502 tanto
1637 445 1836 500 amoris
1865 445 2010 500 cultu
2039 445 2166 500 dili-
2191 457 2242 508 Α
2272 448 2597 518 respondere
2644 448 2750 502 tuis
2795 447 3088 518 spatiosius
3118 459 3447 514 nequeamus
3471 446 3812 502 consultibus

591 557 864 614 geremus,
894 556 1229 611 nequaquam
1277 545 1424 594 tanto
1461 537 1651 592 affectu
1683 536 1751 591 ad
1787 535 2165 591 declinandum

589 649 620 687 a
677 632 894 703 pravis,
945 631 1012 684 ad
1071 629 1380 705 sectandam
1433 629 1741 697 aequitatem
1795 626 2161 681 incitaremus.

589 721 745 779 Unde
771 723 870 776 sub
898 721 1091 775 divina:
1116 720 1410 790 majestatis
1441 734 1537 773 vos
1570 719 1767 772 intuitu
1793 718 2162 782 convenimus,

589 823 645 868 et
685 827 866 868 coram
906 811 1107 866 sanctis
1149 811 1372 882 angelis,
1409 818 1464 866 et
1507 810 1680 865 beatis
1719 809 1976 880 apostolis
2023 807 2164 877 ejus,

587 903 782 957 merito
809 901 1176 957 interdicimus
1204 909 1259 956 et
1289 909 1676 967 contestamur,
1708 910 1766 956 ut
1796 900 2164 956 sinceritatem

585 993 980 1048 communionis
1012 1005 1206 1048 vestra:
1243 993 1388 1047 nulla
1427 991 1793 1062 praefatorum,
1827 990 2162 1060 Theutgaudi

584 1085 788 1142 scilicet
818 1095 872 1140 et
911 1082 1218 1150 Guntharii,
1255 1084 1338 1139 vel
1375 1082 1666 1139 faventium
1701 1082 1804 1137 illis
1841 1081 2164 1150 contagione

580 1176 852 1248 polluatis,
899 1192 1001 1232 nec
1044 1176 1302 1232 societate
1337 1176 1596 1246 ipsorum,
1639 1173 1722 1229 vel
1751 1175 1828 1230 eis
1867 1175 2165 1248 communi-

581 1265 1092 1332 cantium,vestram
1115 1265 1473 1320 innocentiam
1498 1264 1888 1335 eorrumpatis:
1912 1264 1956 1318 si
1983 1241 2162 1320 tamen

581 1366 781 1412 nostra:
819 1355 1212 1411 communionis
1254 1364 1310 1411 et
1348 1355 1630 1410 eharitatis
1668 1355 1976 1424 participes,
2025 1355 2165 1408 sicut

581 1465 727 1506 nunc
773 1465 966 1519 usque,
1007 1448 1237 1504 inveniri
1275 1464 1374 1519 per
1401 1449 1628 1520 gratiam
1663 1447 1756 1502 Dei
1795 1446 2109 1501 desideratis
2143 1459 2158 1499 :

578 1537 665 1594 vel
707 1538 755 1594 si
789 1539 890 1610 ipsi
934 1538 1218 1604 resultare,
1263 1537 1348 1593 vel
1397 1537 1618 1592 minime
1663 1537 2006 1606 acquiescere
2052 1536 2160 1603 his,

577 1646 699 1701 quae
740 1646 773 1686 a
803 1630 960 1686 nobis
987 1640 1174 1693 contra
1211 1645 1270 1687 se
1295 1630 1630 1702 promulgata
1677 1637 1820 1693 sunt,
1852 1627 1991 1683 forte
2025 1643 2162 1697 prm-

577 1721 926 1793 sumpserint.
956 1721 1168 1792 Alioqui
1204 1723 1396 1778 scitote
1429 1737 1524 1778 vos
1568 1723 1636 1776 ab
1679 1721 1984 1792 apostolicae
2015 1720 2161 1775 sedis

2267 547 2446 593 tamen
2476 547 2664 593 sancto
2710 547 2801 592 tuo
2849 536 3162 592 satisfacere
3213 535 3484 590 desiderio
3525 536 3853 607 cupientes,

2265 631 2444 701 aliqua
2474 647 2541 686 ex
2568 631 2654 687 bis
2680 631 2980 702 inspirante
3015 631 3126 685 Deo
3170 628 3370 683 cursim
3419 643 3694 700 exponere
3737 644 3852 684 non

2263 722 2581 777 omittimus.

2335 811 2375 865 Ι.
2406 810 2452 864 Α
2479 811 2880 882 chorepiseopis
2919 812 3124 866 asseris
3159 811 3357 866 multas
3381 826 3501 866 esse
3525 811 3579 865 in
3613 811 3853 880 regioni-

2263 901 2366 957 bus
2386 902 2958 958 vestrisordinationes
2971 903 3408 974 presbyterorum
3423 911 3476 956 et
3493 902 3851 957 diaeonornm

2264 991 2654 1062 elfectas,quos
2674 993 2891 1062 quidam
2916 993 3291 1063 episcoporum
3313 993 3850 1063 deponunt,quidam

2263 1095 2394 1135 vero
2420 1081 2598 1136 denuo
2623 1091 2967 1137 consecrant.
2995 1081 3106 1138 Nos
3132 1097 3258 1137 vero
3283 1083 3534 1146 dicimus,
3565 1098 3667 1136 nec
3695 1083 3855 1136 inno-

2264 1180 2451 1228 centes
2473 1184 2728 1243 oportere
2753 1175 2995 1245 percelli,
3025 1190 3126 1230 nec
3157 1175 3294 1230 ullas
3325 1177 3525 1231 debere
3553 1177 3670 1230 fieri
3698 1191 3854 1230 reor-

2265 1263 2586 1327 dinationes,
2620 1265 2707 1320 vel
2735 1267 2958 1322 iteratas
2987 1267 3440 1322 consecrationes.
3487 1266 3570 1322 Ad
3613 1266 3850 1321 formam

2263 1355 2406 1410 enim
2436 1354 2790 1427 Septuaginta
2815 1359 3184 1428 chorepiscopi
3213 1357 3338 1413 facti
3365 1366 3490 1413 sunt
3515 1398 3530 1423 ,
3561 1373 3703 1428 quos
3728 1359 3854 1428 quis

2263 1447 2472 1503 dubitet
2490 1450 2863 1518 episcoporum
2891 1449 3145 1505 habuisse
3165 1449 3337 1504 ofﬁcia
3357 1450 3382 1502 ?
3411 1447 3517 1503 Sed
3550 1450 3679 1518 quia
3706 1449 3848 1502 sacri

2263 1555 2501 1596 canones
2528 1549 2714 1596 vetant
2753 1556 2824 1597 ne
2859 1557 3048 1598 omnes
3085 1542 3187 1597 sibi
3228 1543 3407 1596 omnia
3453 1541 3753 1603 vindicent,
3783 1557 3848 1593 ac

2261 1644 2360 1700 per
2390 1631 2492 1685 hoc
2521 1631 2756 1702 dignitas
2778 1631 3152 1701 episcoporum
3179 1631 3244 1684 ad
3267 1631 3689 1700 chorepiscopos
3720 1646 3848 1684 suos

2260 1722 2511 1776 videatur
2541 1720 2872 1786 transferri,
2916 1721 3115 1792 ﬁatque
3142 1721 3303 1776 vilior
3347 1722 3522 1775 honor
3561 1722 3802 1791 episcopi
3828 1763 3845 1782 .

577 1812 976 1879 communione,
1005 1811 1176 1883 gratia
1199 1823 1254 1868 et
1293 1828 1447 1882 pace,
1470 1812 1947 1882 perpetua'nostrae
1973 1817 2157 1864 aucto—
2187 1826 2233 1886 Β
2261 1811 2604 1867 decernimus
2627 1811 2758 1865 nihil
2781 1811 2835 1866 in
2858 1813 2961 1867 hoc
2989 1820 3186 1882 praeter
3213 1811 3426 1882 regulas
3449 1812 3682 1866 ulterius
3706 1812 3844 1866 fieri.

577 1904 755 1961 ritatis
777 1903 1043 1959 sententia
1065 1903 1482 1974 sequestrandos
1512 1920 1527 1956 :
1556 1903 1663 1958 imo
1685 1903 1826 1972 quod
1853 1901 1927 1956 illi
1950 1899 2158 1971 experti

576 2005 725 2062 sunt,
764 1996 904 2051 sicut
927 1995 1054 2050 olim
1085 1995 1441 2062 decrevimus,
1479 2011 1574 2052 vos
1599 2011 1810 2065 quoque
1849 1995 1984 2058 fore,
2016 1993 2159 2063 quod

576 2105 686 2146 non
736 2097 1000 2159 optamus,
1033 2090 1248 2158 penitus
1287 2089 1624 2144 incursuros.
1656 2087 1855 2143 Verum
1891 2096 1950 2142 ut
1993 2101 2158 2139 unum

573 2194 674 2235 vos
704 2180 984 2236 nobiseum
1029 2194 1219 2249 sapere
1259 2188 1315 2236 et
1359 2180 1494 2235 velle
1540 2180 1796 2250 liquidius
1835 2177 2156 2241 ostendatis,

574 2271 861 2326 hortamur
884 2279 1150 2340 quatenus
1177 2271 1332 2326 binos
1359 2271 1426 2326 de
1458 2271 1681 2343 collegio
1718 2269 2039 2326 sacerdotali
2069 2282 2160 2324 ve-

573 2369 703 2416 stra:
745 2361 1048 2417 sanctitatis
1093 2360 1327 2432 legatos,
1372 2363 1615 2418 omnium
1663 2371 1966 2418 vestrorum
2010 2362 2159 2418 vices

575 2462 817 2522 agentes,
857 2453 1000 2530 circa
1044 2452 1310 2508 Kalendas
1347 2453 1666 2510 Novembris
1705 2455 1772 2509 ad
1809 2454 2157 2525 apostolicam

575 2546 759 2600 sedem
791 2545 1062 2602 destinare
1099 2545 1300 2602 curetis
1330 2563 1345 2601 :
1377 2560 1486 2616 quo
1523 2555 1927 2616 temeratorum,
1963 2549 2159 2605 semel-

575 2652 683 2707 que
717 2637 1112 2704 damnatorum,
1148 2647 1203 2694 et
1231 2639 1397 2696 totius
1428 2640 1554 2696 mali
1581 2650 1886 2710 auctorum,
1921 2645 2154 2700 recidiva

575 2728 836 2784 radicitus
872 2737 1148 2799 amputata
1181 2731 1618 2802 praesumptione,
1665 2742 1864 2788 sancta:
1900 2734 2157 2790 Ecclesia:

573 2837 638 2876 ex
678 2837 738 2878 se
763 2821 978 2878 bonitas
1003 2831 1310 2894 generetur,
1354 2832 1412 2879 et
1449 2825 1644 2880 divinae
1680 2825 1928 2880 Trinitati
1973 2827 2156 2882 debita

574 2914 712 2980 laus,
751 2924 807 2971 et
835 2915 1129 2986 gratiarum
1161 2915 1432 2972 actionum
1461 2917 1787 2988 sempiterna
1817 2917 1986 2988 gloria
2018 2918 2158 2975 refe-

577 3017 748 3062 ratur.
773 3006 944 3062 Amen
974 3019 1023 3061 ο.

1274 3077 1456 3135 LXVI.

692 3182 761 3222 AD
801 3182 1081 3223 RODULI‘UI
1121 3184 1574 3225 ABCHIEPISCOPUH
1612 3187 2025 3228 IITURICENSEM.

1192 3260 1371 3330 (Anno
1398 3261 1547 3332 864.)

855 3351 1148 3425 Respondet
1175 3355 1289 3424 ejus
1317 3353 1502 3408 litteris
1529 3365 1574 3409 et
1604 3355 1874 3410 consultis.

1069 3446 1244 3520 [Apud
1279 3447 1472 3515 Mansi,
1498 3449 1652 3522 ἱὺίά.]

645 3557 916 3616 Nicouus
952 3559 1254 3631 episcopus,
1285 3576 1472 3616 servus
1503 3577 1780 3618 servorum
1819 3565 1948 3627 Dei,
2003 3581 2152 3621 reve-

571 3651 884 3707 rentissimo
909 3650 1170 3707 confratri
1223 3661 1410 3708 nostro
1449 3653 1705 3711 Ronunro
1730 3664 1928 3712 sancta:
1959 3658 2154 3712 Bituri-

569 3741 748 3797 ccnsis
779 3740 1033 3796 Ecclesiae
1058 3743 1485 3812 archiepiscopo.

645 3833 926 3904 Susceptis
949 3835 1298 3891 beatitudinis
1326 3834 1449 3908 [al.,
1481 3835 1884 3910 sanctitudinis]
1917 3847 2023 3892 tute
2059 3837 2149 3892 lit-

572 3924 726 3986 teris,
760 3922 1082 3977 humilitatis
1117 3923 1256 3978 dono
1303 3923 1538 3988 refertis,
1581 3933 2006 3995 cunctarumque
2037 3927 2148 3978 vir-

573 4019 753 4065 tutum
772 4009 995 4066 ﬂoribus
1021 4011 1302 4075 redimitis,
1321 4012 1643 4083 multiplices
1657 4015 1950 4084 gratiarum
1973 4015 2151 4070 cultus

572 4100 815 4155 omnium
858 4100 1120 4155 bonorum
1163 4103 1369 4157 auctori
1419 4105 1782 4173 rependintus,
1823 4115 2078 4175 tuamque
2118 4122 2150 4160 a

573 4188 759 4246 mauis
806 4198 954 4245 retro
1006 4192 1336 4262 temporibus
1376 4207 1506 4264 erga
1562 4194 1746 4250 sedem
1798 4196 2148 4265 apostolicam

573 4280 811 4352 agnitam
841 4279 1180 4337 devotionem
1213 4283 1502 4356 plurimum
1533 4285 1936 4352 collaudamus,
1986 4297 2151 4358 atque

571 4384 634 4429 ut
683 4373 738 4429 in
767 4375 871 4430 hoc
898 4374 1100 4430 salubri
1132 4378 1408 4447 proposito
1450 4393 1798 4448 perseveres,
1835 4381 2149 4436 fraternita-

570 4476 681 4522 tem
716 4474 862 4522 tuam
887 4466 1139 4523 obnixius
1167 4469 1538 4525 adhortantur.
1577 4470 1668 4527 Sic
1689 4472 1835 4527 enim
1862 4483 1918 4530 et
1949 4486 2150 4531 sanetae

570 4558 1001 4615 conversationis
1023 4559 1215 4630 pedem
1240 4574 1348 4628 quo
1373 4562 1593 4617 tendere
1623 4561 1844 4629 debeas,
1872 4545 2149 4634 perspica-

569 4649 689 4706 eius
715 4664 1050 4720 pmnoscerc
1078 4650 1363 4719 poteris,et
1389 4651 1826 4719 supervenientia
1858 4669 2149 4723 pravorum

566 4741 745 4813 jacula
773 4741 1069 4810 praevidere
1095 4751 1151 4797 et
1174 4743 1450 4823 declinare
1480 4743 1701 4799 liberius
1743 4746 2018 4802 revelante
2045 4748 2150 4804 Dec

549 4834 721 4915 .mino
745 4830 1084 4902 praevalebis,
1116 4835 1160 4889 si
1191 4835 1246 4890 in
1277 4835 1586 4905 apostolica:
1628 4837 1772 4892 sedis
1812 4847 1965 4908 petra
1996 4856 2148 4898 more

570 4921 836 4992 majorum
874 4921 1184 4991 praesidium
1219 4931 1370 4979 tuum
1402 4924 1701 4992 locaveris,
1730 4925 1950 4997 ejusque
1979 4928 2100 4985 fidei
2128 4970 2144 4996 ,

569 5012 847 5079 doctrinae,
874 5014 960 5070 vel
985 5014 1240 5081 decretis,
1267 5019 1473 5072 arctius
1497 5018 1759 5074 inhmrere
1781 5022 2144 5087 contenderis,

567 5119 734 5174 quam
753 5104 841 5160 ille
863 5122 961 5161 sua
984 5108 1219 5162 sacravit
1242 5109 1502 5175 sessione,
1520 5125 1680 5179 quem
1704 5111 1966 5168 Dominus
1991 5111 2152 5170 Jesus

567 5199 822 5256 Christus
850 5201 1104 5257 Ecclesiae
1134 5219 1245 5259 suae
1272 5206 1505 5274 primum
1540 5216 1595 5261 et
1643 5209 1881 5279 speciale
1913 5211 2151 5268 retinere

565 5291 870 5361 fastigium,
912 5294 1040 5363 quin
1089 5305 1144 5350 et
1193 5299 1430 5354 caelestis
1478 5301 1605 5355 atrii
1635 5301 1831 5374 delegit
1879 5319 2149 5360 summum

567 5385 900 5441 constituere
915 5385 1227 5455 janitorem.
1250 5389 1414 5462 Igitur
1445 5393 1510 5447 de
1537 5409 1645 5463 quo
1670 5393 1960 5464 loquimur,
1992 5395 2150 5452 beato

571 5476 824 5533 videlicet
879 5477 1086 5546 Petro,
1145 5484 1392 5553 quamvis
1457 5485 1617 5541 solito
1676 5503 1822 5544 nunc
1868 5491 2150 5561 angustius

572 5568 960 5628 ecclesiasticis
1016 5574 1185 5630 simus
1237 5577 1486 5647 occupati
1544 5579 1804 5649 negotiis,
1857 5587 1912 5634 et
1967 5581 2036 5636 ob
2095 5581 2148 5636 id

2179 3175 2226 3238 C

2332 1905 2394 1959 ll.
2429 1904 2505 1978 [9,
2535 1921 2591 1976 q.
2615 1906 2666 1967 5,
2695 1903 3065 1978 ϐοηᾳιιιιειιιε.]
3083 1904 3440 1977 (Conquestus
3463 1915 3549 1960 est
3567 1905 3842 1974 apostola-

2261 2001 2338 2054 tui
2379 2007 2566 2054 nostro
2604 1997 2774 2052 frater
2820 2007 3006 2053 noster
3061 1997 3359 2068 Sigebodus
3400 1998 3848 2068 archiepiscopus

2261 2091 2645 2152 Narbonensis,
2663 2090 2806 2160 quod
2823 2089 3052 2145 clericos
3071 2106 3198 2145 suos
3219 2105 3286 2145 eo
3301 2091 3470 2144 invito
3490 2091 3557 2143 ad
3578 2089 3846 2156 judicium

2261 2191 2410 2236 tuum
2441 2182 2627 2235 venire
2658 2180 2973 2251 compellas,
3001 2189 3057 2234 et
3103 2181 3168 2235 de
3215 2179 3373 2235 rebus
3420 2180 3490 2234 ad
3542 2180 3845 2235 Ecclesiam

2259 2290 2412 2330 suam
2443 2273 2860 2344 pertinentibus,
2891 2287 2962 2327 eo
3004 2271 3338 2335 inconsulto,
3389 2272 3543 2340 quasi
3586 2271 3712 2340 jure
3753 2287 3843 2341 pa-

2261 2367 2588 2423 triarchatus
2613 2367 2687 2420 tui
2716 2366 3010 2437 disponas:
3034 2379 3156 2420 cum
3185 2365 3287 2420 hoc
3314 2379 3487 2433 neque
3517 2365 3846 2433 antiquitas,

2260 2461 2344 2516 cui
2369 2459 2540 2515 sancti
2579 2458 2768 2514 Patres
2791 2465 3090 2513 sanxerunt
3125 2457 3501 2520 reverentiam,
3541 2456 3768 2520 habeat,
3790 2467 3843 2512 et

2259 2553 2557 2608 auctoritas
2593 2561 2904 2606 sanctorum
2943 2565 3208 2605 canonum
3244 2550 3460 2619 penitus
3504 2549 3836 2613 interdicat,

2259 2647 2361 2702 nisi
2403 2645 2540 2701 forte
2590 2659 2688 2714 pro
2737 2643 2956 2709 causis,
2999 2658 3118 2713 qua:
3163 2643 3302 2711 apud
3333 2657 3392 2697 se
3420 2641 3706 2696 terminari
3734 2657 3836 2695 non

2258 2745 2505 2808 possunt,
2535 2737 2601 2790 ad
2643 2745 2694 2790 te
2717 2735 2871 2805 quasi
2897 2735 2964 2788 ad
2992 2733 3359 2804 patriarcham
3383 2747 3540 2787 suum
3580 2747 3840 2802 provoca-

2259 2828 2436 2884 verint
2479 2843 2575 2897 per
2608 2825 2993 2896 appellationes
3013 2865 3028 2889 ,
3069 2823 3155 2879 vel
3189 2823 3237 2878 si
3265 2823 3548 2894 episcopus
3578 2839 3712 2878 suus
3745 2823 3836 2877 de-

2259 2922 2506 2984 cesserit,
2548 2936 2635 2975 res
2678 2919 2932 2974 Ecclesiae
2980 2933 3091 2972 sua:
3135 2915 3340 2986 judicio
3385 2925 3478 2970 tuo
3523 2915 3838 2987 dispensare

2260 3012 2569 3082 voluerint.)
2603 3013 2871 3066 Primates
2919 3010 3064 3065 enim
3089 3049 3105 3074 ,
3153 3009 3236 3063 vel
3270 3007 3612 3078 patriarchas
3638 3048 3651 3071 ,
3707 3007 3838 3061 nihil

2258 3106 2521 3177 privilegii
2544 3105 2743 3160 habere
2766 3117 2876 3174 pra:
2903 3101 3112 3157 caeteris
3132 3100 3416 3171 episc0pis,
3445 3099 3550 3154 nisi
3573 3107 3834 3168 quantum

2257 3196 2395 3252 sacri
2426 3210 2660 3251 canones
2686 3193 3008 3257 concedunt,
3057 3201 3112 3248 et
3153 3192 3332 3264 prisca
3355 3189 3694 3246 consuetudo
3735 3189 3834 3242 illis

2257 3289 2554 3359 antiquitus
2576 3286 2803 3342 contulit
2828 3325 2843 3351 ,
2873 3283 3161 3341 diﬂinimus
3193 3301 3207 3337 :
3233 3284 3306 3337 ita
3333 3291 3392 3336 ut
3417 3280 3716 3336 secundum
3742 3278 3829 3332 Ni-

2256 3397 2433 3436 catnas
2485 3377 2696 3449 regulas
2742 3392 2839 3432 sua
2890 3374 3167 3446 privilegia
3222 3379 3509 3427 serventur
3557 3367 3822 3427 ecclesiis,

2254 3480 2611 3541 prmterquam
2641 3469 2685 3524 si
2724 3467 3018 3538 apostolica
3047 3466 3203 3520 sedes
3231 3464 3464 3532 aliquam
3503 3458 3824 3521 Ecclesiam,

2254 3561 2338 3615 vel
2385 3569 2650 3614 rectorem
2679 3559 2885 3628 ipsius,
2915 3556 3155 3628 quolibet
3185 3552 3406 3624 speciali
3436 3549 3717 3622 privilegio
3744 3548 3826 3603 de-

2255 3651 2486 3707 creverit
2511 3651 2797 3705 honorare.
3139 3664 3144 3668 '

2327 3744 2409 3800 Ill.
2443 3743 2712 3816 [Distinct.
2740 3741 2829 3798 25.
2867 3735 3177 3806 Ρνωιει·εα.]
3205 3736 3470 3791 Praeterea
3497 3732 3786 3788 sciscitaris
3805 3769 3820 3791 ,

2254 3848 2435 3892 utrum
2478 3835 2609 3890 solis
2657 3831 2984 3904 presbyteris
3021 3847 3087 3884 an
3119 3838 3175 3883 et
3201 3825 3520 3881 diaconibus
3564 3825 3820 3884 debeant,

2253 3945 2377 3984 cum
2405 3927 2747 3990 ordinantur,
2785 3939 2978 3978 manus
3019 3921 3328 3976 chrismatis
3350 3919 3561 3988 liquore
3587 3915 3820 3987 perungi.

2253 4022 2404 4090 Quod
2452 4021 2504 4075 in
2551 4029 2738 4074 sancta
2784 4018 2886 4071 hac
2925 4015 3188 4077 Romana,
3216 4013 3302 4068 cui
3336 4011 3447 4065 Deo
3485 4018 3712 4064 auctore
3749 4007 3826 4062 de-

2253 4113 2540 4172 servimus,
2571 4107 2814 4164 Ecclesia
2848 4105 3052 4159 neutris
3080 4103 3274 4173 agitur.
3317 4100 3423 4155 Sed
3459 4107 3512 4152 et
3553 4099 3681 4168 quia
3711 4097 3825 4152 sita

2254 4221 2404 4259 nova:
2433 4203 2565 4270 legis
2587 4199 2847 4254 ministris
2881 4204 3084 4259 actum,
3132 4207 3416 4263 nusquam,
3439 4190 3546 4245 nisi
3570 4206 3672 4244 nos
3692 4187 3829 4242 fallat

2254 4295 2474 4359 oblivio,
2508 4292 2755 4362 legimus.
2788 4289 2928 4359 Ergo
2956 4285 3022 4341 ad
3062 4285 3204 4340 beati
3242 4282 3540 4346 innocentii
3571 4295 3720 4351 papa:
3748 4294 3830 4334 ca-

2252 4385 2445 4440 nonica
2481 4383 2697 4437 decreta
2729 4379 3068 4435 sanctitatem
3102 4386 3248 4430 tuam
3280 4373 3705 4428 transmittimus
3736 4387 3749 4424 :
3780 4379 3831 4424 et

2254 4491 2374 4546 qua:
2404 4475 2496 4530 tibi
2527 4474 2637 4528 sint
2665 4473 2718 4527 in
2764 4466 3264 4527 consecrationibus
3307 4472 3362 4520 et
3406 4462 3830 4518 ordinationibus

2176 4533 2226 4593 θ
2254 4533 2614 4629 observanda,
2651 4563 2918 4634 principia
2940 4560 3151 4632 pagina:
3171 4559 3240 4614 ad
3261 4557 3578 4613 Decentium
3605 4553 3831 4627 Eugubi-

2255 4677 2384 4717 num
2422 4661 2732 4731 episcopum
2763 4657 2940 4712 inissa:
2971 4664 3025 4710 te
3061 4652 3264 4706 affatim
3299 4649 3623 4706 edocebunt.

2324 4753 2416 4810 ιν.
2453 4753 2528 4808 De
2565 4753 2650 4807 his
2686 4765 2813 4806 vero
2842 4750 2933 4819 qui
2964 4762 3064 4818 pro
3102 4745 3420 4801 criminibus
3461 4738 3828 4811 pcenitentiam

2253 4857 2465 4919 gerunt,
2503 4853 2556 4899 et
2588 4843 2656 4898 ad
2682 4841 2954 4914 cingulum
2983 4840 3190 4896 militia:
3217 4844 3586 4896 revertuntur,
3627 4838 3831 4887 constat

2255 4953 2351 4992 eos
2381 4946 2572 4992 contra
2602 4949 2788 4989 sacras
2814 4932 3023 5004 regulas
3055 4945 3234 5002 agere.
3266 4927 3468 4983 Verum
3498 4921 3627 4994 quia
3655 4919 3827 4976 crimio

2253 5044 2323 5084 na
2341 5044 2444 5082 non
2467 5025 2690 5096 :equalia
2716 5032 2860 5088 sunt,
2877 5023 3238 5092 perhibesque
3259 5018 3394 5072 alios
3411 5015 3606 5071 horum
3622 5020 3830 5083 propter

2254 5119 2476 5174 nimiam
2511 5115 2891 5172 hebetudinem
2920 5114 2974 5167 in
3003 5110 3435 5182 desperationem
3465 5107 3679 5168 adesse,
3704 5103 3829 5156 alios

2254 5213 2324 5268 ob
2361 5213 2462 5267 hoc
2511 5209 2580 5264 ad
2618 5223 2856 5280 paganos
2883 5204 3083 5276 fugisse
3108 5243 3124 5267 ,
3167 5202 3262 5256 tibi
3308 5202 3414 5256 hoc
3447 5197 3828 5254 committimus

2253 5303 2648 5360 decernendum
2675 5342 2691 5365 ,
2737 5299 2989 5354 nimirum
3016 5295 3107 5364 qui
3136 5293 3252 5348 loca
3279 5302 3335 5346 et
3360 5299 3577 5359 tempus
3602 5285 3826 5356 regionis

2254 5395 2416 5458 illius,
2449 5393 2774 5459 modumque
2809 5387 2996 5458 eulpae,
3022 5400 3232 5440 necnon
3269 5391 3325 5436 et
3351 5378 3745 5451 paenitentiam,
3777 5383 3826 5427 et

2252 5487 2482 5558 gemitus
2498 5483 2772 5539 hominum
2800 5481 2866 5535 ad
2895 5475 3289 5534 confessionem
3317 5471 3669 5534 venientium,
3700 5481 3826 5540 pr:-

2256 5591 2381 5632 scus
2405 5575 2613 5646 positus
2650 5572 2917 5642 inspicere
2947 5569 3113 5624 vales.

637 5693 669 5756 ιλ
696 5683 777 5737 Ad
818 5683 975 5754 hujus
1015 5686 1255 5756 epistolae
1295 5687 1494 5743 calcem
1535 5698 1848 5746 annotatum
1886 5689 2062 5746 fuerat
2127 5691 2180 5746 in
2220 5689 2386 5745 veteri
2461 5687 2597 5743 libro
2632 5703 2642 5738 :
2682 5684 2811 5738 Ha‘c
2859 5676 3073 5737 recitata
3117 5690 3191 5736 est
3236 5677 3374 5749 apud
3420 5673 3718 5733 Sueuiom's
3751 5685 3825 5736 sg-

566 5753 779 5808 nodum.
