4070 6310
294 281 401 338 883

1483 277 1841 338 EPISTOLIE
1878 283 1919 337 Ε
1938 282 1965 335 l‘
2004 281 2341 337 DECRETA.

3432 283 3540 343 888

373 396 436 449 ν.
463 394 575 467 [30,
604 412 659 465 q.
690 397 741 453 1.
776 394 848 451 De
873 397 952 452 his
979 395 1115 469 qui]
1142 396 1220 453 De
1244 396 1329 452 his
1353 396 1442 466 qui
1461 396 1713 451 filiastros
1743 409 1869 449 suos
1897 400 1942 455 Λ
1974 392 2196 447 rabilem
2227 393 2509 449 diaconum
2537 401 2684 449 tuum
2726 394 3020 464 susceptis.
3048 394 3313 466 professio
3342 400 3540 467 sancti,-

297 486 368 538 ad
396 484 858 555 confirmationem
888 502 1070 542 coram
1099 486 1365 558 episcOpis
1414 495 1599 542 tenent
1624 527 1639 552 ,
1682 487 1737 541 id
1787 493 1873 541 est

298 576 394 645 qui
423 576 558 631 ﬁlios
581 579 765 633 uxoris
788 594 899 634 suae
922 579 989 634 de
1009 581 1127 636 viro
1150 580 1332 651 priori,
1357 579 1482 634 dum
1504 579 1870 634 cbrismantur

299 670 371 725 ab
393 670 679 741 episcopis,
703 686 867 742 super
885 686 946 727 se
965 673 1260 739 sustinent,
1287 672 1332 728 si
1365 672 1582 727 inscitia
1611 671 1751 726 sicut
1776 684 1870 724 as-

296 756 437 813 seris
466 756 547 822 fit,
595 758 722 814 licet
765 760 835 814 sit
883 770 1188 830 peccatum,
1216 769 1396 815 tamen
1439 773 1547 814 non
1589 773 1761 829 usque
1801 756 1871 812 ad

296 847 695 917 separationem
722 849 957 921 conjugii
996 851 1344 921 puniendum.
1392 849 1637 919 Lugeant
1663 857 1868 911 tamen,

295 948 354 991 et
393 939 548 1007 digna
588 940 906 1009 poenitentia
935 942 1037 997 hoc
1061 941 1358 1004 diluentes,
1388 940 1613 995 Domino
1639 937 1822 993 dicant
1848 950 1870 991 :

296 1029 498 1085 Delicza
531 1030 846 1100 ignorantiae
872 1047 1005 1087 mea:
1023 1048 1092 1088 ne
1116 1030 1442 1086 memineris.

370 1121 455 1176 Vl.
494 1119 608 1193 [35,
639 1138 694 1192 q.
717 1122 772 1176 2.
801 1121 1215 1194 Interfectores]
1247 1121 1626 1178 Interfectores
1651 1136 1869 1175 suarum

293 1215 608 1286 conjugum,
636 1230 759 1270 cum
803 1230 907 1271 non
932 1216 1084 1271 addis
1111 1214 1495 1275 adulterarum,
1538 1214 1620 1268 vel
1669 1212 1869 1283 aliquid

294 1305 624 1376 hujusmodi,
651 1305 777 1374 quid
810 1305 973 1369 aliud,
1007 1305 1109 1360 nisi
1153 1306 1434 1360 homicidae
1464 1304 1693 1359 habendi
1724 1310 1868 1368 sunt,

293 1412 362 1453 ac
393 1412 489 1467 per
515 1396 618 1453 hoc
645 1397 712 1453 ad
747 1397 1120 1469 paenitentiam
1154 1397 1476 1465 redigendi?
1507 1396 1704 1465 quibus
1737 1409 1868 1449 con-

286 1487 496 1562 iugium
522 1490 736 1560 penitus
765 1491 1077 1559 denegatur,
1124 1490 1364 1559 exceptis
1392 1487 1825 1543 adolescentibus
1850 1524 1867 1549 ,

292 1584 364 1639 de
392 1582 587 1654 quibus
614 1593 701 1638 est
729 1582 873 1638 beati
906 1582 1099 1639 Leonis
1134 1581 1389 1651 vigesima
1418 1579 1604 1650 quinta
1628 1579 1872 1633 decreta-

292 1673 425 1728 Iium
454 1672 661 1741 regula,
690 1672 799 1726 imo
829 1671 1155 1743 indulgentia
1183 1669 1536 1725 observanda.

1972 485 2098 540 tatis
2125 492 2247 550 tum,
2275 500 2381 556 qua
2411 494 2462 541 te
2488 486 2542 540 in
2566 484 2711 541 nullo
2736 500 2767 540 a
2792 486 2917 542 sede
2942 487 3230 556 apostolica
3257 487 3542 542 dissentire

1962 577 2304 644 manifestas,
2329 595 2596 651 quamque
2619 580 2773 637 nobis
2799 596 2830 637 a
2859 590 2912 637 te
2939 582 3115 637 minus
3136 596 3296 651 quam
3325 581 3393 636 ab
3419 578 3542 641 ullis

1971 668 2092 725 aliis
2135 668 2484 738 sperabamus
2511 669 2858 735 oll'erendam,
2896 687 2994 726 nos
3019 671 3307 740 plurimum
3332 668 3541 726 exhila-

1972 761 2131 815 ravit.
2156 758 2263 815 Sed
2291 759 2558 817 confessio
2577 761 2925 817 nihilominus
2943 761 2995 815 in
3026 760 3252 817 Domino
3268 759 3544 816 exsultare

1966 850 2119 908 fecit.
2164 852 2240 907 Eo
2284 852 2428 906 enim
2473 867 2580 922 quo
2606 852 2818 908 veniam
2863 851 3064 922 petitis,
3110 851 3397 920 deliquisse
3445 860 3542 904 vos

1967 943 2158 1015 procul
2189 944 2354 999 dubio
2378 944 2780 1000 demonstratis.
2824 944 2890 999 Et
2932 957 3116 998 revera
3158 941 3387 1011 qualiter
3427 940 3543 994 sine

1968 1036 2166 1093 delicto
2210 1037 2439 1092 evadere
2472 1020 2763 1107 poteratis.
2806 1036 2896 1106 qui
2944 1035 3191 1090 sedentes
3222 1034 3274 1088 in
3312 1030 3544 1087 concilio

1966 1130 2249 1194 vanitatis,
2277 1137 2334 1184 et
2368 1130 2412 1183 si
2455 1144 2561 1183 non
2607 1128 2850 1191 favendo,
2889 1137 3039 1183 certe
3064 1126 3290 1182 tacendo
3319 1142 3335 1191 ;
3363 1124 3545 1181 sinon

1958 1221 2278 1289 scribendo,
2319 1218 2560 1290 profecto
2592 1234 2698 1273 non
2724 1218 3055 1278 resistendo,
3103 1214 3344 1285 profanis
3379 1213 3546 1285 gestis

1971 1312 2317 1371 declaramini
2365 1310 2744 1366 consensisse?
2774 1309 2911 1363 Ecce
2954 1307 3097 1362 enim
3145 1305 3403 1360 Dominus
3450 1318 3547 1374 per

1964 1405 2285 1477 prophetam
2324 1403 2492 1458 dicit:
2528 1400 2691 1467 Quasi
2719 1401 2843 1454 tuba
2883 1398 3057 1454 exulta
3080 1414 3255 1453 uocem
3291 1404 3467 1459 tuam,
3495 1401 3547 1449 et

1971 1496 2226 1551 annuntio
2255 1494 2445 1565 populo
2469 1510 2584 1548 meo
2603 1491 2797 1547 scelera
2823 1506 3002 1545 eorum
3023 1488 3156 1560 (Isa.
3190 1496 3365 1559 Lvm).
3398 1486 3541 1555 Ergo

1970 1589 2061 1660 qui
2108 1603 2214 1642 non
2247 1585 2615 1651 annuntiasti,
2662 1583 2940 1653 peccasti:
2973 1588 3030 1636 et
3063 1580 3318 1650 quoniam
3359 1577 3543 1633 vidisti

1972 1688 2026 1736 et
2057 1680 2305 1744 tacuisti,
2350 1677 2537 1748 procul
2581 1675 2743 1731 dubio
2785 1671 3126 1729 consensisti.
3161 1670 3546 1725 Verumtamen

367 1762 477 1820 VII.
508 1764 679 1819 Porro
721 1761 903 1819 Gloria
940 1765 997 1818 in
1023 1762 1240 1819 excelsis
1273 1762 1382 1816 Deo
1422 1761 1492 1817 ab
1519 1759 1788 1831 episcopis
1814 1759 1866 1814 in

1976 1781 2276 1842 postquam,
2306 1744 2610 1824 vivificante
2637 1768 2832 1839 gratia,
2859 1774 2912 1820 te
2940 1765 3056 1821 fore
3097 1763 3424 1818 viviticatum
3452 1776 3551 1833 per

289 1869 452 1913 creua
489 1855 705 1912 Domini
733 1857 874 1912 inter
907 1856 1193 1911 missarum
1218 1855 1478 1909 solemnia
1510 1868 1658 1908 more
1687 1860 1871 1908 nostro

290 1947 524 2003 dicenda
552 1956 656 2003 est.
702 1946 876 2003 Pallio
920 1963 1050 2003 vero
1097 1947 1389 2017 apostolico
1420 1945 1607 2001 eadem
1660 1944 1747 2001 die
1794 1943 1871 1997 uti

293 2037 401 2093 illis
428 2038 559 2093 solis
586 2046 674 2094 est
697 2038 922 2104 licitum,
951 2038 1149 2108 quibus
1171 2037 1301 2093 solis
1324 2038 1393 2092 ab
1424 2036 1714 2106 apostolica
1744 2035 1871 2091 sede

292 2127 642 2197 permissum.

366 2217 493 2272 Haec
520 2217 736 2287 quidem
770 2218 912 2273 inter
938 2226 1088 2273 tanta
1124 2217 1613 2274 ecclesiasticorum
1657 2218 1871 2289 negotia

291 2309 476 2379 positi,
507 2308 599 2362 vix
633 2308 811 2364 saltim
866 2308 1177 2365 summatim
1229 2306 1558 2363 fraternitati
1608 2315 1715 2362 tua:
1748 2307 1873 2362 mit-

293 2400 455 2454 tenda
478 2397 867 2467 decerpsimus.
898 2397 1028 2465 Quae
1053 2398 1157 2454 nisi
1186 2396 1624 2469 incomparabilis
1655 2396 1872 2453 dilectio

290 2495 472 2543 vestra
503 2503 602 2543 nos
626 2496 926 2544 memorata
952 2489 1323 2544 vehementius
1350 2494 1700 2555 coarctasset,
1724 2503 1872 2565 nunc

293 2579 622 2649 respondere
665 2578 1000 2635 consultibus
1025 2578 1245 2643 vestris,
1284 2578 1584 2634 innumeris
1630 2578 1873 2647 impediti

296 2670 716 2745 necessitatibus
744 2711 760 2738 ,
817 2686 1109 2741 parumper
1154 2671 1545 2726 omitteremus.
1597 2668 1796 2726 Verum
1841 2684 1873 2722 a

293 2765 562 2821 charitate
608 2773 702 2820 tua
755 2780 924 2827 unum
988 2766 1089 2820 hoc
1150 2762 1462 2819 necessario
1499 2762 1870 2833 postulamus:
1912 2756 1924 2768 ’

291 2856 504 2912 scilicet
546 2864 606 2911 ut
646 2872 769 2912 cum
798 2856 1030 2926 aliquem
1056 2854 1195 2911 forte
1219 2855 1285 2909 ad
1314 2854 1662 2926 apostolicam
1689 2842 1872 2909 sedeiu

294 2948 529 3009 miseris,
558 2949 775 3002 studeat
801 2963 923 3002 eum
958 2956 1047 3002 tua
1075 2947 1384 3001 fraternitas
1420 2953 1870 3014 monere,.quate-

293 3055 397 3095 nus
423 3040 477 3094 in
506 3040 778 3096 redeundo
799 3054 905 3094 non
929 3054 1315 3110 usquequaque
1333 3038 1559 3094 festinus
1581 3046 1870 3109 appareat:

292 3149 360 3188 eo
386 3133 529 3201 quod
557 3133 797 3187 omnium
830 3130 922 3186 Dei
950 3132 1131 3187 ovium
1159 3171 1175 3195 ,
1221 3131 1363 3185 sicut
1403 3130 1516 3201 ipse
1544 3131 1710 3195 nosti,
1740 3143 1872 3185 cura

294 3224 745 3293 constringimur;
773 3208 975 3278 etcum
1010 3222 1248 3291 undique
1286 3221 1353 3277 ad
1393 3221 1575 3277 sedem
1617 3220 1875 3291 apostoli-

293 3330 416 3371 cam
451 3315 606 3369 multi
637 3315 849 3369 diversa
893 3320 1196 3384 quaerentes
1246 3310 1558 3375 confluant,
1612 3308 1877 3366 eﬂicimur

295 3407 432 3465 tardi
477 3408 544 3461 ad
591 3406 850 3478 singulos,
908 3406 1035 3460 dum
1079 3405 1326 3460 volumus
1370 3405 1776 3477 benignitatem,
1819 3413 1875 3459 et

293 3497 652 3569 dapsilitatem
684 3507 921 3553 nostram
962 3511 1218 3567 spargere
1270 3511 1369 3567 per
1420 3497 1681 3553 diversos.
1730 3495 1875 3553 Sane

293 3604 416 3659 qua:
445 3589 499 3642 in
525 3588 631 3642 alia
678 3587 1010 3657 apostolatus
1039 3588 1265 3656 epistola
1309 3588 1627 3643 beatitudini
1655 3596 1762 3642 tum
1787 3588 1872 3642 in-

295 3679 584 3744 timamus,
642 3679 815 3733 solum
864 3688 968 3733 tua:
1017 3679 1249 3734 solertia:
1296 3679 1404 3753 sint
1441 3679 1687 3751 pervigili
1742 3694 1872 3734 cura

294 3772 549 3827 sectanda
572 3810 588 3835 ,
617 3771 992 3841 pnecipuoque
1019 3772 1197 3827 studio
1223 3773 1546 3842 peragenda.
1596 3772 1873 3842 Siquidem

294 3863 440 3918 circa
464 3877 582 3926 nos,
607 3861 860 3932 circaque
891 3862 1074 3916 sedem
1105 3862 1252 3917 beati
1286 3862 1454 3927 Petri,
1485 3877 1591 3918 non
1617 3874 1700 3917 est
1730 3862 1871 3917 aliud

294 3954 509 4024 signum
541 3953 839 4009 devotionis
870 3962 973 4009 tuze
994 3956 1138 4024 quod
1163 3954 1467 4023 polliceris,
1515 3955 1618 4010 nisi
1659 3955 1871 4011 obtem-

293 4045 561 4114 perantia,
577 4051 632 4100 et
648 4045 1040 4100 consummatio
1055 4045 1413 4109 decretorum,
1431 4043 1871 4099 etdiﬂinitionum

298 4145 626 4201 nostrarum,
659 4140 749 4209 qui
780 4138 905 4194 licet
933 4140 1173 4210 indigni,
1220 4155 1318 4210 per
1357 4141 1743 4195 abundantium
1797 4147 1873 4195 ta-

296 4243 422 4283 men
461 4230 652 4299 gratias
699 4229 901 4286 Christi
952 4231 1120 4301 ipsius
1154 4232 1338 4287 vicarii
1365 4247 1572 4287 sumus.
1601 4230 1873 4286 Praaterea

294 4319 580 4388 epistolam
607 4320 830 4377 alteram
857 4323 1129 4377 sanctitati
1159 4334 1262 4378 tua:
1290 4323 1542 4389 delatam,
1560 4322 1869 4384 llincmaro,

293 4421 349 4466 et
395 4410 605 4466 caeteris
655 4410 1020 4470 confratribus
1072 4415 1269 4470 nostris
1313 4413 1771 4484 archiepiscopis,
1812 4413 1867 4467 in

297 4517 466 4573 regno
511 4501 689 4559 Caroli
739 4503 831 4557 fllii
884 4504 1058 4559 nostri
1103 4504 1320 4575 gloriosi
1382 4506 1526 4576 regis
1570 4504 1868 4560 Ecclesiam

297 4592 511 4648 Domini
542 4595 985 4665 gubernantibus,
1020 4596 1287 4650 destinare
1315 4603 1403 4650 tua
1431 4597 1548 4651 sine
1573 4610 1724 4650 mora
1752 4605 1869 4651 stu-

297 4683 422 4738 deat
468 4684 760 4740 beatitudo.
793 4683 1054 4755 Optamus
1080 4684 1419 4741 sanctitatem
1448 4695 1593 4741 tuam
1639 4701 1780 4742 nunc
1818 4694 1876 4742 et

298 4789 515 4843 semper
550 4774 687 4832 bene
716 4774 917 4831 valere.

982 4885 1188 4941 LXVII.

515 4994 584 5034 AD
621 4995 932 5036 FRANCONEI
967 4994 1253 5034 EPISCOPUI
1295 4993 1662 5035 TUNGRENSEI.

916 5070 1092 5143 (Anno
1122 5069 1272 5141 864.)

303 5161 525 5229 Accepta
549 5160 665 5231 ejus
694 5161 1017 5231 professione
1052 5160 1508 5231 veniamindulget
1528 5200 1544 5224 ,
1582 5158 1722 5231 quod
1752 5174 1879 5231 pur-

370 5228 530 5301 ticeps
556 5228 725 5300 fuerat
750 5228 936 5301 synodi
961 5229 1224 5294 Metensis,
1248 5228 1665 5301 Itorlaturque‘ut
1688 5228 1883 5283 Letha-

371 5300 511 5355 rium
538 5317 707 5372 regem
735 5300 946 5355 monitis
970 5303 1079 5355 suis
1103 5317 1288 5354 curare
1310 5300 1537 5363 studeat,

791 5393 978 5468 [Apud
1006 5393 1198 5461 Mansi,
1228 5392 1355 5448 ibid.
1371 5392 1392 5466 ]

374 5504 645 5562 Nicouus
660 5506 964 5577 episcopus,
987 5518 1176 5560 servus
1199 5518 1476 5559 servorum
1498 5502 1617 5569 Dei,
1633 5515 1884 5557 reveren-

331 5597 516 5654 issimo
541 5604 597 5652 et
617 5596 957 5653 sanctissimo
982 5594 1250 5652 FRANCONI
1279 5595 1535 5665 episcopo
1557 5593 1878 5665 Tungrensi.

377 5690 755 5747 Excusationis
797 5698 903 5747 tum
955 5689 1147 5747 itteris
1198 5704 1294 5761 per
1337 5687 1665 5743 liichardum
1717 5700 1878 5743 vene-

1894 4455 1948 4514 D

1969 1860 2362 1917 confessionem
2387 1866 2670 1913 exeuntem
2716 1855 3036 1926 aspicimus,
3081 1868 3239 1923 quem
3281 1852 3550 1907 introrsus

1971 1953 2091 2008 labe
2114 1959 2384 2005 mortuum
2417 1949 2758 2019 putabamus,
2788 1943 3278 2015 incomparabiliter
3305 1940 3548 2013 exsulta-

1970 2062 2113 2110 mus,
2143 2053 2198 2099 et
2223 2042 2427 2113 gratias
2449 2041 2671 2096 Auctori
2693 2039 2935 2095 omnium
2965 2038 3226 2091 bonorum
3249 2035 3546 2089 immensas

1968 2136 2316 2193 exsolvimus.
2343 2134 2409 2188 Et
2436 2132 2537 2189 hoc
2576 2130 2690 2202 jam
2717 2130 2814 2187 tibi
2851 2128 3109 2185 divinitus
3149 2142 3255 2181 non
3294 2125 3549 2195 imputari

1968 2236 2247 2297 optamus,
2292 2223 2436 2294 quod
2491 2222 2624 2289 tibi,
2681 2220 3161 2294 quomodocunque
3208 2215 3547 2279 excesseris.

1969 2315 2170 2372 remitti
2199 2330 2231 2370 a
2260 2314 2489 2369 Domino
2512 2311 2844 2383 postulamus
2866 2352 2884 2377 ,
2932 2318 2987 2365 et
3012 2316 3271 2380 quantum
3313 2307 3366 2360 in
3395 2306 3551 2360 nobis

1969 2414 2073 2472 est,
2097 2421 2163 2461 ex
2189 2404 2473 2462 cordetibi
2503 2402 2829 2475 ignoscimus
2853 2417 2868 2467 ;
2900 2399 3040 2470 quod
3068 2399 3285 2454 beatum
3313 2395 3551 2451 Leonem

1969 2497 2220 2553 omnibus
2266 2495 2356 2565 qui
2408 2495 2462 2549 in
2513 2494 2788 2564 Ephesino
2835 2490 3118 2545 latrocinio
3166 2485 3550 2549 consentiendo

1972 2587 2142 2644 errori
2166 2586 2529 2656 deliquerant,
2548 2591 2823 2653 amputato
2846 2581 3009 2637 totius
3037 2587 3257 2635 auctore
3279 2575 3539 2641 scandali,
3624 2636 3629 2643 ρ

1973 2678 2089 2734 solo
2111 2678 2360 2732 videlicet
2384 2676 2748 2731 Alexandrino
2774 2673 3052 2735 Dioscoro,
3083 2669 3390 2741 pepercisse
3437 2683 3545 2721 non

1975 2766 2303 2839 ign'oramus.
2334 2765 2471 2833 Quid
2498 2774 2677 2819 autem
2705 2763 2921 2827 mirum,
2953 2762 2997 2816 si
3026 2759 3360 2816 Guntharius
3384 2772 3547 2827 quem

1974 2857 2152 2912 dicitis
2187 2856 2262 2909 uti
2287 2856 2453 2909 vetito
2491 2854 2590 2909 sibi
2637 2852 2844 2918 ofIieio,
2873 2850 3221 2922 apostolicam
3265 2846 3554 2915 ﬂoccipen-

1975 2950 2103 3006 dere
2149 2948 2474 3004 sententiam
2523 2962 2626 3000 non
2676 2946 2884 3009 metuit,
2916 2944 3006 3014 qui
3055 2942 3234 2997 divina
3282 2950 3551 3013 praecepta

1977 3042 2136 3099 toties
2182 3040 2587 3112 parvipendisse
2639 3038 2996 3095 convincitur.
3055 3036 3234 3090 Clarct
3285 3049 3451 3094 vero.
3497 3042 3554 3088 et

1978 3136 2188 3191 cunctis
2213 3133 2494 3189 manifeste
2538 3133 2700 3187 datu‘r
2741 3130 2986 3202 intelligi,
3021 3127 3232 3184 etiamsi
3279 3127 3424 3181 nulla
3447 3125 3551 3180 alia

1977 3227 2264 3299 pravitatis
2284 3240 2393 3281 sua:
2406 3224 2744 3295 prmstitisset
2763 3221 2981 3285 indicia,
3005 3219 3178 3290 qualis
3195 3226 3319 3272 ante
3339 3231 3551 3286 poenam

1976 3319 2205 3384 exstitit,
2231 3317 2321 3388 qui
2350 3332 2409 3372 se
2431 3324 2551 3386 post
2570 3329 2785 3386 poenam
2818 3312 2976 3367 talem
3004 3310 3284 3374 exhibuit;
3313 3318 3369 3363 et
3390 3321 3551 3378 quam

1978 3409 2156 3465 debite
2184 3407 2586 3478 percussionem
2610 3404 2926 3476 promeruit,
2954 3403 3044 3474 qui
3070 3403 3231 3457 etiam
3254 3409 3394 3471 post,
3412 3397 3554 3454 unde

1953 3501 2153 3570 magis
2178 3499 2385 3570 percuti
2411 3497 2644 3563 debeat,
2679 3495 2965 3551 admittere
3009 3494 3229 3548 minime
3260 3490 3551 3547 recusavit.

1977 3590 2056 3645 Eo
2085 3590 2249 3661 igitur
2277 3589 2559 3651 suadente,
2590 3601 2733 3641 nunc
2751 3583 3061 3654 apostolicis
3083 3581 3344 3636 institutis
3368 3579 3554 3634 inobe—

1979 3679 2134 3735 diens
2162 3684 2332 3739 errat,
2374 3690 2480 3744 quo
2511 3687 2681 3744 nuper
2716 3672 3024 3727 coelestibus
3068 3668 3304 3725 oraculis
3341 3680 3555 3735 semper

1978 3769 2226 3827 obviasse
2242 3774 2486 3836 repertus
2496 3764 2695 3821 dicitur
2710 3782 2724 3818 :
2749 3765 2970 3834 antiquo
2989 3763 3197 3818 scilicet
3214 3758 3549 3824 adversario,

1977 3861 2067 3930 qui
2110 3859 2249 3914 sicut
2300 3858 2382 3914 leo
2422 3857 2676 3929 rugiens,
2715 3854 2867 3924 juxta
2926 3855 3158 3926 primum
3207 3851 3553 3922 apostolum,

1976 3950 2171 4006 circuit
2190 3964 2437 4020 qumrens
2458 3963 2616 4019 quem
2639 3947 2862 4002 devoret
2884 3944 2936 4017 (Ι
2961 3943 3102 4000 Petr.
3132 3944 3214 4015 ιι).
3241 3943 3348 4001 Sed
3369 3952 3554 3998 tamen

1976 4041 2043 4094 ad
2095 4039 2429 4109 propositum
2477 4038 2788 4102 redeamus,
2837 4045 2893 4093 et
2920 4037 3059 4091 votis
3090 4037 3237 4101 tuis,
3285 4042 3549 4105 quantum

1950 4143 2282 4200 possumus,
2312 4125 2424 4182 Deo
2451 4136 2761 4198 praestante,
2782 4126 3206 4181 misericorditer
3227 4141 3555 4181 annuamus.

1944 4242 1949 4247 λ
1973 4219 2159 4289 Itaque
2184 4220 2227 4275 si
2251 4219 2678 4290 'fbcutgualdum
2698 4218 3005 4288 episcopum
3028 4259 3043 4282 ,
3096 4217 3237 4272 sicut
3265 4215 3555 4287 proﬁteris,

1974 4312 2029 4367 in
2072 4310 2318 4382 catalogo
2350 4311 2724 4381 episcoporum
2774 4324 2881 4364 non
2922 4309 3223 4377 receperis,
3270 4321 3554 4376 quousque

1975 4409 2041 4457 de
2072 4416 2138 4456 eo
2165 4402 2454 4456 humanius
2491 4409 2785 4455 tractemus
2805 4439 2819 4464 ,
2858 4407 2914 4453 et
2955 4398 2999 4454 si
3031 4396 3388 4453 Guntharium
3410 4434 3429 4458 ,
3454 4395 3558 4448 mi-

1974 4494 2258 4550 nisterium
2285 4492 2386 4548 sibi
2418 4492 2642 4547 vetitum
2667 4499 3040 4561 usurpantem,
3073 4504 3174 4543 non
3207 4486 3378 4542 solum
3412 4486 3559 4540 inter

1976 4585 2261 4656 episcopos
2288 4597 2397 4638 non
2423 4581 2715 4653 receperis,
2738 4581 2833 4636 sed
2859 4594 2962 4636 nec
2980 4578 3105 4648 ipsi,
3127 4591 3224 4632 nec
3250 4571 3555 4629 fautoribus

1977 4677 2096 4746 ejus
2135 4674 2648 4738 communicaveris,
2677 4679 2734 4727 et
2771 4670 2823 4727 ei
2864 4670 2921 4724 in
2966 4668 3172 4725 scelere
3217 4663 3556 4735 permanenti

1981 4768 2357 4840 episcopaliter
2406 4764 2818 4828 contradixeris,
2863 4768 2922 4817 et
2970 4758 3266 4816 secundum
3308 4756 3455 4812 vires
3500 4755 3556 4815 in

1982 4861 2131 4916 nullo
2157 4875 2185 4914 a
2213 4858 2518 4932 constitutis
2554 4865 2611 4911 et
2653 4853 2935 4911 sententiis
2961 4853 3033 4907 ab
3070 4847 3374 4921 apostolica;
3414 4847 3558 4903 sedis

1984 4950 2211 5022 praesule
2238 4948 2461 5020 prolatis
2499 4946 2843 5009 deviaveris;
2871 4947 2964 4999 sed
2987 4942 3053 4997 de
3086 4949 3281 4997 cancro
3324 4954 3423 5009 pro
3451 4938 3558 4993 fide

1985 5042 2248 5101 catholica
2276 5048 2331 5096 et
2375 5037 2750 5095 correctionne
2795 5033 3062 5097 fidelium,
3092 5048 3158 5087 ac
3188 5047 3286 5102 pro
3332 5045 3556 5086 conser-

1984 5133 2176 5189 vandis
2211 5130 2505 5203 pontiﬁciis
2530 5126 2836 5195 apostolica:
2876 5125 3021 5180 sedis
3064 5122 3361 5194 privilegiis
3401 5120 3558 5176 nobis

1985 5223 2326 5282 consenseris
2354 5261 2371 5285 ,
2425 5220 2706 5275 nobiscum
2748 5231 2847 5287 pro
2897 5215 3104 5273 viribus
3154 5211 3515 5271 decertaveris
3538 5250 3556 5276 .

1987 5297 2184 5370 fratres
2226 5327 2440 5383 quoque
2465 5319 2521 5366 et
2561 5309 2835 5379 proximos
2880 5316 3001 5363 tuos
3044 5305 3321 5361 nobiscum
3365 5317 3558 5373 sapere

1984 5408 2229 5463 hortatus
2286 5402 2456 5458 fueris
2485 5442 2501 5470 ,
2568 5401 2712 5456 Deus
2763 5398 3102 5467 omnipotens
3169 5394 3557 5451 intercessione

1982 5497 2346 5570 apostolon
2371 5495 2675 5566 principum
2702 5492 2851 5548 Petri
2896 5507 2962 5549 ac
2996 5490 3170 5557 Pauli,
3196 5487 3413 5546 vincula
3441 5500 3555 5541 om-

1983 5591 2134 5645 nium
2185 5596 2533 5659 peccatorum
2586 5596 2798 5641 tuorum
2851 5583 3132 5649 absolvat,
3191 5588 3249 5638 et
3294 5576 3556 5648 quidquid

1984 5672 2316 5747 humanitas,
2348 5676 2490 5749 t1.th
2515 5676 2567 5734 in
2605 5675 2776 5734 oculis
2804 5672 3101 5744 maiestatis
3119 5673 3237 5743 ejus
3262 5667 3554 5728 displicuit.
