4050 6324
613 300 713 356 88⁸1

1928 288 2198 344 MCOLAI
2237 286 2438 347 ΡΑΡΑΞ
2473 285 2495 346 1

3789 299 3965 372 εει]

605 413 792 484 egisti,
824 413 921 468 tibi
971 414 1224 468 miseitns
1272 410 1665 480 indulgeat,et
1706 417 1761 462 te
1800 404 2187 462 benedictionis
2213 410 2261 466 Α
2289 403 2638 472 apostolicam
2686 403 3074 477 ﬂocci‘penderc
3129 413 3447 468 sententiam
3495 431 3608 472 non
3669 425 3878 486 metuit,
3964 409 3965 458 ί

608 518 724 560 suae
771 503 946 574 gratia
995 501 1206 572 replens
1254 502 1320 556 ad
1378 499 1766 554 beatitudinem
1811 495 2034 550 visionis
2076 509 2186 548 snxe

606 593 889 663 perducat.
905 592 1170 648 Ceterum
1189 589 1542 644 admonemus
1563 598 1637 654 te,
1665 597 1723 642 ut
1753 587 1797 640 si
1825 601 1952 640 vere
1978 584 2183 653 episco-

604 698 713 754 pus
741 697 819 746 es,
837 695 965 736 vere
984 690 1037 735 te
1055 680 1295 742 ordines,
1313 686 1365 734 te
1385 692 1570 733 serves
1591 675 1737 749 [edin
1764 674 1944 738 Rom.,
1961 671 2182 744 salves],

607 775 664 828 in
695 783 748 829 te
775 772 999 844 gloriam
1032 772 1174 841 regis
1219 770 1456 825 Lotharii
1483 770 1773 839 exquiras:
1805 769 1883 822 ita.
1918 775 1978 821 ut
2003 775 2184 820 vestra

604 865 936 920 unanimitas
988 863 1143 918 nobis
1194 864 1396 917 arctius
1457 863 1683 924 haerens,
1733 861 1928 914 vulnus
1986 860 2179 929 ipsius,

605 954 964 1017 admonendo,
995 952 1336 1016 blandiendo,
1360 951 1562 1007 suadeo
1574 953 1662 1015 do,
1689 951 1741 1005 in
1766 950 1975 1019 reliquo
2001 959 2179 1016 autem

602 1057 660 1101 et
686 1045 1006 1102 brevitatem
1034 1045 1317 1115 praesentis
1344 1044 1602 1114 temporis
1631 1043 1965 1111 exponendo,
1993 1057 2180 1110 poenas

600 1134 800 1191 inferni
824 1134 975 1207 [edit.
1000 1135 1178 1200 Rom.,
1193 1133 1481 1202 aperiendo
1499 1147 1686 1202 poenas
1702 1131 1922 1203 inferni]
1939 1141 1993 1186 et
2019 1132 2178 1186 coale—

598 1226 702 1279 stia
733 1240 900 1296 regna
946 1232 1073 1278 ante
1114 1222 1302 1278 oculos
1341 1222 1718 1292 proponendo,
1773 1221 1994 1275 curetis.
2024 1219 2177 1286 Quod

597 1329 761 1385 agere
787 1314 1093 1368 nullatenus
1113 1313 1366 1384 potestis,
1397 1313 1499 1367 nisi
1540 1327 1762 1366 carnem
1805 1325 1978 1372 suam,
2011 1324 2176 1378 quam

595 1408 724 1464 o‘dio
768 1408 975 1462 habens
1023 1415 1210 1461 contra
1234 1405 1548 1476 Apostolum
1589 1420 1622 1460 a
1653 1419 1712 1459 se
1751 1402 1968 1474 proiicit
2013 1401 2172 1474 [edit.

599 1498 780 1562 Rom.,
817 1497 932 1567 ipse
956 1496 1246 1567 Apostolus
1284 1513 1313 1550 a
1342 1511 1400 1550 se
1428 1492 1689 1566 projicit],
1730 1494 1913 1548 reciso
1932 1492 2175 1546 membro

597 1589 940 1653 meretricis,
987 1597 1172 1642 nostro
1209 1595 1265 1641 et
1301 1596 1482 1641 vestro
1507 1586 1708 1655 judicio
1745 1584 2026 1648 hortatus,
2073 1583 2174 1638 etsi

597 1695 708 1735 non
754 1689 976 1752 sponte,
1033 1679 1223 1733 saltem
1255 1677 1456 1730 invitus
1499 1674 1951 1746 receperit'[edit.
1985 1672 2170 1738 Rom.,

596 1769 890 1841 reiecerit}.
909 1769 1167 1840 Optamus
1187 1768 1531 1822 sanctitatem
1551 1779 1697 1822 tuam
1725 1766 1777 1819 in
1799 1766 2014 1819 Christo
2034 1767 2170 1819 bene
2200 1765 2246 1824 B
2274 1775 2470 1843 placet.
2518 1765 2928 1840 Verumtamen
2959 1765 3156 1854 videte,

594 1861 796 1914 valere.
831 1861 962 1914 Data
1001 1876 1070 1914 xv
1117 1859 1382 1913 Kalendas
1407 1856 1690 1922 Octobris,
1743 1855 2037 1912 indictione
2076 1870 2172 1913 xtu

598 1952 721 2026 [al.,
757 1968 868 2008 xiv.
895 1951 1088 2018 Hann;
1119 1953 1245 2008 edit.
1276 1950 1454 2017 Rom”
1478 1950 1615 2023 XIV};

836 2192 904 2229 AD
939 2179 1242 2234 ADVENTIU!
1292 2190 1576 2229 EPISCOPUM
1609 2189 1912 2230 usruuseu.

1209 2285 1387 2356 (Anno
1416 2285 1564 2358 864.)
1780 2364 1782 2366 ν

596 2377 861 2448 Approbat
894 2378 1266 2448 professionem
1295 2377 1554 2443 Adventii,
1604 2378 1751 2448 eique
1779 2377 1978 2432 veniam
2001 2387 2048 2432 et
2068 2395 2166 2448 pa-

981 2463 1086 2503 cem
1115 2448 1344 2521 indulget
1366 2465 1522 2517 quam
1551 2447 1780 2517 optabat.

1079 2560 1253 2634 [Apud
1282 2561 1449 2618 Mansi
1467 2603 1482 2628 ,
1514 2561 1667 2633 ibid..]

655 2674 922 2730 Νιοοιιιιιε
950 2674 1252 2744 episcopus,
1283 2689 1468 2729 servus
1520 2689 1804 2729 servorum
1846 2673 1963 2740 Dei,
2010 2689 2160 2730 reve-

585 2768 903 2822 rentissimo
931 2775 985 2822 et
1034 2766 1374 2822 sanctissimo
1424 2767 1724 2832 ADVENTIO,
1747 2766 1999 2836 episcopo
2050 2767 2164 2821 Me-

585 2859 748 2913 tensi.

663 2947 1036 3003 Excusationis
1067 2957 1174 3002 tua:
1202 2946 1414 3002 litteras
1463 2964 1561 3018 per
1587 2945 1982 3002 Theudericum
2031 2947 2161 3002 reli-

589 3037 798 3106 giosum
853 3037 1224 3106 presbyterum
1281 3046 1426 3090 tuum
1479 3037 1852 3106 suscipientes,
1907 3037 2160 3106 quoniam

583 3125 672 3180 his
701 3136 752 3179 te
782 3126 833 3179 in
865 3126 1206 3181 extremitate
1227 3126 1347 3179 vita:
1376 3126 1605 3194 positum
1644 3126 1908 3192 indicasti,
1958 3141 2161 3182 maeror

586 3229 691 3269 nos
718 3215 974 3270 continuo
999 3216 1188 3284 ingens
1214 3216 1462 3270 obtinuit.
1495 3216 1598 3269 Sed
1621 3217 1884 3286 professio
1909 3227 2022 3283 tua,
2052 3234 2156 3288 qua

583 3318 643 3361 te
669 3306 722 3359 in
770 3305 923 3359 milio
945 3320 976 3358 a
1005 3307 1132 3360 sede
1180 3306 1468 3375 apostolica
1499 3309 1787 3363 dissentire
1818 3308 2155 3374 manifestas,

582 3412 856 3468 quamque
881 3397 1038 3451 nobis
1057 3413 1093 3450 a
1121 3406 1172 3452 te
1194 3399 1365 3453 minus
1390 3415 1548 3469 quam
1573 3401 1640 3454 ab
1662 3400 1780 3456 aliis
1807 3402 2158 3472 sperabamus

581 3489 934 3555 offerendam,
961 3492 1098 3546 inter
1119 3493 1423 3547 mcestitiam
1455 3494 1644 3549 merito
1664 3494 1899 3549 laetitiam
1921 3497 2156 3551 miscuit.

583 3583 853 3651 Quoniam.
880 3584 1005 3639 licet
1028 3585 1092 3639 de
1116 3585 1368 3640 exteriori
1397 3585 1632 3653 homine,
1683 3603 1805 3642 cum
1859 3589 2024 3658 ipsius
2049 3591 2160 3660 pri-

579 3691 776 3731 vamur
819 3674 1062 3731 fraterno
1086 3676 1299 3741 solatio,
1330 3676 1604 3734 doleamus
1637 3720 1652 3745 ,
1711 3679 1776 3734 de
1803 3679 2042 3734 interiori
2074 3691 2157 3735 ta-

583 3781 729 3830 men,
760 3780 921 3834 quem
973 3767 1300 3821 exstinctum
1337 3767 1677 3836 putabamus,
1708 3784 1850 3823 nunc
1893 3784 2021 3824 vero
2063 3785 2159 3839 per

583 3855 814 3924 gratiam
839 3855 932 3910 Dei
976 3855 1306 3910 vivificatum
1352 3856 1626 3922 audimus,
1664 3858 2158 3928 incomparabiliter

579 3946 937 4001 exsultamus.
972 3947 1228 4014 Quamvis
1266 3957 1444 4002 autem
1471 3949 1800 4018 probabilem
1851 3963 1939 4004 tua
1979 3952 2156 4006 videa-

580 4045 672 4091 tur
717 4039 917 4093 habere
964 4040 1254 4094 excusatio
1290 4041 1574 4105 rationem,
1606 4051 1765 4111 teque
1813 4043 2154 4099 innocentem

580 4130 963 4199 comprobetur
998 4132 1320 4199 ostendere;
1373 4132 1641 4188 sufﬁceret
1689 4144 1886 4198 tamen,
1919 4136 2080 4189 etiam
2110 4137 2155 4192 si

579 4235 683 4290 qua
706 4221 1101 4289 pmteritorum
1129 4238 1264 4278 noxa
1291 4205 1552 4280 tenereris
1579 4240 1920 4290 excessuum,
1941 4227 2157 4282 satisfa-

575 4313 706 4377 ctio,
737 4327 901 4382 quam
931 4313 983 4367 in
1020 4315 1245 4370 articulo
1273 4317 1483 4381 mortis,
1509 4318 1652 4373 sicut
1676 4317 1790 4388 ipse
1818 4317 2024 4383 fateris,
2056 4335 2152 4388 po-

579 4404 739 4469 situs,
765 4404 960 4459 litteris
987 4406 1128 4460 datis
1150 4408 1470 4474 apostolatui
1514 4418 1724 4474 nostro,
1754 4419 1811 4464 ut
1835 4411 2155 4466 decrevera-

579 4509 719 4558 mus,
743 4493 1006 4548 ostendis.
1034 4491 1198 4562 Cujus
1218 4497 1294 4549 rei
1327 4496 1478 4550 testis
1503 4505 1585 4552 est
1614 4497 1770 4562 latro,
1796 4500 1887 4569 qui
1917 4500 1969 4553 in
1990 4516 2153 4556 cruce

571 4585 836 4654 pendens,
865 4584 919 4639 in
961 4585 1086 4655 ipso.
1107 4595 1379 4640 momento
1412 4588 1604 4643 mortis
1621 4587 1734 4657 jam
1766 4591 1984 4661 jamque
2026 4609 2154 4648 COII-

571 4678 816 4741 stitutus,
845 4676 1129 4733 confessus
1157 4687 1260 4741 est,
1283 4687 1338 4732 et
1364 4679 1518 4734 hodie
1564 4699 1760 4736 mecum
1790 4684 1892 4737 eris
1917 4685 1970 4736 in
1990 4703 2150 4754 para-

569 4769 684 4823 diso
712 4769 865 4839 (Luc.
898 4771 1056 4842 xxm)
1090 4785 1120 4824 a
1145 4771 1269 4826 Jesu
1321 4773 1507 4827 audire
1553 4777 1848 4843 promeruit
1879 4786 1978 4842 ;et
2030 4795 2152 4847 pro-

573 4858 732 4926 pheta
761 4860 1098 4914 subitaneam
1150 4863 1411 4931 gementis
1456 4862 1682 4918 salutem
1730 4866 2144 4922 demonstrans:

573 4947 712 5001 Cum
735 4966 1030 5018 conversus,
1059 4953 1258 5022 inquit,
1294 4954 1630 5025 ingemueris,
1679 4966 1802 5011 tunc
1849 4958 2022 5012 salvus
2047 4961 2150 5013 eris

573 5039 713 5107 (lea.
739 5059 868 5108 xxx,
895 5063 995 5100 sec.
1027 5046 1199 5118 Sept.)
1247 5048 1630 5105 Verumtamen
1665 5060 1855 5120 potens
1895 5063 1978 5107 est
2010 5055 2150 5108 Deus

569 5133 997 5194 misericorditer
1024 5141 1258 5209 operari,
1285 5150 1346 5194 ut
1388 5144 1478 5212 qui
1511 5144 1889 5200 excusationes
1916 5155 2052 5211 tuas,
2093 5154 2145 5200 et

570 5224 894 5281 obedientite
918 5232 1180 5298 promissa
1203 5233 1579 5302 suscipientes,
1608 5236 1674 5290 de
1705 5236 1993 5293 immortali
2037 5240 2144 5294 vita

569 5321 663 5366 tua
694 5327 792 5382 per
821 5315 872 5368 id
907 5317 1155 5374 fiduciam
1203 5326 1552 5392 sumpsimus,
1600 5327 1960 5396 percipiamus
1981 5330 2144 5384 etiam
2180 5321 2186 5326 ’

568 5402 624 5456 in
660 5403 763 5457 hoc
803 5408 1079 5474 temporali
1133 5425 1315 5472 cursu,
1365 5413 1702 5483 longtevitate
1747 5417 2004 5472 divinitus
2049 5419 2140 5474 tibi

565 5507 848 5557 concessa,
879 5496 1020 5550 unde
1062 5507 1117 5552 et
1161 5501 1308 5554 verbi
1339 5501 1431 5557 Dei
1468 5503 1732 5560 fructibus
1778 5508 2146 5579 multipliciter

563 5585 926 5656 perfruamur,
952 5605 1021 5644 ac
1049 5606 1146 5660 per
1172 5592 1272 5646 hoc
1297 5595 1351 5647 in
1399 5595 1625 5653 Domino
1649 5599 1958 5669 gloriemur.
2003 5603 2138 5669 Quid

563 5689 744 5735 autem
780 5681 974 5735 mirum
1004 5682 1046 5735 si
1078 5682 1435 5746 Guntharius,
1456 5687 1654 5742 dudum
1682 5690 2134 5762 archiepismpus,

2291 495 2380 564 qui
2407 495 2584 550 divina
2617 506 2882 568 praecepta
2925 500 3086 556 toties
3137 508 3542 574 parvipendisse
3589 513 3878 568 convinci-

2287 592 2375 638 tur
2396 585 2419 639 ?
2440 585 2619 640 Claret
2641 602 2790 653 vero,
2815 596 2869 643 et
2887 592 3098 646 cunctis
3118 595 3402 650 manifeste
3427 599 3587 655 datur
3621 602 3873 676 intelligi,

2286 674 2498 730 etiamsi
2527 677 2670 730 nulla
2704 680 2988 747 pravitatis
3020 698 3132 738 suae
3184 691 3594 756 praecessissent
3657 674 3874 761 indicia,

2285 768 2460 836 qualis
2485 778 2610 823 ante
2635 785 2850 839 poenam
2871 775 3098 840 exstitit,
3127 780 3307 849 quise
3325 792 3445 853 post
3462 801 3699 856 poenam
3726 791 3874 846 talem

2283 860 2529 915 exhibuit
2565 879 2580 914 :
2631 869 2686 916 et
2718 879 2879 933 quam
2932 865 3113 923 debite
3150 875 3502 940 percussione
3537 885 3868 948 promeruit.

2280 951 2372 1021 qui
2405 953 2568 1008 etiam
2596 963 2739 1023 post,
2770 957 2912 1012 unde
2953 963 3125 1031 magis
3153 949 3360 1032 percuti
3403 969 3625 1036 debeat,
3656 973 3873 1031 minime

2279 1042 2562 1098 admittere
2584 1049 2868 1102 recusavit.
2897 1049 2974 1105 Eo
2995 1052 3156 1123 igitur
3172 1059 3452 1126 suadente,
3474 1079 3631 1119 nunc
3657 1079 3869 1136 aposto-

2279 1132 2400 1189 licis
2430 1137 2687 1194 institutis
2723 1141 3038 1200 inobediens
3085 1147 3310 1207 effectus
3358 1165 3462 1221 est,
3521 1173 3642 1227 quo
3695 1132 3868 1231 vnnper

2278 1225 2590 1288 coelestibus
2617 1231 2852 1287 oraculis
2887 1249 3104 1306 semper
3145 1240 3394 1298 obviasse
3440 1225 3710 1316 repertus
3747 1225 3862 1306 est:

2278 1315 2500 1386 antiquo
2531 1319 2782 1376 videlicet
2807 1323 3284 1412 adversario,_qui
3310 1337 3446 1390 sicut
3499 1315 3582 1393 leo
3639 1344 3862 1412 rugiens,

2271 1406 2427 1477 juxta
2446 1411 2678 1504 primum
2723 1417 3046 1487 apostolum,
3089 1403 3275 1480 nim:
3318 1445 3562 1498 quwrens
3594 1403 3759 1504 quem
3786 1403 3864 1490 de;

2275 1511 2417 1593 voret
2452 1501 2506 1568 (l
2533 1500 2680 1558 Petr.
2709 1505 2783 1577 v).
2815 1507 2945 1564 Illud
2971 1525 3097 1567 vero
3124 1517 3270 1584 quod
3327 1519 3529 1586 dicitis,
3565 1500 3794 1593 regibus
3818 1539 3864 1582 et

2275 1591 2608 1688 principibus
2637 1613 2731 1652 vos
2767 1613 2887 1656 esse
2935 1604 3226 1674 subjectos,
3253 1624 3328 1666 eo.
3363 1615 3515 1681 quod
3561 1591 3721 1670 dicat
3747 1635 3861 1688 apo-

2276 1685 2485 1778 stolus:
2519 1687 2637 1744 Sive
2680 1693 2787 1762 regi
2815 1704 3071 1768 tanquam
3121 1703 3436 1769 pi'recelleuti
3476 1706 3535 1778 (I
3576 1707 3736 1763 Petr.
3764 1685 3860 1776 ut),

3208 1800 3389 1848 utrum
3440 1812 3604 1867 reges
3656 1800 3766 1864 isti,
3811 1812 3855 1856 et

2271 1869 2544 1938 principes
2567 1872 2766 1941 quibus
2795 1890 2891 1931 vos
2911 1877 3186 1945 subjectos
3211 1899 3334 1940 esse
3353 1886 3558 1954 dicitis,
3593 1894 3856 1947 veraciter

2271 1977 2426 2032 reges
2448 1973 2503 2020 et
2536 1967 2809 2039 principes
2851 1973 2980 2027 sint.
3032 1973 3221 2032 Videte
3245 1980 3292 2035 si
3341 1982 3583 2050 primum
3642 2001 3705 2041 se
3731 1987 3851 2041 bene

2271 2064 2486 2125 regunt,
2520 2058 2712 2114 deinde
2766 2061 3038 2119 subditum
3083 2069 3338 2137 populum
3378 2091 3391 2124 :
3437 2089 3563 2128 nam
3621 2077 3718 2145 qui
3763 2077 3851 2132 sibi

2275 2161 2506 2216 nequam
2532 2157 2633 2216 est,
2665 2151 2752 2205 cui
2787 2152 2875 2207 alii
2905 2156 3076 2211 bonus
3113 2159 3260 2214 erit?
3289 2161 3472 2216 Videte
3493 2164 3539 2218 si
3567 2164 3700 2233 jure
3720 2168 3850 2236 priu-

2270 2237 2522 2306 cipantur
2573 2257 2587 2294 :
2627 2241 2845 2312 alioqui
2895 2248 3073 2315 potius
3125 2251 3338 2321 tyranni
3383 2255 3651 2310 credendi
3711 2270 3846 2322 sunt,

2269 2345 2430 2400 quam
2459 2349 2612 2405 reges
2637 2337 2864 2392 habendi
2893 2356 2906 2404 ;
2935 2342 3132 2411 quibus
3158 2345 3328 2414 magis
3355 2348 3643 2414 resistere,
3689 2361 3744 2405 et
3787 2368 3844 2406 et

2267 2422 2830 2512 adversoascendere,
2861 2445 3020 2498 quam
3069 2433 3222 2488 subdi
3273 2435 3556 2493 debemus.
3605 2440 3844 2512 Alioquin

2265 2512 2312 2566 si
2344 2511 2538 2568 talibus
2578 2517 2800 2584 subditi,
2833 2528 2888 2574 et
2911 2537 3015 2575 non
3043 2524 3248 2592 praelati
3291 2525 3560 2583 fuerimus
3613 2511 3848 2596 nos,ue-r

2265 2618 2416 2659 cesse
2445 2614 2530 2660 est
2579 2622 2764 2662 eorum
2804 2611 2948 2666 vitiis
2992 2612 3289 2671 faveamus.
3341 2617 3484 2688 Ergo
3512 2624 3656 2692 regi,
3703 2623 3844 2692 quasi

2265 2695 2610 2762 praecellenti,
2642 2697 2934 2755 virtutibus
2972 2703 3198 2769 scilicet,
3229 2715 3282 2760 et
3312 2723 3417 2762 non
3445 2711 3621 2773 vitiis,
3653 2714 3834 2768 subditi

2263 2795 2472 2853 estote;
2518 2789 2610 2843 sed
2647 2790 2788 2844 sicut
2838 2791 3127 2860 Apostolus
3161 2797 3269 2862 ait,
3322 2811 3546 2869 propter
3592 2802 3755 2856 Deum
3789 2812 3838 2856 et

2263 2893 2368 2932 non
2401 2887 2589 2933 contra
2636 2881 2822 2935 Deum.
2867 2881 3200 2951 Superlluum
3245 2897 3434 2942 autem
3467 2889 3677 2957 judico,
3706 2893 3832 2960 quod

2263 2969 2316 3023 in
2348 2979 2618 3024 conventu
2657 2972 3030 3042 episcoporum
3068 2977 3300 3044 capitula
3335 2978 3392 3032 S.
3447 2980 3650 3036 Leonis
3677 2999 3827 3051 papae.

2263 3075 2328 3114 ac
2364 3061 2682 3116 Antiocheni
2719 3064 2929 3118 concilii
2970 3067 3211 3136 quidam,
3253 3079 3310 3121 ut
3340 3074 3556 3132 asseris,
3600 3074 3828 3143 legerint.

2263 3150 2528 3216 Quoniam
2564 3152 2608 3206 si
2659 3163 2877 3208 sanctus
2908 3155 2990 3208 vir
3026 3158 3467 3226 metropolitanos
3513 3162 3822 3231 singularum

2260 3242 2664 3312 provinciarum
2696 3244 2980 3313 episcopos
3021 3245 3111 3314 jus
3150 3247 3360 3302 traditae
3397 3249 3496 3302 sibi
3546 3252 3822 3320 antiquitus

2261 3333 2541 3401 dignitatis
2581 3334 2959 3388 intemeratum
3012 3334 3213 3391 habere
3251 3338 3512 3404 decrevit,
3565 3340 3816 3411 privilegia

2260 3431 2440 3478 tamen
2493 3425 2654 3494 hujus
2689 3427 2832 3480 sedis
2863 3443 2970 3481 non
3026 3429 3268 3494 abstulit,
3329 3441 3385 3485 et
3431 3433 3548 3486 huic
3581 3432 3818 3486 divinitus

2253 3515 2375 3586 jura
2405 3531 2665 3572 concessa
2691 3533 2797 3571 non
2838 3518 3054 3573 minuit.
3090 3518 3224 3586 Quia
3249 3521 3391 3576 sicut
3416 3524 3526 3592 ipse
3556 3523 3730 3578 scribit
3755 3522 3818 3576 ad

2257 3607 2602 3662 Anastasium
2630 3609 3190 3677 Thessalonicensem,
3245 3627 3311 3666 ac
3347 3629 3444 3682 per
3468 3630 3590 3669 eum
3633 3615 3696 3668 ad
3720 3629 3814 3668 om-

2257 3713 2356 3753 nes
2381 3698 2550 3770 (epist.
2582 3699 2673 3770 88)
2700 3718 2712 3753 :
2766 3700 2910 3754 Inter
2945 3701 3286 3756 beatissimos
3313 3703 3585 3772 apostolos
3615 3705 3664 3760 in
3690 3702 3814 3757 simi-

2259 3785 2482 3841 litudine
2508 3787 2730 3844 honoris
2758 3788 2860 3842 fuit
2906 3791 3151 3858 quaedam
3197 3793 3452 3848 discretio
3508 3794 3809 3864 potestatis;

2257 3887 2312 3932 et
2342 3893 2462 3931 cum
2484 3879 2723 3932 omnium
2758 3895 2856 3948 par
2876 3891 3018 3935 esset
3061 3881 3273 3945 electio,
3315 3885 3406 3936 uni
3450 3891 3627 3938 tamen
3657 3885 3810 3938 datum

2258 3978 2341 4024 est
2369 3978 2425 4024 ιιι
2455 3970 2676 4024 caeteris.
2719 3972 3112 4039 prmemineret.
3166 3973 3238 4028 De
3273 3990 3378 4043 qua
3410 3973 3583 4028 forma
3636 3975 3814 4043 episco-

2258 4076 2446 4130 porum
2467 4077 2682 4132 quoque
2713 4071 2796 4116 est
2821 4072 2940 4117 orta
2999 4065 3294 4129 distinctio,
3322 4075 3377 4120 et
3404 4082 3596 4136 magna
3621 4067 3812 4120 ordina-

2261 4153 2404 4206 tione
2437 4154 2712 4221 provisum
2750 4163 2857 4218 est,
2899 4170 2972 4208 nc-
2991 4171 3178 4210 omnes
3231 4157 3333 4212 sibi
3385 4158 3568 4212 omnia
3603 4158 3811 4212 vindica.

2257 4251 2398 4308 rent,
2435 4244 2529 4298 sed
2561 4253 2742 4299 essent
2779 4245 2830 4298 in
2872 4245 3096 4315 singulis
3124 4247 3416 4316 provinciis
3447 4249 3664 4319 singuli,
3701 4260 3811 4316 quo-

2257 4350 2374 4389 rum
2408 4334 2546 4388 inter
2599 4334 2795 4390 fratres
2848 4336 3141 4390 haberetur
3191 4339 3365 4407 prima
3417 4340 3716 4404 sententia;
3765 4345 3808 4389 et

2185 4453 2234 4513 υ
2260 4439 2448 4478 rursus
2477 4425 2692 4494 quidam
2726 4427 2775 4480 in
2813 4427 3105 4494 majoribus
3139 4429 3362 4483 urbibus
3401 4430 3697 4492 constituti,
3721 4426 3808 4480 sol-

2257 4514 2591 4570 licitudinun
2641 4518 2981 4587 susripercnt
3041 4520 3388 4588 ampliorem,
3434 4538 3533 4592 per
3585 4537 3712 4593 quos
3750 4519 3806 4574 ad

2257 4623 2420 4663 unam
2447 4607 2594 4662 Petri
2623 4610 2802 4662 sedem
2852 4610 3171 4664 universalis
3209 4610 3462 4666 Ecclesia:
3522 4629 3650 4667 cura
3694 4625 3801 4665 con-

2256 4697 2464 4762 ﬂueret,
2497 4707 2553 4751 et
2575 4698 2704 4752 nihil
2731 4714 2955 4767 usquam
2986 4714 3027 4752 a.
3063 4715 3161 4754 suo
3187 4702 3364 4769 capite
3411 4701 3708 4758 dissideret.
3732 4701 3802 4754 lti-

2253 4790 2375 4844 dem
2404 4791 2515 4860 ipse
2530 4788 2692 4860 ,alibi,
2725 4799 2784 4844 ut
2806 4791 2872 4844 de
2898 4793 3284 4860 componendis
3309 4803 3472 4862 atque
3525 4791 3801 4863 compositis

2257 4878 2445 4933 relatio
2469 4879 2570 4932 sibi
2606 4877 2762 4947 plena
2795 4879 3061 4944 mittatur,
3115 4882 3378 4951 praecipit.
3434 4881 3643 4936 Rursus
3665 4882 3703 4936 si
3735 4878 3798 4931 fa-

2255 4974 2398 5021 tetur
2420 4967 2814 5022 Antiochenam
2845 4969 3128 5023 concilium
3167 4971 3302 5042 (cap.
3333 4971 3386 5040 9)
3419 4989 3432 5025 :
3465 4970 3570 5026 Per
3596 4969 3799 5040 singulas

2255 5057 2506 5126 regiones
2532 5057 2784 5113 convenit
2816 5072 2995 5121 nosse,
3023 5061 3492 5131 metropolitanum
3520 5065 3796 5132 episcopum

2252 5149 2674 5206 sollicitudinem
2707 5151 2870 5204 totius
2895 5151 3185 5220 provincia:
3219 5167 3434 5224 gerere,
3463 5154 3594 5223 quid
3639 5151 3797 5224 praiju-

2251 5239 2396 5294 dicat
2455 5240 2567 5296 sedi
2623 5241 2930 5310 apostolicae.
2989 5241 3400 5298 sollicitudinem
3453 5245 3668 5300 habenti
3712 5255 3794 5296 non

2252 5331 2426 5385 solum
2455 5332 2618 5385 unius
2639 5332 2925 5399 provincia:
2953 5333 3047 5387 sed
3099 5342 3156 5388 et
3187 5335 3350 5390 totius
3379 5334 3670 5390 Ecclesiae?
3695 5345 3794 5387 cum

2251 5421 2391 5476 idem
2434 5421 2716 5476 concilium
2760 5424 2930 5493 magis
2967 5423 3334 5493 metropolitas
3368 5436 3636 5489 coerceat,
3662 5422 3794 5479 refre-

2250 5522 2363 5575 net,
2395 5523 2448 5567 et
2474 5523 2665 5580 at‘ctet,
2698 5514 2823 5570 dum
2869 5531 2964 5570 eos
3001 5531 3108 5570 non
3144 5516 3374 5588 amplius
3409 5533 3571 5588 quam
3612 5527 3792 5570 suarum

2249 5604 2644 5671 provinciartun
2704 5604 2848 5658 dicat
2879 5605 3291 5661 soUicitudinem
3343 5622 3548 5676 gerere.
3591 5609 3788 5673 Quorum

2245 5697 2387 5752 enim
2429 5699 2550 5767 quis
2579 5698 2990 5754 sollicitudinem
3019 5701 3177 5771 gerit,
3209 5710 3260 5756 et
3287 5701 3551 5772 judicium
3598 5709 3787 5772 praten-
