4050 6324
278 291 385 349 889

1469 300 1825 359 EPISTOLAZ
1865 298 1953 357 ΕΤ
1992 303 2326 360 DECRE'I‘A.

3435 310 3539 365 89d

279 408 410 464 dere
432 423 656 465 necesse
677 417 782 474 est,
804 417 864 464 ut
888 411 1076 467 beatus
1102 426 1240 482 papa
1267 411 1608 470 innocentius
1631 417 1703 472 ad
1737 417 1858 471 Ale-
1884 420 1932 479 Α
1962 415 2063 472 sibi
2111 425 2204 472 aut
2240 417 2499 474 ecclesias
2543 433 2647 472 non
2683 419 3000 486 convenire,
3031 428 3123 474 aut
3167 405 3245 476 alii
3283 423 3542 493 apostolis

280 503 549 559 xandrum
575 504 969 561 Antiochenam
995 508 1236 564 scribens
1263 509 1430 580 (epist.
1454 510 1548 582 20)
1572 529 1586 565 :
1614 512 1854 580 Quorum

280 595 450 658 enim,
478 594 672 665 inquit,
706 604 758 650 te
807 597 1042 652 maxima
1068 606 1353 668 exspectat
1404 614 1554 665 cura,
1591 603 1860 673 praecipue

282 694 438 742 tuum
464 685 663 741 debent.
688 687 885 742 mereri
906 686 1190 757 judicium.
1220 690 1361 761 Ergo
1398 692 1523 761 quia
1551 694 1713 748 totius
1762 710 1864 751 nos

282 776 543 833 Ecclesiae
570 777 803 832 maxima
847 792 977 833 cura
1003 780 1369 849 praestolatur,
1396 789 1638 836 nostrum
1665 784 1859 852 przcci-

280 883 389 938 pue
419 869 578 924 debet
621 869 864 925 Ecclesia
896 878 1004 927 tota
1050 872 1240 943 procul
1263 873 1427 927 dubio
1447 872 1709 942 judicium
1739 890 1863 945 pro-

283 958 506 1013 mereri.
564 956 670 1013 Sed
711 958 926 1014 tandem
974 959 1040 1013 ad
1090 960 1421 1031 propositum
1467 962 1767 1028 redeamus,
1807 971 1863 1017 et

281 1050 425 1104 votis
453 1051 579 1114 tuis,
604 1060 862 1121 quantum
897 1067 1205 1122 possumus,
1242 1054 1352 1108 Deo
1398 1063 1709 1124 prmstante,
1764 1056 1865 1110 mi-

285 1139 635 1193 sericorditer
692 1156 1013 1196 annuamus.
1071 1141 1255 1212 Itaque
1305 1143 1351 1196 si
1410 1143 1858 1214 Theutgualdum,

286 1230 486 1285 (ludum
517 1231 850 1301 episcopum.
882 1234 1023 1288 sicut
1056 1234 1349 1304 proﬁteris,
1389 1236 1442 1290 in
1473 1236 1717 1307 catalogo
1751 1236 1866 1307 epi-

286 1336 574 1392 scoporum
624 1339 730 1378 non
784 1324 1001 1395 recipis,
1041 1341 1320 1401 quousque
1349 1329 1416 1383 de
1460 1344 1525 1384 eo
1578 1329 1866 1386 humanius

288 1422 608 1479 tractemus,
636 1423 691 1471 et
719 1416 762 1470 si
791 1415 1147 1472 Guntharium
1180 1419 1538 1474 ministerium
1587 1420 1689 1475 sibi
1728 1420 1867 1475 vcti-

288 1512 405 1558 tum
436 1516 806 1573 usurpantem,
858 1521 965 1561 non
1017 1508 1189 1563 solum
1244 1509 1388 1563 inter
1429 1510 1709 1580 episcopos
1755 1524 1868 1564 non

290 1599 619 1668 susceperis,
648 1599 743 1653 sed
772 1613 874 1653 nec
925 1599 1048 1668 ipsi.
1082 1615 1181 1655 nec
1206 1599 1507 1656 fautoribus
1557 1599 1675 1669 ejus
1724 1616 1869 1656 com-

289 1688 674 1754 municaveris,
727 1696 784 1744 et
820 1690 932 1760 regi
963 1690 1017 1744 in
1047 1690 1256 1745 scelere
1283 1692 1622 1759 permanenti
1659 1692 1867 1762 episco-

1956 508 2135 576 ipsam
2179 508 2618 563 contrarietatem
2671 508 2916 563 inditam.
2967 509 3100 577 Quis
3145 508 3289 565 enim
3336 512 3541 566 nesciat

1958 603 2053 650 aut
2090 611 2195 651 non
2244 596 2490 652 advertat
2540 597 2593 651 id
2636 598 2777 667 quod
2820 612 2848 652 a
2888 598 3132 668 principe
3175 599 3542 671 apostolorum

1956 685 2120 741 Petro
2152 684 2409 740 Romanae
2431 686 2685 742 Ecclesiae
2715 688 2971 742 traditum
2993 697 3075 743 est
3104 703 3169 743 ac
3193 705 3337 743 nunc
3365 704 3536 757 usque

1959 779 2278 840 custoditur,
2313 778 2380 859 ab
2402 765 2653 834 omnibus
2673 780 2867 834 debere
2898 780 3126 846 servari,
3151 794 3219 835 ne
3245 780 3536 851 superduci

1960 877 2054 922 aut
2078 868 2344 923 introduci
2373 869 2572 938 aliquid
2598 870 2742 940 quod
2783 877 2875 924 aut
2896 871 3271 926 auctoritatem
3302 887 3408 927 non
3437 873 3540 926 ha-

1961 958 2106 1029 bqt,
2129 966 2223 1011 aut
2252 957 2466 1012 aliunde
2495 959 2743 1014 videatur
2769 960 3016 1032 accipere
3055 961 3394 1030 exemplum?
3414 961 3548 1016 item

1960 1055 2084 1117 post
2108 1046 2235 1100 alia.
2277 1048 2503 1115 Oportet
2537 1061 2634 1102 eos
2666 1049 2769 1103 hoc
2797 1050 2947 1118 sequi
2971 1050 3114 1119 quod
3159 1049 3401 1104 Ecclesia
3442 1050 3550 1104 Ro-

1963 1152 2126 1192 mana
2154 1138 2412 1202 custodit,
2441 1153 2472 1190 a
2512 1152 2616 1207 qua
2646 1153 2742 1193 eos
2775 1138 3095 1209 principium
3143 1140 3413 1209 accepisse
3443 1155 3551 1194 non

1964 1228 2183 1285 dubium
2212 1238 2316 1289 est,
2341 1243 2409 1283 ne
2434 1228 2559 1282 dum
2584 1229 2884 1300 peregrinis
2910 1229 3285 1286 affectionibus
3305 1232 3551 1296 student,

1965 1327 2128 1388 caput
2177 1320 2574 1375 institutionum
2620 1321 2906 1377 videantur
2949 1323 3220 1378 amittere.
3266 1323 3397 1378 Item
3429 1330 3551 1394 post

1966 1408 2071 1463 alia
2104 1426 2118 1464 :
2148 1408 2206 1463 Si
2240 1410 2663 1479 pnedecessores
2710 1412 2785 1466 tui
2826 1411 3005 1466 minus
3033 1412 3232 1482 aliquid
3277 1421 3367 1468 ant
3393 1413 3558 1468 aliter

1969 1506 2280 1565 tenuerunt,
2323 1500 2525 1556 idcirco
2555 1516 2698 1557 nunc
2743 1492 3130 1574 respondemus
3161 1521 3265 1559 non
3313 1504 3454 1575 quod
3500 1514 3557 1559 te

1972 1588 2225 1659 ignorare
2266 1591 2572 1657 credamus,
2615 1592 2707 1647 sed
2760 1600 2821 1646 ut
2851 1593 3056 1663 majore
3099 1595 3422 1650 auctoritate
3464 1594 3552 1648 vel

1971 1689 2091 1735 tuos
2115 1680 2388 1747 instituas,
2412 1682 2494 1736 vel
2528 1682 2581 1736 si
2601 1683 2742 1753 quia
2774 1675 3032 1739 Romana:
3062 1684 3315 1739 Ecclesiae
3337 1685 3552 1739 institu-

290 1780 491 1849 paliter
517 1756 936 1844 contradixeris,
965 1789 1019 1836 et
1059 1756 1356 1837 secundum
1401 1782 1544 1838 vires
1575 1783 1628 1837 in
1657 1756 1808 1839 nullo
1833 1799 1868 1839 α
1898 1756 1941 1815 Β
1971 1775 2206 1830 tionibus
2255 1785 2462 1840 errant,
2495 1785 2587 1830 aut
2624 1791 2971 1832 commoneas
2991 1816 3007 1842 ,
3034 1788 3124 1831 aut
3155 1777 3401 1848 judicare
3445 1792 3552 1831 non

291 1870 605 1924 constitutis
632 1879 689 1925 et
712 1871 998 1926 sententiis
1028 1870 1098 1925 ab
1123 1871 1431 1943 apostolicae
1471 1874 1615 1929 sedis
1643 1873 1871 1944 praesule

289 1961 520 2031 prolatis
545 1961 865 2027 deviaveris,
903 1963 997 2018 sed
1027 1962 1096 2017 de
1122 1972 1321 2019 caetero
1354 1979 1454 2035 pro
1479 1964 1583 2020 fide
1608 1965 1871 2020 catholica

291 2061 350 2108 et
369 2055 704 2109 correctione
747 2055 1008 2120 ﬁdelium,
1053 2070 1120 2111 ac
1145 2070 1244 2125 pro
1289 2058 1673 2113 conservandis
1697 2059 1876 2127 ponti-

293 2142 415 2200 ﬁcis
442 2142 566 2215 [al.,
594 2146 911 2217 pontificiisl
936 2148 1080 2204 sedis
1120 2149 1429 2219 apostolicae
1456 2151 1749 2223 privilegiis
1778 2166 1876 2208 no-

293 2233 504 2288 biscum
527 2236 783 2303 senseris,
812 2239 1094 2296 nobiscum
1113 2254 1213 2309 pro
1257 2241 1462 2297 viribus
1488 2243 1870 2310 decertaveris,

294 2322 494 2380 fratres
520 2341 755 2397 quoque,
783 2338 839 2383 et
884 2331 1161 2399 proximos
1210 2340 1333 2387 tuos
1377 2333 1654 2397 nobiscum
1685 2350 1876 2406 sapere

294 2414 545 2472 hortatus
571 2416 760 2484 fueris,
787 2419 930 2497 Deus
949 2422 1303 2493 omnipotens,
1339 2424 1722 2481 intercessione
1748 2441 1871 2498 apo-

294 2505 556 2561 stolorum
578 2508 883 2578 principum
920 2511 1066 2568 Petri
1097 2528 1162 2569 ac
1187 2513 1359 2579 Pauli,
1391 2516 1605 2571 vincula
1635 2511 1876 2572 omnium

296 2607 644 2666 peccatorum
690 2599 961 2668 absolvat,
990 2611 1046 2658 et
1087 2605 1344 2675 quidquid
1393 2607 1702 2663 humanitus
1736 2607 1876 2679 quad

297 2687 354 2743 in
382 2691 553 2745 oculis
575 2692 874 2763 majestatis
921 2695 1039 2765 ejus
1083 2696 1357 2768 displicuit
1390 2700 1569 2770 egisti,
1593 2700 1686 2755 tibi
1720 2700 1882 2756 mise-

300 2788 452 2835 ratus
473 2780 762 2852 indulgeat,
786 2791 842 2840 et
865 2786 1254 2843 benedictionis
1275 2804 1385 2843 suae
1406 2791 1579 2858 gratia
1599 2798 1650 2846 te
1669 2790 1883 2863 replens

301 2872 375 2930 ad
402 2871 791 2930 beatitudinem
812 2876 1039 2935 visionis
1065 2895 1178 2935 suae
1208 2883 1489 2952 perducat.

988 2994 1174 3052 LXIX.

499 3099 568 3139 AD
601 3099 812 3142 ADONBI
846 3102 1174 3145 VlENNENSEI
1210 3107 1681 3150 ARCHIEPISCOPUI.

914 3178 1091 3249 (Anno
1127 3179 1278 3254 864.)

1821 2926 1849 2957 l

1972 1864 2212 1929 differas,
2240 1873 2299 1918 ut
2326 1866 2467 1921 scire
2490 1865 2769 1921 valeamus
2790 1867 2879 1936 qui
2905 1867 3014 1922 sint
3041 1867 3133 1936 qui
3165 1876 3258 1920 aut
3284 1867 3553 1922 novitates

1972 1955 2250 2019 inducunt,
2278 1963 2371 2009 aut
2397 1956 2619 2012 alterius
2659 1957 2934 2023 Ecclesiae,
2965 1972 3128 2027 quam
3155 1956 3413 2013 Romana:
3441 1957 3554 2012 exi-

1972 2047 2194 2101 stimant
2214 2047 2655 2102 consuetudinem
2674 2061 2796 2102 esse
2823 2048 3162 2103 servandam.
3193 2049 3328 2102 Data
3349 2062 3410 2101 ιιι
3432 2046 3557 2102 ldus

1973 2138 2313 2204 Decembris,
2343 2138 2638 2194 indictione
2671 2153 2793 2193 xm.

2677 2248 2843 2306 LXX.

2162 2355 2230 2395 AD
2268 2355 2567 2397 GALLIONEI
2577 2356 2868 2408 .SENENSEII
2902 2356 3380 2407 ARCHIEPISCOPUI.

2312 2431 2721 2503 Fragmentum.
2751 2462 2823 2473 —
2843 2432 2860 2503 (
2877 2430 3031 2486 Anno
3057 2431 3216 2503 86L)
3462 2418 3463 2421 ¹

1980 2525 2159 2581 Altera
2183 2536 2332 2597 parte
2361 2526 2595 2591 absente,
2623 2525 2892 2595 deﬁnitiva
2921 2542 3025 2579 non
3051 2524 3256 2595 feratur
3279 2523 3557 2578 sententia.

2340 2615 2616 2689 [Gratiam
2644 2616 2719 2682 ll,
2750 2632 2798 2671 c.
2827 2617 2882 2682 3,
2911 2632 2966 2687 q.
3004 2615 3058 2681 9,
3091 2630 3142 2670 c.
3175 2613 3289 2686 η]

2054 2724 2261 2782 Revera
2306 2724 2486 2795 justus
2538 2727 2803 2797 mediator
2849 2742 2955 2783 non
3004 2734 3120 2792 est,
3168 2726 3257 2797 qui
3299 2741 3406 2780 uno
3447 2725 3558 2779 liti—

1984 2827 2165 2888 gente,
2196 2826 2251 2872 et
2276 2818 2455 2873 altero
2474 2819 2716 2882 absente,
2744 2818 3023 2874 amborum
3055 2827 3394 2889 emergentes
3439 2818 3561 2872 lites

1987 2913 2238 2970 decidere
2267 2930 2372 2970 non
2404 2914 2676 2970 formidat.
2704 2913 2800 2970 llis
2825 2915 2902 2969 ita
2928 2912 3251 2984 praemissis,
3284 2910 3559 2975 volumus,

1985 3012 2047 3060 et.
2066 3003 2358 3074 apostolica
2387 3006 2709 3073 auctoritate
2745 3018 3045 3068 monemus,
3075 3011 3135 3058 ut
3162 3001 3208 3057 si
3257 3000 3562 3071 presbyter,

1909 3121 1956 3184 ε
1988 3093 2054 3148 de
2079 3108 2186 3162 quo
2211 3094 2407 3164 agitur,
2443 3103 2564 3166 post
2581 3094 3190 3151 excommunicationem
3218 3107 3398 3155 suam,
3429 3107 3562 3161 apo-

1986 3183 2231 3240 stolicam
2260 3185 2442 3240 sedem
2467 3186 2618 3241 adire
2636 3185 2887 3250 voluerit,
2912 3184 3092 3240 nullus
3120 3184 3224 3240 iter
3245 3180 3363 3252 ejus
3394 3182 3565 3253 impe-

304 3263 664 3345 lnnpcenti‘i}
689 3282 839 3345 papa;
863 3272 1173 3345 auctoritate
1204 3276 1351 3345 docet
1387 3277 1662 3344 inferiores
1706 3275 1891 3331 Eccle-
1988 3276 2104 3331 dire
2130 3284 2448 3345 pmsumat.

376 3337 489 3460 flia:
529 3352 564 3389 a
592 3334 850 3393 Romanis
873 3342 1334 3399 consuetudinibus
1378 3334 1481 3400 non
1522 3345 1706 3402 debere
1744 3363 1890 3403 rece-

415 3422 521 3460 ere.

415 3423 443 3461 ϐ
449 3422 521 3460 re.

813 3500 990 3573 [Apud
1016 3503 1209 3571 Mansi,
1230 3504 1387 3579 ibid.]

380 3608 650 3668 NICOLAUS
690 3612 995 3683 episcopus,
1024 3629 1212 3669 servus
1261 3628 1541 3671 servorum
1589 3616 1704 3683 Dei,
1734 3633 1888 3674 reve-

307 3691 623 3757 rentissimo
663 3711 719 3757 et
759 3703 1104 3760 sanctissimo
1147 3705 1405 3760 confratri
1468 3716 1654 3763 nostro
1710 3708 1885 3765 ADOM

307 3804 513 3851 sanctae
546 3795 871 3854 Viennensis
894 3798 1149 3854 Ecclesize
1173 3799 1598 3871 archiepiscopo.

383 3886 536 3956 Saepe
565 3887 867 3943 sanctitatis
906 3899 1103 3944 vestrae
1150 3888 1358 3945 litteras
1384 3892 1733 3961 suscepimus,
1765 3908 1886 3963 quae

310 3992 411 4032 nos
432 3978 722 4032 monebant
752 3986 809 4034 et
832 3979 1027 4034 obnixe
1053 3979 1341 4049 rogabant,
1376 3990 1434 4036 ιιι
1458 3982 1525 4036 de
1559 3983 1886 4038 ecclesiasti-

311 4068 393 4123 cis
420 4069 599 4125 causis
626 4069 923 4125 Ecclesiam
947 4079 1183 4125 vestram
1205 4072 1435 4139 qualiter
1475 4089 1638 4145 agere
1665 4076 1888 4131 deberet

312 4161 724 4216 instrueremus.
758 4161 912 4216 Unde
958 4157 1271 4216 nobis'nihil
1302 4163 1494 4219 melius
1522 4164 1693 4218 visum
1718 4175 1802 4221 est
1826 4175 1887 4221 ut

311 4252 652 4309 sanctitatem
686 4262 922 4308 vestram
954 4269 1020 4309 ex
1053 4253 1285 4310 decretis
1313 4265 1364 4310 et
1397 4255 1657 4312 institutis
1685 4257 1889 4327 przede~

310 4359 589 4400 cessorum
640 4353 951 4399 nostrorum
993 4345 1347 4411 doeeremus‘,
1392 4348 1483 4417 qui
1542 4362 1649 4418 quo
1699 4350 1887 4404 ordine

312 4436 551 4492 Ecclesia
580 4436 663 4489 cui
699 4436 808 4492 Deo
851 4446 1068 4492 auctore
1097 4452 1330 4507 praeesse
1358 4439 1743 4509 diguosci‘mur,
1774 4442 1887 4495 sive

311 4527 432 4582 alia:
476 4526 545 4580 ab
588 4527 700 4596 ipsa
747 4526 903 4597 longe
947 4530 1156 4598 lateque
1208 4528 1441 4585 fundatae
1492 4540 1791 4594 versentur,
1838 4532 1890 4586 in

310 4617 532 4687 scriptis
562 4617 675 4672 suis
714 4617 1112 4673 evidentissime
1136 4621 1291 4675 nobis
1325 4620 1611 4675 tenendum
1661 4622 1892 4691 relique-

313 4717 462 4762 runt.
516 4704 867 4763 Beatissimus
896 4708 1240 4764 Innocentius
1291 4726 1424 4779 papa
1471 4711 1537 4764 ad
1576 4712 1891 4766 Decentium

310 4803 624 4872 episcopum
669 4800 1032 4871 Eugubinum,
1073 4803 1215 4870 quod
1245 4811 1348 4856 tum
1376 4804 1649 4857 sanctitati
1679 4819 1895 4873 semper

308 4891 602 4953 memorari
639 4892 903 4957 volumus,
935 4892 1006 4946 ita
1050 4892 1365 4948 instruendo
1405 4893 1600 4962 posuit.
1631 4893 1688 4948 Si
1740 4895 1893 4949 insti-

316 4994 429 5040 tuta
461 4985 848 5049 ecclesiastica,
882 4993 944 5039 ut
970 4994 1095 5039 sunt
1127 5002 1157 5040 a
1183 4984 1356 5040 beatis
1381 4986 1641 5054 apostolis
1672 4988 1887 5053 tradita,

313 5078 522 5146 integra
550 5074 748 5131 vellent
780 5074 989 5130 Domini
1038 5076 1347 5131 sacerdotes
1387 5077 1696 5140 observare,
1746 5075 1890 5131 nulla

311 5169 571 5231 varietas,
600 5167 747 5222 nulla
778 5167 1064 5223 diversitas
1104 5168 1157 5222 in
1202 5168 1333 5238 ipsis
1359 5167 1639 5223 ordinibus
1667 5183 1731 5223 ac
1760 5170 1893 5223 Cttn-

313 5261 709 5317 sccrationibus
733 5259 1042 5315 haberetur.
1075 5258 1181 5315 Sed
1228 5260 1353 5314 dum
1381 5260 1745 5330 unusquisque
1786 5276 1891 5315 non

314 5353 456 5422 quod
506 5353 760 5407 traditum
792 5359 913 5433 west,
952 5352 1045 5406 sed
1075 5351 1218 5421 quod
1243 5351 1342 5405 sibi
1368 5349 1541 5404 visum
1589 5349 1749 5404 fuerit
1792 5348 1895 5406 hoc

317 5444 593 5500 existimat
629 5458 750 5499 esse
795 5443 1079 5498 tenendum
1107 5483 1122 5507 ,
1166 5441 1287 5496 inde
1330 5441 1537 5495 diversa
1574 5440 1626 5496 in
1672 5440 1899 5498 diversis

317 5536 562 5591 ecclesiis
607 5547 699 5590 aut
740 5544 924 5593 tenere
970 5546 1063 5592 aut
1102 5536 1377 5594 celebrare
1417 5538 1708 5592 videnlur:
1740 5554 1803 5591 ac
1842 5537 1902 5593 iit

309 5627 628 5683 scandalum
679 5628 887 5698 populis
913 5668 928 5693 ,
970 5630 1062 5701 qui
1111 5629 1238 5685 dum
1280 5619 1529 5685 nesciunt
1583 5627 1899 5683 traditiones

318 5716 570 5790 antiquas
616 5715 851 5771 humana
898 5713 1315 5791 praesumptione
1358 5724 1680 5793 corruptas,
1711 5727 1902 5791 putant

2680 3365 2867 3424 LXXI.

2437 3476 2611 3517 senato
2645 3475 2856 3516 utconlu
2893 3472 3041 3513 eam
3086 3446 3126 3525 ι,

1984 3572 2154 3639 Quem
2178 3573 2244 3627 de
2272 3570 2503 3625 Rothadi
2537 3586 2701 3624 causa
2731 3584 2795 3623 ea:
2822 3566 3044 3622 amboue
3074 3566 3132 3620 in
3160 3565 3320 3639 inissa
3358 3563 3478 3639 fecit
3511 3564 3567 3617 in

2060 3643 2278 3696 basilica
2316 3651 2510 3695 sancta:
2556 3639 2744 3692 Maria:
2782 3635 3241 3706 adAprwaepe,rd_iAe
3270 3632 3567 3706 vigiliarum

2056 3712 2342 3766 nativitatis
2359 3709 2595 3780 Domini.
2614 3708 2787 3780 (Anno
2809 3700 2957 3777 864.)
2982 3700 3162 3778 [Apud
3179 3700 3370 3758 Mansi.
3398 3700 3560 3757 Conc.

2057 3793 2190 3835 tom.
2228 3779 2371 3853 XV.]

2056 3891 2287 3962 Pmpter
2314 3906 2430 3960 eos,
2483 3888 2700 3956 fratres,
2729 3888 2822 3959 qui
2874 3902 2979 3943 non
3016 3884 3241 3958 semper
3278 3883 3570 3940 adfuerunt

1985 3983 2263 4039 nobiscum
2281 4022 2297 4045 ,
2335 3995 2556 4035 necesse
2584 3986 2667 4035 est
2692 3977 2963 4034 sanctitati
2992 3985 3187 4031 vestra:
3213 3989 3432 4031 causam
3460 3970 3571 4026 Ro—

1987 4071 2135 4127 thadi
2171 4068 2355 4124 fratris
2382 4078 2437 4123 et
2483 4067 2785 4138 coepiscopi
2836 4065 3040 4129 nostri,
3087 4073 3347 4134 quantum
3385 4054 3568 4115 Dot'ni-

1989 4178 2091 4218 nus
2117 4161 2397 4217 donaverit
2424 4152 2586 4232 posse
2616 4175 2712 4230 per
2731 4157 2976 4214 ordinem
3002 4172 3272 4223 reserare;
3302 4164 3570 4225 quatenus

1988 4270 2093 4309 una
2127 4252 2409 4309 nobiscum
2443 4251 2718 4322 negotium
2764 4249 2908 4304 illius
2938 4249 3006 4303 ad
3038 4247 3300 4318 liquidum
3342 4260 3571 4300 noscens

1991 4345 2300 4400 fraternitas
2327 4343 2734 4398 etmnanimitas
2755 4348 2959 4405 vestra,
2985 4340 3263 4394 nobiscum
3292 4336 3455 4390 etiam
3473 4376 3485 4397 ,
3518 4344 3573 4389 et

1995 4438 2063 4492 de
2090 4436 2387 4507 privilegiis
2430 4432 2737 4504 apostolica:
2765 4432 2928 4497 sedis,
2954 4446 3046 4486 seu
3089 4438 3286 4485 sancta:
3317 4427 3572 4481 [torname

1996 4528 2269 4589 Ecclesiae,
2313 4542 2343 4580 τι
2384 4525 2705 4595 quibusdam
2747 4524 2999 4592 nequiter
3026 4519 3323 4575 imminutis
3351 4527 3405 4571 et
3441 4533 3570 4571 eva-

1995 4619 2171 4674 cuatis
2209 4618 2411 4682 doleat,
2461 4625 2516 4672 et
2554 4615 2672 4671 zelo
2717 4613 3029 4669 ferventiori
3082 4626 3330 4674 accensa,
3372 4609 3439 4662 de
3489 4605 3573 4661 his

1997 4710 2379 4779 recuperandis
2423 4708 2652 4764 sollicita
2683 4707 2753 4762 sit
2775 4715 2829 4761 et
2853 4706 3081 4768 intenta,
3114 4717 3178 4757 ac
3217 4702 3282 4756 de
3315 4709 3463 4754 tanto
3494 4701 3574 4754 vi-

1998 4819 2083 4869 ro,
2101 4788 2346 4858 Rotliado
2367 4801 2637 4859 videlicet.
2661 4798 3044 4855 consacerdote
3059 4804 3259 4859 nostro,
3280 4802 3575 4848 retractare

1996 4911 2062 4950 ac
2101 4893 2465 4964 praemeditari
2508 4892 2758 4955 studeat;
2809 4897 3075 4959 quatenus
3106 4886 3151 4941 is
3193 4885 3282 4956 qui
3307 4901 3519 4955 semper
3544 4901 3576 4939 τι

1997 4984 2194 5041 finibus
2226 4995 2402 5050 terras,
2436 4994 2495 5039 ut
2534 4984 2604 5038 ita
2650 4983 2852 5044 dicam,
2886 4981 2951 5033 ad
2993 4994 3089 5033 nos
3118 4988 3169 5033 et
3204 4977 3354 5047 prius
3382 4978 3577 5032 absens

1997 5078 2253 5135 clamavit
2292 5087 2347 5131 et
2386 5075 2529 5129 beati
2563 5073 2709 5128 Petri
2754 5070 3116 5143 apostolorum
3165 5068 3422 5138 principis
3462 5083 3575 5122 nte-

1997 5169 2226 5225 ntoriam
2276 5168 2419 5222 inter
2442 5162 2774 5220 saevientium
2815 5162 3024 5232 linguas
3052 5156 3303 5215 oblivioni
3337 5173 3440 5211 non
3468 5165 3578 5210 tra-

2002 5261 2171 5327 didit;
2220 5259 2314 5313 sed
2344 5258 2411 5311 de
2455 5253 2825 5311 monasteriali
2854 5246 3096 5307 districta
3127 5250 3368 5333 custodia
3388 5290 3402 5313 ,
3435 5248 3579 5302 velut

2000 5351 2165 5407 Jonas
2205 5353 2270 5406 de
2319 5359 2506 5405 ventre
2555 5347 2690 5410 ceti,
2735 5354 2790 5402 et
2831 5343 3016 5401 Daniel
3060 5344 3125 5398 de
3165 5343 3283 5397 lacu
3336 5340 3577 5403 leonum,

2003 5444 2070 5497 ad
2105 5443 2387 5496 Dominum
2422 5450 2475 5495 et
2500 5439 2571 5494 ad
2597 5439 2882 5494 dilectores
2923 5436 3013 5491 vel
3050 5435 3272 5490 dilectos
3308 5433 3584 5503 apostolus

2003 5534 2120 5601 ejus
2145 5531 2470 5587 vociferatus
2495 5542 2598 5598 est,
2620 5536 2676 5586 et
2700 5528 2891 5585 deinde
2911 5529 3232 5589 abstractus,
3261 5526 3385 5580 licet
3414 5524 3582 5579 desti—

2004 5636 2153 5682 tutus
2171 5625 2251 5681 vel
2271 5625 2622 5696 exspoliatus,
2645 5633 2806 5694 atque
2826 5623 2969 5676 omni
2988 5636 3053 5676 cx
3076 5627 3227 5689 parte
3248 5624 3582 5677 attenuatus,

2007 5717 2220 5774 tandem
2268 5716 2375 5773 Deo
2429 5717 2563 5772 duce
2602 5715 2911 5788 praesidium
2958 5709 3224 5778 suum,id
3268 5717 3351 5764 est
3397 5707 3583 5763 sedem
