4050 6324
495 222 593 278 891

1804 221 2069 278 NICOLAI
2105 222 2305 279 ΡΑΡᾸΞ
2342 222 2361 278 Ι

3651 222 3757 280 8‘12

495 336 640 390 l’ctri
660 375 675 399 ,
708 334 763 389 in
793 350 897 404 qua
929 335 1042 404 spei
1075 350 1140 390 ac
1169 334 1377 391 ﬁducia:
1416 349 1527 391 sua:
1554 335 1717 406 pedes
1744 351 1809 391 ac
1835 336 1880 391 si
1902 352 2065 406 supra
2096 345 2139 400 Λ
2170 346 2284 405 set;
2327 348 2515 395 contra
2552 346 2631 393 tot
2674 345 2854 394 tamen
2884 345 2941 393 et
2969 345 3116 392 tanta
3152 336 3440 392 decretalia
3468 352 3530 393 se
3561 337 3753 396 efferre

495 427 707 481 firmam
732 437 939 496 petram
967 434 1258 489 statuerat,
1286 425 1596 494 requisivit,
1626 435 1682 480 et
1704 425 1951 499 plurimis
1971 425 2073 481 dif-

495 519 823 576 ﬁcultalibus
852 526 909 574 et
937 518 1323 581 incommodis,
1364 528 1527 587 atque
1568 517 2073 589 impedimentorum

498 610 810 667 retinaculis
838 610 929 663 Dei
968 608 1254 664 destructis
1284 609 1506 673 virtute,
1534 609 1677 678 quod
1719 607 1991 663 inhianter
2019 616 2075 663 et

496 704 657 758 anxie
693 701 1019 758 desideravit
1042 701 1264 770 adeptus
1298 708 1383 755 est
1413 717 1428 764 ;
1454 714 1578 755 cum
1605 701 1992 766 consolatione,
2020 709 2077 756 et

497 792 719 856 auxilio,
751 807 815 845 ac
846 791 1022 845 omnis
1047 790 1260 860 pristini
1305 790 1389 845 sui
1433 799 1607 846 status
1642 790 2073 860 recuperationc,

498 884 566 938 ad
593 881 893 953 exemplum
920 890 976 935 et
996 881 1244 936 fiduciam
1275 882 1567 937 multorum
1597 884 1847 966 recedat:
1882 891 1939 936 et
1959 883 2077 969 ui-

496 975 690 1047 vilegia
724 984 926 1029 sanctae
952 973 1209 1029 Romana:
1241 974 1519 1039 Ecclesiae,
1552 990 1646 1029 seu
1694 958 1837 1030 sedis
1865 958 2078 1046 apos'to-

503 1068 641 1133 licze,
670 1082 883 1137 semper
927 1066 1271 1131 intemerata,
1307 1066 1535 1121 minime
1559 1066 1785 1121 ulterius
1811 1067 1927 1122 hazc
1958 1067 2076 1122 vio-

496 1155 609 1210 lare
658 1164 1084 1226 przeeuu'enles,
1140 1156 1445 1210 consistant
1490 1165 1651 1224 atque
1703 1165 2075 1225 permaneant.

497 1246 762 1314 Denique,
809 1245 1026 1310 fratres,
1077 1260 1198 1301 cum
1244 1261 1484 1315 praesens
1513 1246 1796 1301 Rothadus
1822 1263 1853 1300 a
1894 1248 2078 1304 multis

498 1335 690 1391 fuisset
712 1344 856 1391 retro
879 1336 1230 1405 temporibus,
1254 1351 1287 1390 a
1310 1335 1722 1406 metropolitano
1743 1351 1858 1400 suo,
1885 1345 1939 1389 et
1958 1337 2078 1406 qui-

500 1426 729 1482 busdam
767 1428 1068 1482 sectoribus
1105 1428 1251 1493 suis,
1293 1429 1455 1482 etiam
1483 1446 1516 1483 a
1556 1427 1854 1483 sublimiori
1896 1427 2075 1483 saeculi

498 1534 729 1591 persona
774 1518 1107 1573 incessanter
1155 1519 1507 1582 observatus,
1564 1527 1624 1572 ut
1690 1518 1871 1587 aliquo
1920 1519 2079 1573 modo

500 1626 687 1667 eorum
737 1608 948 1664 insidiis
997 1618 1299 1680 caperetur,
1349 1619 1403 1664 et
1440 1609 1537 1664 Dei
1585 1609 1756 1680 gratia
1802 1616 2079 1678 protectus

2172 436 2396 494 statuta,
2427 437 2481 495 et
2506 430 2818 500 episcopum
2842 428 3143 484 inconsulte
3167 428 3461 497 deponere,
3486 430 3632 485 sicut
3658 448 3758 485 vos

2172 520 2308 575 bene
2356 522 2555 583 nostis.
2603 536 2710 575 non
2759 520 3080 577 debuerunt.
3129 520 3412 587 Quomodo
3456 537 3591 577 vero
3623 524 3760 579 alios

2167 609 2379 680 iudices
2419 610 2580 681 elegit
2622 599 2941 675 ltothadus,
2989 622 3113 665 cum
3150 610 3204 663 in
3252 608 3343 664 illo
3386 610 3615 679 scripto,
3658 626 3763 682 per

2173 701 2316 771 quod
2343 702 2550 771 fingunt
2576 715 2701 755 eum
2730 716 2761 754 a
2789 709 2976 755 nostro
2999 699 3070 754 ad
3096 714 3254 754 suum
3277 698 3543 769 judicium
3569 715 3763 770 provo-

2177 808 2355 859 casse,
2393 809 2498 850 nec
2524 801 2771 848 nostrum
2802 793 3090 862 sprevisse,
3142 806 3243 847 nec
3291 791 3507 847 illorum
3535 793 3764 863 petiisse

2169 882 2434 953 judicium
2455 883 2767 955 judicetur?
2790 883 3063 954 praecipue
3086 897 3210 938 cum
3237 882 3283 938 si
3321 882 3536 954 judiees
3560 891 3766 953 prater

2174 990 2276 1031 nos
2300 974 2571 1045 elegisset,
2609 983 2665 1030 et
2695 982 2904 1029 eertum
2931 988 3217 1031 numerum
3255 972 3631 1042 eligendorum
3669 974 3764 1043 ju-

2176 1064 2356 1139 dicum
2379 1064 2761 1134 expressisset,
2792 1072 2849 1120 et
2894 1080 3001 1121 non
3053 1064 3238 1133 utique
3288 1063 3590 1118 fraternum
3617 1064 3767 1118 sola-

2177 1157 2310 1212 tium
2343 1155 2483 1210 sicut
2508 1169 2604 1225 per
2626 1154 2754 1210 illud
2780 1155 3039 1225 scriptum
3068 1154 3381 1224 postulavit,
3416 1153 3768 1216 solummodo

2176 1246 2520 1321 postulasset.
2547 1244 2737 1301 Utrum
2762 1255 2941 1301 tamen
2968 1246 3141 1315 ipsum
3168 1244 3430 1314 scriptum
3456 1260 3489 1298 a
3515 1243 3770 1298 Rothsdo

2178 1340 2402 1396 missum
2452 1338 2557 1402 sit,
2582 1352 2788 1402 necne,
2837 1336 3143 1392 certissime
3185 1336 3468 1391 nescitur:
3507 1336 3769 1406 quoniam

2176 1429 2426 1491 alterius,
2471 1437 2526 1483 et
2554 1442 2659 1482 non
2690 1426 2920 1482 Rothadi
2941 1467 2955 1491 ,
2990 1426 3151 1481 homo
3193 1424 3363 1481 fuisse
3387 1426 3769 1487 convincitur,

2176 1519 2266 1588 qui
2316 1518 2576 1588 scriptum
2633 1525 2885 1588 portasse
2952 1516 3212 1571 noscitur.
3268 1515 3595 1585 Quanquam
3666 1516 3773 1571 etsi

2177 1626 2451 1681 nunquam
2465 1619 2812 1680 provocasset
2848 1625 3124 1679 nunquam
3145 1608 3365 1663 omnino
3377 1617 3577 1679 praeter
3599 1610 3776 1664 scien-

502 1713 778 1773 nunquam
810 1698 1040 1753 omnino
1067 1698 1187 1768 capi
1229 1698 1521 1769 potuisset;
1557 1699 1904 1766 taudvmpro
1939 1713 2075 1766 quo-

2193 1704 2310 1759 Liam
2332 1712 2571 1758 nostram
2586 1702 2780 1773 deponi
2808 1701 3085 1756 debuerit:
3113 1700 3240 1770 quia
3277 1714 3435 1755 saera
3482 1708 3693 1756 statuta
3716 1708 3776 1757 et

502 1791 625 1847 dam
638 1771 951 1864 presbytero
961 1792 1050 1861 qui
1066 1790 1117 1845 in
1137 1792 1276 1861 turpi
1290 1790 1674 1860 fueratﬂagitio
1685 1790 2080 1860 deprehensus,

502 1891 559 1938 et
573 1884 832 1939 membris
848 1883 1168 1955 genitalibus
1186 1884 1556 1946 detruncatus,
1573 1882 1856 1963 materiam
1876 1881 2080 1935 inimici

504 1975 623 2046 ejus
671 1971 928 2030 adversus
974 1990 1098 2029 eum
1155 1974 1391 2030 laesionis
1433 1981 1809 2044 sumpserunt,
1839 1990 1906 2028 eo
1940 1973 2082 2043 quod

506 2064 829 2120 sceleratum
865 2065 1013 2119 illum
1051 2063 1422 2135 presbyterum
1449 2065 1517 2120 ab
1538 2064 1715 2121 cilicio
1743 2065 2081 2131 removisset,

506 2165 564 2208 et
601 2161 723 2223 post
778 2161 889 2208 tres
924 2169 1117 2224 annos,
1143 2154 1287 2223 quod
1334 2168 1569 2209 canones
1598 2170 1703 2209 non
1753 2156 2082 2223 admittunt,

507 2243 730 2298 minime
759 2243 962 2297 nullam
1010 2258 1194 2299 vocem
1226 2244 1663 2314 proclamationis
1691 2247 1973 2302 habentem
2004 2264 2082 2304 re-

509 2334 735 2388 stituere
761 2333 1036 2390 voluisset.
1066 2334 1232 2405 Cujus
1263 2335 1338 2391 rei
1365 2336 1535 2406 gratia
1566 2335 1706 2392 facto
1733 2337 1962 2393 concilio
1991 2354 2087 2409 ge-

508 2426 675 2479 nerali
692 2465 707 2490 ,
735 2427 877 2495 quod
901 2426 1018 2480 sine
1047 2424 1355 2496 apostolica:
1381 2427 1525 2481 sedis
1550 2436 1820 2498 prz‘eeepto
1848 2428 1974 2482 nulli
2002 2428 2086 2484 fas

510 2527 596 2572 est
624 2518 850 2573 vocandi
875 2558 890 2584 ,
916 2527 1244 2573 vocaverunt
1271 2519 1413 2574 hunc
1447 2519 1685 2588 episcopi
1705 2535 1892 2589 ,quos,
1920 2520 2085 2576 llinc-

509 2608 650 2664 mari
694 2608 1026 2663 Rhemorum
1074 2608 1471 2679 archiepiscopi
1521 2610 1883 2681 suggestione,
1942 2610 2089 2682 regia

514 2699 721 2752 fecerat
745 2697 918 2769 jussio
944 2697 1265 2762 convenire,
1305 2706 1574 2766 quatenus
1602 2699 1869 2754 rationem
1906 2700 1972 2755 de
1996 2699 2091 2754 illo

508 2791 827 2862 presbytero
853 2805 1037 2845 coram
1066 2789 1270 2861 synodo
1296 2791 1566 2846 redderet.
1589 2789 1692 2858 Qui
1722 2790 1949 2847 libenter
1967 2792 2089 2862 qui-

516 2883 639 2936 dem
687 2881 918 2951 primmn
957 2881 1199 2952 perrexit
1232 2898 1246 2935 :
1277 2882 1370 2936 sed
1417 2890 1605 2952 postea
1631 2920 1647 2946 ,
1696 2896 1818 2935 cum
1868 2881 2093 2936 vidisset

510 2987 699 3027 eorum
727 2972 861 3027 alios
885 2971 1103 3042 quidem
1128 2972 1327 3027 timore
1341 2972 1481 3042 regis
1496 2970 1774 3041 Caroliqui
1798 2970 1981 3025 aderat
1994 2972 2088 3025 ob-

2184 1795 2487 1849 veneranda
2511 1794 2724 1849 decreta
2738 1793 3111 1862 episcoporum
3125 1806 3341 1856 causas,
3356 1800 3415 1845 ut
3427 1798 3555 1860 pote
3567 1789 3775 1859 majora

2184 1886 2417 1958 negotia,
2454 1892 2654 1941 nostra:
2690 1881 3031 1939 diliiniendas
3057 1894 3301 1937 censurae
3329 1880 3681 1936 mandarunt.

2870 1997 3082 2053 LXXII.

2184 2105 2442 2147 EPISTOLA
2488 2104 2698 2148 NICOLAI
2752 2105 2821 2145 AD
2857 2102 3068 2144 CLERUI
3118 2102 3191 2143 ET
3242 2098 3451 2142 PLEBEI
3501 2099 3776 2141 360.3318

2866 2174 3119 2215 ΒΟΙΔΝΕ.

2806 2248 3002 2318 (Anno
3027 2245 3189 2316 865.)

2389 2337 2660 2395 Absolutio
2687 2347 2738 2393 et
2770 2337 3031 2392 restitutio
3054 2335 3282 2390 Rothadz
3310 2335 3564 2405 episcopi.

2173 2455 2191 2475 ο
2257 2431 2550 2495 Nicouus,
2569 2429 2868 2500 episcOpus,
2891 2444 3083 2484 servus
3105 2441 3387 2483 servorum
3414 2425 3531 2488 Dei,
3576 2434 3781 2481 saneta:

2189 2523 2446 2578 Romanae
2478 2521 2758 2575 catholica:
2802 2519 3049 2575 ecclesia:
3089 2518 3378 2590 episcopis,
3421 2518 3777 2589 presbyteris,

2189 2628 2246 2675 et
2290 2618 2641 2683 diaconibus,
2698 2627 2754 2674 et
2803 2625 3013 2673 cuncta:
3061 2618 3119 2673 in
3170 2617 3387 2673 Christo
3431 2617 3780 2689 generalitati

2190 2711 2447 2766 Romana:
2483 2710 2675 2781 plebis.

2224 2799 2456 2879 ‘Notum
2509 2801 2575 2855 sit
2618 2799 2891 2856 dilectioni
2931 2807 3147 2866 vestrae,
3187 2797 3391 2856 fratres
3434 2800 3545 2855 mei
3586 2810 3646 2856 et
3685 2800 3781 2855 liii

2194 2891 2511 2949 charissimi
2531 2931 2547 2956 ,
2574 2893 2717 2961 quod
2748 2891 2966 2961 quidam
2991 2890 3265 2948 Gallorum
3287 2892 3561 2962 episcopi,
3592 2892 3698 2947 zeli
3727 2903 3785 2948 et

2195 2983 2410 3038 invidia:
2457 2982 2656 3037 diaboli
2712 2982 2921 3036 facibus
2959 2982 3209 3048 accensi,
3243 2984 3369 3055 quia
3408 2998 3594 3050 mors,
3640 2983 3787 3040 sicut

512 3080 715 3130 sessos,
740 3064 873 3119 alios
901 3072 1080 3118 autem
1112 3063 1296 3119 favore
1324 3063 1594 3118 Hincmari
1613 3103 1629 3129 ,
1659 3063 1797 3118 hosti
1830 3064 1943 3129 sui,
1978 3062 2090 3135 pel-

2196 3075 2456 3145 scriptum
2497 3081 2603 3140 est,
2645 3090 2741 3143 per
2777 3073 3032 3129 invidiam
3067 3053 3308 3128 introivit
3342 3073 3397 3128 in
3433 3076 3625 3128 orbem
3670 3084 3779 3129 ter-

514 3159 707 3225 lectos,
733 3156 993 3228 judiCium
1036 3157 1275 3226 ipsorum
1303 3156 1697 3212 rationabiliter
1741 3156 2006 3220 devitans,
2035 3163 2094 3211 ut

513 3260 640 3323 pote
664 3265 894 3321 quorum
936 3250 1036 3304 hos
1062 3250 1280 3319 quidem
1319 3249 1433 3319 jam
1474 3250 1782 3319 patiebatur
1831 3246 2091 3314 infestos,

515 3343 654 3398 alios
681 3350 861 3397 autem
884 3338 996 3413 jam
1029 3355 1096 3394 ex
1135 3340 1562 3408 prmeedentibus
1588 3338 1812 3408 judiciis
1860 3340 2095 3394 habebat

516 3442 833 3503 suspectos,
865 3429 1010 3484 sedis
1055 3428 1363 3499 apostolica:
1388 3428 1645 3500 judicium
1689 3428 2014 3497 postulavit,
2042 3435 2098 3482 et

514 3521 573 3575 in
600 3519 733 3575 urbe
761 3519 956 3583 Roma,
978 3534 1244 3573 canonum
1268 3518 1435 3572 fultus
1458 3519 1796 3581 auctoritate,
1829 3518 2095 3589 agendum

514 3610 619 3666 sibi
664 3610 936 3680 negotium
986 3609 1358 3680 proclamavit.
1402 3610 1519 3676 Quo
1547 3610 1729 3664 audito
1774 3609 2097 3665 liincmarus

514 3702 585 3757 ad
615 3702 886 3757 modicum
919 3702 1136 3771 quidem
1171 3701 1440 3756 licentiam
1482 3701 1552 3755 illi
1586 3702 1813 3755 Romam
1845 3701 2097 3759 veniendi

515 3791 807 3856 concessit,
838 3791 932 3846 sed
967 3798 1086 3861 post
1127 3789 1401 3860 paululum
1436 3790 1651 3859 penitus
1678 3790 1979 3859 impedivit.
2008 3789 2096 3843 Si-

517 3882 732 3953 quidem
747 3922 762 3948 ,
792 3898 980 3937 rursus
1009 3881 1318 3937 convocatis
1340 3881 1662 3949 quibusdam
1684 3882 1972 3951 episeOpis,
1988 3880 2100 3951 jus-

518 3973 595 4028 sit
639 3973 783 4027 hunc
830 3973 897 4026 ad
933 3974 1197 4043 synodum
1234 3972 1655 4027 examinandum
1686 3972 1962 4028 accedere.
1997 3972 2097 4039 Qui

519 4063 636 4117 lucc
664 4061 889 4117 audiens
923 4062 1199 4131 reSpondit
1230 4078 1289 4117 se
1317 4061 1672 4132 apostolicam
1702 4063 1885 4117 sedem
1923 4061 2102 4131 appel-

520 4156 686 4220 lasse,
714 4170 779 4209 ac
802 4154 917 4223 ejus
944 4157 1158 4225 petiisse
1178 4155 1466 4225 judicium,
1497 4164 1553 4210 et
1584 4156 1787 4210 idcirco
1815 4172 1919 4210 non
1942 4170 2102 4224 posse

521 4247 590 4301 ad
622 4245 748 4299 illud
777 4247 1065 4302 convenire
1098 4246 1358 4315 judicium
1382 4287 1397 4312 ,
1425 4247 1551 4317 quia
1590 4264 1697 4302 non
1728 4256 1874 4303 esset
1888 4247 2103 4302 licitum

523 4353 554 4390 a
603 4335 795 4406 majori
844 4336 909 4390 ad
975 4336 1236 4390 mitiorem
1292 4351 1589 4407 provocare
1643 4352 1864 4407 prorsus
1914 4342 2104 4391 aucto-

2196 3183 2379 3223 rarum
2416 3164 2581 3239 (Sap.
2609 3167 2706 3231 ιι),
2739 3166 2866 3221 huic
2900 3165 3055 3221 fratri
3085 3175 3271 3222 nostro
3308 3165 3585 3231 Rothado,
3619 3182 3786 3222 vene-

2198 3259 2358 3316 rabili
2384 3274 2517 3315 vero
2541 3299 2556 3326 ,
2592 3258 2912 3314 insidiantes
2937 3299 2953 3321 ,
2999 3267 3056 3315 et
3082 3274 3179 3330 per
3206 3266 3331 3314 octo
3359 3258 3578 3314 circiter
3605 3273 3782 3313 annos

2200 3351 2654 3423 quemadmodum
2688 3351 2834 3407 illum
2864 3352 3082 3422 proprio
3115 3351 3394 3422 privarent
3428 3352 3738 3421 episcopatu
3758 3389 3777 3414 ,

2193 3443 2398 3514 judicio
2419 3445 2663 3500 meditati
2686 3455 2832 3500 sunt.
2860 3444 2967 3499 Sed
2986 3459 3110 3499 cum
3128 3443 3430 3501 diutissime
3449 3443 3780 3506 laborantes.

2188 3537 2333 3599 .nibil
2374 3537 2702 3594 discriminis
2740 3537 3045 3609 potuissent
3101 3551 3266 3608 super
3309 3551 3434 3591 eum
3489 3536 3780 3599 inducere,

2197 3627 2492 3684 novissime
2531 3627 2819 3683 mundanis
2858 3627 3217 3696 potestatibus
3261 3626 3344 3681 usi
3369 3664 3386 3691 ,
3430 3624 3785 3695 depositionis

2199 3723 2519 3776 sententiam
2568 3720 2623 3774 in
2664 3720 2941 3783 eumdem,
2983 3720 3169 3776 sedem
3212 3716 3568 3788 apostolicam
3605 3715 3788 3786 appel-

2196 3810 2399 3865 lantem
2419 3851 2435 3875 ,
2463 3808 2850 3864 immanissimc
2873 3806 3231 3877 protulerunt,
3260 3813 3319 3861 et
3343 3805 3397 3860 in
3427 3804 3784 3859 minutionem

2203 3909 2260 3956 et
2307 3899 2765 3954 abominationem
2818 3897 3223 3969 privilegiorum
3270 3904 3477 3952 sancta:
3527 3895 3787 3951 Roman:

2201 3989 2496 4056 Ecclesia,
2546 3989 2654 4044 imo
2688 3989 2832 4043 beati
2883 3988 3031 4043 Petri
3080 3987 3445 4059 apostolorum
3489 3985 3786 4057 principis,

2198 4083 2373 4155 gradu
2402 4082 2623 4153 pr0prio
2659 4080 2901 4151 pulsum,
2933 4080 3188 4135 carcerali
3219 4080 3480 4135 custodia:
3509 4079 3784 4147 mancipa—

2204 4185 2350 4233 runt.
2385 4174 2537 4231 Unde
2579 4175 2737 4229 istum
2783 4174 3105 4228 clamantem
3144 4181 3203 4227 ut
3234 4172 3618 4231 addueerent.‘
3642 4178 3698 4225 et
3722 4169 3790 4223 ad

2205 4274 2452 4322 nostrum
2482 4264 2630 4319 illum
2656 4265 2917 4334 judicium
2946 4264 3015 4319 ad
3043 4263 3186 4333 quod
3214 4270 3339 4317 ante
3368 4262 3785 4333 depositionem,

2208 4364 2264 4411 et
2305 4363 2492 4426 postea
2542 4353 2981 4424 imprzetermisse
3031 4360 3454 4423 provocaverat,
3506 4366 3634 4406 cum
3680 4350 3790 4405 suis

522 4434 759 4490 ritatem.
821 4432 1180 4502 Quamobrem
1244 4436 1405 4491 nimis
1460 4438 1750 4492 absurdum
1820 4447 1903 4492 est
1961 4435 2102 4506 quod
2134 4416 2182 4475 υ
2212 4416 2454 4510 vim-mis,
2487 4444 2577 4514 qui
2613 4416 2760 4497 illum
2792 4443 2837 4498 si
2862 4416 3102 4498 valere-nt
3129 4441 3477 4497 accusatione
3499 4440 3665 4511 digna
3693 4455 3788 4509 ap-

525 4523 852 4580 Hincmarus
898 4523 1054 4595 lingit
1096 4525 1299 4579 dixisse
1341 4525 1678 4591 Rotbadum,
1729 4536 2013 4596 postquam
2036 4526 2104 4582 ad

518 4615 783 4687 judicium
812 4619 957 4674 sedis
982 4619 1288 4688 apostolicae
1316 4620 1650 4689 provocavit,
1679 4620 1871 4673 iterum
1900 4624 2104 4675 mutata

525 4728 663 4781 voce,
687 4712 915 4766 aliorum
953 4710 1160 4780 judicia
1205 4711 1528 4782 postulasse.
1587 4712 1738 4777 Quod
1769 4712 1981 4767 etiamsi
2027 4711 2104 4767 ita

527 4802 736 4870 fuisset,
766 4805 905 4859 sicut
932 4816 1111 4860 vesua
1141 4806 1291 4860 novit
1319 4803 1667 4872 fraternitas,
1696 4806 1763 4861 ab
1809 4805 1899 4862 illo
1930 4806 2106 4861 fuerat

527 4900 943 4965 emendandum,
985 4910 1038 4957 et
1063 4917 1134 4957 ne
1171 4917 1202 4955 a
1233 4899 1454 4970 majoris
1496 4900 1836 4957 auctoritatis
1857 4901 2107 4956 examine

528 4990 597 5044 ad
637 4992 858 5046 minoris
884 4992 1206 5049 valetudinis
1230 5001 1589 5062 provocasset:
1611 4994 1901 5064 judicium.
1933 4993 2106 5047 corri-

536 5084 789 5153 gendum.
821 5083 972 5139 Licet
999 5086 1158 5142 nullis
1185 5095 1370 5157 pateat
1404 5087 1617 5143 indiciis
1645 5103 1677 5140 a
1723 5095 1911 5141 nostro
1957 5084 2104 5139 illum

530 5174 597 5229 ad
626 5174 847 5230 alterius
896 5179 1202 5234 cucurrisse
1249 5177 1549 5246 judicium,
1580 5194 1742 5249 quem
1782 5186 1995 5232 constat
2052 5177 2104 5232 in

533 5265 651 5334 ipso
679 5265 906 5322 articulo
944 5276 1133 5323 contra
1169 5283 1230 5325 se
1263 5269 1597 5339 preferendae
1617 5269 1896 5324 sententia:
1923 5268 2103 5323 sedem

532 5357 885 5426 apostolicam
936 5360 1256 5429 appellasse.
1293 5361 1477 5430 Atqui
1520 5361 1591 5414 ab
1640 5359 1729 5414 illa
1772 5374 1833 5415 se
1871 5357 2106 5427 judicari

531 5459 868 5521 poposcerat,
898 5458 954 5507 et
977 5466 1162 5506 coram
1185 5450 1439 5506 omnibus
1463 5449 1877 5513 exclamaverat,
1902 5449 2106 5519 justum

533 5557 636 5596 non
658 5541 821 5603 foret.
844 5543 888 5597 si
910 5546 977 5597 ad
994 5559 1184 5599 eorum
1209 5557 1269 5597 se
1287 5541 1487 5611 judicia
1509 5543 1897 5608 convertisset;
1919 5556 2109 5611 quam-

541 5632 613 5686 tis
632 5640 687 5686 et
719 5633 832 5703 ipse
858 5632 1041 5690 sedem
1067 5631 1416 5702 apostolicam
1441 5632 1488 5689 si
1516 5632 1821 5689 nullatenus
1841 5632 2105 5703 appellas-

2207 4544 2471 4607 peterent,
2494 4535 2857 4598 destinarent,
2881 4533 3128 4602 plurimis
3171 4532 3419 4602 epistolis
3454 4530 3661 4585 eisdem
3687 4529 3789 4599 epi-

2205 4627 2382 4696 sc0pis
2401 4625 2661 4694 iussimus
2686 4634 2743 4679 et
2776 4624 2974 4679 hortati
3002 4638 3205 4679 sumus.
3239 4621 3347 4678 Sed
3372 4635 3523 4686 ecce,
3540 4620 3777 4675 dilectis-

2208 4718 2365 4783 simi,
2394 4718 2537 4772 sicut
2587 4715 2691 4786 ipsi
2739 4715 2912 4781 scitis,
2949 4729 3041 4770 sex
3073 4712 3348 4769 mensibus
3387 4711 3501 4782 jam
3526 4720 3790 4781 praesente

2207 4810 2454 4867 Rothado
2481 4808 2670 4864 Romae
2706 4808 2847 4879 apud
2874 4821 2973 4861 nos
2996 4813 3269 4869 manente,
3296 4812 3353 4858 et
3378 4801 3535 4859 nobis
3567 4816 3786 4856 accusa-

2210 4910 2356 4957 tores
2382 4899 2467 4954 vel
2501 4899 2732 4954 vicarios
2758 4912 2946 4952 eorum
2974 4894 3431 4966 praestolantibus,
3481 4893 3665 4946 nullus
3701 4891 3789 4962 qui

2204 4974 2354 5048 hunc
2380 4999 2663 5046 accusaret
2686 4991 2876 5045 adesse
2899 4988 3132 5044 videtur.
3165 4986 3221 5042 ln
3251 4983 3632 5055 quo,.fratres.
3663 4981 3788 5052 quid

2210 5083 2353 5140 aliud
2390 5084 2549 5138 datur
2585 5081 2843 5152 intelligi,
2890 5081 2995 5135 nisi
3043 5080 3183 5149 quod
3216 5085 3438 5132 sanctus
3482 5089 3621 5146 papa
3666 5073 3792 5127 dicit

2208 5173 2534 5238 Bonifacius,
2566 5172 2691 5241 quia
2720 5172 2862 5226 sicut
2887 5170 2979 5242 qui
3009 5179 3094 5224 est
3120 5169 3377 5223 innocens
3404 5174 3464 5219 ut
3482 5163 3791 5218 absolvatur

2210 5264 2421 5335 qmerit,
2453 5264 2526 5317 ita
2550 5262 2812 5331 judicium
2836 5274 3038 5315 nocens
3061 5256 3418 5326 subterfugit?
3441 5254 3646 5309 Verum
3672 5264 3789 5311 nos;

2212 5360 2323 5415 Deo
2374 5365 2596 5412 auctore
2621 5396 2637 5419 ,
2681 5356 3072 5421 beatorumque
3121 5348 3381 5421 principis
3424 5343 3790 5416 apostolorum

2212 5447 2359 5503 Petri
2410 5444 2635 5517 apostoli
2684 5442 2802 5498 fulti
2847 5440 3131 5511 suﬁragio,
3187 5440 3533 5493 decessorum
3580 5444 3792 5504 quoque

2215 5545 2521 5592 nostrorum
2542 5533 2715 5589 secuti
2737 5534 2985 5604 vestigia,
3008 5528 3287 5601 privilegia
3300 5527 3442 5583 sedis
3465 5523 3787 5595 apostolicae:

2216 5645 2336 5695 quae
2366 5628 2437 5683 illi
2484 5627 2624 5684 male
2657 5625 2884 5705 fregisse
2930 5625 3266 5693 probantur,
3311 5617 3643 5705 recuperare
3682 5626 3790 5671 sta-
