4050 6324
315 261 426 318 893

1525 261 1882 320 EPISTOLA‘.
1921 262 2009 318 ET
2046 261 2386 335 DECRETA.

3471 257 3578 317 θυι

318 376 541 439 dentes,
581 375 692 447 jam
727 375 894 433 fatum
921 377 1127 443 virum,
1156 384 1473 447 praesentem
1504 374 1755 431 videlicet
1790 376 1898 430 Ro—
1927 377 1977 437 Α
2005 373 2294 440 clamavit;
2322 383 2378 431 et
2415 374 2607 430 beatus
2628 373 2971 430 Innocentius
3004 387 3142 444 papa
3175 374 3292 429 sine
3329 374 3580 445 prmjudi-

318 467 548 522 thadum
564 506 580 532 ,
610 467 839 538 pristino
858 468 1079 539 gradui,
1105 467 1348 539 pristinis
1369 464 1558 522 olﬁciis
1579 482 1644 522 ac
1670 466 1898 537 pristino

314 556 653 626 episcopatui
685 557 1040 624 restituimus,
1061 568 1118 614 et
1143 574 1242 628 per
1265 558 1446 621 omnia
1463 556 1622 612 talem
1633 572 1757 612 eum
1773 557 1896 612 red-

320 644 523 708 dimus,
556 645 768 714 qualem
799 632 949 702 illum
983 646 1151 704 fuisse
1184 656 1400 704 constat
1425 656 1552 702 ante
1582 660 1896 701 excommu-

316 732 611 790 nicationis
647 744 703 790 et
737 735 1087 807 depositionis
1113 737 1436 793 sententiam
1484 736 1538 791 in
1568 751 1691 791 eum
1712 734 1896 805 prola-

319 833 466 889 tam,
517 824 605 880 vel
635 827 851 895 quando
882 828 1066 884 sedem
1098 827 1449 898 apostolicam
1495 825 1798 897 appellabat
1843 832 1898 879 et

310 915 580 972 canonice
606 919 951 986 provocabat.

994 1009 1221 1065 LXXIII.

689 1116 756 1155 AD
793 1116 1038 1159 (ιλιιοιωι
1077 1118 1286 1158 ωινωι
1326 1117 1523 1158 ιιι-κει.

915 1194 933 1263 ί
949 1193 1104 1250 Anno
1132 1194 1292 1264 865.)

313 1280 580 1338 Hortatur
605 1295 661 1340 ut
697 1285 1396 1361 Ratbadogrestitutofaveat
1413 1330 1428 1353 ,
1455 1299 1503 1343 et
1543 1305 1623 1344 res
1642 1290 1758 1361 ejus
1787 1289 1894 1344 Ec-

696 1356 866 1412 clesia:
899 1357 1105 1413 ablatas
1134 1359 1281 1413 reddi
1309 1360 1514 1430 jubeat.

801 1451 988 1541 [Apud
1013 1469 1209 1534 Mansi,
1235 1469 1402 1542 ibid.]

382 1554 654 1614 NICOLAUB
681 1558 996 1629 episcopus,
1025 1575 1216 1616 servus
1245 1554 1524 1617 servorum
1550 1562 1664 1626 Dei,
1695 1561 1891 1618 dilecto

307 1648 422 1704 filio
447 1648 663 1705 Canem
676 1650 913 1720 glorioso
938 1651 1073 1721 regi.

2002 479 2088 522 cm
2109 464 2367 520 Romanae
2389 465 2642 521 Ecclesiae
2661 465 2904 536 praecipit
2925 465 3094 537 (epist.
3124 465 3194 519 ad
3227 463 3573 535 Victi-icium),

1994 571 2123 613 cum
2146 571 2325 611 causa:
2347 555 2425 610 vel
2448 557 2819 611 contentiones
2841 555 2980 609 inter
3000 554 3249 619 clericos,
3282 563 3389 610 tam
3418 571 3576 625 supc-

1999 647 2160 715 rioris
2184 645 2392 701 ordinis
2419 662 2580 716 quam
2608 646 2772 702 etiam
2799 645 3091 710 inferioris,
3120 643 3321 700 fuerint
3348 655 3570 711 exortae,

1992 736 2127 792 nulli
2160 735 2323 790 licere
2348 775 2363 800 ,
2394 736 2595 792 relictis
2623 737 2709 793 bis
2745 737 3115 793 sacerdotibus
3135 778 3149 801 ,
3179 736 3268 805 qui
3304 736 3357 791 in
3380 737 3572 791 eadem

1990 826 2272 896 provincia
2316 824 2408 880 Dei
2451 826 2747 882 Ecclesiam
2775 837 2909 881 nutu
2939 827 2988 881 di
2997 827 3118 882 vino
3142 828 3470 897 gubernant,
3504 826 3573 880 ad

1996 918 2129 973 alias
2149 917 2436 974 convolare
2459 919 2783 989 provincias.
2815 917 2918 973 Sed
2939 927 2991 973 et
3019 933 3154 989 papa
3174 917 3367 985 Julius,
3387 915 3573 973 Orien-

1998 1011 2194 1067 talibus
2230 1012 2479 1067 scribens
2509 1013 2679 1081 (epist.
2721 1012 2798 1083 l),
2824 1021 3110 1080 utramque
3147 1019 3375 1082 partem,
3403 1012 3573 1066 Διω-

1993 1101 2134 1156 nasii
2162 1101 2372 1157 scilicet
2396 1109 2453 1157 et
2480 1103 2915 1157 adversariorum
2942 1102 3079 1173 ejus,
3103 1101 3407 1158 accelerare
3435 1117 3572 1172 pra:-

1994 1194 2247 1257 sentiam,
2271 1205 2539 1264 quatenus
2560 1205 2790 1267 utraque
2818 1204 2972 1267 parte
3005 1206 3269 1268 praesente
3292 1197 3571 1251 audiretur

1993 1299 2138 1352 reus,
2161 1295 2215 1342 et
2237 1286 2307 1341 ab
2342 1288 2597 1344 omnibus
2620 1289 3011 1344 condemnatus
3035 1289 3101 1343 de
3129 1297 3325 1345 caetero
3349 1289 3568 1345 cohibe-

1988 1385 2145 1432 retur
2167 1393 2198 1432 a
2221 1378 2541 1433 sacerdotio.
2567 1377 2892 1448 Oportebat,
2934 1379 3174 1449 inquam,
3200 1380 3434 1450 primum
3467 1378 3567 1434 hoc

1992 1468 2133 1535 fieri,
2158 1479 2215 1524 et
2255 1479 2385 1525 tunc
2404 1478 2628 1526 vacante
2668 1469 2785 1525 loco
2809 1470 3037 1525 alterum
3060 1470 3332 1525 constitui.
3358 1469 3415 1524 In
3442 1469 3564 1538 qni-

1989 1559 2092 1615 bus
2120 1570 2299 1616 tamen
2328 1561 2577 1618 omnibus
2618 1561 2985 1631 multipliciter
3024 1561 3201 1617 adhuc
3235 1560 3562 1630 contempti,

1988 1666 2087 1722 per
2133 1651 2373 1707 Odonem
2439 1662 2560 1722 post
2621 1652 2737 1707 haec
2784 1652 3144 1731 venerabilem
3207 1653 3513 1723 episcopum
3544 1690 3560 1715 ,

380 1737 698 1809 Quanquam
727 1740 1029 1796 Rotba'dum
1059 1740 1417 1797 venerabilem
1434 1742 1765 1813 episeOpum,
1797 1757 1887 1798 se-
1917 1717 1963 1778 Β
1988 1745 2058 1799 ad
2102 1744 2290 1801 eadem
2333 1760 2522 1800 rursus
2569 1744 2708 1799 inter
2737 1744 2902 1799 multa
2943 1726 3147 1797 monita
3191 1742 3457 1808 misimus,
3484 1743 3563 1795 vi-

300 1831 429 1886 dem
451 1832 799 1902 apostolicam
813 1833 1187 1904 appellantem,
1218 1833 1430 1889 Domini
1446 1835 1774 1899 sacerdotes,
1791 1835 1885 1906 qui

302 1920 363 1975 in
388 1937 556 1993 regno
579 1931 761 1978 vestro
787 1923 1056 1978 Ecclesias
1082 1924 1184 1979 sibi
1209 1925 1525 1979 commissas
1551 1926 1881 1995 gubernant,

302 2010 359 2065 in
390 2020 753 2082 contemptum
769 2013 909 2069 beati
925 2013 1287 2084 apostolorum
1320 2016 1579 2085 principis
1592 2015 1761 2080 Petri,
1789 2031 1884 2085 per

297 2114 465 2169 quem
507 2102 839 2170 apostolatus
883 2112 941 2158 et
986 2103 1328 2173 episcopatus
1368 2104 1420 2159 in
1479 2104 1696 2160 Christo
1741 2105 1884 2175 cepit

297 2190 584 2246 exordium
603 2232 621 2257 ,
646 2192 927 2264 cujusque,
952 2194 1078 2249 licet
1097 2194 1388 2259 immerito,
1420 2194 1630 2266 agimus
1663 2195 1877 2269 episcp-

294 2293 520 2354 patum,
569 2285 784 2356 privare
839 2302 1116 2357 nunquam
1158 2287 1494 2342 debuerant:
1528 2295 1705 2342 tamen
1751 2287 1879 2358 quia

297 2375 406 2431 hoc
433 2385 910 2447 praesumpserant,
939 2378 1047 2433 imo
1073 2378 1255 2433 conati
1281 2387 1408 2434 sunt
1439 2394 1619 2451 agere,
1641 2379 1880 2449 aequani-

296 2469 463 2524 miter
500 2470 635 2526 satis
676 2485 778 2541 pro
811 2479 986 2526 vestra
1015 2471 1394 2541 deprecatione
1442 2471 1792 2542 pertulimus,
1821 2479 1879 2526 et

296 2569 359 2614 ut
392 2568 597 2615 tantam
647 2561 1007 2616 temeritatem
1034 2562 1384 2632 corrigerent,
1417 2562 1497 2616 eis
1526 2561 1873 2617 hortamenta

296 2662 354 2707 et
380 2660 646 2723 praecepta
670 2655 850 2725 potius
874 2670 1038 2724 quam
1062 2653 1270 2727 ﬂagella
1297 2656 1491 2725 saepius
1510 2654 1870 2710 adhibuimus.

294 2743 406 2800 Sed
435 2746 662 2812 borum,
704 2747 813 2802 imo
838 2747 997 2817 hujus
1029 2749 1419 2811 contumaciae,
1442 2748 1622 2803 nullus
1650 2758 1870 2814 auctor,

294 2835 397 2890 nisi
426 2834 748 2891 Hiucmarus
783 2836 1110 2893 Rbemorum
1148 2838 1431 2908 epiSCOptts
1460 2846 1656 2903 exstat,
1692 2838 1784 2908 qui
1817 2846 1873 2894 et

292 2926 609 2997 prtedietum
653 2916 993 2995 Rothadum,
1030 2929 1242 2985 etiamsi
1282 2944 1555 2999 nunquam
1591 2930 1656 2985 ad
1684 2939 1870 2987 nostra

292 3025 649 3086 provocasset
675 3016 905 3087 judicia,
949 3033 1287 3090 nequaquam
1336 3021 1610 3092 deponere
1650 3021 1863 3089 debuit;

293 3104 390 3160 sed
419 3107 741 3176 contemptis
765 3108 942 3175 nobis,
968 3119 1229 3179 quantum
1256 3125 1322 3164 ex
1348 3126 1409 3164 se
1437 3111 1570 3178 fuit,
1600 3112 1864 3180 deposuit,
1897 3102 1943 3127 “⁴

288 3203 349 3250 et
369 3196 765 3254 multitudinem
798 3199 1102 3269 jussionum
1130 3211 1439 3257 nostrarum
1473 3211 1532 3257 ut
1568 3204 1870 3274 peripsema

293 3284 467 3341 duxit.
501 3286 741 3358 Denique
773 3303 896 3343 cum
953 3291 1155 3346 nostris
1204 3292 1426 3347 auribus
1472 3290 1665 3350 fuisset
1698 3295 1870 3365 ipsius

286 3374 523 3430 Rothadi
554 3378 816 3447 depositio
844 3379 1110 3447 intimata,
1140 3396 1253 3437 mox
1289 3382 1571 3451 epistolam
1598 3383 1868 3455 apostola-

295 3477 383 3522 tus
412 3468 580 3523 nostri
615 3470 878 3535 misimus,
911 3487 1016 3541 qua
1038 3470 1297 3541 jussimus
1317 3472 1430 3542 jam
1462 3474 1632 3528 fatum
1662 3474 1868 3530 Rotha-

290 3558 418 3613 dum
458 3569 551 3614 aut
575 3560 789 3625 honori,
826 3561 1078 3617 Ecclesia:
1106 3564 1338 3633 propria:
1367 3564 1616 3629 restitui,
1645 3573 1738 3619 aut
1760 3564 1868 3620 Ro-

291 3660 433 3702 mam
461 3664 582 3704 cum
622 3650 889 3720 aliquibus
922 3652 988 3707 de
1019 3652 1286 3721 episcopis
1320 3652 1403 3706 vel
1433 3653 1651 3708 vieariis
1676 3667 1866 3709 eorum

288 3739 382 3808 qui
410 3738 557 3794 illum
591 3740 878 3796 damnasse
918 3741 1256 3808 videbantur,
1283 3743 1336 3795 in
1374 3744 1715 3814 praesentiam
1763 3759 1864 3800 no-

289 3839 455 3884 stram
501 3830 692 3900 dirigi;
731 3841 823 3886 aut
857 3841 1006 3888 certe
1033 3872 1050 3897 ,
1080 3832 1125 3887 si
1168 3840 1419 3887 neutrum
1461 3834 1649 3900 ﬁeret,
1679 3834 1863 3890 tandiu

288 3930 409 3990 post
431 3920 649 3992 triginta
670 3921 880 3977 dierum
909 3923 1140 3993 spatium
1175 3924 1510 3993 depositores
1533 3924 1650 3995 ejus
1674 3941 1706 3980 a
1728 3927 1863 3981 mis-

289 4029 469 4068 sarum
498 4015 777 4071 solemniis
798 4026 1073 4082 vacarent,
1098 4032 1380 4087 quousque
1406 4020 1562 4074 nobis
1587 4035 1748 4089 super
1777 4021 1862 4076 liis

286 4106 504 4162 obedire
533 4116 834 4163 curassent.
853 4107 928 4164 De
949 4124 1052 4178 qua
1077 4110 1240 4163 etiam
1266 4110 1490 4180 epistola
1514 4120 1707 4169 vestrae
1735 4122 1863 4168 tunc

1986 1832 2183 1889 delicet
2226 1841 2286 1889 ut
2332 1834 2638 1900 Rotbadus,
2676 1835 2901 1890 eductus
2940 1835 3008 1889 de
3054 1834 3419 1890 monasteriali
3466 1849 3563 1889 cu-

1983 1925 2181 1989 stodia,
2210 1924 2296 1979 vel
2326 1923 2524 1992 prioris
2564 1923 2817 1979 Ecclesiae
2842 1923 3063 1993 proprio
3103 1924 3423 1979 redderetur
3454 1924 3556 1979 lto-

1983 2015 2125 2079 nori,
2156 2013 2241 2069 vel
2292 2013 2520 2068 Romam
2569 2029 2693 2069 cum
2742 2013 2962 2069 vieariis
3008 2014 3378 2083 episcoporum
3404 2052 3421 2079 ,
3466 2012 3558 2082 qui

1981 2102 2301 2173 depositioni
2344 2103 2487 2156 illius
2523 2110 2934 2168 consenserant,
2961 2102 3015 2156 in
3046 2110 3337 2172 conspectu
3370 2112 3558 2159 nostro

1980 2192 2399 2248 examinandum
2447 2193 2827 2257 destinarent,
2876 2200 2971 2247 aut
3013 2200 3134 2262 post
3176 2191 3394 2263 triginta
3442 2191 3558 2247 dies

1978 2303 2081 2345 nec
2116 2288 2233 2358 ipse
2274 2286 2620 2352 Hincmarus,
2661 2301 2762 2342 nec
2806 2286 2989 2342 cteteri
3036 2286 3274 2357 episcopi
3302 2285 3392 2357 qui
3431 2301 3554 2340 eum

1979 2376 2404 2443 damnaverunt,
2455 2376 2728 2433 licentiam
2764 2374 2993 2430 faciendi
3036 2377 3230 2431 missas
3273 2376 3552 2431 baberent.

1978 2469 2087 2525 Sed
2133 2471 2308 2525 denuo
2351 2467 2523 2522 frater
2558 2475 2743 2522 noster
2772 2464 3112 2528 Hincmarus,
3150 2465 3203 2520 iu
3231 2464 3552 2520 contumelia

1977 2568 2163 2616 nostra
2210 2565 2477 2620 versatus,
2524 2572 2629 2613 non
2665 2554 2837 2610 solum
2867 2570 2975 2611 non
3002 2553 3223 2609 obedire
3258 2553 3416 2608 nobis
3459 2553 3553 2607 de-

1976 2650 2129 2721 legit,
2164 2663 2362 2705 verum
2408 2647 2572 2703 etiam
2619 2646 2904 2717 epistolam
2961 2652 3222 2709 nostram;
3276 2659 3437 2714 quam
3483 2645 3551 2699 ad

1973 2756 2096 2796 eum
2123 2749 2179 2795 et
2203 2740 2270 2795 ad
2295 2739 2575 2808 episcOpos
2601 2738 2691 2808 qui
2723 2737 2777 2791 in
2807 2735 3140 2805 depositione
3177 2735 3411 2790 Rotbadi
3449 2734 3548 2788 sibi

1973 2839 2383 2895 consenserant,
2410 2829 2749 2890 miseramus,
2778 2826 2916 2896 apud
2939 2842 2997 2882 se
3021 2842 3117 2896 per
3140 2835 3371 2896 quatuor
3396 2840 3545 2879 meu-

1972 2937 2062 2977 ses
2097 2922 2357 2984 retinens,
2407 2934 2528 2988 qua:
2573 2918 2639 2974 de
2681 2917 2929 2972 Rotbado
2967 2906 3335 2977 decrevimus:
3382 2914 3545 2968 etiam

1974 3015 2116 3071 inter
2148 3013 2264 3069 [nec
2288 3011 2514 3068 diversis
2542 3010 2664 3068 aliis
2684 3026 2782 3081 pro
2811 3010 2911 3067 hac
2937 3010 3123 3066 eadem
3154 3024 3319 3064 causa
3342 3006 3547 3063 nostris

1972 3111 2217 3182 epistolis
2243 3126 2343 3182 per
2381 3108 2665 3166 nonnullos
2706 3108 2926 3163 directis
2965 3107 3157 3161 crebro
3200 3104 3544 3173 contemptis,

1969 3215 2133 3272 agere
2179 3201 2465 3258 recusavit.
2506 3199 2777 3256 Praeterea
2817 3198 3146 3263 Rotbadum,
3175 3196 3244 3254 de
3267 3205 3542 3251 monaste-

1968 3294 2087 3351 riali
2135 3295 2381 3351 custodia
2425 3294 2700 3358 eductum,
2732 3294 2783 3348 in
2807 3293 2950 3348 civili
2982 3291 3305 3348 commutari
3346 3305 3548 3361 praece-

1966 3387 2071 3458 pit.
2107 3386 2349 3442 Tandem
2396 3385 2683 3457 aliquando
2712 3385 2869 3440 nobis
2902 3384 3167 3447 scribens,
3196 3383 3411 3438 misisse
3433 3398 3542 3437 una

1964 3495 2091 3536 cum
2130 3479 2340 3535 caeteris
2381 3479 2651 3549 episcopis
2676 3479 2910 3533 vicarios
2953 3492 3106 3544 suos,
3142 3476 3232 3545 qui
3278 3491 3398 3533 cum
3437 3476 3544 3531 Ro-

1965 3570 2130 3625 thado
2157 3572 2210 3623 in
2244 3578 2486 3625 nostram
2517 3568 2862 3640 praesentiam
2901 3567 3278 3637 pervenirent;
3320 3566 3414 3622 sed
3452 3567 3539 3620 di-

1960 3668 2111 3716 ctum
2164 3659 2269 3715 illis
2310 3674 2432 3714 esse
2477 3659 2680 3713 nullum
2730 3657 2832 3713 sibi
2874 3657 3077 3711 aditum
3124 3656 3329 3711 Italiam
3375 3672 3543 3726 pene-

1910 3742 1913 3743 ν
1963 3751 2141 3805 trandi
2166 3766 2276 3822 pra:
2300 3749 2613 3806 custodibus
2634 3748 2775 3815 fore,
2806 3765 2911 3819 qua
2935 3748 3004 3804 de
3033 3764 3090 3803 re
3117 3749 3257 3804 unde
3283 3756 3543 3804 venerant

1962 3842 2207 3898 rediisse.
2249 3841 2366 3909 Quo
2410 3841 2554 3896 facto
2597 3841 2725 3911 quid
2768 3841 2979 3895 inanius
3017 3839 3104 3895 vel
3146 3838 3362 3895 stultius
3393 3840 3539 3897 testi-

1960 3933 2096 3987 mari
2146 3940 2348 4002 potest,
2394 3920 2553 4000 quam
2599 3930 2669 3986 ad
2713 3930 2887 3985 solum
2934 3943 3165 3984 vacuum
3210 3944 3538 3997 sermonem,

1961 4024 2101 4079 nulla
2135 4038 2364 4093 persona
2406 4022 2509 4078 sibi
2548 4021 2834 4077 resistente
2874 4019 3125 4090 nulloque
3151 4020 3252 4075 sibi
3281 4020 3536 4076 adversa-

1959 4116 2043 4170 rio
2066 4123 2216 4170 certo
2238 4113 2663 4172 contradicente.
2689 4112 2942 4167 deserere
2967 4118 3171 4165 tantum
3193 4125 3329 4180 opus
3347 4119 3402 4164 et
3423 4109 3541 4165 sine

192 4254 197 4259 _
287 4199 652 4255 intimavimus
680 4200 1054 4267 excellentiae;
1087 4204 1181 4257 sed
1225 4203 1365 4258 hanc
1405 4204 1575 4260 frater
1600 4204 1859 4261 Hincma-
1956 4205 2065 4261 ulla
2112 4205 2346 4259 utilitate
2386 4202 2712 4258 retroverti?
2760 4200 3070 4256 Praesertim
3116 4216 3239 4256 cum
3276 4200 3321 4256 si
3350 4200 3539 4254 certis-

284 4305 397 4356 rus,
435 4289 563 4360 quid
610 4290 784 4345 dicam
832 4291 1038 4357 audire,
1083 4307 1205 4347 cum
1246 4293 1431 4349 videre
1479 4294 1652 4361 illam,
1708 4312 1860 4352 more
1956 4298 2094 4351 sime
2132 4311 2226 4351 eos
2268 4294 2554 4364 impeditos
2598 4306 2707 4360 quo
2753 4290 2931 4346 minus
2971 4289 3261 4344 commissa
3305 4288 3408 4343 sibi
3454 4301 3538 4341 reo

283 4381 521 4436 Dioscori
549 4380 779 4446 velatus,
806 4382 1139 4452 neglexerit?
1175 4383 1253 4438 Ne
1293 4399 1454 4455 quem
1485 4400 1616 4441 vero
1643 4396 1857 4442 moveat
1887 4420 1933 4479 υ
1957 4403 2153 4456 sponsa
2215 4386 2300 4441 vel
2361 4383 2726 4439 ecclesiastica
2786 4381 3001 4450 negotia
3058 4386 3495 4435 consummarent
3517 4417 3533 4441 ,

283 4473 634 4545 quamobrem
672 4475 978 4530 Rotbadum
1023 4476 1331 4547 episcOpum
1375 4478 1602 4534 Romam
1642 4482 1848 4546 venire,
1887 4468 1927 4479 ”
1960 4477 2577 4548 comprehendissemus,
2604 4473 2721 4530 zelo
2742 4470 3072 4544 competenti
3091 4468 3359 4531 succensi,
3382 4474 3534 4522 tanto

279 4564 363 4619 vel
399 4564 539 4633 apud
572 4580 669 4619 nos
697 4565 870 4619 audiri
902 4582 966 4621 ac
1007 4564 1239 4635 iudicari
1287 4567 1550 4637 iussimus
1576 4610 1590 4635 ,
1640 4572 1853 4627 noverit
1954 4580 2148 4624 contra
2179 4565 2489 4636 bujusmodi
2533 4571 2885 4622 temeratores
2927 4559 3222 4616 ferventius
3254 4557 3537 4611 invebere-

280 4655 595 4712 canonicam
626 4671 789 4726 super
813 4657 919 4712 hoc
944 4667 1222 4726 paternam
1248 4659 1613 4726 traditionem,
1642 4677 1706 4716 ac
1727 4678 1851 4732 spc-
1958 4676 2102 4725 mur,
2136 4666 2337 4729 quanto
2364 4658 2509 4713 hanc
2539 4656 2872 4725 impietatem
2902 4651 2971 4705 ab
3006 4648 3139 4719 ipsis
3169 4648 3334 4701 fuisse
3362 4654 3537 4714 patra-

282 4750 469 4806 cialem
492 4752 903 4823 praerogativam
935 4751 1242 4820 apostolica:
1267 4752 1432 4819 sedis,
1463 4756 1853 4810 nosexstitisse
1960 4761 2071 4806 tam
2108 4750 2313 4806 certius
2351 4763 2513 4804 nosse
2557 4749 2744 4815 utique
2791 4744 3115 4798 videremur.
3168 4738 3369 4793 Verum
3420 4737 3535 4790 haec

281 4841 477 4899 zelatos
506 4850 671 4913 atque
711 4849 948 4896 secutos.
993 4840 1231 4910 Denique
1258 4849 1319 4896 ut
1352 4857 1523 4912 pauca
1563 4844 1631 4898 de
1669 4845 1853 4899 multis
1958 4841 2159 4898 lusorie
2189 4841 2344 4896 nobis
2378 4839 2453 4894 illi
2480 4837 2567 4892 vel
2594 4836 2783 4892 dicunt
2806 4833 2890 4887 vel
2915 4837 3231 4900 operantur,
3254 4844 3379 4882 cum
3403 4841 3532 4881 ecce

280 4932 777 4997 commemorem,si
799 4931 1057 4986 adversus
1077 4931 1366 5001 provinciae
1381 4933 1852 5004 metmpolitanum
1953 4931 2233 4987 biennium
2276 4926 2555 4985 transierit
2593 4939 2661 4981 ex
2701 4937 2809 4993 quo
2845 4918 3074 4975 diversis
3102 4916 3278 4972 modis
3303 4931 3399 4984 pro
3422 4914 3534 4982 jam

279 5023 587 5091 episcopum
612 5020 700 5076 vel
719 5014 951 5076 clericus
976 5020 1169 5077 habeat
1195 5021 1493 5091 querelam,
1513 5021 1667 5090 juxta
1688 5022 1852 5079 Chal-
1952 5020 2067 5076 fato
2091 5021 2212 5076 viro
2238 5019 2570 5080 laborantes,
2601 5013 2762 5068 modo
2787 5012 2908 5072 hoc,
2950 5008 3109 5063 modo
3137 5006 3266 5060 illud
3297 5006 3377 5060 eis
3405 5021 3525 5075 pro-

281 5111 609 5167 cedonenses
637 5110 848 5183 regulas
878 5108 1101 5178 jubetur
1124 5119 1182 5165 ut
1219 5120 1370 5183 petat
1390 5112 1675 5182 primatem
1713 5113 1852 5169 dim.
1950 5111 2295 5183 ponentibus,
2342 5106 2478 5165 nihil
2521 5104 2742 5161 omnino
2788 5100 3120 5172 profecimus
3158 5114 3171 5152 :
3216 5097 3311 5153 sed
3356 5097 3534 5151 adhuc

282 5217 460 5259 caseos
484 5211 578 5257 aut
604 5203 787 5258 sedem
819 5202 980 5273 regia:
1018 5203 1170 5257 urbis
1210 5202 1846 5273 Constantinopolitanat,
1950 5199 2376 5258 dissimulamus,
2410 5195 2586 5251 adhuc
2636 5192 2943 5263 operimur;
2989 5196 3047 5245 et
3089 5196 3150 5243 ut
3191 5203 3317 5244 cum
3370 5186 3533 5248 beato

281 5306 331 5350 et
355 5295 496 5365 apud
535 5295 710 5364 ipsum
745 5292 1033 5362 iudicetur.
1065 5292 1216 5359 Quod
1261 5302 1439 5348 tamen
1463 5293 1594 5348 nulli
1624 5294 1847 5350 dubium
1954 5290 2235 5359 Simplicio
2276 5302 2413 5359 papa
2455 5286 2717 5348 dicamus,
2761 5282 3011 5337 nolumus
3038 5283 3366 5350 exaggerare
3389 5276 3535 5347 quod

281 5391 358 5442 est
384 5383 554 5438 multo
579 5384 753 5453 magis
775 5383 917 5453 apud
936 5381 1249 5438 Romuleam
1278 5383 1488 5449 urbem,
1516 5399 1677 5454 quam
1704 5385 1847 5454 apud
1952 5388 2164 5450 gestum
2192 5385 2297 5442 est,
2324 5392 2393 5431 ne
2419 5389 2677 5445 cogamur
2706 5371 2949 5445 judicare
2996 5371 3138 5440 quod
3183 5369 3404 5441 dignum
3450 5376 3531 5422 est

278 5471 959 5542 Louistantinopolitanam,
1006 5486 1127 5528 esse
1167 5471 1380 5541 penitus
1429 5473 1845 5529 observandum.
1953 5471 2127 5542 (epist.
2165 5469 2234 5523 ad
2259 5468 2518 5524 Joannem
2549 5465 2967 5536 Ravennatem),
2989 5465 3124 5521 Nam
3154 5467 3380 5522 docente
3409 5480 3523 5519 san-

279 5559 407 5617 Nam
438 5572 493 5616 et
514 5562 626 5632 ipse
646 5562 947 5630 Rothadus,
983 5564 1278 5619 secundum
1312 5562 1629 5620 Sardicense
1668 5565 1848 5619 conci-
1953 5571 2043 5618 cto
2063 5576 2216 5631 aeque
2243 5558 2377 5631 papa
2414 5558 2630 5614 Zosimo
2659 5557 2828 5629 (epist.
2858 5557 2928 5612 ad
2954 5556 3314 5628 "agt/tium),
3347 5565 3513 5611 contu

276 5654 393 5710 bum
414 5657 571 5715 (σιω.
602 5653 678 5725 4),
704 5655 967 5727 agendum
996 5653 1094 5711 sibi
1135 5655 1405 5726 negotium
1432 5654 1487 5711 in
1514 5657 1643 5711 urbe
1677 5656 1845 5712 Roma
1954 5653 2129 5709 melia:
2156 5653 2333 5710 studio
2363 5654 2425 5708 lit
2446 5651 2703 5722 quidquid
2732 5650 3077 5735 interdictum
3103 5648 3272 5702 toties
3303 5660 3505 5701 usurus
