4050 6324
237 313 342 372 897

490 478 494 483 .
564 474 571 479 .
906 424 1140 485 LXXIV.

378 530 445 572 λυ
483 530 791 575 ωιωιιλιιωί
828 533 1281 581 Αηεωειιιεεορυι
1325 535 1665 576 annuens“.

828 608 1004 681 (Anno
1058 610 1210 681 865.)

239 680 540 768 Iiollwaum
570 698 794 767 legitime
817 703 1109 755 restitutum
1138 680 1399 768 ostendit;
1442 719 1594 757 suam
1622 702 1702 759 illi
1727 712 1812 757 ec-

313 767 522 843 clesiam
549 780 593 820 et
635 786 712 822 res
732 769 945 843 oblatas
987 771 1137 843 reddi
1165 772 1346 843 jubet;
1380 785 1487 825 tum
1526 774 1614 826 ubi
1651 772 1812 843 respi-

309 838 463 902 rarit,
494 854 610 891 cum
634 854 695 893 ea
722 838 903 895 Roma?
930 838 1236 912 con/lignei
1262 842 1439 897 libeat.

757 950 930 1024 [Apud
962 952 1151 1018 Mansi,
1183 952 1336 1024 ibid.]

226 1064 235 1073 ‘
311 1059 581 1119 Nicost
599 1063 900 1134 episcopus,
920 1080 1108 1121 servus
1128 1081 1402 1121 servorum
1429 1062 1545 1130 Dei,
1574 1079 1821 1121 reverem-

239 1152 451 1207 tissimo
501 1161 557 1207 et
611 1155 954 1209 sam-tissimo
995 1154 1271 1221 confratri.
1301 1165 1487 1211 nostro
1537 1156 1819 1211 llmcuxao

240 1241 531 1298 Rhemensi
560 1243 983 1314 archiepiscopo.

313 1332 371 1387 Si
403 1350 585 1390 coram
616 1343 720 1389 tua:
752 1335 1052 1405 prudentiae
1086 1330 1263 1390 oculis
1291 1335 1429 1389 ullus
1456 1343 1602 1389 esset
1638 1343 1821 1404 pater-

240 1438 433 1479 norum
478 1439 761 1479 canonum
799 1425 884 1479 vel
939 1426 1246 1495 apostolicae
1302 1427 1446 1481 sedis
1500 1435 1816 1494 respectus,

239 1529 515 1585 nunquam
564 1513 870 1571 Rothadum
923 1516 1261 1573 Suessonica:
1313 1517 1463 1573 urbis
1510 1518 1819 1588 episcopum

240 1606 358 1659 sine
413 1615 610 1660 nostrae
665 1616 930 1661 tentasses
978 1609 1218 1663 scientiae
1266 1610 1485 1665 notione
1528 1611 1818 1681 deponere.

241 1695 521 1767 Praecipue
560 1713 681 1752 cum
727 1699 998 1768 negotium
1028 1699 1171 1769 quod
1205 1701 1400 1755 merito
1424 1701 1568 1755 inter
1612 1702 1818 1771 majora

1454 316 1817 379 EPISTOLE
1854 314 1940 370 ET
1983 314 2326 372 DECRET‘A.

3391 319 3498 376 898

1838 429 1885 490 Α
1916 427 2227 496 acceptione
2270 441 2625 496 personarum
2672 437 3059 499 exsequeretur
3101 429 3180 502 t2,
3210 447 3264 501 q.
3291 429 3342 496 6,
3386 443 3491 499 Ar-

1912 530 2040 590 guta
2082 521 2383 591 sapientia).
2421 521 2526 577 Sed
2566 531 2755 594 arguta
2800 523 3064 593 sapientia
3114 532 3227 587 tua,
3289 523 3497 595 utinam

1914 610 1969 665 in
2008 611 2148 667 bono
2170 622 2411 681 accepta,
2452 611 2694 666 fomitem
2724 610 2915 683 judicii
2940 620 2997 667 et
3018 613 3297 667 materiam
3321 614 3501 684 dispo-

1915 702 2127 757 sitionis
2169 702 2426 758 adversus
2457 702 2763 757 Rothadum
2793 704 3106 772 assumpsit,
3132 704 3275 759 etab
3304 704 3499 761 itinere

1916 792 2060 847 sedis
2108 792 2416 862 apostolij
2463 794 2761 857 revocavit,
2815 802 2872 849 et
2918 795 3270 849 continuatim
3313 795 3498 850 sedem

1917 883 2265 952 apostolicam
2313 883 2671 953 appellantem
2706 885 2999 950 damnavit,
3028 894 3083 941 et
3114 885 3372 939 carcerali
3410 901 3500 940 cu-

1917 977 2106 1032 studia:
2129 977 2491 1047 mancipavit:
2520 993 2643 1032 cum
2680 978 2892 1033 etiamsi
2936 978 3114 1032 nullus
3141 994 3172 1032 a
3198 987 3377 1033 vestro
3413 980 3501 1049 ju-

1917 1066 2059 1120 dicio
2103 1076 2468 1135 provocasset,
2500 1067 2780 1136 privilegia
2811 1076 2994 1123 tamen
3021 1068 3329 1138 apostolica:
3354 1069 3501 1124 sedis

1916 1172 2014 1211 vos
2047 1157 2304 1212 oblivioni
2344 1158 2556 1212 tradere
2596 1158 2902 1213 nullatenus
2932 1160 3275 1222 debuissetis,
3304 1160 3505 1228 quibus

1918 1248 2210 1303 venerandi
2256 1262 2492 1302 canones
2526 1247 2727 1316 judicia
2771 1250 2935 1303 totius
2978 1249 3234 1305 Ecclesia:
3262 1252 3503 1307 adhunc

1919 1334 2118 1390 deferri
2157 1335 2367 1406 jubent,
2410 1337 2566 1391 etab
2611 1336 2719 1402 illa,
2762 1337 2903 1391 sicut
2938 1335 3187 1392 Gelasius
3233 1340 3501 1404 meminit,

1918 1441 2186 1495 nusquam
2237 1422 2495 1495 appellari
2538 1435 2868 1491 sanxerunt;
2912 1441 2978 1481 ac
3007 1441 3106 1495 per
3141 1429 3243 1482 hoc
3282 1429 3397 1498 ipsa
3437 1431 3505 1485 de

1918 1518 2169 1572 omnibus
2207 1516 2475 1586 judicare,
2525 1518 2595 1573 ab
2644 1518 2732 1573 illa
2780 1534 2911 1576 vero
2951 1520 3081 1575 nulli
3120 1529 3203 1575 est
3232 1522 3506 1592 appellare

1918 1607 2280 1676 permissum;
2330 1608 2424 1662 sed
2467 1609 2679 1664 etiamsi
2721 1609 2791 1664 ad
2828 1622 3067 1665 vestrum
3092 1623 3445 1680 provocasset
3471 1629 3504 1668 a

1923 1698 2353 1767 nostrojudicio,
2402 1699 2616 1768 a_vobis
2660 1701 2911 1756 exstabat
2961 1711 3215 1773 tanquam
3243 1719 3505 1760 erroneus

240 1796 663 1841 connumeratur
693 1787 780 1858 (de
800 1802 1028 1856 persona
1060 1789 1266 1845 scilicet
1286 1790 1554 1860 judicare,
1587 1789 1741 1858 cujus
1770 1792 1823 1846 in
1857 1790 1899 1849 Β
1927 1790 2310 1860 corrigendos;
2365 1790 2610 1858 quinimo
2660 1807 2761 1846 nec
2809 1803 2933 1848 ante
2980 1795 3287 1864 specialiter
3323 1797 3502 1852 fuerat

240 1880 470 1935 ecclesia
497 1880 710 1934 czeteris
737 1881 870 1934 ordo
900 1879 1073 1949 major
1100 1882 1225 1951 est),
1252 1882 1530 1936 ventilanti
1552 1890 1607 1936 et
1636 1882 1819 1936 multi-

242 1971 453 2037 pliciter
482 1971 698 2025 rimanti
744 1970 839 2025 tibi
877 1974 1012 2028 adeo
1048 1974 1115 2028 de
1154 1986 1211 2027 se
1244 1971 1487 2028 difﬁciles
1521 1974 1697 2028 exitus
1724 1973 1818 2027 da-

242 2069 344 2119 ret,
380 2070 442 2114 ut
472 2072 595 2116 octo
630 2062 847 2116 circiter
886 2077 1057 2118 annos
1090 2072 1151 2116 ut
1183 2062 1541 2131 deponeretur
1575 2063 1821 2117 elabora-

242 2152 407 2215 veris,
435 2160 489 2206 et
519 2153 572 2205 in
603 2160 750 2206 tanta
778 2151 1134 2221 perplexitate
1162 2168 1473 2217 musarum,
1504 2163 1560 2207 et
1586 2153 1640 2206 in
1670 2162 1817 2209 tanta

244 2240 644 2309 intercapedine
673 2250 995 2309 temporum,
1020 2242 1226 2296 nullam
1252 2243 1400 2298 beati
1429 2242 1575 2297 Petri
1609 2258 1816 2299 memov-

243 2333 381 2386 riam
408 2347 630 2403 prorsus
670 2333 943 2387 habueris.
973 2331 1136 2401 Cujus
1165 2343 1357 2388 contra
1385 2334 1432 2389 is
1456 2334 1547 2403 qui
1578 2334 1816 2403 depone-

242 2420 403 2476 batur
442 2424 770 2477 mentionem
817 2422 1040 2488 faciens,
1082 2431 1172 2478 tua
1202 2425 1524 2479 decernente
1551 2424 1814 2495 religiosi-

248 2524 385 2579 tate,
412 2515 630 2585 proprio
659 2515 825 2584 gradu
854 2516 1093 2571 caruisse
1114 2516 1467 2586 dignoscitur.
1503 2511 1726 2571 Et'cmn
1763 2510 1817 2570 in

243 2609 356 2663 suis
375 2607 865 2681 opportunitatibus
888 2608 954 2662 ad
976 2608 1156 2663 sedem
1178 2608 1525 2677 apostolicam
1542 2607 1819 2663 beatitudo

246 2709 335 2754 tua
381 2699 679 2768 scripserit,
723 2706 779 2753 et
806 2699 874 2753 ab
904 2699 991 2752 illa
1020 2698 1121 2754 sibi
1158 2715 1376 2753 manum
1404 2699 1602 2768 porrigi
1629 2708 1818 2755 contra

245 2787 407 2843 falsos
441 2788 637 2842 fratres
671 2789 998 2858 poposcerit,
1024 2796 1079 2844 et
1103 2788 1346 2858 quaedam
1380 2788 1654 2859 privilegia
1685 2805 1818 2844 con-

232 2880 359 2934 cedi
393 2880 491 2934 sibi
536 2879 772 2949 petierit,
824 2878 879 2933 in
931 2893 1093 2934 causa
1143 2878 1377 2934 Rothadi
1430 2878 1625 2944 solum,
1664 2880 1817 2949 quasi

243 2967 362 3035 ejus
385 2968 559 3022 solatii
590 2983 694 3022 non
722 2968 960 3038 indigna,
983 2968 1127 3022 sedis
1150 2967 1455 3038 apostolica:
1477 2982 1582 3022 non
1612 2983 1819 3025 memor

243 3058 366 3122 fuit,
406 3073 506 3112 nec
549 3058 732 3129 utique
777 3057 1065 3111 visitatrix.
1111 3056 1362 3124 Quinimo
1402 3066 1588 3111 contra
1630 3057 1815 3128 appel-

1920 1881 2289 1949 corrigendus,
2318 1881 2446 1949 quia
2476 1882 2627 1935 vobis
2651 1882 2978 1951 peculiarius
3002 1894 3122 1939 erat
3149 1886 3365 1954 penitus
3392 1902 3504 1941 am.

1916 1969 2249 2039 plectendos.
2285 1971 2354 2023 At
2388 1970 2477 2024 ubi
2502 1970 2769 2025 obdurato
2799 1973 3001 2027 mentis
3027 1974 3220 2027 intuitu
3246 1975 3361 2029 hate
3386 1990 3503 2029 om-

1917 2060 2005 2113 nia
2055 2060 2423 2128 postposuisse
2468 2067 2657 2114 contra
2697 2075 2846 2128 spem
2883 2060 3131 2116 dolenter
3170 2062 3498 2128 audivimus,

1917 2149 2097 2223 missis
2148 2148 2343 2203 litteris
2372 2149 2577 2203 nostris
2626 2150 2981 2218 pratcepimus
3024 2159 3084 2205 ut
3119 2166 3244 2205 eum
3281 2151 3350 2206 de
3386 2166 3502 2206 car-

1917 2242 2057 2297 ceris
2099 2243 2345 2313 angustia
2393 2242 2671 2306 educeres,
2700 2250 2754 2295 et
2781 2253 2873 2295 aut
2900 2257 3024 2296 mox
3052 2241 3281 2315 pristino
3311 2242 3498 2311 gradui

1916 2335 2189 2400 redderes,
2214 2344 2307 2390 aut
2332 2334 2479 2388 illum
2512 2350 2638 2389 cum
2665 2334 2885 2388 vicariis
2916 2333 3021 2387 tuis
3044 2342 3099 2387 et
3127 2333 3500 2402 episcoporum

1916 2425 2010 2495 qui
2035 2426 2354 2494 depositioni
2398 2423 2515 2493 ejus
2555 2431 2969 2487 consenserunt,
2994 2421 3047 2475 in
3079 2432 3320 2476 nostram
3362 2435 3499 2491 prae-

1918 2516 2147 2572 sentiam
2194 2517 2513 2571 destinares.
2561 2516 2713 2584 Quod
2751 2516 2795 2568 si
2836 2522 3088 2568 neutrum
3127 2527 3337 2583 ageres,
3378 2521 3502 2581 post

1921 2609 2138 2678 triginta
2182 2608 2299 2662 dies
2338 2616 2625 2677 postquam
2675 2606 2764 2660 illa
2809 2614 2992 2659 nostra
3016 2605 3155 2658 lecta
3183 2604 3367 2658 fuisset
3391 2605 3503 2673 epi-

1889 2700 2073 2785 .stola,
2111 2713 2212 2754 nec
2259 2708 2336 2763 tu,
2380 2714 2480 2752 nec
2524 2697 2662 2752 ullus
2707 2712 2892 2752 eorum
2918 2696 3013 2766 qui
3038 2695 3091 2749 in
3118 2696 3220 2750 hoc
3248 2694 3340 2748 tibi
3371 2709 3494 2748 cono

1920 2804 2138 2844 sensum
2177 2790 2546 2860 praebuerant,
2584 2786 2871 2840 missarum
2894 2784 3150 2839 solemnia
3177 2782 3497 2847 celebraret,

1918 2881 2088 2936 donec
2112 2895 2232 2949 qua:
2268 2878 2365 2934 sibi
2408 2894 2507 2947 pro
2535 2877 2783 2931 Rothado
2811 2891 2842 2929 a
2872 2874 3027 2929 nobis
3072 2872 3499 2956 fuerangimpe—

1919 2977 2035 3023 rata
2065 2967 2369 3037 perliceret.
2386 2968 2556 3033 Quam
2583 2964 2998 3033 contemplatus,
3027 2963 3190 3016 etiam
3214 2961 3327 3016 solo
3350 2970 3498 3015 tactu

1919 3068 2011 3115 tuo
2041 3060 2314 3129 indignam
2340 3058 2607 3129 judicans,
2647 3038 2962 3110 Dioscorutn
3000 3053 3054 3106 in
3089 3053 3192 3106 hoc
3233 3053 3495 3115 imitatus,

243 3147 442 3202 lantem
477 3148 615 3201 hanc
644 3145 890 3200 eumdem
914 3146 1271 3201 venerabilem
1298 3147 1496 3211 virum,
1527 3156 1672 3200 tanta
1712 3163 1822 3203 mo-
1852 3158 1896 3221 ο
1928 3151 2118 3204 saltem
2162 3150 2304 3204 hanc
2344 3148 2519 3218 legere
2557 3146 2702 3200 nullo
2745 3145 2901 3198 modo
2941 3142 3284 3199 consensisti.
3347 3141 3499 3196 Unde

242 3238 430 3293 limina
470 3248 726 3307 tantaque
774 3253 1082 3308 praeparare
1124 3238 1555 3292 machinamenta
1597 3239 1819 3293 minime

244 3328 563 3392 formidasti,
599 3339 657 3383 ut
697 3338 979 3398 postquam
1012 3331 1137 3384 data
1178 3330 1282 3385 sibi
1315 3330 1538 3385 Romam
1571 3331 1819 3385 veniendi

244 3419 458 3477 licentia
505 3419 699 3484 fuerat,
751 3421 1064 3490 priusquam
1100 3421 1192 3476 tibi
1224 3431 1279 3476 et
1317 3422 1427 3492 regi
1468 3421 1817 3487 valefaccret,

243 3518 429 3580 postea
468 3508 610 3562 hunc
638 3524 668 3562 a
699 3518 883 3563 nostro
912 3510 1161 3565 examine
1192 3511 1260 3564 ad
1294 3519 1404 3573 tua,
1435 3520 1493 3564 ut
1524 3512 1596 3565 ita
1620 3512 1818 3578 dicam,

244 3600 528 3654 tribunalia
568 3600 855 3654 deduxeris
893 3599 1042 3669 (quia
1087 3601 1322 3671 synodus
1348 3601 1454 3655 dici
1486 3616 1592 3654 non
1618 3609 1818 3670 potest,

244 3688 338 3744 ubi
385 3698 566 3744 noster
618 3688 796 3743 nullus
845 3689 1119 3758 praibetur
1162 3690 1462 3760 assensus),
1515 3698 1566 3741 et
1613 3689 1819 3759 ingredi

245 3780 556 3850 praetorium
615 3778 884 3833 nolentem
946 3779 1270 3847 depositioni
1327 3778 1610 3849 tyrannica
1671 3793 1822 3833 more

243 3870 561 3941 subjiceres,
601 3870 938 3924 occasionem
981 3883 1200 3924 sumens
1221 3870 1287 3924 de
1313 3870 1547 3938 quadam
1571 3868 1819 3939 epistola,

247 3967 502 4029 tanquam
539 3959 832 4022 llotbadus,
881 3967 1164 4028 postquam
1202 3960 1270 4013 ad
1311 3968 1553 4013 nostrum
1588 3959 1823 4028 appella-

245 4059 399 4104 verat
420 4050 703 4120 judicium,
733 4064 920 4104 rursus
947 4050 1016 4104 ad
1047 4059 1285 4104 vestrum
1312 4056 1517 4103 mutata
1542 4064 1674 4103 voce
1697 4064 1824 4119 pro-

244 4149 496 4195 vocasset
538 4154 806 4206 examen,
852 4140 997 4209 quod
1036 4140 1256 4194 omnino
1307 4139 1503 4193 falsum
1554 4147 1656 4193 est.
1728 4138 1821 4192 llla

247 4244 442 4299 nempe
490 4230 739 4300 epistola,
784 4244 883 4300 per
926 4245 1088 4300 quam
1132 4230 1236 4285 hoc
1276 4229 1490 4285 conaris
1522 4229 1648 4295 frui,
1684 4230 1825 4306 sicut

246 4322 480 4377 veritate
509 4321 700 4385 claret,
729 4330 783 4375 et
811 4321 951 4391 apud
984 4336 1082 4375 nos
1121 4321 1302 4376 subtili
1340 4320 1495 4376 valde
1534 4321 1825 4392 investiga-

249 4413 396 4468 tione
430 4423 699 4495 repertum
736 4412 1129 4479 esthfratribus
1158 4427 1189 4465 a
1220 4411 1466 4466 Rothado
1490 4411 1821 4477 mittebatur,

1918 3244 2168 3300 Rothado
2195 3244 2371 3298 adhuc
2399 3242 2453 3297 in
2482 3240 2726 3296 custodia
2761 3240 3099 3301 demorante,
3131 3252 3226 3307 per
3256 3235 3497 3290 Odonem

1918 3336 2277 3391 venerabilem
2304 3335 2612 3404 episcopum
2640 3332 2826 3387 eadem
2861 3341 2965 3385 tuae
2989 3329 3292 3394 sanctitati,
3317 3337 3371 3383 et
3396 3344 3501 3383 cae-

1908 3425 2050 3481 teris
2086 3423 2439 3492 complicibus
2482 3422 2610 3484 tuis,
2657 3434 2754 3488 per
2800 3417 3058 3489 epistolas
3100 3417 3253 3470 vobis
3300 3414 3500 3470 rescri-

1923 3514 2116 3569 bentes
2163 3512 2534 3582 injunximus:
2567 3509 2825 3564 addentes
2867 3508 3069 3578 pariter
3106 3508 3246 3575 quod
3275 3505 3318 3558 si
3342 3504 3499 3559 nobis

1914 3604 1986 3670 de
2025 3611 2224 3657 caetero
2266 3601 2637 3656 inobedicntes
2675 3600 2890 3660 essetis,
2923 3613 3020 3651 nos
3042 3597 3154 3665 jam
3183 3595 3355 3648 virum
3388 3594 3497 3649 Ro-

1923 3692 2145 3748 tbadum
2187 3690 2430 3761 pristina:
2479 3687 2728 3757 dignitati
2767 3696 2822 3742 et
2866 3686 3124 3741 Ecclesia:
3160 3683 3495 3754 redintegra-

1922 3789 2090 3841 turos,
2123 3787 2178 3834 et
2220 3777 2371 3832 vobis
2416 3777 2737 3845 condignam
2784 3774 3213 3829 vicissitudinem
3255 3772 3497 3826 redditu-

1921 3887 2030 3927 ros.
2057 3870 2202 3938 Quas
2229 3868 2541 3923 fraternitas
2563 3877 2651 3920 tua
2673 3882 2729 3919 ιχ
2750 3865 3018 3920 Kalendas
3040 3861 3188 3926 Julii,
3214 3871 3274 3938 ut
3301 3861 3496 3927 fertur,

1922 3961 2246 4032 suscipiens,
2290 3973 2388 4029 per
2429 3966 2661 4027 quatuor
2702 3956 2922 4011 circiter
2970 3968 3183 4008 menses
3214 3936 3497 4017 neminem

1922 4054 2021 4108 has
2042 4066 2232 4122 passus
2255 4066 2314 4105 es
2338 4048 2552 4103 intueri.
2585 4047 2714 4101 Post
2743 4048 2859 4101 inec
2883 4055 3062 4100 autem
3089 4043 3357 4107 Rothado,
3380 4040 3500 4097 tan-

1923 4145 2045 4199 dem
2067 4144 2134 4198 de
2160 4141 2399 4197 custodia
2430 4140 2622 4195 educto
2658 4139 2929 4194 licentiam
2980 4136 3206 4190 Romam
3240 4134 3491 4188 veniendi

1922 4234 2009 4287 vix
2041 4232 2256 4301 quidem
2300 4229 2529 4294 dedisti;
2579 4229 2671 4283 sed
2719 4228 2902 4283 vicarii
2945 4241 3082 4296 quos
3103 4241 3225 4280 cum
3256 4225 3346 4279 illo
3377 4225 3499 4278 mit-

1924 4333 2040 4380 tere
2069 4321 2320 4388 debuisti,
2351 4335 2629 4390 usquequo
2658 4320 2945 4375 voluerunt
2976 4310 3224 4388 profecti,
3258 4317 3370 4369 suis
3402 4330 3498 4368 no-

1925 4415 2008 4469 bis
2037 4414 2102 4469 de
2127 4413 2322 4468 itinere
2357 4412 2748 4494 sigpilicavere,
2788 4411 2991 4465 dictum
3036 4409 3141 4462 illis
3168 4407 3329 4461 fuisse
3355 4406 3499 4474 quod

248 4517 385 4572 quos
423 4512 597 4556 tecum
628 4513 816 4555 contra
846 4518 904 4556 se
930 4501 1270 4571 conspirasse
1314 4516 1421 4556 non
1467 4497 1723 4565 noverat,
1759 4515 1825 4556 ac
1853 4499 1903 4560 Β
1928 4507 2105 4562 nullus
2130 4520 2239 4575 prae
2263 4505 2508 4559 hostibus
2554 4503 2898 4573 peuctrandaz
2937 4501 3104 4556 Italiae
3142 4498 3243 4553 sibi
3290 4496 3517 4566 putei-ei.

249 4609 343 4648 eos
377 4609 475 4662 per
504 4593 607 4647 hoc
637 4608 734 4646 nec
769 4601 1046 4662 suspectos
1078 4592 1326 4646 habebat.
1360 4591 1414 4645 ln
1440 4606 1545 4661 qua
1574 4590 1823 4645 videlicet

249 4686 478 4754 epistola
518 4699 622 4737 non
656 4691 897 4738 nostrum
928 4682 1189 4751 judicium
1229 4692 1568 4751 aspernatur,
1600 4697 1708 4736 non
1738 4697 1823 4737 se-

225 4779 371 4830 'dem
404 4774 749 4843 apostolicam
790 4773 1014 4841 spernit,
1064 4773 1371 4827 necaliena
1409 4770 1611 4842 judicia
1640 4781 1826 4840 postu-

253 4873 357 4938 lat,
412 4888 512 4927 nec
560 4872 852 4926 electorum
904 4868 1147 4939 judicum
1200 4883 1482 4923 numerum
1536 4868 1822 4935 exprimit,

250 4965 495 5036 quinimo
525 4979 619 5017 nec
648 4962 864 5016 nomina
894 4969 1188 5024 memorat;
1224 4961 1318 5014 sed
1348 4959 1520 5013 solum
1554 4957 1750 5011 fratres
1772 4965 1827 5012 et

250 5056 602 5126 coepiscopos
633 5055 697 5108 de
722 5068 818 5106 sua
842 5052 1114 5111 ,certilicat
1144 5050 1471 5113 innocentia,
1500 5057 1555 5102 et
1584 5049 1682 5103 hos
1708 5046 1828 5102 red-

252 5149 333 5201 dit
376 5150 632 5210 intentos,
682 5154 949 5213 quatenus
985 5143 1029 5196 si
1062 5142 1202 5197 forte
1252 5139 1571 5211 apostolatui
1619 5150 1823 5205 nostro,

255 5238 549 5294 secundum
598 5251 876 5290 sacrorum
922 5233 1308 5303 indulgentiam
1357 5246 1649 5294 canonum,
1691 5231 1828 5285 scri-

256 5332 388 5387 bere
415 5331 500 5385 his
530 5328 793 5385 examinis
824 5326 1112 5383 renovandi
1143 5326 1318 5395 gratia
1346 5325 1399 5378 in
1430 5322 1654 5377 ﬁnitima
1685 5322 1827 5392 posi-

259 5424 330 5479 tis
347 5416 612 5493 placeret;
646 5429 705 5475 ut
732 5419 846 5489 ipse
871 5418 961 5473 illo
991 5417 1045 5471 in
1078 5426 1317 5486 tempore
1343 5415 1497 5470 nobis
1518 5423 1825 5484 suggestum

258 5496 339 5569 ire
387 5512 776 5575 meditabatur,
825 5520 881 5565 et
924 5523 1022 5563 nos
1062 5522 1276 5578 quoque
1322 5517 1539 5561 acturos
1586 5505 1826 5577 putabat,

258 5620 371 5661 sua:
407 5601 710 5662 consuleret
749 5600 1085 5665 innocentia,
1125 5615 1189 5654 ac
1212 5598 1358 5668 justo
1392 5597 1674 5651 libramine
1701 5610 1829 5650 cau-

261 5712 379 5754 sam
427 5709 600 5760 suam,
649 5692 942 5749 secundum
981 5690 1384 5762 dispositionem
1417 5695 1673 5753 nostram,
1712 5684 1827 5741 sine

1929 4612 2201 4660 accessus,
2233 4604 2290 4649 et
2321 4594 2587 4665 praecipue
2633 4594 2777 4665 quod
2817 4607 3002 4648 eorum
3041 4605 3266 4660 quorum
3299 4588 3506 4642 auxilio

1923 4688 2098 4743 fulciri
2131 4688 2446 4750 debuerant,
2482 4690 2873 4740 frustrarentur
2904 4683 3157 4737 obventu.
3195 4679 3412 4734 Subden
3425 4690 3506 4735 tes

1925 4780 2146 4848 insuper
2193 4778 2319 4846 quia
2374 4777 2417 4831 si
2475 4777 2756 4846 pervenire
2800 4775 3026 4835 Romam
3078 4782 3349 4841 utcunque
3411 4786 3506 4825 va-

1924 4868 2186 4932 luissent,
2233 4866 2435 4921 nullam
2482 4866 2741 4920 adversus
2792 4861 3097 4917 Rotbadum
3143 4862 3366 4916 omnino
3416 4862 3511 4916 vde-

1929 4956 2136 5012 ferrent
2176 4957 2521 5013 calumniam.
2566 4955 2631 5009 Et
2674 4954 2759 5008 his
2788 4954 2860 5007 ita
2889 4953 3074 5022 gestis,
3111 4955 3234 5022 quia
3265 4954 3506 5022 primum

1931 5048 2145 5116 quidem
2186 5046 2633 5117 praesumptiones
2677 5044 3257 5117 pnevaricationesque
3292 5051 3510 5098 vestras

1928 5152 2117 5193 sumus
2142 5140 2371 5208 experti,
2402 5136 2593 5191 deinde
2614 5150 2744 5190 vero
2765 5135 3129 5213 inobedientia
3152 5146 3209 5189 et
3239 5135 3372 5205 tergi
3386 5150 3506 5189 ver-

1930 5230 2139 5284 satione
2182 5236 2271 5281 tua
2311 5235 2606 5297 comperta,
2654 5237 2817 5296 atque
2849 5224 3041 5282 deinde
3069 5226 3315 5280 Rothado
3337 5242 3511 5296 penes

1930 5334 2028 5373 nos
2059 5319 2175 5373 sine
2211 5317 2319 5372 ullo
2347 5326 2659 5371 accusatore
2698 5324 2821 5371 octo
2849 5315 3064 5370 circiter
3093 5315 3368 5371 mensibus
3394 5315 3508 5385 jam

1930 5418 2142 5466 retento
2165 5419 2219 5464 et
2244 5408 2446 5463 diutius
2484 5423 2552 5462 ac
2588 5407 2838 5463 subtilius
2879 5405 3208 5479 examinato,
3253 5406 3408 5461 vobis
3454 5415 3507 5459 et

1928 5500 2149 5556 vicariis
2197 5498 2391 5554 vestris
2435 5498 2795 5553 clamantibus
2834 5496 2908 5551 nil
2946 5512 3043 5551 vos
3076 5497 3335 5551 adversus
3380 5510 3505 5549 eum

1931 5588 2291 5644 accusationis
2322 5588 2543 5654 habere,
2566 5586 2692 5657 quid
2719 5586 2821 5640 nisi
2846 5594 2925 5650 ut,
2949 5585 3240 5661 secundum
3269 5583 3504 5652 promis-

1932 5681 2137 5735 sionem
2184 5679 2429 5749 superius
2468 5686 2841 5744 memoratam,
2890 5675 3103 5730 tandem
3132 5672 3361 5744 pristiuo
3391 5670 3503 5738 epi—
