4050 6324
546 298 652 356 8‘3.)

1899 282 2171 340 NlCOLAl
2197 278 2406 337 ῬΑΡᾹΞ
2447 278 2467 334 1

3725 282 3850 335 909

541 399 793 481 scopatui
836 407 1152 463 redderetur
1176 443 1193 469 ,
1245 402 1463 457 omnino
1514 397 1789 455 restabat?
1835 397 1989 464 Quod
2042 410 2138 467 per
2164 398 2214 455 Λ
2244 392 2502 446 Dominus
2531 398 2716 446 noster
2738 389 2896 446 Jesus
2922 388 3192 455 Christus,
3231 389 3320 460 qui
3356 391 3498 448 hanc
3527 394 3755 448 creavit
3786 404 3847 448 ει

549 513 794 560 nostram
835 500 1259 554 mediocritatem
1299 494 1412 563 jam
1451 507 1593 546 nunc
1626 490 1824 546 factum
1855 497 1944 543 tua
1970 502 2128 542 nosse

551 595 750 665 poterit
789 605 1010 662 prorsus
1052 587 1338 642 industria.
1382 582 1479 638 Cui
1521 582 1599 636 rei
1639 595 1924 635 monemus
1958 578 2133 633 omni-

552 684 768 738 modam
799 679 1113 750 patientiam
1165 675 1424 730 exhibere
1474 681 1566 726 tua
1617 686 1722 724 non
1774 669 2007 739 negligat
2042 677 2130 721 ut-

552 791 765 846 cunque
799 773 1034 833 solertia,
1075 786 1140 823 ne
1178 769 1430 822 talionem
1460 765 1687 818 reddere
1715 763 1834 827 tibi,
1867 763 2010 816 sicut
2034 761 2132 814 du-

556 868 680 922 dum
711 861 1080 934 promisimus,
1114 867 1298 912 nostra
1329 864 1557 926 cogatur
1583 851 1876 906 auctoritas
1897 850 1972 919 (2,
1996 865 2050 918 q.
2075 848 2129 914 6,

554 959 774 1027 Arguta,
803 953 830 1024 §
873 951 1002 1005 Hmc
1037 950 1224 1018 quippe
1254 945 1394 1018 nos).
1430 945 1553 998 Hanc
1583 944 1779 1012 quippe
1817 956 1916 995 nos
1947 942 1996 994 in
2028 939 2136 991 Ro-

552 1047 717 1100 thado
759 1045 962 1099 idcirco
1002 1041 1217 1097 noveris
1264 1049 1539 1109 operatus,
1588 1047 1645 1090 ut
1685 1034 1961 1105 privilegia
1991 1032 2135 1086 sedis

553 1135 879 1206 apostolicze,
927 1149 1045 1202 quae
1085 1131 1222 1185 male
1248 1147 1276 1183 a
1304 1129 1455 1182 vobis
1486 1127 1680 1180 violata
1722 1140 1841 1178 esse
1881 1123 2135 1176 videban-

557 1237 662 1292 tur,
690 1235 743 1281 et
769 1241 800 1280 a
828 1226 982 1280 nobis
1027 1233 1103 1278 tot
1146 1221 1406 1291 impensis
1449 1218 1740 1279 laboribus,
1777 1223 1956 1267 vestra
1998 1211 2136 1265 resii-

555 1327 734 1372 stente
775 1315 1136 1375 contumacia,
1181 1310 1489 1380 recuperari
1523 1324 1628 1362 non
1658 1313 1926 1377 poterant,
1956 1309 2140 1356 aucto-

555 1410 718 1463 ritate
767 1405 1064 1476 apostolica
1091 1411 1147 1458 et
1177 1401 1437 1460 canonica
1467 1399 1686 1452 Patrum
1729 1394 2136 1457 deliberatione,

556 1499 789 1568 pristino
816 1496 1030 1548 tandem
1056 1501 1110 1547 et
1137 1491 1353 1562 proprio
1381 1490 1771 1543 dccorarentur
1790 1485 2014 1539 honore.
2030 1481 2143 1537 Cae-

559 1599 733 1645 terum
770 1589 815 1643 si
845 1587 982 1640 forte
1003 1586 1127 1654 quis
1151 1583 1410 1637 adversus
1437 1579 1742 1634 ltothadum
1773 1589 1932 1629 voces
1954 1574 2138 1638 habet,

543 1666 640 1736 vel
665 1681 709 1734 si
735 1680 848 1748 ipse
875 1694 902 1730 a
933 1675 1220 1730 sanctitate
1251 1681 1339 1726 tua
1371 1669 1546 1739 justas
1572 1677 1762 1722 contra
1791 1679 1849 1720 se
1877 1666 2139 1719 hactenus

2237 480 2498 545 redemit,
2543 479 2742 534 existat
2777 498 2789 532 :
2823 480 2894 532 ita
2937 487 2995 532 ut
3039 478 3126 536 ille
3153 480 3423 534 veraciter
3451 496 3515 536 ac
3544 483 3850 552 principa-

2233 573 2358 626 liter
2382 577 2483 626 ista
2515 572 2586 626 sit
2611 572 2813 634 omnia,
2838 570 2991 641 juxta
3016 573 3156 643 quod
3185 572 3428 630 fidelibus
3454 590 3552 645 per
3579 577 3848 644 primum

2233 662 2534 731 apostolum
2565 663 2766 717 dicitur
2793 680 2806 716 :
2836 662 3084 717 Conversi
3117 664 3242 717 estis
3270 681 3408 718 nunc
3447 666 3518 718 ad
3555 677 3848 734 pastorem

2233 763 2280 807 et
2321 755 2615 823 episcopum
2656 755 2954 808 animarum
2995 765 3281 809 vestrarum
3317 755 3403 827 (II
3444 753 3592 809 Petr.
3630 758 3740 826 ti);
3791 768 3849 810 et

2227 844 2382 913 juxta
2437 845 2580 915 quod
2639 845 2886 916 egregius
2944 845 3268 916 prmdicator
3314 848 3380 901 de
3423 863 3487 900 eo
3542 848 3844 916 loquens:

2238 936 2402 1000 Talis,
2436 937 2629 1006 inquit,
2671 936 2880 990 decebat
2906 947 2960 990 ut
3000 938 3144 990 nobis
3179 947 3309 989 esset
3343 938 3578 1005 pontifex
3628 936 3843 1007 (Hebr.

2235 1032 2365 1101 vlt);
2404 1031 2683 1083 subiturus
2716 1037 2895 1082 tamen
2923 1030 2988 1082 ad
3020 1029 3186 1083 caelos
3217 1031 3354 1083 hanc
3382 1031 3644 1099 apostolis
3682 1046 3844 1084 corn-

2238 1121 2544 1184 mendavit,
2595 1135 2658 1174 ac
2692 1135 2788 1190 per
2838 1135 2954 1181 eos,
3005 1130 3261 1189 tanquam
3314 1121 3664 1174 hmreditario
3707 1118 3846 1187 jure

2237 1211 2639 1265 successoribus
2678 1224 2886 1272 eorum,
2918 1210 3073 1263 nolis
3115 1209 3344 1272 scilicet,
3375 1225 3513 1278 quos
3552 1220 3845 1278 pastores,

2237 1302 2518 1370 episcopos
2548 1315 2610 1354 ac
2654 1299 2938 1369 pontiﬁces
2962 1302 3142 1368 'super
3173 1300 3342 1368 ipsam
3372 1300 3686 1364 c0nstituit,
3721 1298 3847 1368 ejus

2237 1390 2588 1460 providentia:
2633 1405 2819 1445 curam
2865 1389 3101 1452 indulsit,
3150 1399 3416 1460 quatenus
3449 1406 3549 1460 pro
3578 1393 3848 1461 patribus

2240 1481 2351 1534 nati
2381 1481 2496 1546 lilii,
2539 1489 2592 1536 et
2633 1497 2733 1550 pro
2761 1481 2841 1536 eis
2880 1481 3160 1534 constituti
3202 1470 3472 1550 principes
3518 1483 3572 1535 in
3608 1497 3843 1536 omnem

2244 1580 2466 1636 terram,
2509 1573 2809 1627 imitatores
2850 1587 3036 1626 eorum
3077 1587 3342 1636 essemus,
3381 1575 3524 1627 sicut
3568 1584 3627 1628 et
3663 1575 3846 1643 ipsius

2243 1665 2467 1719 Christi.
2498 1663 2697 1719 Verum
2725 1673 2780 1720 et
2813 1665 2955 1719 inter
2979 1665 3323 1720 beatissimos
3353 1667 3650 1734 apostolos,
3693 1668 3844 1721 sicut

557 1747 824 1825 sustineat
868 1765 1254 1836 querimonias,
1306 1761 1555 1816 volumus
1594 1766 1649 1812 et
1687 1756 2029 1810 decernimus
2059 1765 2136 1819 ut,
2173 1747 2215 1804 Β
2243 1765 2296 1811 et
2327 1757 2415 1811 ille
2452 1773 2678 1828 magnus
2715 1757 2824 1812 Leo
2855 1757 3040 1812 scribit
3071 1759 3174 1829 (ep.
3211 1758 3298 1822 88,
3327 1765 3395 1812 ad
3437 1758 3840 1828 Anastasinm),

487 1883 490 1886 η
559 1870 785 1928 utraque
808 1867 964 1927 parte
982 1855 1357 1914 conveniente,
1381 1849 1638 1919 quidquid
1665 1847 1793 1901 illud
1816 1856 1922 1910 est,
1953 1860 2137 1900 coram

561 1960 747 2004 nostra
795 1947 1018 2018 speciali
1066 1944 1354 2014 praisentia
1385 1941 1670 2008 dirigatur.
1708 1937 1862 2004 Quod
1889 1937 1932 1990 si
1965 1935 2141 1989 nullus

560 2038 846 2093 calumniis
872 2051 1053 2090 coram
1082 2033 1380 2102 apostolatu
1415 2041 1601 2083 nostro
1627 2027 1938 2098 szepefatum
1963 2027 2139 2080 virum

559 2131 821 2200 impetere
869 2127 1120 2189 voluerit,
1169 2140 1287 2192 qua:
1331 2124 1396 2176 de
1437 2121 1526 2174 illo
1567 2119 1910 2173 decernimus
1938 2117 2140 2172 illibata

561 2233 618 2276 et
647 2220 935 2274 imminuta
983 2217 1309 2272 consistant.
1356 2213 1596 2267 Tandem
1641 2209 1931 2279 aliquando
1975 2224 2138 2262 unum

562 2330 594 2370 c
622 2315 849 2378 duobus,
893 2312 1034 2382 quod
1089 2311 1202 2364 vult
1247 2308 1558 2362 fraternitas
1599 2314 1712 2368 tua,
1761 2303 1863 2358 sibi
1909 2317 1940 2356 a
1987 2301 2142 2354 nobis

560 2408 778 2477 optione
824 2405 1096 2476 proposita
1144 2401 1331 2470 eligat;
1363 2399 1486 2469 quia
1515 2408 1802 2465 utrumque
1824 2393 2138 2449 canonicum

559 2505 662 2560 est,
710 2504 999 2564 utrumque
1040 2493 1106 2546 ad
1144 2493 1288 2546 sedis
1329 2489 1635 2561 apostolica:
1665 2488 1898 2555 pertinet
1925 2483 2142 2555 privile-

560 2588 729 2654 gium.
763 2567 1028 2639 Videlicet
1055 2593 1147 2636 aut
1176 2599 1296 2652 qua:
1327 2585 1392 2636 de
1416 2579 1670 2650 saepcfato
1694 2577 1861 2632 fratre
1887 2585 1942 2630 et
1965 2575 2142 2642 coepi-

560 2697 723 2750 scopo
775 2688 961 2733 nostro
1008 2678 1256 2731 Itothado
1304 2673 1670 2743 disposuimus
1719 2668 2039 2738 adimplens,
2085 2668 2173 2731 iu,

559 2771 706 2826 nullo
749 2769 1092 2836 refragatrix,
1123 2769 1217 2822 sed
1278 2765 1587 2821 exsecutrix
1637 2762 1948 2816 inveniatur
1987 2773 2002 2812 :
2048 2767 2139 2811 aut

560 2870 707 2915 certe
736 2861 959 2914 Romam
992 2875 1175 2914 coram
1211 2859 1387 2922 nobis,
1424 2873 1516 2912 seu
1546 2863 1732 2909 sancta
1762 2852 1999 2906 Romana
2036 2851 2139 2903 Ec-

559 2951 743 3016 clesia,
787 2968 909 3006 eum
959 2952 1074 3021 ipso
1121 2951 1429 3005 conflictum
1469 2957 1770 3016 sumptura,
1821 2952 1875 2998 et
1912 2958 2008 3013 pro
2039 2943 2142 2996 hoc

561 3041 912 3104 alter-cutura,
959 3056 1250 3110 properare
1300 3040 1416 3092 sine
1457 3037 1714 3092 dilatione
1752 3041 2003 3088 maturet.
2060 3031 2136 3084 Ita

2243 1848 2296 1901 in
2343 1847 2692 1901 similitudine
2732 1847 2954 1902 honoris
2992 1846 3095 1901 fuit
3138 1847 3382 1917 quaadam
3419 1849 3690 1903 discretio
3738 1866 3841 1919 po-

2242 1938 2470 1999 testatis,
2516 1945 2569 1990 et
2609 1953 2730 1991 cum
2763 1938 3002 1992 omnium
3047 1954 3146 2008 par
3187 1947 3332 1992 esset
3359 1938 3574 2001 electio,
3603 1940 3706 1993 uni
3745 1951 3841 1993 ta-

2241 2043 2364 2082 men
2418 2029 2602 2082 datum
2658 2038 2742 2084 est
2791 2039 2849 2084 tit
2886 2031 3094 2084 cmteris
3142 2032 3536 2100 prmemincret.
3589 2032 3674 2088 De
3732 2050 3838 2102 qua

2241 2117 2412 2172 forma
2453 2118 2826 2187 episcoporum
2875 2133 3091 2188 quoque
3132 2129 3216 2174 est
3243 2128 3363 2174 orta
3408 2121 3729 2186 distinctio;
3782 2134 3836 2177 et

2241 2224 2432 2280 magna
2483 2209 2836 2278 dispositione
2891 2211 3169 2280 provisum
3217 2218 3298 2264 est
3355 2225 3421 2264 ne
3475 2226 3674 2266 omnes
3731 2212 3832 2266 sibi

2240 2303 2419 2356 omnia
2455 2301 2818 2366 vindicarent,
2849 2303 2941 2357 sed
2971 2311 3155 2358 essent
3194 2305 3247 2356 in
3276 2302 3498 2370 singulis
3527 2305 3834 2372 provinciis

2240 2391 2455 2461 singuli,
2484 2407 2713 2460 quorum
2756 2393 2898 2447 inter
2941 2391 3138 2447 fratres
3173 2393 3467 2447 haberetur
3494 2396 3675 2464 prima
3711 2411 3834 2449 sen-

2241 2484 2406 2536 tentia
2433 2497 2448 2536 :
2479 2492 2534 2537 et
2569 2498 2754 2539 rursus
2784 2484 3000 2552 quidam
3032 2483 3084 2537 in
3117 2481 3408 2550 majoribus
3437 2483 3669 2539 urbibus
3702 2482 3834 2538 co’n-

2241 2575 2435 2640 stituti,
2483 2575 2898 2629 sollicitudinem
2938 2573 3053 2644 ejus
3093 2575 3426 2644 susciperent
3469 2575 3826 2644 ampliorem,

2240 2683 2338 2739 per
2367 2684 2504 2738 quos
2531 2669 2596 2722 ad
2627 2684 2786 2722 unam
2817 2667 2962 2722 Petri
3004 2668 3186 2722 sedem
3217 2666 3536 2722 universalis
3568 2667 3832 2722 Ecclesia!

2240 2775 2369 2816 Cura
2401 2761 2715 2826 conﬂueret,
2743 2771 2795 2816 et
2825 2761 2958 2816 nihil
2999 2776 3234 2830 unquam
3278 2774 3308 2813 a
3356 2775 3453 2815 suo
3497 2761 3682 2831 capite
3723 2761 3832 2816 dis-

2240 2853 2460 2907 sideret.
2509 2853 2659 2919 Quod
2708 2852 2810 2907 nisi
2841 2851 3057 2922 quidam
3094 2865 3156 2904 ex
3204 2849 3355 2904 vobis
3389 2849 3537 2904 nullo
3578 2849 3827 2905 interiori

2243 2941 2784 3010 comprehendissth
2819 2940 3027 3002 obtutu,
3058 2953 3328 3008 nunquam
3367 2938 3680 2994 Rotbadum
3715 2941 3826 3009 epi—

2241 3052 2461 3106 scopum
2515 3033 2850 3090 Suessouicae
2891 3033 3038 3087 urbis
3065 3033 3183 3087 sine
3209 3047 3477 3088 consensu
3513 3041 3704 3087 nostro
3734 3033 3825 3086 de-

561 3131 822 3183 duutaxat
864 3138 924 3184 ut
968 3132 1117 3198 prius
1168 3131 1280 3198 ipse
1330 3127 1610 3182 Rothadus
1649 3125 1859 3180 cunctis
1903 3121 2136 3185 ablatis,
2165 3117 2210 3180 C
2240 3130 2567 3201 posuissent,
2617 3127 3076 3197 depraadarentur,
3121 3135 3176 3180 et
3216 3125 3270 3180 in
3315 3125 3565 3180 exsilium
3610 3125 3820 3196 pulsum

560 3218 700 3272 sicut
753 3219 1076 3284 statuimus,
1130 3218 1461 3288 recuperatis
1512 3215 1839 3274 honoribus,
1887 3220 1942 3266 et
1993 3212 2138 3265 vires

560 3309 721 3377 longo
765 3320 1008 3378 tempore
1053 3309 1224 3363 fessas
1265 3309 1432 3378 priori
1460 3305 1754 3360 valetudini
1787 3303 2028 3358 redditus
2055 3317 2137 3356 re-

562 3412 803 3460 sumens,
860 3398 1061 3450 diutius
1101 3398 1374 3468 possideat
1403 3405 1457 3450 et
1479 3396 1592 3450 suis
1621 3393 1870 3449 omnibus
1897 3391 2139 3461 perfrua-

562 3494 668 3538 tur.
696 3485 847 3553 Quod
873 3487 917 3540 si
950 3497 1200 3540 ncutrum
1231 3486 1347 3540 sine
1375 3494 1664 3556 procurata
1706 3499 1854 3537 mora
1891 3482 2137 3536 fortassis

560 3593 722 3648 agere
769 3579 1019 3643 volueris,
1072 3587 1126 3633 et
1172 3578 1438 3633 resultare
1467 3579 1552 3632 his
1583 3592 1702 3646 qua:
1727 3577 1793 3630 de
1822 3575 1912 3630 illo
1951 3574 2139 3628 statui-

561 3686 680 3723 mus
711 3669 869 3723 solito
903 3685 1051 3724 more
1089 3669 1316 3724 ulterius
1353 3671 1651 3733 curaveris,
1684 3669 1751 3723 ab
1779 3668 1924 3722 omni
1948 3667 2024 3721 sis
2046 3681 2134 3720 sa-

558 3763 817 3817 cerdotali
853 3763 1135 3834 dignitate,
1170 3763 1264 3817 Dei
1302 3777 1398 3832 per
1438 3778 1533 3816 nos
1565 3759 1791 3828 judicio,
1823 3769 1877 3813 et
1902 3758 2139 3813 auctori-

561 3864 670 3908 tate
699 3856 841 3908 sedis
875 3853 1202 3923 apostolicus,
1232 3855 1298 3909 de
1327 3862 1526 3908 caetero
1554 3859 1946 3920 sequestratus,
1977 3852 2048 3904 ita
2076 3856 2137 3902 ut

561 3961 833 4013 nunquam
860 3945 1032 3998 locum
1061 3944 1452 4000 satisfactionis
1479 3952 1572 3997 aut
1591 3943 1800 3998 ordinis
1827 3943 2132 3997 restitutio-

561 4049 686 4086 nem
709 4034 995 4102 operiaris.

1250 4122 1465 4178 LXXV.

868 4230 936 4267 AD
975 4230 1260 4270 UNIVERSOS
1287 4229 1565 4268 EPISCOPOS
1582 4228 1820 4275 GALLIS.

1167 4329 1344 4400 (Anno
1373 4328 1522 4400 865.)

559 4443 626 4499 Ut
670 4443 969 4514 Rothadum
1015 4459 1046 4495 a
1092 4459 1146 4496 se
1193 4445 1485 4496 restitutum
1532 4426 1747 4514 benigne
1793 4446 2130 4514 suscipiant:

628 4516 716 4568 ubi
766 4513 928 4566 multa
979 4514 1042 4584 de
1091 4513 1228 4566 sedis
1287 4513 1942 4584 apostolicaprivilegiis,
1977 4526 2022 4568 et
2070 4516 2134 4570 de

626 4585 929 4665 pontiﬁcum
978 4582 1337 4636 Romanorum
1383 4583 1722 4637 decretalibus
1766 4582 1969 4654 copiose
2020 4586 2133 4638 dis-

628 4663 773 4708 serit.

1045 4741 1222 4814 [Apud
1258 4742 1448 4809 Mansi,
1476 4741 1628 4815 ibid.]

628 4855 894 4909 Nicoutus
941 4855 1246 4924 cpiscopus,
1302 4869 1490 4908 servus
1539 4869 1815 4908 servorum
1867 4855 1993 4922 Dei,
2047 4871 2134 4911 re-

555 4947 947 4999 verentissimis
991 4955 1046 5000 et
1107 4945 1462 4999 sanctissimis
1510 4943 1876 4999 confratribus
1931 4946 2132 5000 nostris

555 5036 974 5105 archiepiscopis
1020 5045 1076 5090 et
1136 5036 1402 5105 episc0pis
1470 5035 1610 5106 apud
1671 5034 1871 5091 Gallias
1925 5037 2131 5091 consti-

558 5128 710 5181 tutis.

627 5218 885 5284 Quamvis
923 5218 1259 5292 singularum
1310 5218 1670 5274 Ecelesiarum
1694 5259 1710 5285 ,
1751 5233 1871 5288 quae
1914 5229 2134 5291 propter

556 5307 929 5364 diversitatem
981 5320 1246 5364 terrarmn
1295 5311 1474 5364 multae
1516 5325 1635 5364 esse
1693 5309 1964 5374 dicuntur,
2007 5327 2158 5365 cum-

553 5415 660 5453 una
691 5399 760 5452 sit
793 5407 848 5453 et
875 5398 1033 5452 unica
1077 5398 1284 5467 Spouso
1321 5415 1437 5460 suo,
1484 5400 1621 5452 sicut
1656 5399 1768 5469 ipse
1804 5400 1855 5454 in
1892 5400 2130 5455 Canticis

553 5495 889 5548 canticorum
926 5491 1094 5544 dicit:
1128 5509 1231 5544 tnta
1267 5501 1340 5544 est
1383 5490 1620 5543 columba
1653 5508 1765 5545 mea
1809 5490 1984 5563 (Cant.
2022 5492 2132 5563 Vt);

551 5598 607 5640 et
653 5603 748 5655 per
789 5583 1129 5638 Psalmistam
1177 5601 1190 5636 :
1241 5582 1380 5634 Erue
1414 5581 1478 5632 de
1522 5598 1680 5634 manu
1728 5585 1873 5636 cunis
1923 5585 2132 5636 unicam

552 5695 719 5731 meum
749 5675 922 5744 (Psal.
956 5676 1099 5743 xxi);
1131 5681 1332 5743 pastor,
1363 5679 1416 5724 et
1459 5670 1762 5739 cpiscopus,
1795 5689 1856 5726 ac
1893 5671 2130 5742 pontifex

2241 3220 2602 3277 monasteriali
2653 3219 2913 3275 custodite
2956 3218 3344 3288 manciparent.
3378 3217 3514 3271 Nam
3553 3218 3818 3287 quomodo

2239 3329 2345 3367 non
2375 3327 2562 3366 omnes
2602 3311 2755 3365 vobis
2791 3309 2970 3365 omnia
3001 3308 3307 3372 vindicatis,
3349 3307 3440 3377 qui
3480 3305 3674 3375 judicia
3701 3308 3812 3377 epi-

2241 3418 2526 3472 scoporum
2555 3443 2568 3467 ,
2613 3416 2733 3471 quae
2785 3401 2980 3455 merito
3027 3399 3170 3452 inter
3211 3397 3415 3466 majora
3468 3407 3814 3452 numerantur

2240 3495 2471 3563 negotia,
2510 3499 2707 3546 vestrae
2755 3488 3126 3545 deliberationi
3178 3487 3486 3542 tribuistis?
3525 3485 3609 3540 An
3651 3487 3812 3541 modi-

2239 3600 2361 3640 cum
2394 3583 2543 3637 vobis
2588 3597 2709 3636 esse
2754 3581 2968 3635 videtur
3012 3579 3210 3633 fratres
3250 3587 3306 3634 et
3343 3579 3699 3649 coepiscopos
3732 3593 3807 3632 re-

2247 3685 2390 3731 stros
2419 3682 2616 3744 praeter
2639 3671 2948 3741 apostolicae
2975 3671 3118 3726 sedis
3146 3685 3467 3724 consensum
3499 3667 3806 3739 depositioni

2240 3765 2544 3835 subjicere?
2567 3763 2719 3831 Quod
2742 3763 2787 3816 si
2817 3762 3188 3816 damnationes
3207 3762 3585 3831 episcoporum
3612 3778 3714 3816 non
3739 3761 3812 3814 in-

2242 3865 2325 3911 ter
2355 3854 2553 3921 majora
2585 3854 2799 3925 negotia
2827 3853 3200 3914 dinumeratis,
3225 3866 3452 3921 quorum
3484 3853 3602 3922 jam
3636 3866 3812 3907 causas

2240 3950 2380 4004 inter
2413 3945 2614 4015 majora
2659 3946 2985 4016 computatis
3032 3946 3289 4015 negotia?
3331 3945 3505 4013 Quid,
3552 3961 3706 4016 rogo,
3747 3946 3809 4000 de

2237 4032 2579 4113 presbyteris.
2605 4039 2689 4093 vel
2729 4039 2796 4094 de
2833 4037 3104 4092 inferioris
3131 4039 3332 4109 gradus
3365 4037 3581 4094 clericis
3623 4040 3810 4111 agitur,

2235 4146 2463 4202 quorum
2513 4129 2653 4199 apud
2715 4144 2812 4182 nos
2863 4143 3076 4197 quoque
3129 4144 3292 4184 causa
3351 4128 3807 4185 Chalcedonensis

2235 4224 2448 4279 concilii
2501 4222 2700 4293 regulis
2741 4224 2882 4291 (can.
2907 4224 2992 4289 9),
3045 4237 3166 4275 cum
3208 4223 3346 4277 ratio
3394 4223 3600 4293 exigit,
3645 4223 3811 4278 audiri

2231 4314 2495 4385 jubetur?
2552 4313 2608 4368 Si
2663 4314 2946 4383 episcopos
2991 4321 3139 4368 tanta
3212 4311 3472 4367 facilitate
3520 4314 3811 4384 deponitis.

2237 4406 2523 4473 quomodo,
2579 4417 2728 4474 rogo,
2777 4417 2875 4472 per
2920 4418 3034 4466 vos,
3079 4417 3307 4474 quorum
3351 4403 3434 4458 vel
3488 4405 3542 4458 in
3588 4405 3812 4475 singulis

2164 4483 2210 4542 D
2237 4494 2531 4562 provinciis
2561 4492 2788 4547 habetur
2818 4493 2991 4562 prima
3022 4494 3308 4554 sententia,
3352 4493 3434 4549 vel
3464 4497 3558 4566 qui
3609 4496 3665 4550 in
3709 4512 3813 4549 ma-

2235 4583 2446 4654 joribus
2488 4583 2712 4638 urbibus
2758 4583 3040 4638 constituti
3083 4583 3498 4640 sollicitudinem
3547 4588 3814 4657 suscipitis

2243 4675 2576 4744 ampliorem,
2610 4675 2676 4729 ad
2717 4690 2876 4728 unam
2922 4674 3068 4729 Petri
3117 4675 3298 4730 sedem
3346 4677 3675 4734 universalis
3722 4680 3813 4735 Ec-

2241 4763 2420 4818 clesiae
2457 4779 2586 4818 cura
2615 4761 2870 4828 conﬂuit,
2909 4765 2998 4833 qui
3033 4765 3098 4819 de
3145 4764 3438 4836 majoribus
3487 4769 3814 4839 deponendis

2241 4855 2508 4924 episcopis
2539 4855 2670 4909 nihil
2704 4857 2772 4910 ad
2800 4857 2920 4926 ejus
2953 4856 3196 4911 notitiam
3229 4858 3443 4913 deferre
3469 4863 3718 4916 curatis?
3739 4863 3811 4917 An

2241 4944 2474 5014 episcopi
2502 4943 2569 4998 de
2595 4945 2884 4999 universali
2915 4945 3151 5000 Ecclesia
3190 4962 3296 5000 non
3338 4958 3483 5011 sunt,
3521 4958 3581 5003 ut
3617 4951 3688 5006 de
3718 4952 3812 5006 illis

2241 5034 2558 5088 damnandis
2603 5049 2702 5104 per
2736 5051 2834 5090 vos
2881 5035 3079 5103 aliquid
3126 5037 3192 5090 ad
3237 5051 3397 5090 unam
3440 5036 3588 5092 Petri
3636 5041 3810 5095 sedem

2239 5107 2436 5181 deferri
2484 5143 2590 5180 non
2635 5128 2890 5182 curetur?
2937 5128 3026 5181 Vel
3073 5129 3341 5197 quomodo
3387 5128 3462 5182 nil
3511 5145 3743 5201 usquam
3783 5147 3809 5185 a

2239 5231 2337 5271 suo
2383 5215 2560 5285 capite
2595 5216 2836 5280 dissidet,
2865 5231 2986 5271 cum
3025 5217 3090 5270 de
3134 5216 3502 5287 adjudicandis
3528 5221 3809 5290 praecipuis

2237 5306 2496 5360 membris
2533 5305 2798 5366 Ecclesim,
2842 5305 2893 5360 id
2921 5316 3004 5362 est
3029 5308 3315 5377 episcopis,
3344 5323 3373 5361 a
3411 5309 3609 5377 capite,
3642 5311 3694 5366 id
3736 5319 3811 5365 est

2239 5397 2364 5452 sede
2412 5396 2733 5465 apostolica,
2782 5397 3117 5452 dissentitis?
3169 5398 3252 5452 An
3307 5398 3462 5454 sedes
3513 5400 3803 5470 apostolica

2236 5495 2394 5555 caput
2424 5501 2530 5540 non
2576 5487 2693 5540 est?
2722 5484 2943 5541 Frustra
2979 5503 3131 5558 ergo,
3174 5499 3234 5543 ut
3266 5490 3432 5544 multa
3463 5501 3804 5559 przeteream,

2234 5577 2520 5631 concilium
2572 5577 2893 5634 Sardicense
2936 5579 3002 5632 ad
3054 5578 3253 5636 Julium
3309 5581 3621 5651 episcopum
3675 5584 3808 5637 inter

2235 5679 2428 5724 etctera
2479 5669 2615 5723 dixit
2665 5671 2747 5740 (in
2801 5673 2951 5740 epist.
2984 5674 3052 5726 ad
3101 5665 3336 5742 Iulium)
3378 5693 3391 5727 :
3444 5673 3725 5744 Optimum
3758 5682 3804 5728 et
