4050 6324
189 4116 199 4165 l

274 312 377 367 90l

1485 306 1849 364 EPISTOLE
1886 305 1974 360 ET
2014 304 2347 367 DECRETA.

3427 314 3533 370 93?.

268 423 424 480 valde
449 423 993 494 congruentissimum
1023 438 1143 480 esse
1172 422 1382 480 videtur
1410 424 1453 479 si
1488 423 1553 477 ad
1579 430 1762 493 caput,
1795 421 1849 478 id
1875 428 1923 488 Α
1950 438 2118 493 penes
2146 440 2244 479 nos
2278 425 2565 491 habentur,
2588 441 2707 497 quae
2733 442 2837 482 non
2869 426 3042 484 solum
3089 444 3530 502 quorumcunquc

269 523 353 570 est
397 513 465 568 ad
501 513 649 569 Petri
679 516 905 584 apostoli
937 516 1145 581 sedem,
1184 515 1252 570 dc
1280 514 1508 587 singulis
1546 514 1848 584 quibusque

266 604 561 673 provinciis
587 605 800 659 Domini
829 604 1074 660 referant
1117 606 1446 661 sacerdotes.
1482 605 1622 659 Ecce
1665 604 1851 660 sedem

267 695 417 749 Petri
459 703 619 765 caput
658 696 1011 766 appellatam,
1053 696 1139 752 cui
1187 697 1253 750 de
1298 695 1522 766 singulis
1559 695 1852 765 provinciis

268 784 483 839 Domini
527 782 734 839 referre
791 786 1102 840 sacerdotes
1156 784 1372 840 debent.
1420 784 1463 838 E
1515 794 1703 839 contra
1755 798 1852 838 vos

270 876 405 931 adeo
447 877 587 930 lianc
616 876 916 945 despicitis,
952 885 1014 931 ut
1035 876 1103 931 ad
1141 891 1261 931 eam
1301 876 1434 930 nihil
1463 877 1529 932 de
1555 874 1852 945 majoribus

268 967 523 1022 Ecclesire
565 968 795 1039 negotiis
831 967 1033 1022 referre
1060 968 1284 1033 curetis,
1316 984 1381 1023 ac
1423 968 1733 1038 episcopum
1769 967 1851 1022 in-

265 1058 511 1113 consulta
550 1069 607 1115 et
634 1068 950 1130 contempta
981 1055 1069 1114 illa
1097 1061 1367 1137 deponere
1405 1060 1762 1129 praesumatis,
1795 1069 1852 1115 et

265 1152 537 1221 pl‘mcipue
588 1152 779 1206 sedem
843 1151 1195 1221 apostolicam
1252 1152 1629 1222 appellantem.
1678 1151 1849 1209 Nimis

268 1254 502 1307 namque
528 1239 822 1294 absurdum
848 1248 933 1295 est
964 1240 1107 1309 quod
1149 1240 1351 1306 dicitis,
1379 1240 1713 1307 Rothadum,
1754 1242 1848 1311 qui

262 1331 332 1384 ad
373 1329 636 1399 judicium
686 1332 831 1387 sedis
881 1332 1190 1402 apostolicm
1256 1336 1600 1404 provocavit,
1652 1335 1847 1389 iterum

265 1430 471 1476 nmtata
502 1437 632 1477 voce
665 1431 843 1478 vestra
866 1421 1069 1490 judicia
1100 1424 1422 1494 postulasse.
1452 1424 1604 1491 Quod
1632 1423 1847 1480 etiamsi

264 1512 589 1577 ita‘fuisset,
623 1528 654 1568 a
691 1506 871 1568 vestra
912 1512 1088 1568 fuerat
1128 1513 1470 1570 fraternitate
1496 1515 1849 1586 corrigendus

263 1612 321 1657 et
347 1604 473 1673 quia
496 1619 532 1657 a
570 1603 758 1671 majori
785 1604 852 1659 ad
879 1604 1104 1659 minoris
1128 1607 1465 1662 auctoritatis
1501 1614 1848 1677 provocasset

258 1690 543 1761 judicium,
570 1691 959 1747 emendandus.
988 1692 1138 1749 Licet
1162 1696 1327 1750 certis
1358 1711 1463 1750 non
1505 1708 1692 1766 patere
1721 1716 1847 1769 pos-

1952 513 2323 569 Romanorum
2375 517 2712 585 pontiﬁcum,
2744 534 2929 573 verum
2959 521 3122 576 etiam
3161 523 3398 591 priorum
3437 525 3532 579 de-

1911 680 1921 687 .
1950 611 2098 657 creta
2137 603 2194 656 in
2240 605 2353 659 suis
2389 606 2570 661 causis
2603 606 2860 676 prmferre
2906 618 3225 664 noscuntur.
3252 610 3324 665 At
3361 627 3523 678 nunc,

1951 694 2043 748 ubi
2088 694 2202 749 suis
2236 695 2429 750 animis
2478 698 2764 763 resultare,
2809 708 2865 753 et
2905 699 3183 771 privilegia
3227 709 3383 756 tanto
3405 717 3524 768 nos,

1914 856 1917 859 Α
1952 790 2014 836 ιιι
2041 781 2096 835 in
2134 782 2218 835 sui
2267 791 2439 838 status
2487 784 2855 841 incolumitate
2902 789 3213 857 persistant,
3245 789 3529 848 elaborare

1950 887 2058 927 non
2089 887 2384 938 cessamus,
2428 884 2630 945 quanto
2659 877 2923 932 universae
2956 880 3211 935 Ecclesiae
3238 881 3527 951 profuisse,

1949 966 2208 1033 prodesse
2250 981 2314 1021 ac
2355 967 2631 1036 profutura
2679 984 2893 1038 semper
2927 986 3046 1025 esse
3086 973 3399 1042 probantur.
3432 974 3530 1028 Di-

1949 1071 2111 1126 gnum
2147 1072 2273 1126 ergo
2302 1066 2386 1112 est
2414 1069 2473 1112 ut
2504 1060 2592 1112 ubi
2631 1061 2879 1115 universa
2913 1062 3131 1117 fabricae
3177 1065 3350 1119 moles
3391 1066 3532 1120 inni-

1950 1146 2105 1211 titur,
2138 1147 2207 1201 ibi
2240 1141 2452 1201 firmum
2502 1148 2844 1222 validumque
2881 1153 3145 1207 habeatur
3174 1155 3228 1208 in
3277 1156 3531 1211 omnibus

1950 1235 2374 1293 fundamentum.
2401 1239 2562 1310 (Dist.
2588 1239 2674 1304 l9,
2713 1239 2768 1295 Si
2811 1240 3186 1307 Romanorum,
3212 1243 3241 1316 §
3266 1244 3324 1300 Si
3363 1246 3526 1317 ideo.)

1948 1326 2116 1382 Porro
2144 1329 2188 1384 si
2231 1330 2351 1385 ideo
2394 1346 2500 1384 non
2534 1345 2655 1386 esse
2686 1332 2982 1388 decretales
3011 1335 3268 1404 epistolas
3315 1338 3526 1406 prisco-

1950 1435 2068 1474 rum
2102 1421 2415 1488 pontificum
2462 1420 2826 1476 B.omanorum
2889 1424 3251 1480 admittendas
3301 1427 3541 1491 dicunt,.

1949 1508 2076 1578 quia
2122 1510 2175 1564 iu
2230 1510 2416 1565 codice
2464 1526 2730 1565 canonum
2778 1527 2886 1566 non
2933 1512 3199 1568 habentur
3248 1515 3524 1585 ascripta),

1950 1612 2081 1669 ergo
2127 1613 2227 1654 nec
2256 1596 2498 1670 Gregorii
2548 1600 2757 1666 sancti,
2805 1617 2908 1657 nec
2954 1603 3113 1657 ullius
3162 1603 3386 1660 alterius
3432 1605 3527 1674 qui

1950 1699 2076 1746 ante
2116 1692 2200 1747 vel
2245 1701 2367 1761 post
2397 1692 2571 1761 ipsum
2602 1692 2722 1756 fuit,
2751 1702 2833 1748 est
2858 1694 3077 1762 aliquod
3105 1694 3409 1749 institutum
3443 1695 3529 1749 vel

261 1783 338 1836 sit
365 1781 486 1837 ullis
514 1783 725 1838 indiciis
750 1798 781 1838 a
814 1793 1005 1859 nostro
1032 1785 1182 1840 illum
1212 1786 1281 1841 ad
1317 1796 1494 1843 vestra
1535 1793 1847 1851 cucurrisse
1879 1783 1924 1842 B
1953 1783 2212 1853 scriptum
2259 1783 2649 1854 recipiendum,
2677 1801 2741 1838 eo
2767 1786 2908 1852 quod
2950 1786 3003 1839 in
3041 1787 3225 1841 codice
3260 1801 3527 1841 canonum

261 1872 491 1940 judicia,
537 1890 697 1945 quem
736 1885 957 1932 constat
1003 1877 1059 1932 in
1108 1878 1225 1948 ipso
1267 1880 1499 1936 articulo
1548 1891 1737 1937 compa
1790 1900 1849 1941 se
1951 1888 2055 1926 non
2101 1874 2364 1928 habeatur
2389 1874 2703 1943 ascriptum.
2753 1875 2895 1944 Ergo
2928 1875 3224 1931 doctrinam
3256 1890 3441 1930 eorum
3472 1884 3526 1931 et

262 1960 596 2035 proferenda:
621 1970 899 2023 sententiae
927 1970 1110 2031 sedem
1136 1971 1486 2040 apostolicam
1516 1974 1840 2044 appellasse,

1946 1964 2255 2019 sanctiones
2290 1965 2358 2019 de
2403 1965 2681 2019 codicibus
2725 1966 2836 2019 suis
2878 1966 3138 2031 eradunt;
3172 1975 3231 2021 ut
3265 1968 3393 2036 quid
3437 1968 3524 2022 vel

261 2066 318 2108 et
352 2056 494 2123 quod
525 2071 585 2111 se
616 2057 683 2111 ab
710 2057 797 2111 illa
821 2057 1054 2126 judicari
1095 2069 1345 2128 posceret
1380 2075 1567 2116 curam
1595 2066 1847 2119 omnibus
1945 2056 2289 2109 membranas
2315 2064 2613 2124 θεωραηι,
2660 2066 2941 2126 postquam
2973 2072 3078 2110 non
3124 2056 3389 2112 habemur
3434 2072 3527 2112 ac-

260 2142 609 2199 exclamasse.
638 2145 873 2215 .‘Equum
902 2162 1008 2201 non
1049 2146 1214 2214 foret,
1252 2149 1297 2203 si
1341 2150 1409 2205 ad
1447 2159 1629 2207 vestra
1664 2168 1722 2207 se
1751 2152 1844 2221 ju-

1942 2142 2150 2212 ceptae?
2196 2141 2304 2197 Sed
2339 2158 2509 2212 quare
2554 2145 2783 2198 multum
2834 2146 3203 2210 immoremur,
3247 2161 3373 2201 cum
3424 2161 3525 2202 nec

263 2234 405 2288 dicia
450 2237 825 2304 convertisset,
868 2239 1114 2307 quamvis
1140 2241 1243 2295 etsi
1275 2242 1462 2296 sedem
1493 2244 1845 2314 apostolicam
1944 2233 2092 2304 ipsas
2134 2234 2343 2288 divinas
2372 2232 2681 2304 Scripturas
2707 2235 2839 2290 Novi
2876 2245 2931 2290 et
2957 2234 3168 2292 Veteris
3193 2236 3525 2293 Testamenti

264 2326 573 2383 nullatenus
613 2329 967 2399 appellasset,
1015 2339 1202 2386 contra
1234 2339 1315 2387 tot
1362 2341 1543 2390 tamen
1593 2344 1648 2391 et
1694 2346 1842 2393 tanta

261 2432 359 2472 vos
402 2418 688 2474 decretalia
731 2419 909 2475 efferri
953 2430 1170 2486 statuta,
1214 2431 1270 2478 et
1310 2425 1620 2496 episcopum
1647 2427 1842 2483 incon-

258 2508 414 2563 sultis
457 2509 612 2565 nobis
647 2511 918 2580 deponere
964 2512 1111 2567 nullo
1153 2515 1314 2571 modo
1360 2516 1644 2571 debuistis.
1686 2518 1842 2584 Quod

210 2579 441 2656 t"tamen
470 2616 586 2668 vos,
631 2610 693 2656 ut
718 2579 954 2658 servata
988 2604 1268 2660 vobiscum
1307 2606 1616 2662 medullitus
1658 2579 1840 2662 chari-

260 2695 371 2743 tate
419 2690 627 2755 dicam,
675 2692 1042 2760 postposuisse
1091 2692 1357 2759 dolemus,
1398 2702 1458 2749 et
1502 2695 1840 2750 diversorum

260 2782 405 2841 sedis
432 2782 738 2850 apostolica:
766 2783 1057 2851 praasulum
1101 2783 1318 2839 decreta
1352 2784 1408 2839 in
1438 2786 1542 2840 hoc
1581 2800 1674 2841 vos
1708 2802 1841 2840 cnn-

262 2872 545 2943 tcmpsisse
595 2872 828 2942 negotio,
879 2886 989 2927 non
1047 2872 1319 2929 immerito
1369 2876 1836 2945 reprehendimus.

258 2965 416 3019 Absit
440 2964 587 3019 enim
621 2973 677 3020 ut
708 2965 1096 3034 cujuscunque,
1138 2981 1309 3035 usque
1333 2967 1402 3021 ad
1429 2967 1674 3021 ultimum
1718 2970 1841 3023 vita:

260 3071 371 3110 sum
406 3056 546 3110 diem
577 3057 667 3126 qui
708 3056 760 3110 in
800 3056 903 3110 fide
946 3056 1212 3112 catholica
1254 3061 1714 3126 perseveraverit,
1754 3060 1837 3115 vel

260 3145 553 3203 decretalia
582 3119 896 3213 constituta,
930 3148 1016 3203 vel
1057 3149 1124 3204 de
1150 3148 1524 3205 ecclesiastica
1554 3150 1838 3221 disciplina
1865 3119 1911 3180 ρ

259 3238 514 3307 quaelibet
552 3239 817 3308 exposita,
848 3240 1032 3295 debito
1075 3239 1221 3294 cultu
1248 3248 1307 3295 et
1340 3254 1464 3295 cum
1505 3256 1713 3296 summa
1757 3243 1843 3298 di-

259 3330 533 3384 scretione
562 3344 666 3383 non
706 3329 1095 3398 amplectamur
1119 3330 1400 3399 opuscula,
1433 3347 1555 3401 qua:
1578 3331 1844 3387 duntaxat

260 3419 654 3488 et.antiquitus
700 3428 886 3474 sancta
919 3419 1158 3476 Romana
1205 3420 1445 3476 Ecclesia
1491 3436 1841 3487 conservans,

258 3508 417 3563 nobis
449 3522 663 3578 quoque
696 3508 1048 3563 custodienda
1093 3509 1389 3576 mandavit,
1415 3518 1471 3566 et
1507 3526 1673 3580 penes
1699 3527 1758 3566 se
1787 3512 1842 3567 in

259 3598 375 3653 suis
409 3598 647 3653 archivis
677 3607 732 3653 et
772 3597 1000 3653 vetustis
1030 3598 1131 3652 rite
1168 3599 1533 3653 monumentis
1562 3602 1842 3657 recondita

258 3699 567 3747 veneratur.
582 3690 809 3748 Absitut
830 3690 1031 3759 scripta
1063 3703 1251 3745 eorum
1278 3704 1388 3760 quo
1415 3692 1681 3759 quomodo
1710 3707 1841 3759 par-

256 3781 593 3861 vipendenda
626 3782 891 3846 dicamus,
917 3795 1147 3851 quorum
1193 3781 1440 3836 videmus
1468 3782 1580 3837 Deo
1623 3793 1844 3839 auctore

259 3881 504 3928 sanctam
532 3871 851 3937 Ecclesiam,
887 3878 981 3927 aut
1024 3885 1183 3927 roseo
1211 3887 1406 3928 cruore
1455 3872 1721 3941 ﬂoridam,
1750 3882 1844 3930 aut

258 3965 495 4020 rorilluis
517 3965 803 4021 sudoribus
833 3974 890 4020 et
914 3963 1220 4020 salubribus
1250 3964 1479 4035 eloquiis
1501 3969 1839 4022 adornatam.

202 4112 231 4125 ρ
259 4053 433 4126 (Dist.
481 4052 540 4108 Si
589 4052 990 4120 Romanarum.)
1041 4050 1099 4107 Si
1140 4052 1284 4107 enim
1328 4053 1567 4123 ipsorum
1625 4055 1843 4111 decreto

189 4141 197 4208 ἶ
262 4153 590 4200 caeterorum
635 4141 893 4213 opuscula
940 4149 1296 4197 tractatorum
1340 4142 1708 4213 approbantur
1758 4143 1844 4200 vel

260 4234 648 4304 reprobantur,
687 4233 764 4288 ita
809 4241 871 4287 ut
917 4232 1063 4302 quod
1100 4232 1259 4286 sedes
1304 4231 1600 4301 apostolica
1629 4232 1843 4303 probat,

261 4327 427 4383 hodie
473 4336 718 4384 teneatur
761 4337 1068 4397 acceptum.
1098 4334 1155 4382 et
1193 4327 1336 4397 quod
1364 4327 1455 4384 illa
1501 4327 1717 4397 repulit,
1747 4327 1845 4382 ha-

262 4433 462 4481 ctenus
506 4421 750 4479 inefficax
796 4422 1110 4477 habeatur:
1148 4428 1203 4476 et
1243 4429 1447 4491 quanto
1495 4421 1675 4490 potius
1723 4433 1843 4488 quae

261 4516 382 4586 ipsa
415 4528 513 4585 pro
540 4511 802 4569 catholica
833 4511 954 4576 fide,
982 4525 1083 4580 pro
1122 4509 1365 4580 profanis
1388 4510 1727 4582 dogmatibus
1755 4524 1843 4564 re—

259 4607 546 4679 pellendis,
587 4618 684 4677 pro
713 4603 878 4658 variis
924 4612 981 4659 et
1019 4600 1331 4656 multifariis
1359 4601 1614 4657 Ecclesia:
1658 4615 1844 4656 neces-

261 4699 518 4757 sitatibus
541 4708 597 4754 et
638 4696 872 4751 ﬁdelium
909 4693 1149 4748 moribus
1179 4692 1300 4766 [al.,
1329 4690 1588 4765 motibus]
1627 4692 1843 4747 diverso

264 4799 511 4859 tempore
557 4785 799 4856 scripsit,
828 4783 975 4839 omni
1007 4781 1203 4836 debent
1243 4781 1448 4836 honore
1481 4778 1756 4851 praeferri,
1787 4787 1845 4835 et

265 4882 335 4938 ab
372 4880 628 4935 omnibus
661 4891 883 4947 prorsus
910 4876 965 4931 in
994 4872 1324 4942 quibuslibet
1346 4871 1842 4943 opportunitatibus

262 4970 590 5029 discretione
635 4968 718 5023 vel
769 4965 1166 5035 dispensatione
1218 4964 1474 5031 magistra
1536 4971 1846 5019 reverenter

264 5062 513 5118 assumi?
564 5060 883 5129 Quanquam
943 5058 1163 5128 quidam
1215 5066 1459 5112 vestrum
1526 5056 1846 5126 scripserint

266 5152 412 5208 haud
462 5151 554 5206 illa
603 5148 890 5205 decretalia
943 5148 1243 5217 priscorum
1280 5145 1594 5223 pontificum
1636 5148 1692 5201 in
1734 5155 1848 5203 toto

263 5243 472 5299 codicis
515 5256 780 5297 canonum
818 5254 1045 5309 corpore
1087 5237 1355 5294 contineri
1399 5237 1692 5307 descripta,
1723 5253 1845 5293 cum

268 5330 399 5401 ipsi,
427 5330 517 5385 ubi
562 5345 673 5385 suae
702 5327 983 5383 intentioni
1011 5327 1126 5382 haec
1162 5325 1445 5397 sulfragari
1479 5327 1839 5396 conspiciunt,

267 5420 378 5476 illis
417 5418 787 5475 indiﬂ'erenter
820 5427 1063 5484 utantur,
1104 5427 1159 5474 et
1184 5419 1357 5474 solum
1389 5435 1531 5474 nunc
1563 5420 1630 5473 ad
1664 5418 1842 5473 immi-

271 5512 549 5568 nutionem
597 5511 878 5581 potestatis
920 5508 1064 5565 sedis
1109 5509 1417 5579 apostolica:
1442 5518 1499 5565 et
1523 5511 1592 5565 ad
1620 5524 1840 5565 suorum

272 5610 646 5672 argumentum
688 5597 1081 5671 [augmentum]
1110 5598 1514 5670 privilegiorum
1542 5601 1717 5653 minus
1753 5614 1844 5653 ac-

272 5705 430 5763 cepta
461 5708 583 5749 esse
610 5694 947 5761 perlnbcant.
977 5689 1111 5745 Nam
1135 5690 1387 5746 nonnulla
1421 5705 1610 5745 eorum
1637 5691 1840 5759 scripta

1931 2322 2052 2392 jam
2101 2324 2411 2393 recipimus,
2444 2326 2489 2380 si
2536 2325 2669 2381 istos
2712 2325 3026 2382 duxerimus
3061 2327 3392 2383 audiendos?
3423 2328 3522 2383 Et-

1941 2414 2088 2467 enim
2144 2422 2395 2468 neutrum
2447 2415 2639 2468 horum
2687 2416 2740 2468 in
2798 2415 2983 2470 codice
3030 2416 3521 2472 ecclesiasticorum

1943 2519 2210 2560 canonum
2257 2504 2488 2560 habetur
2543 2504 2823 2560 insertum.
2874 2505 2983 2562 Sed
3035 2507 3345 2577 responsuri
3394 2515 3522 2563 sunt

1944 2594 2066 2660 isti,
2103 2596 2194 2665 qui
2242 2611 2350 2650 non
2394 2596 2462 2651 ad
2509 2595 2863 2652 obediendum
2913 2599 3093 2667 potius
3135 2614 3296 2668 quam
3328 2600 3395 2655 ad
3436 2615 3521 2654 re-

1940 2686 2240 2740 sistendum
2277 2701 2495 2757 semper
2534 2688 2706 2757 parati
2744 2697 2888 2753 sunt,
2929 2689 3169 2745 dicentes
3195 2691 3338 2759 quod
3375 2691 3518 2746 inter

1944 2789 2178 2829 canones
2204 2776 2508 2830 inveniatur
2527 2776 2822 2846 capitulum
2852 2778 3025 2833 sancti
3050 2794 3201 2849 papa:
3223 2780 3519 2836 Innocentii

1945 2867 2123 2937 (Decr.
2161 2883 2208 2921 c.
2243 2867 2367 2939 27),
2415 2866 2570 2936 cujus
2618 2870 2940 2925 auctoritate
2989 2870 3253 2927 doceatur
3291 2887 3323 2926 a
3366 2873 3525 2928 nobis

1943 2968 2230 3026 utrumque
2274 2955 2676 3013 Testamentum
2726 2974 2846 3015 esse
2902 2961 3300 3031 recipiendum,
3348 2976 3525 3031 quan,-

1944 3068 2104 3121 quam
2152 3052 2207 3106 in
2261 3052 2394 3122 ipsis
2445 3053 2685 3121 paternis
2731 3053 3027 3113 camnibus
3078 3053 3282 3108 nullum
3332 3068 3523 3109 eorum

1944 3143 2286 3199 contineatur
2311 3156 2379 3196 ex
2411 3150 2527 3197 toto
2561 3130 2846 3199 insertum.
2871 3143 3077 3210 Quibus
3118 3144 3184 3200 ad
3215 3146 3331 3200 lucc
3377 3160 3526 3200 asse-

1945 3234 2167 3288 rendum
2202 3241 2280 3288 est
2308 3234 2562 3303 quoniam
2588 3233 2630 3287 si
2663 3231 2830 3289 Vetus
2866 3233 3179 3305 Novumque
3207 3234 3524 3292 Testamen-

1946 3334 2057 3379 tum
2090 3325 2392 3395 recipienda
2419 3334 2567 3390 sunt,
2600 3340 2704 3379 non
2750 3326 2894 3395 quod
2932 3327 3105 3383 codici
3152 3342 3419 3383 canonum
3448 3343 3519 3383 ex

1946 3425 2055 3471 toto
2090 3417 2391 3470 habeantur
2422 3431 2651 3481 annexa,
2675 3416 2766 3471 sed
2797 3417 2940 3486 quod
2967 3417 3032 3472 de
3070 3417 3156 3473 his
3194 3419 3519 3488 recipiendis

1943 3510 2113 3564 sancti
2150 3524 2298 3578 papae
2336 3508 2626 3562 Innocentii
2672 3507 2881 3577 prolata
2919 3507 3132 3563 videtur
3158 3524 3280 3564 esse
3308 3519 3520 3565 senten-

1946 3601 2051 3665 tia;
2080 3607 2248 3653 rcstat
2285 3599 2538 3652 nimirum
2569 3598 2711 3667 quod
2741 3597 3037 3653 decretales
3060 3599 3298 3668 epistolze
3321 3599 3522 3654 Roma-
3556 3625 3579 3639 --

1943 3704 2133 3743 norum
2185 3689 2498 3758 pontificum
2556 3698 2683 3741 sunt
2744 3688 3096 3757 recipiendae,
3142 3690 3357 3745 etiamsi
3410 3707 3517 3747 non

1943 3788 2067 3833 sunt
2111 3794 2378 3833 canonum
2420 3778 2592 3833 codici
2633 3779 3040 3849 compaginatur,
3087 3782 3343 3850 quoniam
3374 3782 3518 3838 inter

1944 3871 2086 3939 ipsos
2127 3885 2364 3925 canones
2397 3885 2562 3924 unum
2609 3870 2670 3924 B.
2700 3869 2897 3925 Leonis
2949 3871 3243 3940 capitulum
3299 3883 3518 3943 constat

1920 3972 2062 4031 esse
2108 3957 2459 4027 permistum,
2501 3972 2607 4026 quo
2651 3958 2721 4012 ita
2756 3958 2935 4012 omnia
2983 3960 3269 4016 decretalia
3319 3962 3521 4016 consti-

1869 4473 1920 4534 D

1943 4056 2059 4102 tuta
2113 4046 2254 4101 sedis
2305 4045 2610 4115 apostolicze
2657 4046 2914 4101 custodiri
2970 4049 3312 4114 mandantur,
3363 4057 3419 4103 ut
3468 4050 3518 4104 si

1941 4137 2063 4208 quis
2090 4136 2145 4190 in
2175 4136 2263 4190 illa
2299 4137 2648 4199 commiserit,
2683 4137 2892 4190 nOverit
2931 4137 3031 4191 sibi
3058 4138 3272 4192 veniam
3304 4141 3511 4210 negari.

1940 4227 2033 4282 Ait
2061 4225 2205 4281 enim
2233 4225 2466 4295 capitulo
2491 4225 2526 4280 5
2561 4241 2779 4280 suorum
2823 4226 3186 4284 Decretalium
3231 4228 3403 4301 (epist.
3446 4230 3516 4284 ad

1942 4316 2209 4387 episcopos
2237 4332 2329 4385 per
2363 4313 2770 4386 Campaniam):
2799 4314 2878 4370 Ne
2916 4317 3045 4386 quid
3089 4333 3219 4374 vero
3264 4319 3334 4374 sit
3375 4318 3520 4388 quod

1943 4406 2364 4477 praetermissum
2391 4420 2423 4461 a
2456 4405 2613 4460 nobis
2642 4406 2779 4460 forte
2816 4408 3086 4473 credatur,
3116 4409 3299 4464 omnia
3338 4410 3523 4464 decre-

1948 4495 2075 4551 talia
2104 4495 2395 4552 constituta
2440 4502 2548 4549 tam
2593 4494 2763 4551 beatae
2806 4497 3196 4555 recordationis
3224 4498 3522 4554 Innocentii

1947 4604 2107 4660 quam
2144 4588 2383 4643 omnium
2430 4588 2771 4643 decessorum
2819 4596 3147 4649 nostrorum,
3179 4601 3299 4656 quae
3327 4587 3394 4642 de
3432 4603 3523 4644 ec-

1948 4680 2269 4737 clesiasticis
2291 4680 2593 4746 ordinibus,
2620 4689 2675 4737 et
2703 4696 2970 4736 canonum
3017 4679 3353 4749 promulgata
3396 4688 3521 4735 sunt

1947 4771 2275 4841 disciplinis,
2321 4771 2395 4826 ita
2436 4781 2633 4827 vestrae
2680 4769 2954 4825 dilectioni
3000 4770 3257 4823 custodiri
3300 4772 3522 4823 manlia-

1948 4877 2091 4929 mus,
2117 4871 2176 4916 ut
2201 4862 2247 4916 si
2275 4863 2399 4933 quis
2423 4862 2476 4917 in
2505 4861 2591 4916 illa
2627 4860 2979 4922 commiserit,
3008 4850 3219 4914 veniam
3250 4860 3351 4914 sibi
3378 4861 3521 4915 dein-

1947 4967 2076 5023 ceps
2112 4954 2321 5008 noverit
2364 4951 2637 5022 denegari.
2681 4951 2918 5006 Dicendo
2954 4965 3083 5005 vero
3123 4950 3299 5005 omnia
3340 4950 3518 5005 decre-
3558 4992 3585 5009 -.

1946 5044 2077 5099 talia
2118 5046 2417 5106 constituta,
2457 5042 2662 5098 nullum
2696 5043 2765 5097 de
2811 5043 3173 5099 decretalibus
3213 5044 3521 5100 constitutis

1946 5136 2291 5206 praetermisit
2335 5134 2480 5204 quod
2524 5148 2631 5190 non
2676 5135 3017 5190 mandaverit
3052 5150 3172 5190 esse
3215 5136 3522 5191 custodien-

1947 5224 2095 5280 dum.
2128 5225 2196 5279 Et
2240 5239 2427 5279 rursus
2464 5224 2755 5279 asserenda
2800 5225 3032 5279 omnium
3070 5224 3396 5279 decessorum
3433 5240 3525 5279 no-
3548 5270 3587 5283 ..

1947 5324 2194 5381 atrorum,
2240 5314 2443 5370 nullum
2484 5315 2801 5386 pontificum
2844 5316 3209 5372 Romanorum
3254 5317 3348 5386 qui
3395 5327 3522 5374 ante

1950 5421 2010 5463 se
2044 5406 2223 5472 fuerit,
2253 5406 2485 5476 excepit,
2529 5406 2682 5477 cujus
2718 5407 2791 5461 ita
2831 5423 2937 5462 non
2979 5408 3297 5476 praeceperit
3337 5408 3521 5463 decre-

1950 5501 2077 5557 talia
2112 5500 2403 5556 constituta
2439 5500 2508 5556 ab
2536 5499 2786 5556 omnibus
2821 5502 3106 5566 custodiri,
3138 5509 3196 5555 ut
3234 5501 3278 5554 si
3311 5501 3432 5569 quis
3467 5500 3521 5552 in

1950 5593 2043 5649 illa
2087 5590 2440 5658 commiserit,
2480 5592 2693 5646 veniam
2741 5592 2843 5647 sibi
2877 5590 3133 5662 deinceps
3175 5591 3385 5646 noverit
3430 5589 3598 5671 ἀεοᾷ

1951 5684 2155 5756 negari.
2188 5683 2370 5752 Itaque
2400 5681 2532 5738 nihil
2565 5682 2787 5738 interest
2833 5690 3012 5736 utrum
3059 5681 3168 5736 sint
3211 5693 3392 5734 omnia
3431 5677 3523 5731 de-
