4050 6324
528 343 637 402 905

1886 292 2157 389 mactat
2192 322 2392 388 eam
2432 330 2453 387 ι

3716 330 3834 389 901

529 453 755 511 eretalia
800 448 946 509 sedis
991 447 1296 525 apostolica:
1351 450 1638 505 constituta
1689 448 1832 502 inter
1878 461 2114 502 canones
2143 453 2188 507 Α
2216 445 2395 499 exitus
2419 443 2746 513 judicamus,
2775 440 2867 514 qui
2898 451 3104 514 quanto
3133 441 3332 513 gradus
3365 453 3493 500 sunt
3525 445 3831 516 praecipui.

531 544 888 601 conciliorum
947 542 1211 606 immista,
1257 557 1378 596 cum
1418 540 1599 594 omnia
1643 539 1695 593 in
1741 553 1847 593 uno
1884 550 2113 608 corpore

531 632 899 704 compaginari
945 648 1051 687 non
1097 631 1321 702 possint,
1360 638 1415 685 et
1458 628 1545 683 illa
1595 628 1674 682 eis
1712 627 1960 682 intersint
1992 639 2114 695 qum

536 726 848 780 ﬁrmitatem
890 724 974 777 his
1006 736 1123 791 quae
1161 721 1355 775 desunt
1398 728 1454 774 et
1503 719 1742 789 vigorem
1787 732 1942 772 suum
1980 716 2119 770 assi-

535 826 719 887 gneot.
762 815 1067 870 Prtesertim
1116 829 1240 868 cum
1289 811 1569 883 synodalia
1613 820 1787 880 gesta,
1829 810 1969 864 inter
1996 820 2117 878 qua:

536 908 639 976 ipsi
691 919 925 960 canones
962 905 1147 958 statuti
1192 912 1348 968 sunt,
1387 902 1441 956 in
1489 901 1674 956 codice
1711 915 1978 955 canonum
2012 913 2117 952 non

541 997 861 1058 habeantur,
893 990 984 1048 sed
1017 1011 1046 1048 a
1076 994 1234 1047 nobis
1271 993 1417 1047 omni
1460 992 1605 1046 cultu
1652 991 1835 1046 debito
1860 1003 2121 1045 veneren-

542 1094 650 1138 tur.
701 1083 975 1137 Consonat
1017 1093 1198 1137 autem
1235 1083 1359 1137 huic
1403 1081 1713 1136 beatissimo
1755 1096 1909 1152 papa:
1952 1077 2119 1134 Leoni

537 1183 756 1230 sanctus
780 1182 834 1227 et
864 1172 1281 1227 facundissimus
1319 1172 1373 1226 in
1415 1171 1658 1226 Decretis
1696 1172 1809 1225 suis
1834 1186 1969 1240 papa
2015 1168 2122 1224 Ge-

537 1263 722 1326 lasius,
752 1262 827 1316 ita
872 1262 1123 1331 inquiens
1156 1262 1233 1331 (in
1279 1261 1482 1332 synodo
1526 1260 1792 1324 Romana,
1820 1260 1883 1313 de
1912 1259 2120 1329 scriptis

537 1351 791 1422 canam):
822 1352 1130 1406 Decretales
1156 1351 1432 1421 epistolas,
1465 1366 1598 1419 quas
1636 1349 1933 1405 beatissimi
1963 1363 2117 1419 papa:

440 1435 453 1449 ’
537 1445 769 1500 diversis
817 1446 1147 1514 temporibus
1191 1446 1255 1499 de
1286 1443 1420 1500 urbe
1450 1443 1618 1498 Roma
1658 1459 1756 1513 pro
1785 1442 2120 1497 diversorum

538 1536 762 1590 Patrum
792 1535 1186 1590 consultatione
1217 1535 1502 1599 dederunt,
1539 1532 1931 1588 venerabiliter
1952 1531 2124 1587 susci-

540 1626 763 1696 piendas
812 1626 1166 1699 decernimus.
1222 1625 1282 1679 in
1340 1640 1448 1694 quo
1505 1624 1795 1679 notandum
1844 1622 1970 1692 quia
2014 1637 2121 1677 non

541 1717 676 1769 dixit
710 1717 1004 1772 decretales
1033 1718 1287 1788 epistolas
1321 1733 1440 1787 qua:
1471 1716 1612 1771 inter
1645 1731 1879 1772 canones
1920 1718 2124 1772 haben-

2219 537 2354 592 etin
2402 532 2642 590 Ecclesia
2691 535 2894 590 Christi
2945 533 3309 600 sublimiores,
3356 544 3532 601 tanto,
3577 553 3706 592 cum
3764 538 3836 590 de

2219 628 2409 682 horum
2440 634 2583 680 statu
2625 625 2710 679 vel
2737 640 2867 680 casu
2899 625 3095 695 agitur,
3127 624 3336 695 majora
3382 626 3601 696 negotia
3631 635 3691 681 et
3723 625 3836 680 dil~

2220 716 2474 772 ﬂciliores
2496 729 2782 770 causarum
2818 715 2997 771 exitus
3023 715 3218 784 agitari
3242 715 3327 769 vel
3354 716 3544 771 haberi
3582 715 3836 771 credita-

2219 816 2329 863 tur.
2362 806 2467 876 Ipsi
2508 806 2708 876 quippe
2753 804 2916 876 primi
2960 805 3013 858 in
3058 786 3321 869 Ecclesia,
3351 805 3454 875 ipsi
3495 807 3835 861 arundinem

2220 905 2486 960 tenentes,
2518 896 2813 949 metiuntur
2843 903 3084 948 sanctam
3114 892 3433 955 Jerusalem,
3464 894 3569 963 ipsi
3596 893 3835 949 fabrica

2220 986 2315 1040 Dei
2339 993 2592 1055 praesunt,
2623 984 2721 1053 ipsi
2752 983 3114 1053 speculatores
3140 982 3379 1037 civitatis
3402 982 3496 1038 Dei
3523 991 3678 1047 sunt,
3718 982 3833 1051 ipsi

2223 1078 2438 1141 arietes,
2468 1077 2567 1145 ipsi
2599 1084 2844 1147 pastores
2886 1075 3065 1145 gregis
3092 1073 3381 1138 Dominici,
3431 1074 3532 1143 ipsi
3556 1081 3836 1129 columna!

2222 1163 2413 1217 domus
2464 1160 2660 1216 summi
2709 1160 2852 1231 regis
2897 1160 3159 1214 existunt.
3214 1159 3299 1213 An
3348 1157 3556 1226 majora
3608 1157 3835 1229 negotia

2222 1266 2416 1308 causas
2446 1251 2762 1307 inferiorum
2803 1250 3125 1305 clericorum
3154 1263 3276 1305 esse
3304 1247 3597 1318 conjicitis,
3633 1258 3697 1303 ut
3729 1248 3835 1303 ho-

2224 1360 2345 1399 rum
2396 1357 2592 1398 causas
2643 1342 2815 1406 nobis,
2859 1349 2914 1395 et
2964 1340 3338 1410 episcoporum
3382 1339 3539 1395 vobis
3607 1338 3833 1409 negotia

2226 1433 2511 1489 tribuatis?
2543 1433 2802 1499 Quamvis
2837 1438 2895 1486 et
2947 1430 3220 1485 inferioris
3251 1430 3449 1501 gradus
3492 1430 3833 1486 clericorum

2225 1540 2419 1581 causas
2443 1525 2585 1595 apud
2612 1540 2730 1590 nos,
2763 1538 2887 1578 cum
2915 1531 3129 1592 tempus
3156 1522 3239 1578 vel
3283 1538 3372 1577 res
3398 1523 3668 1594 exegerit,
3705 1536 3832 1577 esse

2226 1617 2509 1682 finiendas,
2559 1632 2591 1672 e
2617 1617 2835 1671 diverso
2864 1614 3049 1685 procul
3096 1614 3258 1669 dubio
3286 1614 3633 1683 colligamus,
3682 1614 3832 1668 sicut

2223 1708 2413 1764 beatus
2438 1721 2573 1778 papa
2605 1706 2737 1761 dicit
2768 1705 3114 1760 Innocentius
3136 1703 3311 1776 (epist.
3338 1707 3406 1758 ad
3437 1703 3777 1771 Victriciuut)
3808 1717 3829 1757 :

544 1817 654 1871 tur,
687 1820 786 1860 nec
812 1815 1038 1871 tantum,
1070 1823 1203 1876 quas
1232 1807 1473 1862 moderni
1504 1806 1788 1876 pontiﬁces
1815 1807 2121 1872 ediderunt,
2153 1800 2198 1859 B
2228 1798 2286 1856 Si
2323 1815 2443 1870 qua:
2475 1808 2657 1854 autem
2685 1813 2862 1853 causa:
2895 1797 2978 1853 vel
3007 1798 3381 1853 contentiones
3420 1798 3566 1852 inter
3594 1797 3829 1852 clericos

459 1918 473 1930 ·
543 1898 638 1952 sed
680 1913 814 1967 quas
861 1897 1153 1951 beatissimi
1207 1913 1359 1967 papa:
1398 1897 1625 1952 diversis
1674 1898 2007 1968 temporibus
2054 1897 2122 1952 ab

544 1987 678 2040 urbe
707 1986 876 2040 Roma
909 1987 1187 2040 dederunt.
1225 1986 1393 2040 Dictis
1429 1995 1609 2039 autem
1642 1986 1873 2041 diversis
1917 1995 2124 2056 tempo-

545 2076 713 2137 ribus,
743 2076 907 2128 etiam
944 2076 1034 2128 illa
1084 2084 1324 2145 tempora
1354 2076 1436 2128 vir
1462 2084 1681 2129 sanctus
1714 2075 2126 2144 comprehendit

544 2180 700 2234 qum,
746 2166 1212 2220 crebrescentibus
1257 2179 1589 2235 paganorum
1637 2166 2122 2234 persecutionibus,

547 2258 615 2311 ad
655 2256 839 2310 sedem
881 2256 1227 2325 apostolicam
1266 2254 1465 2311 deferri
1507 2269 1706 2310 causas
1750 2255 2126 2325 episcoporum

547 2344 859 2399 diﬂicilliine
885 2344 1285 2414 permittebant.

616 2434 710 2489 His
760 2435 832 2488 ita
878 2434 1056 2489 divina
1098 2434 1311 2489 favente
1352 2434 1522 2505 gratia
1567 2432 1892 2504 prtulibatis,
1940 2441 2129 2488 osten-

544 2524 722 2578 dimus
765 2524 964 2578 nullam
1023 2522 1383 2579 differentiam
1435 2538 1557 2579 esse
1610 2525 1751 2577 inter
1793 2538 1857 2579 ea
1911 2524 2127 2578 decreta

545 2626 665 2682 qua:
698 2615 751 2667 in
791 2614 977 2669 codice
1015 2628 1283 2669 canonum
1320 2612 1590 2667 habentur
1627 2612 1774 2667 sedis
1819 2611 2131 2682 apostolica:

546 2703 857 2771 praesulatu,
883 2712 939 2759 et
976 2719 1039 2758 ea
1070 2719 1190 2774 qua:
1224 2719 1334 2775 pne
1378 2704 1721 2759 multitudine
1752 2703 1844 2758 vix
1882 2719 1979 2773 per
2012 2704 2128 2758 sin-

547 2792 668 2862 gula
715 2794 1049 2848 voluminum
1092 2809 1320 2865 corpora
1366 2795 1727 2864 reperiuntur,
1774 2809 1897 2849 cum
1946 2792 2128 2848 omnia

547 2892 604 2939 et
627 2886 865 2938 omnium
887 2885 1227 2938 decessurum
1254 2899 1473 2938 suorum
1501 2885 1792 2940 decretalia
1815 2886 2126 2950 constituta,

555 2982 719 3042 atque
765 2975 1063 3029 decretales
1106 2975 1394 3045 epistolas,
1446 2991 1582 3044 quas
1630 2975 1930 3031 beatissimi
1977 2990 2129 3046 papa:

548 3069 776 3125 diversis
824 3068 1156 3136 temporibus
1180 3068 1249 3120 ab
1277 3069 1411 3121 urbe
1456 3068 1626 3122 Roma
1654 3068 1934 3134 dederunt,
1961 3083 2128 3123 vene-

2225 1898 2335 1944 tam
2362 1889 2663 1960 superioris
2696 1887 2902 1942 ordinis
2945 1902 3110 1956 quam
3135 1886 3407 1942 inferioris
3429 1888 3596 1943 etiam
3620 1885 3829 1942 fuerint

2224 1989 2447 2044 exortae,
2474 1986 2535 2033 ut
2559 1976 2856 2033 secundum
2885 1976 3153 2047 synodum
3182 1976 3453 2031 Nicaenam
3476 1978 3828 2048 congregatis

2223 2070 2461 2140 ejusdem
2496 2066 2785 2138 provinciae
2840 2065 3109 2136 episcopis
3166 2063 3405 2136 iurgium
3451 2067 3823 2129 terminetur;

2225 2173 2327 2213 nec
2357 2158 2513 2212 alicui
2553 2157 2750 2222 liceat,
2797 2156 2915 2211 sine
2950 2154 3264 2225 pra-judicio
3316 2166 3496 2210 tamen
3556 2155 3829 2211 Romana:

2226 2248 2501 2313 Ecclesiae,
2531 2247 2736 2302 relictis
2766 2246 2851 2302 his
2875 2245 3251 2301 sacerdotibus
3276 2245 3368 2315 qui
3396 2246 3450 2299 in
3474 2245 3674 2299 eadem
3702 2262 3825 2315 pm-

2226 2339 2403 2393 vincia
2433 2338 2527 2393 Dei
2555 2337 2851 2392 Ecclesiam
2872 2343 3005 2390 nutu
3035 2334 3218 2390 divino
3243 2334 3567 2406 gubernant,
3590 2334 3661 2388 ad
3688 2334 3825 2390 alias

2227 2430 2513 2485 convolare
2547 2430 2872 2499 provincias.
2899 2427 2982 2481 Au
3013 2426 3219 2495 majora
3255 2427 3467 2498 negotia
3497 2428 3823 2497 metropoli-

2230 2529 2474 2576 tanorum
2513 2530 2720 2575 tantum
2758 2535 2882 2576 esse
2928 2518 3217 2575 fatemini?
3261 2519 3371 2575 Sed
3415 2520 3601 2574 audite
3632 2532 3828 2574 rursus

2227 2612 2354 2681 quid
2382 2612 2448 2667 de
2474 2612 2739 2682 episcopis
2765 2618 2986 2667 sanctus
3014 2620 3291 2667 asseveret
3319 2611 3449 2667 Leo.
3480 2610 3715 2678 Quibus,
3742 2613 3825 2666 ia—

2229 2701 2460 2770 quiens,
2507 2701 2609 2755 etsi
2654 2700 2889 2768 dignitas
2933 2701 3238 2756 communis
3287 2709 3413 2766 est,
3459 2701 3597 2756 ordo
3645 2710 3825 2757 tamen

2230 2790 2495 2863 generalis
2536 2798 2657 2856 est,
2707 2800 2765 2845 et
2814 2804 3006 2846 revera
3034 2805 3173 2845 unus
3200 2790 3270 2845 de
3311 2800 3518 2860 septem
3567 2790 3827 2845 Ecclesia

2230 2883 2487 2955 gradibus
2514 2894 2632 2948 est,
2660 2883 3193 2953 metropolitanorum
3223 2883 3430 2939 scilicet
3474 2892 3534 2939 et
3581 2883 3826 2955 reliquo-

2232 2989 2353 3030 rum
2379 2976 2753 3046 episcoporum
2775 2976 2928 3031 ordo.
2944 2974 3012 3030 Et
3032 2976 3175 3044 quod
3196 2974 3827 3046 dicitApostulus,upor-

2234 3075 2310 3121 tet
2359 3067 2670 3137 episcopum
2720 3065 3249 3137 irreprehensibilem
3297 3081 3420 3122 esse
3446 3107 3462 3131 ,
3504 3082 3617 3121 non
3666 3067 3824 3123 video

551 3157 796 3213 rabiliter
839 3170 960 3210 esse
998 3156 1368 3225 suscipiendas
1410 3164 1466 3210 et
1493 3157 1871 3212 custodiendas
1900 3158 2128 3213 eximios
2156 3160 2201 3223 C
2232 3159 2411 3214 minus
2438 3158 2866 3229 metropolitanis
2891 3173 3054 3229 quam
3095 3158 3308 3213 caeteris
3326 3159 3598 3229 episcopis
3623 3172 3825 3214 conve-

552 3250 835 3320 prtesules,
876 3251 1108 3306 Leonem
1149 3250 1354 3305 scilicet
1394 3259 1450 3305 et
1485 3249 1794 3317 Gelasium,
1846 3244 2130 3308 mandass'e

552 3342 916 3411 probavimus.
947 3342 1203 3409 Quamvis
1229 3350 1283 3396 ut
1320 3342 1422 3397 hoc
1465 3342 1609 3411 quod
1638 3356 1777 3411 saepe
1805 3356 2133 3398 commemo-

556 3440 706 3486 ratus
747 3431 805 3486 Β.
856 3433 984 3497 Leo,
1023 3434 1329 3504 apostolica:
1377 3434 1520 3489 sedis
1567 3434 1826 3499 antistes,
1869 3435 1936 3489 ad
1981 3436 2129 3490 Ana-

555 3526 780 3579 stasium
841 3526 1378 3582 Thessalonicensem
1433 3527 1897 3597 archiepiscopum
1944 3527 2133 3583 scribit

555 3616 725 3687 (epist.
759 3616 881 3688 89.),
928 3619 1283 3685 quorumdam
1328 3625 1630 3671 vestrorum
1660 3616 2129 3686 praesumptionem
2172 3658 2177 3659 κ

554 3708 921 3777 potentissime
967 3707 1124 3774 ferit,
1166 3716 1221 3763 et
1265 3706 1406 3776 quod
1443 3706 1569 3760 talia
1599 3707 1813 3778 negotia
1853 3707 2007 3762 nobis
2044 3707 2132 3761 in-

550 3799 813 3854 consultis
860 3798 1089 3855 diﬂinire
1137 3801 1356 3854 minime
1389 3800 1667 3866 debeatis,
1713 3799 1996 3856 manifeste
2039 3800 2135 3855 de-

555 3891 786 3944 nuntiat.
816 3890 906 3944 Ait
934 3892 1076 3945 enim
1103 3908 1118 3944 :
1151 3889 1284 3944 Nam
1315 3906 1437 3946 cum
1469 3891 1674 3960 majora
1703 3891 1917 3961 negotia
1943 3903 1997 3945 et
2031 3889 2131 3946 dif-

554 3977 809 4032 ficiliores
850 3994 1135 4033 causarum
1182 3981 1360 4034 exitus
1415 3979 1643 4035 liberum
1701 3980 1795 4034 tibi
1842 3990 1986 4035 esset
2032 3983 2133 4038 sub

553 4076 751 4121 nostra:
776 4069 1053 4123 sententia:
1076 4071 1476 4139 exspectatione
1499 4071 1843 4140 suspendere,
1870 4087 1971 4127 nec
1994 4072 2133 4127 ratio

557 4155 685 4220 tibi,
705 4171 806 4210 uec
833 4158 1125 4211 necessitas
1154 4158 1273 4223 fuit,
1303 4158 1354 4212 in
1387 4158 1438 4212 id
1469 4161 1611 4228 quod
1642 4174 1951 4214 mensuram
1983 4168 2131 4215 tuam

556 4253 844 4306 excederet
872 4251 1140 4307 deviandi.
1191 4253 1257 4307 Et
1305 4254 1431 4307 item
1474 4253 1768 4323 deinceps:
1797 4253 2131 4320 Praesertim,

558 4343 753 4410 inquit,
778 4357 899 4397 cum
926 4343 1134 4396 etiamsi
1159 4343 1287 4412 quid
1322 4342 1423 4397 tale
1449 4342 1647 4412 aliquid
1681 4333 2000 4405 mereretur,
2036 4359 2135 4398 ex-

557 4432 904 4501 spectandum
935 4432 1028 4485 tibi
1055 4431 1214 4486 fuerit
1260 4433 1387 4501 quid
1421 4434 1484 4486 ad
1516 4442 1606 4487 tua
1651 4434 1894 4488 consulta
1938 4434 2135 4490 rescri-

2230 3251 2367 3308 nire.
2394 3250 2506 3307 Nisi
2540 3251 2682 3307 forte
2706 3251 3017 3322 episcopatu
3047 3265 3107 3306 se
3135 3245 3312 3320 privet
3336 3252 3584 3321 quisquis
3613 3260 3820 3306 metm‘

2229 3341 2587 3413 politanorum
2627 3342 2695 3396 ad
2718 3355 2778 3397 se
2804 3342 2906 3396 hoc
2939 3340 3180 3410 Apostoli
3211 3341 3415 3397 dictum
3442 3356 3552 3395 non
3580 3342 3820 3396 aestimet

2232 3434 2521 3505 pertinere.
2577 3433 2731 3490 Unde
2770 3448 2872 3489 nos
2903 3448 3010 3489 non
3043 3433 3271 3489 minoris
3312 3433 3525 3488 numeri
3551 3448 3651 3487 nec
3679 3432 3819 3487 alte-

2233 3526 2346 3581 rius
2371 3525 2528 3580 famae
2554 3532 2919 3588 accusatores,
2974 3532 3138 3579 testes
3176 3524 3260 3579 vel
3282 3525 3497 3595 iudices
3528 3524 3821 3594 quaerimus

2233 3615 2286 3668 in
2314 3615 2540 3685 negotiis
2572 3614 2947 3684 episcoporum
2970 3652 2987 3675 ,
3042 3627 3201 3682 quam
3229 3612 3497 3682 exigimus
3546 3613 3603 3667 in
3645 3613 3814 3668 causis

2234 3707 2790 3776 metropolitanorum.
2824 3705 2977 3762 Unde
3005 3714 3115 3760 tam
3156 3706 3369 3761 illorum
3394 3720 3560 3776 quam
3590 3705 3812 3762 istorum

2235 3800 2568 3867 negotiorum
2598 3796 2754 3854 nobis
2781 3796 2958 3852 exitus
2985 3796 3248 3851 reservari
3275 3797 3469 3851 merito
3495 3795 3747 3871 volumus
3764 3804 3819 3851 et

2227 3888 2352 3958 jure
2378 3889 2729 3944 decrevimus.
2760 3887 2947 3944 Totius
2970 3889 3119 3943 enim
3138 3889 3408 3955 Ecclesiae,
3438 3888 3553 3944 Deo
3577 3899 3812 3953 auctore,

2234 3979 2557 4050 generaliter
2591 3978 3002 4034 sollicitudinem
3053 3979 3314 4049 gerimus.
3352 3989 3407 4034 et
3432 3981 3677 4035 omnium
3706 3981 3817 4034 uti-

2234 4085 2341 4140 que
2362 4071 2454 4140 qui
2486 4070 2782 4126 Ecclesiam
2808 4064 3014 4126 faciunt
3034 4087 3167 4127 cura
3191 4072 3632 4143 constringimur,
3659 4081 3821 4142 atque

2234 4162 2473 4217 omnium
2516 4175 2745 4230 quorum
2776 4177 2875 4217 nos
2920 4164 3152 4217 maxima
3198 4178 3329 4218 cura
3357 4173 3686 4234 exspectat,
3718 4178 3820 4218 no-

2233 4260 2408 4306 strum
2439 4251 2704 4321 praecipue
2732 4252 2934 4308 debent
2986 4255 3283 4324 promereri
3329 4256 3629 4325 judicium,
3676 4256 3823 4310 sicut

2234 4340 2575 4397 innocentius
2607 4343 2675 4398 ad
2716 4342 3081 4399 Alexandrum
3126 4346 3369 4402 scribens
3415 4347 3821 4402 Antiochenum

2237 4432 2407 4503 (epist.
2449 4433 2542 4505 20)
2569 4472 2585 4498 ,
2616 4449 2721 4508 non
2777 4435 2987 4491 scilicet
3034 4436 3207 4492 solum
3251 4438 3818 4507 metropolitanorum,

558 4522 762 4576 berem.
795 4521 864 4576 Et
891 4522 1048 4591 paulo
1076 4532 1234 4593 post:
1268 4522 1373 4577 Sed
1419 4524 1631 4579 etiamsi
1672 4525 1800 4594 quid
1842 4539 2006 4595 grave
2050 4526 2135 4580 in—
2164 4501 2209 4560 θ
2235 4501 2332 4577 sed
2374 4533 2428 4577 et
2456 4501 2695 4579 omnium
2747 4526 2967 4582 omnino
3012 4528 3375 4593 sacerdotum,
3402 4501 3647 4598 quinimo
3691 4501 3819 4584 uni-1

559 4613 998 4682 tolerandumque
1024 4615 1405 4679 committeret,
1428 4625 1610 4669 uostra
1635 4625 1754 4670 erat
1770 4617 2129 4686 exspectanda

557 4718 806 4766 censura,
841 4714 897 4755 ut
927 4703 1059 4757 nihil
1103 4718 1223 4759 esse
1266 4704 1412 4772 prius
1441 4706 1758 4760 decerneres
1797 4721 1958 4775 quam
2003 4706 2132 4775 quid

556 4793 711 4845 nobis
750 4792 983 4861 placeret
1010 4807 1346 4863 agnosceres.
1376 4793 1526 4859 Quod
1557 4810 1655 4849 nos
1683 4810 1895 4864 quoque
1924 4797 1988 4849 de
2026 4796 2134 4851 llo-

558 4882 721 4934 tliado
773 4884 922 4937 vobis
967 4900 1070 4937 non
1123 4885 1543 4939 irrationabilius
1597 4886 1774 4939 dicere
1822 4902 2128 4956 possumus,

558 4969 684 5037 quia
726 4970 848 5023 dum
894 4982 1016 5025 octo
1054 4971 1166 5026 fere
1192 4989 1361 5026 annos
1400 4974 1802 5039 ventilaveritis,
1850 4989 1948 5029 nec
1995 4976 2133 5031 ratio

560 5060 711 5113 vobis
744 5075 843 5114 nec
870 5062 1162 5117 necessitas
1190 5061 1290 5118 fuit
1330 5064 1385 5118 in
1428 5064 1482 5117 id
1523 5065 1664 5133 quod
1704 5080 2007 5120 mensuram
2040 5082 2135 5121 ve-

560 5164 733 5206 stram
776 5153 1059 5207 excederet
1100 5154 1365 5209 deviandi.
1398 5154 1503 5209 Sed
1546 5154 1756 5211 etiamsi
1800 5157 1925 5226 quid
1969 5172 2133 5228 grave

562 5240 1062 5312 inzoleraudumque
1107 5246 1498 5309 couuuitteret,
1543 5254 1726 5300 nostra
1772 5255 1888 5302 erat
1937 5261 2132 5315 exspe-

556 5331 755 5384 ctanda
800 5345 1048 5398 censura,
1092 5344 1150 5387 ut
1197 5335 1325 5388 nihil
1376 5338 1524 5405 prius
1565 5336 1927 5393 decerneretis
1969 5353 2131 5407 quam

560 5422 688 5492 quid
723 5423 876 5477 nobis
909 5416 1141 5494 placeret
1171 5428 1555 5495 agnosceretis.
1592 5428 1695 5482 Sed
1726 5428 1903 5483 dicitis
1928 5427 2131 5496 judicia

558 5515 930 5585 episcoporum
976 5532 1080 5570 non
1123 5532 1241 5572 esse
1288 5519 1490 5586 majora
1540 5521 1770 5588 negotia,
1799 5535 1898 5574 nec
1945 5518 2133 5573 didici-

561 5604 721 5661 liores
745 5623 1028 5661 causarum
1054 5608 1249 5661 exitus.
1279 5608 1351 5660 At
1375 5623 1470 5663 nos
1494 5610 1685 5662 horum
1717 5612 1908 5665 merito
1929 5611 2130 5681 judicia

561 5698 763 5768 majora
812 5696 1021 5767 negotia
1064 5696 1322 5761 dicimus,
1365 5707 1419 5750 et
1474 5697 1797 5755 difficiliores
1843 5715 2128 5753 causarum

2233 4628 2513 4669 versurum
2562 4616 2654 4685 qui
2702 4633 2763 4672 se
2805 4618 2872 4672 de
2908 4618 3099 4678 ovibus
3134 4619 3506 4689 principaliter
3553 4621 3821 4677 divinitus

2232 4700 2393 4759 Petro
2440 4706 2830 4771 commendatis
2876 4721 2996 4764 esse
3031 4723 3137 4764 non
3179 4710 3466 4765 nesciunt:
3504 4709 3559 4765 id
3594 4720 3820 4767 estnon

2233 4798 2405 4852 solum
2460 4807 2773 4854 cunctorum
2822 4802 2912 4870 qui
2946 4802 3012 4856 de
3053 4801 3263 4857 illorum
3294 4818 3519 4857 numero
3566 4813 3697 4858 sunt
3746 4806 3821 4859 de

2233 4886 2429 4956 quibus
2454 4888 2711 4944 Dominus
2740 4892 2967 4960 principi
2998 4892 3362 4962 apostolorum
3394 4895 3565 4949 dixit:
3600 4893 3680 4948 Tit
3710 4895 3819 4948 ali-

2233 4977 2443 5046 quando
2488 4993 2763 5033 conversus
2791 4981 3043 5049 conﬁrma
3080 4981 3270 5051 fratres
3313 4993 3433 5038 tuos
3467 4983 3621 5056 (Luc.
3654 4984 3816 5052 xxii),

2234 5066 2328 5120 sed
2357 5066 2521 5121 etiam
2548 5068 2639 5136 qui
2667 5069 2733 5123 de
2762 5070 2849 5123 his
2890 5069 3126 5139 piscibus
3174 5080 3323 5138 sunt,
3363 5074 3456 5141 qui
3485 5074 3628 5129 intra
3677 5080 3817 5133 rete.

2233 5156 2378 5226 quod
2400 5157 2470 5210 ab
2511 5158 2626 5226 ipso
2656 5159 2724 5213 ad
2765 5159 2917 5213 littus
2938 5160 3077 5214 trahi
3111 5160 3420 5230 specialiter
3436 5162 3668 5232 jussum,
3694 5176 3821 5216 esse

2235 5234 2294 5302 se
2337 5258 2744 5319 recognoscant.
2792 5250 2985 5304 Adhuc
3029 5259 3208 5305 tamen
3253 5253 3556 5321 percontari
3595 5263 3820 5321 propter

2233 5339 2599 5393 coutentiosos
2622 5338 2753 5394 libet
2778 5353 3024 5407 quaenam
3065 5338 3287 5407 judicia,
3317 5342 3401 5396 vel
3435 5356 3666 5410 quorum
3694 5358 3818 5398 esse

2234 5426 2438 5495 majora
2481 5430 2697 5496 negotia
2740 5430 3081 5498 praedicatis,
3129 5430 3176 5484 si
3204 5431 3577 5501 episcoporum
3618 5447 3819 5489 causas

2234 5534 2343 5574 non
2364 5520 2505 5573 inter
2524 5520 2791 5590 praecipua
2820 5522 3144 5590 computatis
3164 5523 3414 5592 negotia?
3440 5527 3522 5577 An
3552 5522 3815 5578 laicorun

2207 5644 2210 5648 λ
2233 5618 2286 5662 et
2318 5609 2613 5676 vulgariqu
2640 5610 2954 5679 populorum
2973 5611 3175 5678 judicia
3200 5614 3339 5668 inter
3364 5613 3567 5682 majora
3597 5620 3815 5680 negotia

2234 5700 2453 5770 ponitis,
2498 5714 2634 5768 quos
2672 5717 2807 5771 pene
2841 5704 3080 5771 quotidie
3105 5718 3229 5758 cum
3273 5705 3469 5758 vestris
3494 5713 3551 5757 et
3571 5703 3690 5757 sine
3730 5716 3812 5753 re-
