4050 6324
277 404 388 489 91:5

272 613 474 693 candos
499 613 859 693 suscipimus,
895 622 950 690 et
995 614 1295 689 discussos,
1326 615 1409 670 vel
1429 612 1719 683 judicatus,
1772 614 1855 671 vel

274 688 550 771 absolutos
580 688 943 759 dimittimus?
971 688 1211 774 Denique
1240 714 1333 759 aut
1354 704 1690 761 srecularium
1714 703 1856 774 judi-

265 795 356 850 cia
389 793 529 848 inter
562 794 788 863 majora,
811 780 865 873 et
891 795 1265 873 episcoporum
1290 796 1427 850 inter
1455 799 1660 851 minora
1691 785 1857 868 negoé

239 886 345 973 ‘tia
374 884 728 953 collocabitis,
766 870 1438 967 ‘etjvobis'episcoporum,
1489 888 1645 944 nobis
1693 878 1858 972 laico{

269 998 392 1038 rum
410 983 615 1051 judicia
640 966 1019 1059 reservabitis:
1052 991 1146 1039 aut
1184 970 1376 1049 certe,'
1404 982 1447 1038 si
1478 966 1855 1054 episcoporum

264 1075 467 1146 judicia
498 1078 850 1145 suntmajora
879 1077 1124 1150 negotia,
1166 1075 1322 1145 juxta
1367 1075 1601 1132 Leonem
1624 1076 1852 1133 liberum

268 1167 425 1220 vobis
461 1182 579 1222 esse
609 1168 793 1222 debuit
819 1166 933 1222 haec
963 1169 1063 1221 sub
1111 1175 1309 1221 nostra:
1353 1165 1634 1221 sentcntiae
1661 1180 1852 1237 exspe-

266 1260 505 1335 ctatione
550 1261 921 1330 suspendere;
974 1272 1069 1319 aut
1093 1261 1139 1316 si
1179 1274 1407 1329 persona
1429 1259 1705 1330 judicandi
1748 1259 1854 1316 tale

265 1349 469 1421 aliquid
525 1360 843 1416 mereretur,
870 1350 1291 1420 exspectandum
1336 1351 1491 1407 vobis
1522 1349 1699 1407 fuerat
1724 1350 1856 1420 quid

265 1442 333 1497 ad
366 1426 539 1497 vestra
569 1442 812 1497 consulta
843 1442 1228 1509 rescriberem.
1265 1440 1572 1499 Absurdum
1599 1449 1684 1497 est
1707 1441 1851 1497 enim

265 1544 328 1589 ut
356 1532 531 1591 laicus
563 1549 804 1605 quosque
829 1543 885 1589 et
932 1533 1186 1591 minimos
1226 1534 1322 1604 qui
1353 1544 1479 1589 sunt
1516 1533 1571 1587 in
1609 1531 1852 1589 ecclesiis

262 1625 479 1691 vestris,
502 1634 689 1682 nostro
712 1626 940 1681 mittatis
965 1623 1289 1693 iudicandos
1306 1664 1322 1691 ,
1342 1633 1398 1681 et
1422 1624 1635 1679 addatis
1673 1623 1853 1693 quoti-

262 1717 424 1773 diano
450 1718 660 1785 labori;
691 1728 745 1773 et
786 1719 1159 1788 episcoporum
1186 1756 1203 1784 ,
1239 1718 1333 1788 qui
1353 1717 1630 1787 prmeipua
1666 1715 1853 1773 Eccle-

261 1811 357 1867 siae
390 1815 629 1869 membra
659 1820 808 1879 sunt,
828 1821 1024 1869 vestra:
1051 1812 1294 1868 subdatis
1319 1811 1725 1869 deliberationis
1757 1826 1850 1867 ar-

261 1900 446 1957 bitrio.
564 1952 572 1965 ,
620 1960 625 1965 ,
671 1949 745 1967 ,ρ
890 1954 895 1965 .
964 1956 973 1971 ,
1116 1963 1125 1973 ,
1288 1960 1293 1963 .
1530 1966 1575 1977 ..

333 1988 429 2045 llis
473 2005 603 2047 vero
639 1992 851 2048 tandem
879 1991 1120 2061 omissis,
1156 1992 1268 2065 Deo
1305 1992 1460 2058 duce,
1504 1992 1701 2049 scitote
1727 2008 1848 2059 nos,

258 2079 403 2150 quod
435 2083 736 2137 temeritate
757 2081 1018 2153 magistra
1046 2080 1330 2151 perperam
1359 2097 1390 2136 a
1420 2080 1574 2157 vobis
1595 2082 1850 2157 cummis-7

258 2182 381 2225 sum
404 2177 508 2234 est,
555 2177 609 2222 et
633 2169 776 2239 quod
813 2169 1132 2225 inconsultis
1179 2170 1336 2225 nobis
1376 2170 1429 2224 in
1456 2169 1709 2226 Rothado
1734 2168 1848 2225 fra-

259 2270 343 2317 tre
400 2268 456 2315 et
508 2258 828 2331 coepiscopo
874 2269 1062 2317 nostro
1112 2274 1452 2330 praepropere
1495 2260 1849 2331 perpetrastis

258 2348 495 2421 (etiamsi
549 2364 824 2421 nunquam
867 2349 1051 2407 sedem
1087 2348 1439 2420 apoStolicam
1477 2347 1846 2421 appellasset),

257 2439 353 2495 Dei
406 2441 750 2505 auctoritate,
786 2449 841 2496 et
892 2440 1336 2497 beatissimorum
1394 2438 1541 2495 Petri
1581 2455 1647 2496 ac
1694 2437 1849 2495 Pauli

256 2530 561 2603 principum
607 2532 1014 2602 apostolorum,
1070 2545 1164 2587 seu
1216 2532 1460 2589 omnium
1503 2532 1850 2590 decessorum

256 2638 533 2687 meorum,
570 2640 778 2683 necnon
811 2632 866 2679 et
913 2632 1225 2679 sanctorum
1269 2623 1848 2699 trecentorumtdecem

255 2724 312 2770 et
337 2724 461 2771 octo
492 2712 717 2771 Patrum
762 2716 855 2786 qui
884 2715 1048 2793 apud
1080 2715 1337 2772 Nicaeam.
1360 2714 1460 2771 sub
1497 2714 1849 2770 Constantino

255 2806 345 2877 pio
368 2807 612 2877 principe
657 2815 1049 2872 convenerunt,
1084 2807 1304 2877 penitus
1344 2814 1673 2867 evacuantes
1695 2814 1754 2862 et
1794 2807 1848 2861 in

255 2895 472 2953 irritum
499 2896 781 2963 ducentes,
812 2895 1095 2968 praefatum
1136 2895 1444 2954 Rotbadum
1476 2896 1705 2965 pristino
1733 2911 1853 2966 gra:

256 2985 369 3052 dui,
411 2988 654 3056 pristinae
695 2987 975 3058 dignitati,
1017 2986 1251 3059 pristino
1278 2982 1849 3056 ,reddidisse'prorsus

255 3078 486 3145 honori;
534 3079 609 3137 ita
638 3089 699 3135 ut
731 3080 911 3135 divina
952 3080 1210 3152 mysteria
1251 3078 1571 3137 conﬁciendi
1608 3081 1847 3150 priorem

255 3170 569 3227 facultatem
594 3173 857 3243 adeptus,
900 3173 1158 3244 omnique
1190 3173 1512 3230 sacerdotali
1564 3175 1847 3230 restitutus

254 3262 453 3330 ofﬁcio,
480 3265 597 3318 sine
623 3263 915 3333 cujuslibet
929 3265 1357 3332 contradictione
1375 3304 1390 3330 ,
1432 3265 1665 3336 proprite
1691 3280 1842 3322 rece-

254 3364 360 3423 ptae
390 3355 556 3411 libere
583 3346 1067 3425 praesitEcclesiae,
1112 3373 1143 3412 a
1189 3357 1645 3428 qua‘inconsultis
1686 3357 1843 3415 nobis

255 3448 513 3519 eapulsus
546 3449 923 3521 est."Denique
942 3465 1071 3506 cum
1097 3459 1226 3505 ante
1253 3450 1526 3506 biennium
1547 3451 1768 3519 scriptis
1782 3459 1843 3506 et

254 3540 437 3596 verbis
485 3540 753 3597 instanter
797 3535 1096 3612 egissemus
1150 3550 1208 3596 ut
1246 3541 1387 3598 idem
1434 3541 1715 3597 Rothadus
1749 3549 1844 3597 aut

254 3633 489 3704 propria
514 3635 832 3690 redderetur
860 3628 1132 3697 Ecclesiae,
1164 3643 1258 3689 aut
1285 3642 1434 3690 certe
1462 3634 1690 3690 Romam
1717 3648 1853 3697 eum,

252 3725 479 3783 sicariis
528 3727 722 3782 vestris
762 3735 817 3782 et
860 3727 1030 3798 ipsius
1082 3725 1487 3782 accusatoribus
1530 3727 1599 3780 ad
1633 3725 1849 3781 exami—

256 3817 500 3873 nandum
530 3826 587 3872 et
609 3816 963 3886 judicandum
993 3816 1154 3871 nobis
1192 3816 1559 3881 destinantis,
1600 3822 1657 3870 et
1707 3814 1847 3870 nihil

255 3906 399 3975 apud
451 3920 546 3960 vos
574 3906 866 3974 impetrare
908 3898 1294 3975 pctuissemus,
1345 3903 1679 3959 dummodo
1716 3902 1838 3967 hoc,

254 3999 418 4054 modo
445 3998 572 4052 illud
603 3997 670 4053 ad
711 3999 1051 4054 excusandas
1103 3993 1481 4052 excusationes
1511 3998 1565 4052 in
1606 4000 1845 4067 peccatis

253 4093 604 4165 objiceretis;
632 4095 846 4169 tandem
879 4092 1187 4163 aliquando,
1243 4094 1353 4148 Deo
1406 4092 1742 4162 inspirante,
1789 4104 1845 4152 et

208 4236 225 4257 κ
254 4184 487 4243 Nicaeum
524 4185 907 4257 nobis'syno‘di
938 4186 1162 4240 decreto
1182 4182 1539 4255 Lsuli‘rugunte,
1574 4200 1683 4255 quo
1704 4186 1846 4242 inter

254 4291 452 4336 caetera
479 4277 791 4349 praecipitur
816 4284 875 4329 ut
901 4273 1014 4331 suis
1036 4274 1330 4346 privilegia
1349 4284 1632 4343 serventur
1654 4275 1843 4333 Eccle-

254 4372 372 4437 siis,
402 4379 580 4425 ratum
607 4371 859 4425 duximus
893 4366 1007 4437 jam
1058 4367 1229 4425 fatum
1276 4366 1602 4434 Rothadum,
1636 4383 1844 4426 memo-

254 4482 347 4522 res
376 4465 583 4520 scilicet
614 4462 1015 4533 privilegiorum
1046 4460 1354 4531 apostolicm
1396 4463 1559 4527 sedis,
1600 4477 1630 4517 a
1654 4463 1845 4518 vincu-i

254 4559 321 4613 lis
343 4557 540 4627 quibus
568 4554 833 4619 illum,-ne‘
854 4560 1097 4608 uteretur
1124 4550 1301 4608 ofﬁcio
1328 4567 1432 4607 nec
1455 4567 1567 4609 suae
1592 4564 1848 4623 praeesset

256 4648 529 4711 Ecclesiae,
571 4645 888 4717 colligastis,
928 4641 1192 4713 quia‘nos
1242 4659 1350 4699 non
1396 4645 1725 4709 censuimus,
1755 4648 1850 4701 ab-

253 4737 596 4795 solvendum.
646 4735 829 4806 Neque
859 4736 1002 4790 enim
1049 4743 1159 4790 tam
1186 4735 1414 4790 stolidus
1438 4744 1625 4791 tamve
1652 4740 1852 4807 poterit

254 4825 566 4886 ti-aditionis
596 4828 812 4882 tramite
839 4827 1028 4882 devius
1057 4826 1307 4891 inveniri,
1347 4828 1441 4896 qui
1484 4830 1699 4884 carueris
1743 4831 1850 4888 Ec-

252 4922 438 4979 desiis
485 4919 768 4991 privilegia
807 4918 1013 4974 servari
1058 4925 1113 4973 et
1166 4918 1267 4973 soli
1297 4919 1555 4975 Romana:
1595 4921 1851 4979 Ecclesia:

160 5041 176 5063 η
196 5047 227 5063 ρ
254 5014 420 5069 adimi
477 5012 674 5066 debere
713 5011 1016 5080 perhibent,
1065 5022 1185 5078 quae
1211 5010 1455 5064 omnium
1483 5010 1849 5068 Ecclesiarum

254 5104 537 5175 magistra,
572 5111 747 5158 mater
787 5110 843 5156 et
863 5111 1024 5171 caput
1048 5110 1151 5155 est.
1194 5100 1253 5156 Si
1301 5102 1424 5171 quis
1452 5109 1633 5156 autem
1685 5104 1849 5159 tacita

256 5198 399 5252 forte
425 5236 439 5259 ,
481 5196 605 5266 quia
656 5208 760 5248 non
813 5193 975 5246 audet
1001 5201 1205 5263 aperta
1239 5192 1619 5247 mussitatione
1666 5192 1846 5262 fateri,

256 5288 515 5343 Romanae
553 5284 919 5353 hujuscemodi
943 5281 1195 5337 Ecclesiae
1222 5281 1498 5352 privilegia
1524 5297 1631 5337 non
1661 5283 1847 5349 fuisse,

256 5378 457 5447 quibus
485 5376 638 5431 sedes
664 5374 955 5445 apostolica
978 5370 1208 5427 aliorum
1244 5371 1405 5443 ligata
1449 5373 1738 5442 prarsulum
1772 5373 1850 5427 fa~

255 5470 514 5527 cultatem
571 5469 819 5523 habuerit
856 5465 1206 5531 d’issolvendi,
1247 5473 1447 5535 praeter
1478 5468 1619 5536 quod
1669 5467 1846 5536 prisca

256 5554 441 5621 rerum
472 5562 810 5633 probatione,
851 5571 907 5618 et
953 5558 1341 5617 nonnullarum
1373 5559 1689 5616 recitatione
1713 5561 1848 5615 scri-

183 5684 195 5701 ‹
221 5665 543 5729 .ptnrarum
576 5638 976 5729 convincitur,
1020 5655 1174 5711 testis
1214 5661 1301 5710 est
1342 5655 1534 5711 beatus
1578 5655 1844 5721 Gelasius,

256 5763 421 5819 quem
450 5738 650 5805 idcirco
673 5742 741 5803 ad
767 5748 1133 5804 testimonium
1161 5762 1322 5818 super
1344 5747 1429 5803 his
1452 5747 1843 5818 perhibendum

254 5828 648 5911 produximus,
673 5841 797 5910 quia
833 5840 975 5895 hunc
1014 5855 1119 5893 non
1149 5840 1320 5895 solum
1367 5838 1475 5894 vita
1518 5847 1573 5894 et
1600 5840 1845 5896 doctrina

665 5933 941 5993 Parnoc.
986 5931 1219 5993 CXIX.

1484 407 1849 466 Εριετυωε
1887 409 1976 467 ΕΤ
2019 410 2354 469 DECRETA.

275 522 405 594 stris
429 529 481 576 et
520 520 636 577 sine
660 519 856 579 vestris
879 520 1121 599 epistolis
1148 520 1215 578 ad
1242 518 1608 581 discutiendos
1637 523 1854 609 etjudi-
1881 531 1929 591 Α
1957 524 2631 607 ριυιῆωιξωμςοιυηιρηιιειι,
2661 541 2859 597 verunt
2876 527 3040 585 etiam
3065 541 3177 584 rem
3207 526 3273 595 de
3299 543 3406 600 qua
3432 506 3567 615 agi},
3653 543 3668 553 ν’

3435 410 3541 495 ρος

1959 624 2047 692 tur
2077 615 2130 671 in
2151 618 2337 687 paucis
2359 620 2552 675 astruit
2575 627 2626 675 et
2656 620 2911 697 ostendit,
2940 612 3370 697 nobis'videlicet
3395 612 3545 681 brevi
3614 620 3635 629 ”

1957 721 2206 791 sermone
2240 698 2544 780 'propinans
2575 692 2717 780 quod
2751 707 2830 778 de
2857 690 3181 791 imuliorum';
3206 694 3544 793 voluminum

1956 787 2192 871 fontibus
2242 798 2442 853 hausit.
2492 800 2749 878 Scriberis
2788 802 2934 875 enim
2963 787 3249 878 cpiscopis’
3416 787 3547 878 Dur:-

1956 887 2170 972 daniam
2217 882 2585 958 constitutis,
2612 876 2754 948 inter
2793 874 3001 969 caetera
3045 873 3404 972 (spiritui).
3436 870 3546 972 Nec

1954 967 2131 1053 plane,
2160 979 2257 1047 ait,
2292 989 2556 1047 tacemus,
2586 975 2732 1051 quod
2762 967 2957 1062 cuncta
2984 976 3080 1054 per
3104 967 3364 1063 mundum
3382 967 3549 1063 i'novi't
3632 1008 3635 1011 ·

1954 1069 2216 1143 Ecclesia,
2244 1075 2499 1146 quoniam
2525 1066 2890 1146 quorumlibet
2916 1054 3548 1154 seintentiisaligata'pom

1956 1163 2162 1229 tiﬁcum
2206 1167 2362 1224 sedes
2390 1167 2533 1222 beati
2572 1166 2715 1224 Petri
2743 1169 2968 1239 apostoli
3014 1168 3103 1239 jus
3136 1154 3345 1226 habeat
3374 1153 3546 1247 r_es'0l-_i

1954 1255 2135 1333 vendi,
2164 1260 2351 1327 utpote
2379 1273 2498 1328 qua:
2541 1260 2612 1335 de
2636 1259 2784 1315 omni
2816 1260 3054 1317 Ecclesia
3082 1242 3548 1335 fashabéat'judi;

1953 1344 2132 1427 candi.
2148 1344 2282 1402 item
2304 1348 2372 1403 ad
2401 1349 2682 1420 episcopos
2704 1348 3027 1418 Orientales,
3057 1342 3546 1427 post‘quingentos,

1953 1434 2160 1504 inquit,
2183 1452 2353 1493 annos
2378 1436 2669 1494 constituta
2706 1441 2905 1497 Christi
2932 1457 3026 1498 eos
3052 1442 3193 1517 velle
3213 1435 3547 1513 subvertere,

1953 1520 2077 1605 cum
2105 1525 2325 1597 triginta
2351 1543 2617 1584 annorum
2667 1530 2753 1584 lex
2794 1518 3071 1588 hominum
3101 1534 3209 1590 non
3234 1522 3551 1609 'pOSSit‘abf

1953 1615 2154 1684 rumpi,
2183 1625 2430 1673 sanctum
2476 1617 2830 1676 Athanasium
2874 1622 3013 1679 ideo
3044 1639 3149 1680 non
3177 1618 3488 1680 damnatum
3513 1643 3548 1680 ει

1952 1694 2160 1777 synodo
2195 1702 2451 1773 Orientis,
2482 1708 2610 1776 quia
2637 1709 2792 1764 sedes
2818 1713 2920 1766 ista
2950 1728 3059 1768 non
3081 1696 3436 1781 consenserit,
3461 1714 3549 1770 vel

1953 1790 2201 1850 sanctum
2222 1790 2486 1851 Joannem
2499 1792 3171 1870 Constantinopolitanuni,
3196 1787 3280 1857 vel
3300 1814 3551 1863 sanctum

1878 1870 2292 1940 BFlavianum.
2343 1884 2402 1940 Si
2425 1901 2553 1958 ergo
2606 1886 2709 1943 hac
2759 1904 2864 1944 non
2901 1892 3272 1948 consentiente
3321 1894 3458 1961 sola,
3508 1895 3548 1950 ii

1951 1973 2191 2039 damnati
2215 1992 2247 2031 a
2276 1974 2481 2050 synodo
2509 1978 2768 2046 Orientis,
2802 1979 2907 2038 non
2935 1972 3227 2051 potuerunt
3249 1972 3551 2042 essedum-

1950 2052 2065 2147 nati
2085 2108 2100 2135 ,
2135 2074 2486 2142 consequens
2518 2081 2603 2129 est
2630 2062 2840 2140 etiam,
2869 2076 2962 2145 qui
3004 2062 3365 2133 eadem'sola'
3398 2080 3548 2135 dam—

1949 2157 2135 2249 nante,
2171 2162 2290 2219 sine
2320 2166 2528 2237 synodo
2558 2168 2843 2224 damnatus
2884 2168 3069 2249 fuerit,
3121 2171 3410 2229 damnatus
3451 2174 3545 2230 sit.
3628 2174 3645 2186 ⁸

1948 2256 2007 2344 In
2037 2274 2145 2330 quo
2173 2261 2314 2317 inter
2356 2270 2553 2327 caetera
2607 2267 2898 2322 notandum
2930 2254 3029 2323 est
3063 2264 3208 2343 quia
3231 2271 3277 2326 si
3302 2252 3547 2342 hosqui

1948 2356 2072 2419 post
2098 2350 2420 2422 quingentos
2444 2368 2616 2410 annos
2646 2364 2844 2411 statuta
2873 2346 3387 2431 Christitentabant
3411 2356 3543 2435 subs

1949 2448 2179 2529 vertere,
2231 2451 2380 2499 tanta
2427 2443 2511 2499 vir
2557 2454 2778 2501 sanctus
2823 2447 3195 2517 increpatione
3244 2450 3541 2517 redarguit,

1950 2547 2074 2603 cum
2111 2533 2331 2605 triginta
2361 2549 2629 2590 annorum
2655 2535 2742 2592 lex
2790 2536 3067 2592 hominum
3093 2554 3200 2594 non
3224 2540 3395 2609 possit
3441 2540 3545 2595 ab-

1948 2625 2162 2694 rumpi,
2193 2636 2397 2695 quanto
2438 2627 2610 2696 magis
2638 2628 2997 2698 exprobrandi
3024 2638 3147 2684 sunt
3171 2630 3264 2700 qui
3287 2646 3351 2686 ea
3368 2632 3543 2686 etiam

1949 2706 2072 2787 post
2098 2717 2436 2787 octingentos
2477 2724 2617 2773 eteo
2644 2719 2875 2787 amplius
2908 2734 3082 2774 annos
3111 2719 3545 2797 nitun’tur;evel-

1949 2806 2111 2861 lere?
2144 2805 2275 2873 Quae
2326 2820 2455 2862 vero
2500 2816 2706 2863 statuta
2758 2809 2957 2865 Christi
3015 2810 3251 2875 dixerit,
3319 2809 3543 2867 inferius

1949 2897 2264 2965 declaravit,
2315 2913 2439 2953 eum
2493 2899 2605 2954 sola
2653 2899 2782 2956 sede
2827 2901 3120 2970 apostolica
3158 2917 3262 2957 non
3298 2902 3544 2958 consen-

1947 2975 2115 3045 tiente
2145 2991 2415 3046 neminem
2451 3005 2614 3062 posse
2661 2992 2924 3058 damnari,
2960 3002 3018 3048 et
3048 2992 3159 3050 sola
3205 3008 3266 3048 ea
3314 3006 3542 3049 consen-

1946 3074 2134 3150 tiente,
2165 3086 2258 3156 qui
2289 3086 2575 3143 damnatus
2626 3086 2832 3154 fuerat,
2876 3091 3189 3145 damnatum
3221 3089 3408 3145 haberi
3447 3103 3544 3145 ex-

1947 3178 2147 3249 posuit.
2177 3176 2397 3235 Statuta
2442 3180 2627 3250 itaque
2646 3180 2848 3235 Christi
2882 3181 3018 3236 dixit
3066 3191 3189 3252 post
3214 3181 3545 3253 quingentos

1949 3285 2120 3329 annos
2145 3273 2458 3327 subvertere
2482 3272 2651 3342 ;.quia
2674 3269 2789 3340 jam
2812 3272 3103 3343 quinquies
3129 3283 3345 3329 centum
3376 3272 3543 3328 circi-

1948 3372 2039 3430 ter
2063 3357 2191 3412 anni
2217 3358 2614 3428 praeterieram,
2641 3358 2859 3427 quando
2884 3358 3215 3415 venerabilis
3242 3373 3380 3430 papa
3407 3357 3547 3413 dixit

1950 3442 2136 3522 sedem
2162 3447 2513 3519 apostolicam
2538 3448 2654 3505 haec
2675 3456 2873 3503 statuta
2919 3446 3119 3504 Christi
3155 3448 3542 3518 promeruisse.

1917 3528 2230 3612 'Privilegia
2257 3538 2401 3597 enim
2448 3556 2545 3597 sua
2574 3555 2605 3595 a
2644 3536 2859 3595 Christo
2888 3539 3129 3595 Ecclesia
3160 3539 3403 3595 Romana
3444 3553 3547 3612 per

1944 3632 2166 3689 Petrum
2193 3640 2483 3688 consecuta
2511 3640 2616 3695 est,
2652 3640 2708 3685 et
2729 3631 2843 3700 ipsa
2884 3637 3011 3685 sunt
3055 3638 3256 3685 statuta
3298 3629 3540 3685 Christi:

1945 3707 2066 3796 quae
2090 3723 2309 3793 quidam
2338 3732 2467 3778 tunc
2496 3731 2617 3792 post
2653 3722 2999 3793 quingentos,
3031 3735 3175 3776 nunc
3217 3728 3342 3791 post
3368 3719 3543 3776 octin-

1945 3798 2135 3887 gentos
2155 3828 2327 3869 annos
2347 3806 2631 3869 exinanire
2654 3820 2936 3867 conantur.
2985 3810 3261 3875 Ecclesia),
3293 3811 3539 3881 inquam,

1946 3894 2203 3963 Romanae
2247 3904 2384 3960 adeo
2412 3911 2538 3960 sunt
2562 3902 2782 3974 antiqua
2820 3912 2875 3957 et
2924 3913 3106 3957 vetera
3136 3902 3437 3973 privilegia,
3482 3912 3545 3958 ut

1907 4051 1910 4055 .
1945 3997 2165 4054 Nicena
2206 3996 2469 4067 synodus,
2514 3995 2655 4050 sicut
2685 3995 2702 4015 '
2736 3992 3044 4049 Bonifacius
3098 3993 3291 4065 praesul
3322 4002 3542 4064 aposlo-

1945 4090 2083 4146 licus
2115 4087 2383 4159 episcopis
2411 4101 2509 4158 per
2558 4078 2892 4142 Thessaliam
2942 4085 3251 4141 constitutis
3299 4085 3543 4142 scribens

1946 4161 2051 4249 ait,
2100 4164 2225 4237 non
2257 4179 2460 4249 aliquid
2508 4192 2671 4249 super
2715 4192 2835 4233 eam
2886 4191 3015 4232 ausa
3071 4177 3143 4232 sit
3188 4178 3571 4245 constituere“

1946 4256 2068 4332 eum
2098 4273 2371 4328 videretur
2390 4271 2521 4326 nihil
2548 4286 2709 4341 supra
2733 4270 2983 4326 meritum
3037 4285 3192 4325 suum
3230 4286 3386 4341 posse
3414 4286 3544 4327 con-

1948 4368 2110 4425 literi.
2140 4367 2334 4424 Omnia
2383 4366 2613 4435 denique
2642 4375 2863 4421 noverat
2895 4365 3020 4420 huic
3047 4366 3258 4421 Domini
3289 4379 3543 4420 sermone

1948 4476 2222 4518 concessa.
2262 4460 2321 4515 Si
2359 4461 2577 4535 omnia,
2618 4475 2748 4531 ergo
2797 4467 2854 4514 et
2897 4460 3274 4529 episcoporum
3311 4457 3537 4541 judicia.

1880 4588 1927 4647 ο
1952 4555 2278 4624 Perhibente
2309 4563 2487 4609 autem
2531 4553 2692 4610 beato
2720 4552 2997 4609 Bonifacio
3026 4552 3168 4647 quod
3204 4549 3421 4604 Nicmna
3439 4565 3542 4647 sy-

1953 4644 2127 4701 nodus
2155 4658 2318 4715 super
2338 4656 2481 4709 eam,
2515 4643 2656 4698 haud
2695 4642 2913 4698 dubium
2951 4640 3079 4711 quin
3108 4639 3408 4695 Romanam
3438 4638 3541 4709 Ece

1951 4736 2172 4803 clesiam
2204 4751 2311 4791 non
2337 4749 2471 4789 ausa
2495 4735 2565 4789 sit
2594 4733 2772 4803 aliqua
2801 4733 3151 4794 constituere,
3182 4745 3303 4784 cum
3327 4728 3541 4784 videret

1951 4827 2086 4884 nihil
2126 4843 2288 4897 supra
2340 4827 2593 4882 meritum
2633 4840 2790 4880 suum
2839 4837 2997 4893 posse
3035 4821 3307 4887 confiteri,
3357 4823 3539 4878 omnia

1951 4920 2182 4989 denique
2219 4919 2343 4973 lmie
2397 4913 2624 4973 noverat
2670 4916 2880 4972 Domini
2934 4929 3183 4970 sermone
3228 4929 3531 4970 concessa:

1951 5020 2009 5067 et
2044 5010 2380 5081 .objurgante
2459 5018 2646 5065 sancto
2725 5007 2940 5064 Gelasio
3009 5022 3102 5062 eos
3178 5008 3269 5076 qui
3338 5008 3536 5062 consti-

1956 5113 2067 5159 tuta
2117 5104 2318 5160 Christi
2358 5103 2616 5159 volebant
2664 5100 3024 5168 subvertere,
3084 5117 3208 5157 cum
3258 5102 3537 5173 privilegia

1951 5194 2209 5265 Romana:
2256 5195 2399 5250 sedis
2437 5194 2799 5251 moliebantur
2859 5192 3193 5274 infringere,
3254 5193 3539 5250 manifeste
3615 5225 3623 5234 -

1951 5288 2110 5343 datur
2163 5286 2388 5356 intelligi
2436 5285 2624 5341 cadent
2669 5299 2791 5340 esse
2827 5286 3121 5341 constituta
3170 5284 3371 5340 Christi
3421 5298 3540 5363 quas

1950 5391 2076 5438 sunt
2106 5381 2401 5440 omniailla
2431 5395 2552 5452 quas
2575 5381 2711 5441 huic,
2748 5381 3000 5437 Ecclesia:
3028 5382 3279 5463 synodus
3323 5380 3540 5437 Nicama

1947 5483 2173 5531 noverat
2191 5474 2398 5529 Domini
2428 5488 2678 5529 sermone
2704 5486 2979 5529 concessa.
3008 5474 3055 5527 Α
3077 5460 3318 5545 tempore
3340 5473 3540 5543 quippe

1946 5583 2056 5636 quo
2098 5567 2337 5638 synodus
2380 5564 2615 5623 Nictena.
2645 5564 3268 5637 fueratconsummata,
3300 5564 3537 5618 nondum

1948 5658 2229 5729 quingenti
2264 5664 2441 5730 usque
2467 5658 2536 5714 ad
2582 5657 2882 5723 Gelasium,
2910 5659 3037 5713 anni
3081 5656 3426 5729 transierant,
3478 5657 3539 5707 ut

1902 5744 1907 5747 ’
1950 5751 2016 5806 de
2035 5749 2474 5821 Nictente'synodi
2500 5752 2717 5807 statutis
2740 5758 2927 5817 tantus
2945 5750 3030 5805 vir
3065 5749 3263 5819 dixisse
3290 5746 3541 5801 videatur

1950 5858 2045 5899 eos
2069 5852 2187 5913 post
2215 5843 2534 5914 quingentos
2563 5858 2732 5900 annos
2779 5838 3207 5919 statuta-Christi
3236 5835 3373 5927 velle
3417 5832 3542 5907 sub.

3019 5930 3097 5990 29
