  <div class='ocr_page' id='page_1' title='image "/cluster/home/n/w/nwhite01/storage/ocr_20150623/119/hvd.32044015466915/459.png"; bbox 0 0 4050 6324; ppageno 0'>
   <div class='ocr_carea' id='block_1_1' title="bbox 575 378 680 438">
    <p class='ocr_par' dir='ltr' id='par_1_1' title="bbox 575 378 680 438">
     <span class='ocr_line' id='line_1_1' title="bbox 575 378 680 438; baseline -0.019 0"><span class='ocrx_word' id='word_1_1' title='bbox 575 378 680 438; x_wconf 76' lang='grc' dir='ltr'><strong>οοτ</strong></span> 
     </span>
    </p>
   </div>
   <div class='ocr_carea' id='block_1_2' title="bbox 1916 375 2491 435">
    <p class='ocr_par' dir='ltr' id='par_1_2' title="bbox 1916 375 2491 435">
     <span class='ocr_line' id='line_1_2' title="bbox 1916 375 2491 435; baseline 0.007 -4"><span class='ocrx_word' id='word_1_2' title='bbox 1916 375 2186 433; x_wconf 76' lang='lat' dir='ltr'><strong>NlCOLA‘l</strong></span> <span class='ocrx_word' id='word_1_3' title='bbox 2224 376 2427 435; x_wconf 61' lang='grc' dir='ltr'><strong>ΡΑΡΑΕ</strong></span> <span class='ocrx_word' id='word_1_4' title='bbox 2470 380 2491 435; x_wconf 87' lang='grc'><strong>1</strong></span> 
     </span>
    </p>
   </div>
   <div class='ocr_carea' id='block_1_3' title="bbox 3740 392 3847 451">
    <p class='ocr_par' dir='ltr' id='par_1_3' title="bbox 3740 392 3847 451">
     <span class='ocr_line' id='line_1_3' title="bbox 3740 392 3847 451; baseline 0 -3"><span class='ocrx_word' id='word_1_5' title='bbox 3740 392 3847 451; x_wconf 80' lang='lat'><strong>908</strong></span> 
     </span>
    </p>
   </div>
   <div class='ocr_carea' id='block_1_4' title="bbox 572 491 3848 577">
    <p class='ocr_par' dir='ltr' id='par_1_4' title="bbox 572 491 3848 577">
     <span class='ocr_line' id='line_1_4' title="bbox 572 491 3848 577; baseline 0.003 -27"><span class='ocrx_word' id='word_1_6' title='bbox 572 507 804 551; x_wconf 75' lang='lat' dir='ltr'><strong>vertere.</strong></span> <span class='ocrx_word' id='word_1_7' title='bbox 858 494 1041 550; x_wconf 78' lang='lat' dir='ltr'><strong>Restat</strong></span> <span class='ocrx_word' id='word_1_8' title='bbox 1080 508 1209 565; x_wconf 85' lang='lat' dir='ltr'><strong>ergo</strong></span> <span class='ocrx_word' id='word_1_9' title='bbox 1238 503 1294 549; x_wconf 87' lang='lat' dir='ltr'><strong>ttt</strong></span> <span class='ocrx_word' id='word_1_10' title='bbox 1337 492 1477 548; x_wconf 88' lang='lat' dir='ltr'><strong>illius</strong></span> <span class='ocrx_word' id='word_1_11' title='bbox 1524 493 1781 563; x_wconf 80' lang='lat' dir='ltr'><strong>temporis</strong></span> <span class='ocrx_word' id='word_1_12' title='bbox 1826 494 2157 549; x_wconf 74' lang='lat' dir='ltr'><strong>mentionem</strong></span> <span class='ocrx_word' id='word_1_13' title='bbox 2187 498 2231 556; x_wconf 76' lang='grc' dir='ltr'><strong>Α</strong></span> <span class='ocrx_word' id='word_1_14' title='bbox 2260 493 2381 554; x_wconf 90' lang='lat' dir='ltr'><strong>dus,</strong></span> <span class='ocrx_word' id='word_1_15' title='bbox 2407 491 2727 549; x_wconf 72' lang='lat' dir='ltr'><strong>venerabilis</strong></span> <span class='ocrx_word' id='word_1_16' title='bbox 2755 491 3074 564; x_wconf 78' lang='lat' dir='ltr'><strong>episcopus,</strong></span> <span class='ocrx_word' id='word_1_17' title='bbox 3098 497 3329 565; x_wconf 76' lang='lat' dir='ltr'><strong>paratus</strong></span> <span class='ocrx_word' id='word_1_18' title='bbox 3352 498 3419 554; x_wconf 80' lang='lat' dir='ltr'><strong>sit</strong></span> <span class='ocrx_word' id='word_1_19' title='bbox 3455 516 3601 557; x_wconf 78' lang='lat' dir='ltr'><strong>omni</strong></span> <span class='ocrx_word' id='word_1_20' title='bbox 3635 508 3848 577; x_wconf 72' lang='lat' dir='ltr'><strong>regula—</strong></span> 
     </span>
    </p>
   </div>
   <div class='ocr_carea' id='block_1_5' title="bbox 572 584 2152 656">
    <p class='ocr_par' dir='ltr' id='par_1_5' title="bbox 572 584 2152 656">
     <span class='ocr_line' id='line_1_5' title="bbox 572 584 2152 656; baseline -0.001 -16"><span class='ocrx_word' id='word_1_21' title='bbox 572 588 782 652; x_wconf 76' lang='lat' dir='ltr'><strong>fecerit,</strong></span> <span class='ocrx_word' id='word_1_22' title='bbox 821 602 849 640; x_wconf 91' lang='lat' dir='ltr'><strong>a</strong></span> <span class='ocrx_word' id='word_1_23' title='bbox 879 601 985 656; x_wconf 91' lang='lat' dir='ltr'><strong>quo</strong></span> <span class='ocrx_word' id='word_1_24' title='bbox 1028 584 1441 655; x_wconf 88' lang='lat' dir='ltr'><strong>quingentorum</strong></span> <span class='ocrx_word' id='word_1_25' title='bbox 1480 584 1702 639; x_wconf 73' lang='lat' dir='ltr'><strong>circiter</strong></span> <span class='ocrx_word' id='word_1_26' title='bbox 1739 598 2003 638; x_wconf 90' lang='lat' dir='ltr'><strong>annorum</strong></span> <span class='ocrx_word' id='word_1_27' title='bbox 2028 599 2152 639; x_wconf 84' lang='lat' dir='ltr'><strong>cur-</strong></span> 
     </span>
    </p>
   </div>
   <div class='ocr_carea' id='block_1_6' title="bbox 571 674 2149 748">
    <p class='ocr_par' dir='ltr' id='par_1_6' title="bbox 571 674 2149 748">
     <span class='ocr_line' id='line_1_6' title="bbox 571 674 2149 748; baseline -0.004 -14"><span class='ocrx_word' id='word_1_28' title='bbox 571 679 741 736; x_wconf 90' lang='lat' dir='ltr'><strong>rieula</strong></span> <span class='ocrx_word' id='word_1_29' title='bbox 780 692 948 748; x_wconf 88' lang='lat' dir='ltr'><strong>usque</strong></span> <span class='ocrx_word' id='word_1_30' title='bbox 980 678 1047 731; x_wconf 86' lang='lat' dir='ltr'><strong>ad</strong></span> <span class='ocrx_word' id='word_1_31' title='bbox 1076 692 1137 732; x_wconf 88' lang='lat' dir='ltr'><strong>se</strong></span> <span class='ocrx_word' id='word_1_32' title='bbox 1173 676 1423 731; x_wconf 88' lang='lat' dir='ltr'><strong>devoluta</strong></span> <span class='ocrx_word' id='word_1_33' title='bbox 1454 683 1706 746; x_wconf 88' lang='lat' dir='ltr'><strong>poterant</strong></span> <span class='ocrx_word' id='word_1_34' title='bbox 1742 674 2149 744; x_wconf 89' lang='lat' dir='ltr'><strong>comprehendi.</strong></span> 
     </span>
    </p>
   </div>
   <div class='ocr_carea' id='block_1_7' title="bbox 568 765 2155 839">
    <p class='ocr_par' dir='ltr' id='par_1_7' title="bbox 568 765 2155 839">
     <span class='ocr_line' id='line_1_7' title="bbox 568 765 2155 839; baseline -0.006 -12"><span class='ocrx_word' id='word_1_35' title='bbox 568 768 819 827; x_wconf 75' lang='lat' dir='ltr'><strong>Christus</strong></span> <span class='ocrx_word' id='word_1_36' title='bbox 863 770 1007 825; x_wconf 89' lang='lat' dir='ltr'><strong>enim</strong></span> <span class='ocrx_word' id='word_1_37' title='bbox 1036 767 1312 839; x_wconf 87' lang='lat' dir='ltr'><strong>privilegia</strong></span> <span class='ocrx_word' id='word_1_38' title='bbox 1365 767 1655 822; x_wconf 84' lang='lat' dir='ltr'><strong>constituta</strong></span> <span class='ocrx_word' id='word_1_39' title='bbox 1691 767 1744 820; x_wconf 92' lang='lat' dir='ltr'><strong>in</strong></span> <span class='ocrx_word' id='word_1_40' title='bbox 1790 765 2155 835; x_wconf 65' lang='lat' dir='ltr'><strong>Prtmdispo-</strong></span> 
     </span>
    </p>
   </div>
   <div class='ocr_carea' id='block_1_8' title="bbox 568 856 2153 923">
    <p class='ocr_par' dir='ltr' id='par_1_8' title="bbox 568 856 2153 923">
     <span class='ocr_line' id='line_1_8' title="bbox 568 856 2153 923; baseline -0.005 -7"><span class='ocrx_word' id='word_1_41' title='bbox 568 862 671 916; x_wconf 78' lang='lat' dir='ltr'><strong>sita</strong></span> <span class='ocrx_word' id='word_1_42' title='bbox 701 861 783 916; x_wconf 88' lang='lat' dir='ltr'><strong>vel</strong></span> <span class='ocrx_word' id='word_1_43' title='bbox 833 859 1041 915; x_wconf 82' lang='lat' dir='ltr'><strong>ﬁrmata</strong></span> <span class='ocrx_word' id='word_1_44' title='bbox 1084 859 1340 914; x_wconf 71' lang='lat' dir='ltr'><strong>Romana:</strong></span> <span class='ocrx_word' id='word_1_45' title='bbox 1391 858 1617 912; x_wconf 90' lang='lat' dir='ltr'><strong>contulit</strong></span> <span class='ocrx_word' id='word_1_46' title='bbox 1657 856 1931 918; x_wconf 72' lang='lat' dir='ltr'><strong>Ecclesizc,</strong></span> <span class='ocrx_word' id='word_1_47' title='bbox 1990 869 2153 923; x_wconf 87' lang='lat' dir='ltr'><strong>super</strong></span> 
     </span>
    </p>
   </div>
   <div class='ocr_carea' id='block_1_9' title="bbox 566 947 2151 1022">
    <p class='ocr_par' dir='ltr' id='par_1_9' title="bbox 566 947 2151 1022">
     <span class='ocr_line' id='line_1_9' title="bbox 566 947 2151 1022; baseline -0.004 -16"><span class='ocrx_word' id='word_1_48' title='bbox 566 967 733 1021; x_wconf 86' lang='lat' dir='ltr'><strong>quam</strong></span> <span class='ocrx_word' id='word_1_49' title='bbox 774 950 906 1007; x_wconf 80' lang='lat' dir='ltr'><strong>nihil</strong></span> <span class='ocrx_word' id='word_1_50' title='bbox 948 950 1182 1022; x_wconf 78' lang='lat' dir='ltr'><strong>synodus</strong></span> <span class='ocrx_word' id='word_1_51' title='bbox 1222 949 1471 1019; x_wconf 71' lang='lat' dir='ltr'><strong>quaelibet</strong></span> <span class='ocrx_word' id='word_1_52' title='bbox 1511 963 1639 1002; x_wconf 89' lang='lat' dir='ltr'><strong>ausa</strong></span> <span class='ocrx_word' id='word_1_53' title='bbox 1675 956 1757 1001; x_wconf 89' lang='lat' dir='ltr'><strong>est</strong></span> <span class='ocrx_word' id='word_1_54' title='bbox 1802 947 1995 1001; x_wconf 88' lang='lat' dir='ltr'><strong>merito</strong></span> <span class='ocrx_word' id='word_1_55' title='bbox 2022 962 2151 1001; x_wconf 81' lang='lat' dir='ltr'><strong>cou-</strong></span> 
     </span>
    </p>
   </div>
   <div class='ocr_carea' id='block_1_10' title="bbox 563 1025 2153 1107">
    <p class='ocr_par' dir='ltr' id='par_1_10' title="bbox 563 1025 2153 1107">
     <span class='ocr_line' id='line_1_10' title="bbox 563 1025 2153 1107; baseline -0.004 -11"><span class='ocrx_word' id='word_1_56' title='bbox 563 1044 810 1107; x_wconf 83' lang='lat' dir='ltr'><strong>stituere,</strong></span> <span class='ocrx_word' id='word_1_57' title='bbox 854 1057 977 1096; x_wconf 90' lang='lat' dir='ltr'><strong>cum</strong></span> <span class='ocrx_word' id='word_1_58' title='bbox 1023 1043 1159 1096; x_wconf 80' lang='lat' dir='ltr'><strong>sciat</strong></span> <span class='ocrx_word' id='word_1_59' title='bbox 1189 1042 1369 1095; x_wconf 85' lang='lat' dir='ltr'><strong>omnia</strong></span> <span class='ocrx_word' id='word_1_60' title='bbox 1401 1039 1475 1094; x_wconf 89' lang='lat' dir='ltr'><strong>illi</strong></span> <span class='ocrx_word' id='word_1_61' title='bbox 1510 1040 1715 1095; x_wconf 89' lang='lat' dir='ltr'><strong>Domini</strong></span> <span class='ocrx_word' id='word_1_62' title='bbox 1749 1025 1997 1093; x_wconf 82' lang='lat' dir='ltr'><strong>sermone</strong></span> <span class='ocrx_word' id='word_1_63' title='bbox 2027 1052 2153 1092; x_wconf 87' lang='lat' dir='ltr'><strong>con-</strong></span> 
     </span>
    </p>
   </div>
   <div class='ocr_carea' id='block_1_11' title="bbox 560 1127 2148 1203">
    <p class='ocr_par' dir='ltr' id='par_1_11' title="bbox 560 1127 2148 1203">
     <span class='ocr_line' id='line_1_11' title="bbox 560 1127 2148 1203; baseline -0.003 -17"><span class='ocrx_word' id='word_1_64' title='bbox 560 1145 736 1186; x_wconf 87' lang='lat' dir='ltr'><strong>cessa.</strong></span> <span class='ocrx_word' id='word_1_65' title='bbox 779 1132 1239 1203; x_wconf 83' lang='lat' dir='ltr'><strong>Dispensationem</strong></span> <span class='ocrx_word' id='word_1_66' title='bbox 1276 1132 1474 1201; x_wconf 82' lang='lat' dir='ltr'><strong>quippe</strong></span> <span class='ocrx_word' id='word_1_67' title='bbox 1519 1128 1905 1199; x_wconf 84' lang='lat' dir='ltr'><strong>redemptionis</strong></span> <span class='ocrx_word' id='word_1_68' title='bbox 1930 1127 2148 1182; x_wconf 83' lang='lat' dir='ltr'><strong>humani</strong></span> 
     </span>
    </p>
   </div>
   <div class='ocr_carea' id='block_1_12' title="bbox 561 1218 2166 1291">
    <p class='ocr_par' dir='ltr' id='par_1_12' title="bbox 561 1218 2166 1291">
     <span class='ocr_line' id='line_1_12' title="bbox 561 1218 2166 1291; baseline -0.002 -17"><span class='ocrx_word' id='word_1_69' title='bbox 561 1220 779 1289; x_wconf 78' lang='lat' dir='ltr'><strong>generis</strong></span> <span class='ocrx_word' id='word_1_70' title='bbox 807 1228 933 1275; x_wconf 85' lang='lat' dir='ltr'><strong>ante</strong></span> <span class='ocrx_word' id='word_1_71' title='bbox 955 1229 1194 1291; x_wconf 88' lang='lat' dir='ltr'><strong>tempora</strong></span> <span class='ocrx_word' id='word_1_72' title='bbox 1226 1219 1501 1275; x_wconf 62' lang='lat' dir='ltr'><strong>saecularia</strong></span> <span class='ocrx_word' id='word_1_73' title='bbox 1533 1218 1789 1274; x_wconf 88' lang='lat' dir='ltr'><strong>Dominus</strong></span> <span class='ocrx_word' id='word_1_74' title='bbox 1808 1218 2166 1287; x_wconf 76' lang='lat' dir='ltr'><strong>omnipotens</strong></span> 
     </span>
    </p>
   </div>
   <div class='ocr_carea' id='block_1_13' title="bbox 558 1314 2151 1383">
    <p class='ocr_par' dir='ltr' id='par_1_13' title="bbox 558 1314 2151 1383">
     <span class='ocr_line' id='line_1_13' title="bbox 558 1314 2151 1383; baseline 0.001 -14"><span class='ocrx_word' id='word_1_75' title='bbox 558 1329 728 1383; x_wconf 89' lang='lat' dir='ltr'><strong>penes</strong></span> <span class='ocrx_word' id='word_1_76' title='bbox 761 1330 820 1369; x_wconf 90' lang='lat' dir='ltr'><strong>se</strong></span> <span class='ocrx_word' id='word_1_77' title='bbox 867 1316 1170 1369; x_wconf 88' lang='lat' dir='ltr'><strong>ordinatam</strong></span> <span class='ocrx_word' id='word_1_78' title='bbox 1209 1314 1515 1370; x_wconf 87' lang='lat' dir='ltr'><strong>custodiens</strong></span> <span class='ocrx_word' id='word_1_79' title='bbox 1544 1354 1559 1380; x_wconf 95' lang='lat'><strong>,</strong></span> <span class='ocrx_word' id='word_1_80' title='bbox 1607 1321 1662 1367; x_wconf 89' lang='lat' dir='ltr'><strong>et</strong></span> <span class='ocrx_word' id='word_1_81' title='bbox 1705 1323 1945 1383; x_wconf 87' lang='lat' dir='ltr'><strong>tempore</strong></span> <span class='ocrx_word' id='word_1_82' title='bbox 1972 1315 2151 1370; x_wconf 89' lang='lat' dir='ltr'><strong>carnis</strong></span> 
     </span>
    </p>
   </div>
   <div class='ocr_carea' id='block_1_14' title="bbox 558 1406 2147 1478">
    <p class='ocr_par' dir='ltr' id='par_1_14' title="bbox 558 1406 2147 1478">
     <span class='ocr_line' id='line_1_14' title="bbox 558 1406 2147 1478; baseline 0 -16"><span class='ocrx_word' id='word_1_83' title='bbox 558 1407 874 1471; x_wconf 83' lang='lat' dir='ltr'><strong>ostendens,</strong></span> <span class='ocrx_word' id='word_1_84' title='bbox 918 1424 1245 1464; x_wconf 80' lang='lat' dir='ltr'><strong>ascensurus</strong></span> <span class='ocrx_word' id='word_1_85' title='bbox 1275 1408 1340 1462; x_wconf 88' lang='lat' dir='ltr'><strong>ad</strong></span> <span class='ocrx_word' id='word_1_86' title='bbox 1377 1406 1566 1469; x_wconf 77' lang='lat' dir='ltr'><strong>cmlos,</strong></span> <span class='ocrx_word' id='word_1_87' title='bbox 1616 1407 1669 1463; x_wconf 90' lang='lat' dir='ltr'><strong>in</strong></span> <span class='ocrx_word' id='word_1_88' title='bbox 1702 1407 1928 1478; x_wconf 80' lang='lat' dir='ltr'><strong>apostoli</strong></span> <span class='ocrx_word' id='word_1_89' title='bbox 1981 1406 2147 1473; x_wconf 87' lang='lat' dir='ltr'><strong>Petri,</strong></span> 
     </span>
    </p>
   </div>
   <div class='ocr_carea' id='block_1_15' title="bbox 560 1499 2151 1571">
    <p class='ocr_par' dir='ltr' id='par_1_15' title="bbox 560 1499 2151 1571">
     <span class='ocr_line' id='line_1_15' title="bbox 560 1499 2151 1571; baseline 0.001 -19"><span class='ocrx_word' id='word_1_90' title='bbox 560 1512 659 1568; x_wconf 88' lang='lat' dir='ltr'><strong>per</strong></span> <span class='ocrx_word' id='word_1_91' title='bbox 680 1516 842 1569; x_wconf 85' lang='lat' dir='ltr'><strong>quam</strong></span> <span class='ocrx_word' id='word_1_92' title='bbox 868 1508 922 1554; x_wconf 90' lang='lat' dir='ltr'><strong>et</strong></span> <span class='ocrx_word' id='word_1_93' title='bbox 948 1500 1275 1569; x_wconf 87' lang='lat' dir='ltr'><strong>apostolatus</strong></span> <span class='ocrx_word' id='word_1_94' title='bbox 1304 1510 1358 1555; x_wconf 90' lang='lat' dir='ltr'><strong>et</strong></span> <span class='ocrx_word' id='word_1_95' title='bbox 1383 1501 1727 1571; x_wconf 89' lang='lat' dir='ltr'><strong>episcopatus</strong></span> <span class='ocrx_word' id='word_1_96' title='bbox 1749 1499 1974 1569; x_wconf 85' lang='lat' dir='ltr'><strong>sumpsit</strong></span> <span class='ocrx_word' id='word_1_97' title='bbox 1995 1515 2151 1555; x_wconf 77' lang='lat' dir='ltr'><strong>exor-</strong></span> 
     </span>
    </p>
   </div>
   <div class='ocr_carea' id='block_1_16' title="bbox 558 1587 2147 1659">
    <p class='ocr_par' dir='ltr' id='par_1_16' title="bbox 558 1587 2147 1659">
     <span class='ocr_line' id='line_1_16' title="bbox 558 1587 2147 1659; baseline 0.001 -17"><span class='ocrx_word' id='word_1_98' title='bbox 558 1588 727 1655; x_wconf 90' lang='lat' dir='ltr'><strong>dium,</strong></span> <span class='ocrx_word' id='word_1_99' title='bbox 758 1588 1099 1645; x_wconf 71' lang='lat' dir='ltr'><strong>confessione</strong></span> <span class='ocrx_word' id='word_1_100' title='bbox 1126 1594 1361 1659; x_wconf 79' lang='lat' dir='ltr'><strong>curaque</strong></span> <span class='ocrx_word' id='word_1_101' title='bbox 1403 1589 1671 1658; x_wconf 67' lang='lat' dir='ltr'><strong>praacipue</strong></span> <span class='ocrx_word' id='word_1_102' title='bbox 1694 1587 1976 1644; x_wconf 79' lang='lat' dir='ltr'><strong>collocavit</strong></span> <span class='ocrx_word' id='word_1_103' title='bbox 2001 1604 2015 1652; x_wconf 93' lang='lat'><strong>;</strong></span> <span class='ocrx_word' id='word_1_104' title='bbox 2058 1588 2147 1657; x_wconf 88' lang='lat' dir='ltr'><strong>qui</strong></span> 
     </span>
    </p>
   </div>
   <div class='ocr_carea' id='block_1_17' title="bbox 559 1680 2146 1753">
    <p class='ocr_par' dir='ltr' id='par_1_17' title="bbox 559 1680 2146 1753">
     <span class='ocr_line' id='line_1_17' title="bbox 559 1680 2146 1753; baseline 0 -18"><span class='ocrx_word' id='word_1_105' title='bbox 559 1689 691 1736; x_wconf 84' lang='lat' dir='ltr'><strong>tunc</strong></span> <span class='ocrx_word' id='word_1_106' title='bbox 721 1696 818 1751; x_wconf 90' lang='lat' dir='ltr'><strong>per</strong></span> <span class='ocrx_word' id='word_1_107' title='bbox 832 1697 890 1738; x_wconf 88' lang='lat' dir='ltr'><strong>se</strong></span> <span class='ocrx_word' id='word_1_108' title='bbox 907 1690 961 1737; x_wconf 91' lang='lat' dir='ltr'><strong>et</strong></span> <span class='ocrx_word' id='word_1_109' title='bbox 980 1682 1233 1753; x_wconf 88' lang='lat' dir='ltr'><strong>deinceps</strong></span> <span class='ocrx_word' id='word_1_110' title='bbox 1258 1697 1354 1753; x_wconf 90' lang='lat' dir='ltr'><strong>per</strong></span> <span class='ocrx_word' id='word_1_111' title='bbox 1375 1697 1484 1737; x_wconf 80' lang='lat' dir='ltr'><strong>suae</strong></span> <span class='ocrx_word' id='word_1_112' title='bbox 1499 1680 1874 1736; x_wconf 80' lang='lat' dir='ltr'><strong>sollicitudinis</strong></span> <span class='ocrx_word' id='word_1_113' title='bbox 1884 1681 2146 1746; x_wconf 72' lang='lat' dir='ltr'><strong>hteredes,</strong></span> 
     </span>
    </p>
   </div>
   <div class='ocr_carea' id='block_1_18' title="bbox 550 1774 2148 1847">
    <p class='ocr_par' dir='ltr' id='par_1_18' title="bbox 550 1774 2148 1847">
     <span class='ocr_line' id='line_1_18' title="bbox 550 1774 2148 1847; baseline -0.001 -18"><span class='ocrx_word' id='word_1_114' title='bbox 550 1774 704 1830; x_wconf 85' lang='lat' dir='ltr'><strong>circa</strong></span> <span class='ocrx_word' id='word_1_115' title='bbox 724 1774 1029 1831; x_wconf 90' lang='lat' dir='ltr'><strong>humanum</strong></span> <span class='ocrx_word' id='word_1_116' title='bbox 1060 1790 1250 1847; x_wconf 89' lang='lat' dir='ltr'><strong>genus,</strong></span> <span class='ocrx_word' id='word_1_117' title='bbox 1300 1791 1420 1846; x_wconf 58' lang='lat' dir='ltr'><strong>quae</strong></span> <span class='ocrx_word' id='word_1_118' title='bbox 1464 1775 1566 1831; x_wconf 90' lang='lat' dir='ltr'><strong>sibi</strong></span> <span class='ocrx_word' id='word_1_119' title='bbox 1593 1774 1853 1830; x_wconf 89' lang='lat' dir='ltr'><strong>Dominus</strong></span> <span class='ocrx_word' id='word_1_120' title='bbox 1876 1789 2148 1830; x_wconf 89' lang='lat' dir='ltr'><strong>commen-</strong></span> 
     </span>
    </p>
   </div>
   <div class='ocr_carea' id='block_1_19' title="bbox 552 1842 2220 1931">
    <p class='ocr_par' dir='ltr' id='par_1_19' title="bbox 552 1842 2220 1931">
     <span class='ocr_line' id='line_1_19' title="bbox 552 1842 2220 1931; baseline 0.001 -13"><span class='ocrx_word' id='word_1_121' title='bbox 552 1864 725 1930; x_wconf 86' lang='lat' dir='ltr'><strong>davit,</strong></span> <span class='ocrx_word' id='word_1_122' title='bbox 778 1881 882 1922; x_wconf 89' lang='lat' dir='ltr'><strong>non</strong></span> <span class='ocrx_word' id='word_1_123' title='bbox 937 1842 1145 1921; x_wconf 74' lang='lat' dir='ltr'><strong>destitit</strong></span> <span class='ocrx_word' id='word_1_124' title='bbox 1191 1842 1465 1921; x_wconf 76' lang='lat' dir='ltr'><strong>exhibere.</strong></span> <span class='ocrx_word' id='word_1_125' title='bbox 1524 1865 1651 1921; x_wconf 73' lang='lat' dir='ltr'><strong>Hmc</strong></span> <span class='ocrx_word' id='word_1_126' title='bbox 1691 1867 1837 1921; x_wconf 91' lang='lat' dir='ltr'><strong>enim</strong></span> <span class='ocrx_word' id='word_1_127' title='bbox 1872 1865 1982 1931; x_wconf 90' lang='lat' dir='ltr'><strong>ille,</strong></span> <span class='ocrx_word' id='word_1_128' title='bbox 2030 1867 2145 1920; x_wconf 77' lang='lat' dir='ltr'><strong>lucc</strong></span> <span class='ocrx_word' id='word_1_129' title='bbox 2174 1842 2220 1905; x_wconf 78' lang='grc' dir='ltr'><strong>Β</strong></span> 
     </span>
    </p>
   </div>
   <div class='ocr_carea' id='block_1_20' title="bbox 553 1957 2144 2029">
    <p class='ocr_par' dir='ltr' id='par_1_20' title="bbox 553 1957 2144 2029">
     <span class='ocr_line' id='line_1_20' title="bbox 553 1957 2144 2029; baseline 0.001 -18"><span class='ocrx_word' id='word_1_130' title='bbox 553 1972 898 2014; x_wconf 75' lang='lat' dir='ltr'><strong>successores</strong></span> <span class='ocrx_word' id='word_1_131' title='bbox 940 1959 1055 2029; x_wconf 89' lang='lat' dir='ltr'><strong>ejus</strong></span> <span class='ocrx_word' id='word_1_132' title='bbox 1082 1974 1148 2014; x_wconf 85' lang='lat' dir='ltr'><strong>ex</strong></span> <span class='ocrx_word' id='word_1_133' title='bbox 1193 1968 1320 2014; x_wconf 91' lang='lat' dir='ltr'><strong>tunc</strong></span> <span class='ocrx_word' id='word_1_134' title='bbox 1345 1974 1504 2029; x_wconf 87' lang='lat' dir='ltr'><strong>agere</strong></span> <span class='ocrx_word' id='word_1_135' title='bbox 1532 1975 1639 2014; x_wconf 90' lang='lat' dir='ltr'><strong>non</strong></span> <span class='ocrx_word' id='word_1_136' title='bbox 1660 1958 1936 2023; x_wconf 89' lang='lat' dir='ltr'><strong>omittunt,</strong></span> <span class='ocrx_word' id='word_1_137' title='bbox 1984 1957 2144 2013; x_wconf 87' lang='lat' dir='ltr'><strong>modo</strong></span> 
     </span>
    </p>
   </div>
   <div class='ocr_carea' id='block_1_21' title="bbox 546 2047 2144 2120">
    <p class='ocr_par' dir='ltr' id='par_1_21' title="bbox 546 2047 2144 2120">
     <span class='ocr_line' id='line_1_21' title="bbox 546 2047 2144 2120; baseline 0.003 -21"><span class='ocrx_word' id='word_1_138' title='bbox 546 2049 733 2105; x_wconf 74' lang='lat' dir='ltr'><strong>verbis</strong></span> <span class='ocrx_word' id='word_1_139' title='bbox 761 2090 775 2114; x_wconf 95' lang='lat'><strong>,</strong></span> <span class='ocrx_word' id='word_1_140' title='bbox 805 2050 967 2106; x_wconf 88' lang='lat' dir='ltr'><strong>modo</strong></span> <span class='ocrx_word' id='word_1_141' title='bbox 994 2051 1335 2106; x_wconf 87' lang='lat' dir='ltr'><strong>decretorum</strong></span> <span class='ocrx_word' id='word_1_142' title='bbox 1380 2065 1598 2105; x_wconf 90' lang='lat' dir='ltr'><strong>suorum</strong></span> <span class='ocrx_word' id='word_1_143' title='bbox 1642 2049 1879 2120; x_wconf 86' lang='lat' dir='ltr'><strong>epistolis</strong></span> <span class='ocrx_word' id='word_1_144' title='bbox 1904 2048 1972 2102; x_wconf 90' lang='lat' dir='ltr'><strong>ab</strong></span> <span class='ocrx_word' id='word_1_145' title='bbox 2012 2047 2144 2103; x_wconf 87' lang='lat' dir='ltr'><strong>urbe</strong></span> 
     </span>
    </p>
   </div>
   <div class='ocr_carea' id='block_1_22' title="bbox 553 2137 2141 2210">
    <p class='ocr_par' dir='ltr' id='par_1_22' title="bbox 553 2137 2141 2210">
     <span class='ocr_line' id='line_1_22' title="bbox 553 2137 2141 2210; baseline 0 -18"><span class='ocrx_word' id='word_1_146' title='bbox 553 2138 800 2195; x_wconf 80' lang='lat' dir='ltr'><strong>Romana</strong></span> <span class='ocrx_word' id='word_1_147' title='bbox 848 2139 1077 2196; x_wconf 77' lang='lat' dir='ltr'><strong>diversis</strong></span> <span class='ocrx_word' id='word_1_148' title='bbox 1129 2140 1462 2210; x_wconf 85' lang='lat' dir='ltr'><strong>temporibus</strong></span> <span class='ocrx_word' id='word_1_149' title='bbox 1501 2140 1665 2204; x_wconf 89' lang='lat' dir='ltr'><strong>datis,</strong></span> <span class='ocrx_word' id='word_1_150' title='bbox 1728 2137 2141 2193; x_wconf 90' lang='lat' dir='ltr'><strong>commissarum</strong></span> 
     </span>
    </p>
   </div>
   <div class='ocr_carea' id='block_1_23' title="bbox 554 2228 2139 2300">
    <p class='ocr_par' dir='ltr' id='par_1_23' title="bbox 554 2228 2139 2300">
     <span class='ocr_line' id='line_1_23' title="bbox 554 2228 2139 2300; baseline -0.001 -17"><span class='ocrx_word' id='word_1_151' title='bbox 554 2229 656 2284; x_wconf 82' lang='lat' dir='ltr'><strong>sibi</strong></span> <span class='ocrx_word' id='word_1_152' title='bbox 716 2231 895 2285; x_wconf 79' lang='lat' dir='ltr'><strong>ovium</strong></span> <span class='ocrx_word' id='word_1_153' title='bbox 955 2229 1344 2300; x_wconf 87' lang='lat' dir='ltr'><strong>providentiam</strong></span> <span class='ocrx_word' id='word_1_154' title='bbox 1403 2228 1769 2299; x_wconf 89' lang='lat' dir='ltr'><strong>principaliter</strong></span> <span class='ocrx_word' id='word_1_155' title='bbox 1805 2236 2139 2284; x_wconf 78' lang='lat' dir='ltr'><strong>exercentes.</strong></span> 
     </span>
    </p>
   </div>
   <div class='ocr_carea' id='block_1_24' title="bbox 552 2319 2137 2390">
    <p class='ocr_par' dir='ltr' id='par_1_24' title="bbox 552 2319 2137 2390">
     <span class='ocr_line' id='line_1_24' title="bbox 552 2319 2137 2390; baseline -0.001 -15"><span class='ocrx_word' id='word_1_156' title='bbox 552 2319 738 2390; x_wconf 67' lang='lat' dir='ltr'><strong>itaque</strong></span> <span class='ocrx_word' id='word_1_157' title='bbox 775 2320 1078 2376; x_wconf 73' lang='lat' dir='ltr'><strong>Rothadum</strong></span> <span class='ocrx_word' id='word_1_158' title='bbox 1120 2321 1467 2390; x_wconf 90' lang='lat' dir='ltr'><strong>episcopum,</strong></span> <span class='ocrx_word' id='word_1_159' title='bbox 1520 2320 1585 2375; x_wconf 90' lang='lat' dir='ltr'><strong>de</strong></span> <span class='ocrx_word' id='word_1_160' title='bbox 1614 2335 1721 2389; x_wconf 88' lang='lat' dir='ltr'><strong>quo</strong></span> <span class='ocrx_word' id='word_1_161' title='bbox 1754 2319 2013 2374; x_wconf 90' lang='lat' dir='ltr'><strong>hactenus</strong></span> <span class='ocrx_word' id='word_1_162' title='bbox 2038 2333 2137 2374; x_wconf 88' lang='lat' dir='ltr'><strong>no-</strong></span> 
     </span>
    </p>
   </div>
   <div class='ocr_carea' id='block_1_25' title="bbox 551 2411 2137 2483">
    <p class='ocr_par' dir='ltr' id='par_1_25' title="bbox 551 2411 2137 2483">
     <span class='ocr_line' id='line_1_25' title="bbox 551 2411 2137 2483; baseline -0.001 -16"><span class='ocrx_word' id='word_1_163' title='bbox 551 2414 684 2468; x_wconf 82' lang='lat' dir='ltr'><strong>stris</strong></span> <span class='ocrx_word' id='word_1_164' title='bbox 737 2413 1140 2483; x_wconf 86' lang='lat' dir='ltr'><strong>contempsistis</strong></span> <span class='ocrx_word' id='word_1_165' title='bbox 1198 2413 1419 2468; x_wconf 86' lang='lat' dir='ltr'><strong>obedire</strong></span> <span class='ocrx_word' id='word_1_166' title='bbox 1487 2412 1781 2474; x_wconf 90' lang='lat' dir='ltr'><strong>mandatis,</strong></span> <span class='ocrx_word' id='word_1_167' title='bbox 1839 2411 2054 2467; x_wconf 88' lang='lat' dir='ltr'><strong>tandem</strong></span> <span class='ocrx_word' id='word_1_168' title='bbox 2106 2426 2137 2465; x_wconf 88' lang='lat' dir='ltr'><strong>a</strong></span> 
     </span>
    </p>
   </div>
   <div class='ocr_carea' id='block_1_26' title="bbox 549 2503 2137 2574">
    <p class='ocr_par' dir='ltr' id='par_1_26' title="bbox 549 2503 2137 2574">
     <span class='ocr_line' id='line_1_26' title="bbox 549 2503 2137 2574; baseline -0.001 -14"><span class='ocrx_word' id='word_1_169' title='bbox 549 2503 725 2568; x_wconf 87' lang='lat' dir='ltr'><strong>nobis,</strong></span> <span class='ocrx_word' id='word_1_170' title='bbox 756 2503 863 2558; x_wconf 86' lang='lat' dir='ltr'><strong>imo</strong></span> <span class='ocrx_word' id='word_1_171' title='bbox 885 2520 915 2557; x_wconf 91' lang='lat' dir='ltr'><strong>a</strong></span> <span class='ocrx_word' id='word_1_172' title='bbox 948 2503 1076 2566; x_wconf 89' lang='lat' dir='ltr'><strong>Deo,</strong></span> <span class='ocrx_word' id='word_1_173' title='bbox 1105 2504 1334 2574; x_wconf 89' lang='lat' dir='ltr'><strong>pristino</strong></span> <span class='ocrx_word' id='word_1_174' title='bbox 1355 2503 1544 2574; x_wconf 81' lang='lat' dir='ltr'><strong>gradui</strong></span> <span class='ocrx_word' id='word_1_175' title='bbox 1572 2504 1876 2557; x_wconf 88' lang='lat' dir='ltr'><strong>restitutum</strong></span> <span class='ocrx_word' id='word_1_176' title='bbox 1909 2503 2137 2573; x_wconf 81' lang='lat' dir='ltr'><strong>benigne</strong></span> 
     </span>
    </p>
   </div>
   <div class='ocr_carea' id='block_1_27' title="bbox 549 2593 2133 2666">
    <p class='ocr_par' dir='ltr' id='par_1_27' title="bbox 549 2593 2133 2666">
     <span class='ocr_line' id='line_1_27' title="bbox 549 2593 2133 2666; baseline 0 -16"><span class='ocrx_word' id='word_1_177' title='bbox 549 2595 831 2666; x_wconf 86' lang='lat' dir='ltr'><strong>suscipite,</strong></span> <span class='ocrx_word' id='word_1_178' title='bbox 877 2597 1001 2666; x_wconf 85' lang='lat' dir='ltr'><strong>quia</strong></span> <span class='ocrx_word' id='word_1_179' title='bbox 1049 2595 1139 2651; x_wconf 88' lang='lat' dir='ltr'><strong>ille</strong></span> <span class='ocrx_word' id='word_1_180' title='bbox 1182 2595 1523 2666; x_wconf 87' lang='lat' dir='ltr'><strong>evangelieus</strong></span> <span class='ocrx_word' id='word_1_181' title='bbox 1569 2593 1709 2649; x_wconf 80' lang='lat' dir='ltr'><strong>[ilius</strong></span> <span class='ocrx_word' id='word_1_182' title='bbox 1769 2595 1982 2650; x_wconf 88' lang='lat' dir='ltr'><strong>rediens</strong></span> <span class='ocrx_word' id='word_1_183' title='bbox 2026 2612 2133 2651; x_wconf 92' lang='lat' dir='ltr'><strong>non</strong></span> 
     </span>
    </p>
   </div>
   <div class='ocr_carea' id='block_1_28' title="bbox 544 2685 2131 2758">
    <p class='ocr_par' dir='ltr' id='par_1_28' title="bbox 544 2685 2131 2758">
     <span class='ocr_line' id='line_1_28' title="bbox 544 2685 2131 2758; baseline -0.001 -15"><span class='ocrx_word' id='word_1_184' title='bbox 544 2688 722 2743; x_wconf 85' lang='lat' dir='ltr'><strong>solum</strong></span> <span class='ocrx_word' id='word_1_185' title='bbox 750 2688 950 2758; x_wconf 88' lang='lat' dir='ltr'><strong>suscipi</strong></span> <span class='ocrx_word' id='word_1_186' title='bbox 985 2688 1207 2753; x_wconf 88' lang='lat' dir='ltr'><strong>meruit,</strong></span> <span class='ocrx_word' id='word_1_187' title='bbox 1251 2688 1345 2742; x_wconf 86' lang='lat' dir='ltr'><strong>sed</strong></span> <span class='ocrx_word' id='word_1_188' title='bbox 1378 2695 1433 2741; x_wconf 92' lang='lat' dir='ltr'><strong>et</strong></span> <span class='ocrx_word' id='word_1_189' title='bbox 1462 2686 1653 2757; x_wconf 88' lang='lat' dir='ltr'><strong>dignus</strong></span> <span class='ocrx_word' id='word_1_190' title='bbox 1698 2685 1936 2757; x_wconf 82' lang='lat' dir='ltr'><strong>paternis</strong></span> <span class='ocrx_word' id='word_1_191' title='bbox 1981 2701 2131 2741; x_wconf 91' lang='lat' dir='ltr'><strong>com-</strong></span> 
     </span>
    </p>
   </div>
   <div class='ocr_carea' id='block_1_29' title="bbox 536 2776 2130 2851">
    <p class='ocr_par' dir='ltr' id='par_1_29' title="bbox 536 2776 2130 2851">
     <span class='ocr_line' id='line_1_29' title="bbox 536 2776 2130 2851; baseline -0.003 -16"><span class='ocrx_word' id='word_1_192' title='bbox 536 2780 790 2851; x_wconf 74' lang='lat' dir='ltr'><strong>plexibus</strong></span> <span class='ocrx_word' id='word_1_193' title='bbox 820 2780 1113 2843; x_wconf 87' lang='lat' dir='ltr'><strong>invenitur,</strong></span> <span class='ocrx_word' id='word_1_194' title='bbox 1142 2789 1198 2834; x_wconf 89' lang='lat' dir='ltr'><strong>et</strong></span> <span class='ocrx_word' id='word_1_195' title='bbox 1241 2778 1497 2834; x_wconf 89' lang='lat' dir='ltr'><strong>annulum</strong></span> <span class='ocrx_word' id='word_1_196' title='bbox 1521 2777 1644 2833; x_wconf 77' lang='lat' dir='ltr'><strong>fidei</strong></span> <span class='ocrx_word' id='word_1_197' title='bbox 1671 2778 1884 2849; x_wconf 87' lang='lat' dir='ltr'><strong>recipit,</strong></span> <span class='ocrx_word' id='word_1_198' title='bbox 1915 2786 1968 2833; x_wconf 90' lang='lat' dir='ltr'><strong>et</strong></span> <span class='ocrx_word' id='word_1_199' title='bbox 1994 2776 2130 2832; x_wconf 89' lang='lat' dir='ltr'><strong>stola</strong></span> 
     </span>
    </p>
   </div>
   <div class='ocr_carea' id='block_1_30' title="bbox 537 2871 2130 2943">
    <p class='ocr_par' dir='ltr' id='par_1_30' title="bbox 537 2871 2130 2943">
     <span class='ocr_line' id='line_1_30' title="bbox 537 2871 2130 2943; baseline -0.002 -14"><span class='ocrx_word' id='word_1_200' title='bbox 537 2874 928 2939; x_wconf 84' lang='lat' dir='ltr'><strong>circumdatur,</strong></span> <span class='ocrx_word' id='word_1_201' title='bbox 972 2889 1072 2943; x_wconf 89' lang='lat' dir='ltr'><strong>per</strong></span> <span class='ocrx_word' id='word_1_202' title='bbox 1114 2887 1278 2943; x_wconf 90' lang='lat' dir='ltr'><strong>quam</strong></span> <span class='ocrx_word' id='word_1_203' title='bbox 1309 2871 1436 2942; x_wconf 90' lang='lat' dir='ltr'><strong>quid</strong></span> <span class='ocrx_word' id='word_1_204' title='bbox 1479 2871 1623 2926; x_wconf 85' lang='lat' dir='ltr'><strong>aliud</strong></span> <span class='ocrx_word' id='word_1_205' title='bbox 1653 2887 1812 2940; x_wconf 90' lang='lat' dir='ltr'><strong>quam</strong></span> <span class='ocrx_word' id='word_1_206' title='bbox 1841 2871 2130 2927; x_wconf 85' lang='lat' dir='ltr'><strong>sacerdotii</strong></span> 
     </span>
    </p>
   </div>
   <div class='ocr_carea' id='block_1_31' title="bbox 539 2962 2129 3033">
    <p class='ocr_par' dir='ltr' id='par_1_31' title="bbox 539 2962 2129 3033">
     <span class='ocr_line' id='line_1_31' title="bbox 539 2962 2129 3033; baseline -0.001 -16"><span class='ocrx_word' id='word_1_207' title='bbox 539 2963 886 3019; x_wconf 84' lang='lat' dir='ltr'><strong>declarantur</strong></span> <span class='ocrx_word' id='word_1_208' title='bbox 917 2963 1191 3033; x_wconf 76' lang='lat' dir='ltr'><strong>insignia?</strong></span> <span class='ocrx_word' id='word_1_209' title='bbox 1240 2962 1348 3017; x_wconf 86' lang='lat' dir='ltr'><strong>Nec</strong></span> <span class='ocrx_word' id='word_1_210' title='bbox 1398 2962 1692 3032; x_wconf 85' lang='lat' dir='ltr'><strong>probabilis</strong></span> <span class='ocrx_word' id='word_1_211' title='bbox 1735 2963 1943 3017; x_wconf 79' lang='lat' dir='ltr'><strong>exstitit</strong></span> <span class='ocrx_word' id='word_1_212' title='bbox 1986 2962 2129 3032; x_wconf 86' lang='lat' dir='ltr'><strong>apud</strong></span> 
     </span>
    </p>
   </div>
   <div class='ocr_carea' id='block_1_32' title="bbox 539 3053 2127 3124">
    <p class='ocr_par' dir='ltr' id='par_1_32' title="bbox 539 3053 2127 3124">
     <span class='ocr_line' id='line_1_32' title="bbox 539 3053 2127 3124; baseline -0.001 -16"><span class='ocrx_word' id='word_1_213' title='bbox 539 3066 751 3123; x_wconf 86' lang='lat' dir='ltr'><strong>patrem</strong></span> <span class='ocrx_word' id='word_1_214' title='bbox 779 3056 959 3109; x_wconf 89' lang='lat' dir='ltr'><strong>senior</strong></span> <span class='ocrx_word' id='word_1_215' title='bbox 996 3055 1157 3119; x_wconf 83' lang='lat' dir='ltr'><strong>illius,</strong></span> <span class='ocrx_word' id='word_1_216' title='bbox 1188 3053 1329 3124; x_wconf 88' lang='lat' dir='ltr'><strong>quod</strong></span> <span class='ocrx_word' id='word_1_217' title='bbox 1357 3053 1549 3108; x_wconf 83' lang='lat' dir='ltr'><strong>invidit</strong></span> <span class='ocrx_word' id='word_1_218' title='bbox 1591 3063 1844 3123; x_wconf 89' lang='lat' dir='ltr'><strong>recepto:</strong></span> <span class='ocrx_word' id='word_1_219' title='bbox 1885 3069 1983 3108; x_wconf 87' lang='lat' dir='ltr'><strong>nec</strong></span> <span class='ocrx_word' id='word_1_220' title='bbox 2010 3065 2127 3108; x_wconf 89' lang='lat' dir='ltr'><strong>tan-</strong></span> 
     </span>
    </p>
   </div>
   <div class='ocr_carea' id='block_1_33' title="bbox 540 3142 2128 3213">
    <p class='ocr_par' dir='ltr' id='par_1_33' title="bbox 540 3142 2128 3213">
     <span class='ocr_line' id='line_1_33' title="bbox 540 3142 2128 3213; baseline 0 -17"><span class='ocrx_word' id='word_1_221' title='bbox 540 3154 653 3198; x_wconf 85' lang='lat' dir='ltr'><strong>tum</strong></span> <span class='ocrx_word' id='word_1_222' title='bbox 677 3144 854 3198; x_wconf 89' lang='lat' dir='ltr'><strong>meriti</strong></span> <span class='ocrx_word' id='word_1_223' title='bbox 883 3142 1070 3198; x_wconf 87' lang='lat' dir='ltr'><strong>habuit</strong></span> <span class='ocrx_word' id='word_1_224' title='bbox 1090 3158 1255 3212; x_wconf 89' lang='lat' dir='ltr'><strong>penes</strong></span> <span class='ocrx_word' id='word_1_225' title='bbox 1279 3151 1487 3211; x_wconf 89' lang='lat' dir='ltr'><strong>patrem</strong></span> <span class='ocrx_word' id='word_1_226' title='bbox 1510 3142 1926 3213; x_wconf 88' lang='lat' dir='ltr'><strong>perseverando,</strong></span> <span class='ocrx_word' id='word_1_227' title='bbox 1954 3158 2128 3212; x_wconf 80' lang='lat' dir='ltr'><strong>quan-</strong></span> 
     </span>
    </p>
   </div>
   <div class='ocr_carea' id='block_1_34' title="bbox 2258 582 3847 666">
    <p class='ocr_par' dir='ltr' id='par_1_34' title="bbox 2258 582 3847 666">
     <span class='ocr_line' id='line_1_34' title="bbox 2258 582 3847 666; baseline 0.011 -29"><span class='ocrx_word' id='word_1_228' title='bbox 2258 582 2391 638; x_wconf 88' lang='lat' dir='ltr'><strong>riter</strong></span> <span class='ocrx_word' id='word_1_229' title='bbox 2434 584 2676 654; x_wconf 89' lang='lat' dir='ltr'><strong>poscenti</strong></span> <span class='ocrx_word' id='word_1_230' title='bbox 2721 584 2787 639; x_wconf 87' lang='lat' dir='ltr'><strong>de</strong></span> <span class='ocrx_word' id='word_1_231' title='bbox 2821 597 2901 648; x_wconf 87' lang='lat' dir='ltr'><strong>se,</strong></span> <span class='ocrx_word' id='word_1_232' title='bbox 2950 586 3077 656; x_wconf 90' lang='lat' dir='ltr'><strong>quia</strong></span> <span class='ocrx_word' id='word_1_233' title='bbox 3106 586 3216 643; x_wconf 88' lang='lat' dir='ltr'><strong>Deo</strong></span> <span class='ocrx_word' id='word_1_234' title='bbox 3256 593 3494 661; x_wconf 91' lang='lat' dir='ltr'><strong>propitio</strong></span> <span class='ocrx_word' id='word_1_235' title='bbox 3537 594 3671 649; x_wconf 78' lang='lat' dir='ltr'><strong>nulli</strong></span> <span class='ocrx_word' id='word_1_236' title='bbox 3707 598 3847 666; x_wconf 80' lang='lat' dir='ltr'><strong>parti</strong></span> 
     </span>
    </p>
   </div>
   <div class='ocr_carea' id='block_1_35' title="bbox 2255 673 3848 759">
    <p class='ocr_par' dir='ltr' id='par_1_35' title="bbox 2255 673 3848 759">
     <span class='ocr_line' id='line_1_35' title="bbox 2255 673 3848 759; baseline 0.008 -31"><span class='ocrx_word' id='word_1_237' title='bbox 2255 673 2435 733; x_wconf 86' lang='lat' dir='ltr'><strong>favere</strong></span> <span class='ocrx_word' id='word_1_238' title='bbox 2474 676 2719 731; x_wconf 76' lang='lat' dir='ltr'><strong>voluntas</strong></span> <span class='ocrx_word' id='word_1_239' title='bbox 2764 686 2950 732; x_wconf 88' lang='lat' dir='ltr'><strong>contra</strong></span> <span class='ocrx_word' id='word_1_240' title='bbox 2989 677 3280 745; x_wconf 85' lang='lat' dir='ltr'><strong>justitiam,</strong></span> <span class='ocrx_word' id='word_1_241' title='bbox 3321 696 3506 738; x_wconf 87' lang='lat' dir='ltr'><strong>coram</strong></span> <span class='ocrx_word' id='word_1_242' title='bbox 3544 687 3694 740; x_wconf 85' lang='lat' dir='ltr'><strong>sedis</strong></span> <span class='ocrx_word' id='word_1_243' title='bbox 3720 703 3848 759; x_wconf 85' lang='lat' dir='ltr'><strong>apo-</strong></span> 
     </span>
    </p>
   </div>
   <div class='ocr_carea' id='block_1_36' title="bbox 2253 764 3849 843">
    <p class='ocr_par' dir='ltr' id='par_1_36' title="bbox 2253 764 3849 843">
     <span class='ocr_line' id='line_1_36' title="bbox 2253 764 3849 843; baseline 0.007 -20"><span class='ocrx_word' id='word_1_244' title='bbox 2253 768 2455 824; x_wconf 78' lang='lat' dir='ltr'><strong>stolica:</strong></span> <span class='ocrx_word' id='word_1_245' title='bbox 2483 770 2708 839; x_wconf 76' lang='lat' dir='ltr'><strong>przesule</strong></span> <span class='ocrx_word' id='word_1_246' title='bbox 2740 770 2965 824; x_wconf 82' lang='lat' dir='ltr'><strong>reddere</strong></span> <span class='ocrx_word' id='word_1_247' title='bbox 2997 764 3283 826; x_wconf 75' lang='lat' dir='ltr'><strong>rationem.</strong></span> <span class='ocrx_word' id='word_1_248' title='bbox 3341 774 3417 829; x_wconf 87' lang='lat' dir='ltr'><strong>Ita</strong></span> <span class='ocrx_word' id='word_1_249' title='bbox 3446 774 3743 831; x_wconf 76' lang='lat' dir='ltr'><strong>duntaxat.</strong></span> <span class='ocrx_word' id='word_1_250' title='bbox 3767 791 3849 843; x_wconf 84' lang='lat' dir='ltr'><strong>ut,</strong></span> 
     </span>
    </p>
   </div>
   <div class='ocr_carea' id='block_1_37' title="bbox 2253 859 3852 938">
    <p class='ocr_par' dir='ltr' id='par_1_37' title="bbox 2253 859 3852 938">
     <span class='ocr_line' id='line_1_37' title="bbox 2253 859 3852 938; baseline 0.007 -25"><span class='ocrx_word' id='word_1_251' title='bbox 2253 860 2548 914; x_wconf 88' lang='lat' dir='ltr'><strong>secundum</strong></span> <span class='ocrx_word' id='word_1_252' title='bbox 2587 859 2848 928; x_wconf 78' lang='lat' dir='ltr'><strong>majorum</strong></span> <span class='ocrx_word' id='word_1_253' title='bbox 2898 859 3286 926; x_wconf 80' lang='lat' dir='ltr'><strong>diflinitioues,</strong></span> <span class='ocrx_word' id='word_1_254' title='bbox 3338 872 3469 919; x_wconf 88' lang='lat' dir='ltr'><strong>ante</strong></span> <span class='ocrx_word' id='word_1_255' title='bbox 3494 867 3682 922; x_wconf 83' lang='lat' dir='ltr'><strong>omnia</strong></span> <span class='ocrx_word' id='word_1_256' title='bbox 3729 885 3852 938; x_wconf 64' lang='lat' dir='ltr'><strong>qua</strong></span> 
     </span>
    </p>
   </div>
   <div class='ocr_carea' id='block_1_38' title="bbox 2251 951 3852 1023">
    <p class='ocr_par' dir='ltr' id='par_1_38' title="bbox 2251 951 3852 1023">
     <span class='ocr_line' id='line_1_38' title="bbox 2251 951 3852 1023; baseline 0.006 -18"><span class='ocrx_word' id='word_1_257' title='bbox 2251 953 2401 1021; x_wconf 87' lang='lat' dir='ltr'><strong>prius</strong></span> <span class='ocrx_word' id='word_1_258' title='bbox 2430 952 2745 1022; x_wconf 86' lang='lat' dir='ltr'><strong>possederat</strong></span> <span class='ocrx_word' id='word_1_259' title='bbox 2774 952 2984 1021; x_wconf 88' lang='lat' dir='ltr'><strong>integro</strong></span> <span class='ocrx_word' id='word_1_260' title='bbox 3005 951 3129 1020; x_wconf 84' lang='lat' dir='ltr'><strong>jure</strong></span> <span class='ocrx_word' id='word_1_261' title='bbox 3158 954 3384 1023; x_wconf 88' lang='lat' dir='ltr'><strong>recipiat</strong></span> <span class='ocrx_word' id='word_1_262' title='bbox 3408 973 3424 1020; x_wconf 93' lang='lat'>;</span> <span class='ocrx_word' id='word_1_263' title='bbox 3465 957 3603 1012; x_wconf 86' lang='lat' dir='ltr'><strong>adeo</strong></span> <span class='ocrx_word' id='word_1_264' title='bbox 3640 968 3705 1013; x_wconf 90' lang='lat' dir='ltr'><strong>ut</strong></span> <span class='ocrx_word' id='word_1_265' title='bbox 3728 960 3852 1015; x_wconf 80' lang='lat' dir='ltr'><strong>talis</strong></span> 
     </span>
    </p>
   </div>
   <div class='ocr_carea' id='block_1_39' title="bbox 2252 1040 3855 1111">
    <p class='ocr_par' dir='ltr' id='par_1_39' title="bbox 2252 1040 3855 1111">
     <span class='ocr_line' id='line_1_39' title="bbox 2252 1040 3855 1111; baseline 0.005 -14"><span class='ocrx_word' id='word_1_266' title='bbox 2252 1041 2324 1097; x_wconf 86' lang='lat' dir='ltr'><strong>sit</strong></span> <span class='ocrx_word' id='word_1_267' title='bbox 2355 1040 2409 1095; x_wconf 93' lang='lat' dir='ltr'><strong>in</strong></span> <span class='ocrx_word' id='word_1_268' title='bbox 2451 1041 2702 1097; x_wconf 91' lang='lat' dir='ltr'><strong>omnibus</strong></span> <span class='ocrx_word' id='word_1_269' title='bbox 2753 1042 2931 1111; x_wconf 85' lang='lat' dir='ltr'><strong>qualis</strong></span> <span class='ocrx_word' id='word_1_270' title='bbox 2980 1051 3108 1098; x_wconf 90' lang='lat' dir='ltr'><strong>ante</strong></span> <span class='ocrx_word' id='word_1_271' title='bbox 3158 1047 3482 1101; x_wconf 88' lang='lat' dir='ltr'><strong>sententiam</strong></span> <span class='ocrx_word' id='word_1_272' title='bbox 3535 1057 3733 1104; x_wconf 84' lang='lat' dir='ltr'><strong>contra</strong></span> <span class='ocrx_word' id='word_1_273' title='bbox 3793 1065 3855 1106; x_wconf 81' lang='lat' dir='ltr'><strong>se</strong></span> 
     </span>
    </p>
   </div>
   <div class='ocr_carea' id='block_1_40' title="bbox 2251 1133 3852 1205">
    <p class='ocr_par' dir='ltr' id='par_1_40' title="bbox 2251 1133 3852 1205">
     <span class='ocr_line' id='line_1_40' title="bbox 2251 1133 3852 1205; baseline 0.004 -17"><span class='ocrx_word' id='word_1_274' title='bbox 2251 1134 2515 1205; x_wconf 76' lang='lat' dir='ltr'><strong>prolatam</strong></span> <span class='ocrx_word' id='word_1_275' title='bbox 2540 1133 2705 1189; x_wconf 87' lang='lat' dir='ltr'><strong>fuisse</strong></span> <span class='ocrx_word' id='word_1_276' title='bbox 2733 1134 3085 1203; x_wconf 77' lang='lat' dir='ltr'><strong>dignoscitur.</strong></span> <span class='ocrx_word' id='word_1_277' title='bbox 3111 1134 3311 1205; x_wconf 85' lang='lat' dir='ltr'><strong>Sicque</strong></span> <span class='ocrx_word' id='word_1_278' title='bbox 3335 1137 3577 1202; x_wconf 89' lang='lat' dir='ltr'><strong>demum,</strong></span> <span class='ocrx_word' id='word_1_279' title='bbox 3601 1139 3852 1195; x_wconf 84' lang='lat' dir='ltr'><strong>Ecclesia</strong></span> 
     </span>
    </p>
   </div>
   <div class='ocr_carea' id='block_1_41' title="bbox 2252 1220 3848 1298">
    <p class='ocr_par' dir='ltr' id='par_1_41' title="bbox 2252 1220 3848 1298">
     <span class='ocr_line' id='line_1_41' title="bbox 2252 1220 3848 1298; baseline 0.003 -18"><span class='ocrx_word' id='word_1_280' title='bbox 2252 1233 2502 1293; x_wconf 81' lang='lat' dir='ltr'><strong>recepta,</strong></span> <span class='ocrx_word' id='word_1_281' title='bbox 2556 1234 2611 1279; x_wconf 92' lang='lat' dir='ltr'><strong>et</strong></span> <span class='ocrx_word' id='word_1_282' title='bbox 2639 1226 2950 1296; x_wconf 74' lang='lat' dir='ltr'><strong>episcOpatu</strong></span> <span class='ocrx_word' id='word_1_283' title='bbox 3002 1225 3167 1281; x_wconf 89' lang='lat' dir='ltr'><strong>libera</strong></span> <span class='ocrx_word' id='word_1_284' title='bbox 3222 1220 3517 1283; x_wconf 83' lang='lat' dir='ltr'><strong>securitate</strong></span> <span class='ocrx_word' id='word_1_285' title='bbox 3569 1243 3848 1298; x_wconf 69' lang='lat' dir='ltr'><strong>possessa,</strong></span> 
     </span>
    </p>
   </div>
   <div class='ocr_carea' id='block_1_42' title="bbox 2250 1313 3847 1388">
    <p class='ocr_par' dir='ltr' id='par_1_42' title="bbox 2250 1313 3847 1388">
     <span class='ocr_line' id='line_1_42' title="bbox 2250 1313 3847 1388; baseline 0.003 -19"><span class='ocrx_word' id='word_1_286' title='bbox 2250 1315 2513 1385; x_wconf 80' lang='lat' dir='ltr'><strong>proximis</strong></span> <span class='ocrx_word' id='word_1_287' title='bbox 2534 1323 2589 1368; x_wconf 90' lang='lat' dir='ltr'><strong>et</strong></span> <span class='ocrx_word' id='word_1_288' title='bbox 2611 1314 2821 1378; x_wconf 86' lang='lat' dir='ltr'><strong>amicis,</strong></span> <span class='ocrx_word' id='word_1_289' title='bbox 2853 1313 3036 1379; x_wconf 85' lang='lat' dir='ltr'><strong>rebus,</strong></span> <span class='ocrx_word' id='word_1_290' title='bbox 3064 1324 3119 1371; x_wconf 91' lang='lat' dir='ltr'><strong>et</strong></span> <span class='ocrx_word' id='word_1_291' title='bbox 3141 1315 3274 1385; x_wconf 86' lang='lat' dir='ltr'><strong>ipsis</strong></span> <span class='ocrx_word' id='word_1_292' title='bbox 3297 1319 3591 1388; x_wconf 86' lang='lat' dir='ltr'><strong>resumptis</strong></span> <span class='ocrx_word' id='word_1_293' title='bbox 3614 1320 3847 1383; x_wconf 80' lang='lat' dir='ltr'><strong>viribus,</strong></span> 
     </span>
    </p>
   </div>
   <div class='ocr_carea' id='block_1_43' title="bbox 2252 1405 3847 1476">
    <p class='ocr_par' dir='ltr' id='par_1_43' title="bbox 2252 1405 3847 1476">
     <span class='ocr_line' id='line_1_43' title="bbox 2252 1405 3847 1476; baseline 0.004 -17"><span class='ocrx_word' id='word_1_294' title='bbox 2252 1405 2477 1461; x_wconf 84' lang='lat' dir='ltr'><strong>vestitus</strong></span> <span class='ocrx_word' id='word_1_295' title='bbox 2501 1420 2736 1476; x_wconf 89' lang='lat' dir='ltr'><strong>quoque,</strong></span> <span class='ocrx_word' id='word_1_296' title='bbox 2764 1414 2819 1460; x_wconf 86' lang='lat' dir='ltr'><strong>et</strong></span> <span class='ocrx_word' id='word_1_297' title='bbox 2854 1407 3226 1476; x_wconf 84' lang='lat' dir='ltr'><strong>spiritualihus</strong></span> <span class='ocrx_word' id='word_1_298' title='bbox 3252 1408 3405 1462; x_wconf 87' lang='lat' dir='ltr'><strong>annis</strong></span> <span class='ocrx_word' id='word_1_299' title='bbox 3437 1418 3640 1473; x_wconf 83' lang='lat' dir='ltr'><strong>tectus,</strong></span> <span class='ocrx_word' id='word_1_300' title='bbox 3682 1424 3847 1465; x_wconf 74' lang='lat' dir='ltr'><strong>accu-</strong></span> 
     </span>
    </p>
   </div>
   <div class='ocr_carea' id='block_1_44' title="bbox 2251 1496 3848 1572">
    <p class='ocr_par' dir='ltr' id='par_1_44' title="bbox 2251 1496 3848 1572">
     <span class='ocr_line' id='line_1_44' title="bbox 2251 1496 3848 1572; baseline 0.002 -20"><span class='ocrx_word' id='word_1_301' title='bbox 2251 1497 2520 1553; x_wconf 86' lang='lat' dir='ltr'><strong>satoribus</strong></span> <span class='ocrx_word' id='word_1_302' title='bbox 2569 1496 2890 1568; x_wconf 64' lang='lat' dir='ltr'><strong>respondeat</strong></span> <span class='ocrx_word' id='word_1_303' title='bbox 2922 1499 3056 1563; x_wconf 90' lang='lat' dir='ltr'><strong>suis,</strong></span> <span class='ocrx_word' id='word_1_304' title='bbox 3113 1510 3168 1554; x_wconf 87' lang='lat' dir='ltr'><strong>et</strong></span> <span class='ocrx_word' id='word_1_305' title='bbox 3200 1503 3341 1555; x_wconf 88' lang='lat' dir='ltr'><strong>unde</strong></span> <span class='ocrx_word' id='word_1_306' title='bbox 3388 1501 3699 1572; x_wconf 85' lang='lat' dir='ltr'><strong>impetitur,</strong></span> <span class='ocrx_word' id='word_1_307' title='bbox 3735 1502 3848 1571; x_wconf 81' lang='lat' dir='ltr'><strong>pte-</strong></span> 
     </span>
    </p>
   </div>
   <div class='ocr_carea' id='block_1_45' title="bbox 2253 1590 3848 1661">
    <p class='ocr_par' dir='ltr' id='par_1_45' title="bbox 2253 1590 3848 1661">
     <span class='ocr_line' id='line_1_45' title="bbox 2253 1590 3848 1661; baseline 0.001 -16"><span class='ocrx_word' id='word_1_308' title='bbox 2253 1591 2474 1645; x_wconf 82' lang='lat' dir='ltr'><strong>uissima</strong></span> <span class='ocrx_word' id='word_1_309' title='bbox 2521 1593 2734 1646; x_wconf 89' lang='lat' dir='ltr'><strong>studeat</strong></span> <span class='ocrx_word' id='word_1_310' title='bbox 2772 1593 2872 1647; x_wconf 89' lang='lat' dir='ltr'><strong>hos</strong></span> <span class='ocrx_word' id='word_1_311' title='bbox 2903 1593 2993 1661; x_wconf 85' lang='lat' dir='ltr'><strong>qui</strong></span> <span class='ocrx_word' id='word_1_312' title='bbox 3033 1590 3169 1647; x_wconf 87' lang='lat' dir='ltr'><strong>foris</strong></span> <span class='ocrx_word' id='word_1_313' title='bbox 3209 1601 3370 1661; x_wconf 84' lang='lat' dir='ltr'><strong>atque</strong></span> <span class='ocrx_word' id='word_1_314' title='bbox 3415 1594 3561 1649; x_wconf 80' lang='lat' dir='ltr'><strong>intus</strong></span> <span class='ocrx_word' id='word_1_315' title='bbox 3598 1604 3733 1649; x_wconf 87' lang='lat' dir='ltr'><strong>sunt</strong></span> <span class='ocrx_word' id='word_1_316' title='bbox 3760 1610 3848 1648; x_wconf 69' lang='lat' dir='ltr'><strong>sa-</strong></span> 
     </span>
    </p>
   </div>
   <div class='ocr_carea' id='block_1_46' title="bbox 2254 1680 2904 1737">
    <p class='ocr_par' dir='ltr' id='par_1_46' title="bbox 2254 1680 2904 1737">
     <span class='ocr_line' id='line_1_46' title="bbox 2254 1680 2904 1737; baseline -0.002 -1"><span class='ocrx_word' id='word_1_317' title='bbox 2254 1680 2556 1737; x_wconf 85' lang='lat' dir='ltr'><strong>tisfactione</strong></span> <span class='ocrx_word' id='word_1_318' title='bbox 2580 1681 2904 1737; x_wconf 82' lang='lat' dir='ltr'><strong>certilieare.</strong></span> 
     </span>
    </p>
   </div>
   <div class='ocr_carea' id='block_1_47' title="bbox 2923 1771 3161 1829">
    <p class='ocr_par' dir='ltr' id='par_1_47' title="bbox 2923 1771 3161 1829">
     <span class='ocr_line' id='line_1_47' title="bbox 2923 1771 3161 1829; baseline 0 -1"><span class='ocrx_word' id='word_1_319' title='bbox 2923 1771 3161 1829; x_wconf 74' lang='lat' dir='ltr'><strong>LXXVI.</strong></span> 
     </span>
    </p>
   </div>
   <div class='ocr_carea' id='block_1_48' title="bbox 2522 1878 3567 1922">
    <p class='ocr_par' dir='ltr' id='par_1_48' title="bbox 2522 1878 3567 1922">
     <span class='ocr_line' id='line_1_48' title="bbox 2522 1878 3567 1922; baseline 0.003 -5"><span class='ocrx_word' id='word_1_320' title='bbox 2522 1879 2590 1918; x_wconf 69' lang='lat' dir='ltr'><strong>AD</strong></span> <span class='ocrx_word' id='word_1_321' title='bbox 2613 1878 2822 1920; x_wconf 75' lang='lat' dir='ltr'><strong>CLEBUI</strong></span> <span class='ocrx_word' id='word_1_322' title='bbox 2848 1880 2918 1919; x_wconf 74' lang='lat' dir='ltr'><strong>ET</strong></span> <span class='ocrx_word' id='word_1_323' title='bbox 2941 1881 3144 1920; x_wconf 71' lang='grc' dir='ltr'><strong>Ριειιει</strong></span> <span class='ocrx_word' id='word_1_324' title='bbox 3172 1880 3567 1922; x_wconf 66' lang='grc' dir='ltr'><strong>ευεεειοκιαι.</strong></span> 
     </span>
    </p>
   </div>
   <div class='ocr_carea' id='block_1_49' title="bbox 2859 1955 3225 2027">
    <p class='ocr_par' dir='ltr' id='par_1_49' title="bbox 2859 1955 3225 2027">
     <span class='ocr_line' id='line_1_49' title="bbox 2859 1955 3225 2027; baseline -0.005 -17"><span class='ocrx_word' id='word_1_325' title='bbox 2859 1958 3039 2025; x_wconf 79' lang='lat' dir='ltr'><strong>(Anno</strong></span> <span class='ocrx_word' id='word_1_326' title='bbox 3073 1955 3225 2027; x_wconf 84' lang='lat'><strong>865.)</strong></span> 
     </span>
    </p>
   </div>
   <div class='ocr_carea' id='block_1_50' title="bbox 2247 2041 3842 2170">
    <p class='ocr_par' dir='ltr' id='par_1_50' title="bbox 2247 2041 3842 2170">
     <span class='ocr_line' id='line_1_50' title="bbox 2247 2041 3842 2170; baseline 0.003 -70"><span class='ocrx_word' id='word_1_327' title='bbox 2247 2041 2315 2100; x_wconf 85' lang='lat' dir='ltr'><strong>Ut</strong></span> <span class='ocrx_word' id='word_1_328' title='bbox 2359 2047 2651 2101; x_wconf 75' lang='lat' dir='ltr'><strong>restitutum</strong></span> <span class='ocrx_word' id='word_1_329' title='bbox 2675 2045 2775 2101; x_wconf 80' lang='lat' dir='ltr'><strong>sibi</strong></span> <span class='ocrx_word' id='word_1_330' title='bbox 2806 2045 3103 2128; x_wconf 64' lang='lat' dir='ltr'><strong>Rotundum</strong></span> <span class='ocrx_word' id='word_1_331' title='bbox 3130 2048 3427 2170; x_wconf 48' lang='lat' dir='ltr'><strong>ipiacopum</strong></span> <span class='ocrx_word' id='word_1_332' title='bbox 3453 2050 3600 2103; x_wconf 78' lang='lat' dir='ltr'><strong>omni</strong></span> <span class='ocrx_word' id='word_1_333' title='bbox 3645 2049 3842 2118; x_wconf 65' lang='lat' dir='ltr'><strong>alecto</strong></span> 
     </span>
     <span class='ocr_line' id='line_1_51' title="bbox 2895 2133 3177 2170; baseline 0 0"><span class='ocrx_word' id='word_1_334' title='bbox 2895 2133 3132 2170; x_wconf 76' lang='lat' dir='ltr'><strong>exetman</strong></span> <span class='ocrx_word' id='word_1_335' title='bbox 3159 2154 3177 2170; x_wconf 93' lang='lat'><strong>.</strong></span> 
     </span>
    </p>
   </div>
   <div class='ocr_carea' id='block_1_51' title="bbox 2895 2133 3177 2187">
    <p class='ocr_par' dir='ltr' id='par_1_51' title="bbox 2895 2133 3177 2187">
     <span class='ocr_line' id='line_1_52' title="bbox 2895 2133 3177 2187; baseline 0.004 -17"><span class='ocrx_word' id='word_1_336' title='bbox 2895 2133 3177 2187; x_wconf 70' lang='lat' dir='ltr'><strong>excipiam.</strong></span> 
     </span>
    </p>
   </div>
   <div class='ocr_carea' id='block_1_52' title="bbox 2739 2205 3333 2279">
    <p class='ocr_par' dir='ltr' id='par_1_52' title="bbox 2739 2205 3333 2279">
     <span class='ocr_line' id='line_1_53' title="bbox 2739 2205 3333 2279; baseline 0 -18"><span class='ocrx_word' id='word_1_337' title='bbox 2739 2206 2916 2279; x_wconf 82' lang='lat' dir='ltr'><strong>[Apud</strong></span> <span class='ocrx_word' id='word_1_338' title='bbox 2946 2206 3141 2273; x_wconf 85' lang='lat' dir='ltr'><strong>Mansi,</strong></span> <span class='ocrx_word' id='word_1_339' title='bbox 3177 2205 3333 2279; x_wconf 81' lang='lat' dir='ltr'><strong>ibid.]</strong></span> 
     </span>
    </p>
   </div>
   <div class='ocr_carea' id='block_1_53' title="bbox 2313 2297 3398 2370">
    <p class='ocr_par' dir='ltr' id='par_1_53' title="bbox 2313 2297 3398 2370">
     <span class='ocr_line' id='line_1_54' title="bbox 2313 2297 3398 2370; baseline -0.002 -16"><span class='ocrx_word' id='word_1_340' title='bbox 2313 2299 2471 2355; x_wconf 86' lang='lat' dir='ltr'><strong>Clero</strong></span> <span class='ocrx_word' id='word_1_341' title='bbox 2496 2307 2552 2354; x_wconf 93' lang='lat' dir='ltr'><strong>et</strong></span> <span class='ocrx_word' id='word_1_342' title='bbox 2577 2297 2719 2370; x_wconf 89' lang='lat' dir='ltr'><strong>plebi</strong></span> <span class='ocrx_word' id='word_1_343' title='bbox 2749 2299 3068 2354; x_wconf 90' lang='lat' dir='ltr'><strong>consistenti</strong></span> <span class='ocrx_word' id='word_1_344' title='bbox 3098 2298 3398 2353; x_wconf 89' lang='lat' dir='ltr'><strong>Suessioni.</strong></span> 
     </span>
    </p>
   </div>
   <div class='ocr_carea' id='block_1_54' title="bbox 2312 2389 3836 2459">
    <p class='ocr_par' dir='ltr' id='par_1_54' title="bbox 2312 2389 3836 2459">
     <span class='ocr_line' id='line_1_55' title="bbox 2312 2389 3836 2459; baseline 0.002 -14"><span class='ocrx_word' id='word_1_345' title='bbox 2312 2391 2465 2445; x_wconf 87' lang='lat' dir='ltr'><strong>Sicut</strong></span> <span class='ocrx_word' id='word_1_346' title='bbox 2496 2390 2737 2459; x_wconf 89' lang='lat' dir='ltr'><strong>priorum</strong></span> <span class='ocrx_word' id='word_1_347' title='bbox 2763 2397 3050 2459; x_wconf 88' lang='lat' dir='ltr'><strong>parentum</strong></span> <span class='ocrx_word' id='word_1_348' title='bbox 3078 2397 3162 2443; x_wconf 86' lang='lat' dir='ltr'><strong>est</strong></span> <span class='ocrx_word' id='word_1_349' title='bbox 3186 2390 3254 2443; x_wconf 88' lang='lat' dir='ltr'><strong>de</strong></span> <span class='ocrx_word' id='word_1_350' title='bbox 3293 2389 3528 2444; x_wconf 87' lang='lat' dir='ltr'><strong>orbitate</strong></span> <span class='ocrx_word' id='word_1_351' title='bbox 3583 2401 3836 2448; x_wconf 85' lang='lat' dir='ltr'><strong>natorum</strong></span> 
     </span>
    </p>
   </div>
   <div class='ocr_carea' id='block_1_55' title="bbox 2238 2478 3831 2549">
    <p class='ocr_par' dir='ltr' id='par_1_55' title="bbox 2238 2478 3831 2549">
     <span class='ocr_line' id='line_1_56' title="bbox 2238 2478 3831 2549; baseline -0.001 -12"><span class='ocrx_word' id='word_1_352' title='bbox 2238 2482 2350 2537; x_wconf 81' lang='lat' dir='ltr'><strong>aeri</strong></span> <span class='ocrx_word' id='word_1_353' title='bbox 2407 2481 2563 2536; x_wconf 85' lang='lat' dir='ltr'><strong>valde</strong></span> <span class='ocrx_word' id='word_1_354' title='bbox 2621 2480 3010 2535; x_wconf 80' lang='lat' dir='ltr'><strong>lamentatione</strong></span> <span class='ocrx_word' id='word_1_355' title='bbox 3071 2478 3293 2549; x_wconf 82' lang='lat' dir='ltr'><strong>lugere,</strong></span> <span class='ocrx_word' id='word_1_356' title='bbox 3371 2479 3449 2533; x_wconf 88' lang='lat' dir='ltr'><strong>ita</strong></span> <span class='ocrx_word' id='word_1_357' title='bbox 3509 2481 3831 2536; x_wconf 84' lang='lat' dir='ltr'><strong>devotorum</strong></span> 
     </span>
    </p>
   </div>
   <div class='ocr_carea' id='block_1_56' title="bbox 2238 2570 3831 2642">
    <p class='ocr_par' dir='ltr' id='par_1_56' title="bbox 2238 2570 3831 2642">
     <span class='ocr_line' id='line_1_57' title="bbox 2238 2570 3831 2642; baseline -0.001 -15"><span class='ocrx_word' id='word_1_358' title='bbox 2238 2572 2470 2627; x_wconf 81' lang='lat' dir='ltr'><strong>filiorum</strong></span> <span class='ocrx_word' id='word_1_359' title='bbox 2503 2573 2781 2642; x_wconf 89' lang='lat' dir='ltr'><strong>proprium</strong></span> <span class='ocrx_word' id='word_1_360' title='bbox 2805 2583 2886 2625; x_wconf 87' lang='lat' dir='ltr'><strong>est</strong></span> <span class='ocrx_word' id='word_1_361' title='bbox 2915 2573 2982 2625; x_wconf 88' lang='lat' dir='ltr'><strong>de</strong></span> <span class='ocrx_word' id='word_1_362' title='bbox 3008 2571 3180 2640; x_wconf 88' lang='lat' dir='ltr'><strong>patris</strong></span> <span class='ocrx_word' id='word_1_363' title='bbox 3202 2570 3498 2626; x_wconf 87' lang='lat' dir='ltr'><strong>amissione</strong></span> <span class='ocrx_word' id='word_1_364' title='bbox 3522 2574 3831 2628; x_wconf 81' lang='lat' dir='ltr'><strong>vehementi</strong></span> 
     </span>
    </p>
   </div>
   <div class='ocr_carea' id='block_1_57' title="bbox 2236 2664 3831 2735">
    <p class='ocr_par' dir='ltr' id='par_1_57' title="bbox 2236 2664 3831 2735">
     <span class='ocr_line' id='line_1_58' title="bbox 2236 2664 3831 2735; baseline 0.001 -14"><span class='ocrx_word' id='word_1_365' title='bbox 2236 2680 2471 2721; x_wconf 81' lang='lat' dir='ltr'><strong>maerore</strong></span> <span class='ocrx_word' id='word_1_366' title='bbox 2497 2664 2640 2720; x_wconf 72' lang='lat' dir='ltr'><strong>affici</strong></span> <span class='ocrx_word' id='word_1_367' title='bbox 2672 2674 2726 2719; x_wconf 92' lang='lat' dir='ltr'><strong>et</strong></span> <span class='ocrx_word' id='word_1_368' title='bbox 2749 2664 2943 2720; x_wconf 88' lang='lat' dir='ltr'><strong>ardore</strong></span> <span class='ocrx_word' id='word_1_369' title='bbox 2971 2664 3153 2719; x_wconf 88' lang='lat' dir='ltr'><strong>valido</strong></span> <span class='ocrx_word' id='word_1_370' title='bbox 3180 2664 3415 2719; x_wconf 87' lang='lat' dir='ltr'><strong>cruciari</strong></span> <span class='ocrx_word' id='word_1_371' title='bbox 3441 2681 3457 2729; x_wconf 92' lang='lat'><strong>;</strong></span> <span class='ocrx_word' id='word_1_372' title='bbox 3501 2680 3570 2720; x_wconf 90' lang='lat' dir='ltr'><strong>ac</strong></span> <span class='ocrx_word' id='word_1_373' title='bbox 3602 2682 3704 2735; x_wconf 87' lang='lat' dir='ltr'><strong>per</strong></span> <span class='ocrx_word' id='word_1_374' title='bbox 3726 2667 3831 2722; x_wconf 85' lang='lat' dir='ltr'><strong>hoc</strong></span> 
     </span>
    </p>
   </div>
   <div class='ocr_carea' id='block_1_58' title="bbox 2233 2755 3833 2827">
    <p class='ocr_par' dir='ltr' id='par_1_58' title="bbox 2233 2755 3833 2827">
     <span class='ocr_line' id='line_1_59' title="bbox 2233 2755 3833 2827; baseline 0.001 -16"><span class='ocrx_word' id='word_1_375' title='bbox 2233 2763 2424 2811; x_wconf 85' lang='lat' dir='ltr'><strong>contra</strong></span> <span class='ocrx_word' id='word_1_376' title='bbox 2472 2764 2722 2811; x_wconf 89' lang='lat' dir='ltr'><strong>naturam</strong></span> <span class='ocrx_word' id='word_1_377' title='bbox 2766 2755 3164 2824; x_wconf 87' lang='lat' dir='ltr'><strong>quodammodo</strong></span> <span class='ocrx_word' id='word_1_378' title='bbox 3214 2755 3410 2826; x_wconf 87' lang='lat' dir='ltr'><strong>agitur,</strong></span> <span class='ocrx_word' id='word_1_379' title='bbox 3462 2756 3509 2809; x_wconf 88' lang='lat' dir='ltr'><strong>si</strong></span> <span class='ocrx_word' id='word_1_380' title='bbox 3565 2771 3675 2811; x_wconf 80' lang='lat' dir='ltr'><strong>una</strong></span> <span class='ocrx_word' id='word_1_381' title='bbox 3704 2771 3833 2827; x_wconf 79' lang='lat' dir='ltr'><strong>pars</strong></span> 
     </span>
    </p>
   </div>
   <div class='ocr_carea' id='block_1_59' title="bbox 2231 2846 3830 2917">
    <p class='ocr_par' dir='ltr' id='par_1_59' title="bbox 2231 2846 3830 2917">
     <span class='ocr_line' id='line_1_60' title="bbox 2231 2846 3830 2917; baseline -0.001 -13"><span class='ocrx_word' id='word_1_382' title='bbox 2231 2848 2352 2904; x_wconf 88' lang='lat' dir='ltr'><strong>sine</strong></span> <span class='ocrx_word' id='word_1_383' title='bbox 2372 2847 2596 2903; x_wconf 87' lang='lat' dir='ltr'><strong>alterius</strong></span> <span class='ocrx_word' id='word_1_384' title='bbox 2622 2848 2793 2917; x_wconf 91' lang='lat' dir='ltr'><strong>partis</strong></span> <span class='ocrx_word' id='word_1_385' title='bbox 2817 2846 3078 2903; x_wconf 84' lang='lat' dir='ltr'><strong>societate</strong></span> <span class='ocrx_word' id='word_1_386' title='bbox 3099 2846 3353 2901; x_wconf 77' lang='lat' dir='ltr'><strong>anxietur</strong></span> <span class='ocrx_word' id='word_1_387' title='bbox 3395 2855 3454 2901; x_wconf 88' lang='lat' dir='ltr'><strong>et</strong></span> <span class='ocrx_word' id='word_1_388' title='bbox 3484 2846 3690 2902; x_wconf 85' lang='lat' dir='ltr'><strong>doleat.</strong></span> <span class='ocrx_word' id='word_1_389' title='bbox 3723 2849 3830 2903; x_wconf 83' lang='lat' dir='ltr'><strong>Sed</strong></span> 
     </span>
    </p>
   </div>
   <div class='ocr_carea' id='block_1_60' title="bbox 2232 2938 3827 3012">
    <p class='ocr_par' dir='ltr' id='par_1_60' title="bbox 2232 2938 3827 3012">
     <span class='ocr_line' id='line_1_61' title="bbox 2232 2938 3827 3012; baseline 0.001 -18"><span class='ocrx_word' id='word_1_390' title='bbox 2232 2940 2287 2994; x_wconf 87' lang='lat' dir='ltr'><strong>iu</strong></span> <span class='ocrx_word' id='word_1_391' title='bbox 2311 2939 2413 2995; x_wconf 90' lang='lat' dir='ltr'><strong>hoc</strong></span> <span class='ocrx_word' id='word_1_392' title='bbox 2441 2953 2538 2994; x_wconf 91' lang='lat' dir='ltr'><strong>vos</strong></span> <span class='ocrx_word' id='word_1_393' title='bbox 2560 2978 2575 3004; x_wconf 93' lang='lat'><strong>,</strong></span> <span class='ocrx_word' id='word_1_394' title='bbox 2623 2938 2930 2994; x_wconf 88' lang='lat' dir='ltr'><strong>cbarissimi</strong></span> <span class='ocrx_word' id='word_1_395' title='bbox 2961 2938 3075 3001; x_wconf 83' lang='lat' dir='ltr'><strong>lilii,</strong></span> <span class='ocrx_word' id='word_1_396' title='bbox 3108 2938 3249 2993; x_wconf 91' lang='lat' dir='ltr'><strong>sicut</strong></span> <span class='ocrx_word' id='word_1_397' title='bbox 3277 2940 3341 2994; x_wconf 79' lang='lat' dir='ltr'><strong>de</strong></span> <span class='ocrx_word' id='word_1_398' title='bbox 3381 2940 3537 2994; x_wconf 84' lang='lat' dir='ltr'><strong>vobis</strong></span> <span class='ocrx_word' id='word_1_399' title='bbox 3568 2939 3827 3012; x_wconf 74' lang='lat' dir='ltr'><strong>frequens</strong></span> 
     </span>
    </p>
   </div>
   <div class='ocr_carea' id='block_1_61' title="bbox 2230 3029 3824 3102">
    <p class='ocr_par' dir='ltr' id='par_1_61' title="bbox 2230 3029 3824 3102">
     <span class='ocr_line' id='line_1_62' title="bbox 2230 3029 3824 3102; baseline 0.001 -17"><span class='ocrx_word' id='word_1_400' title='bbox 2230 3038 2417 3086; x_wconf 88' lang='lat' dir='ltr'><strong>narrat</strong></span> <span class='ocrx_word' id='word_1_401' title='bbox 2442 3030 2640 3101; x_wconf 89' lang='lat' dir='ltr'><strong>opinio,</strong></span> <span class='ocrx_word' id='word_1_402' title='bbox 2690 3044 3048 3100; x_wconf 85' lang='lat' dir='ltr'><strong>nequaquam,</strong></span> <span class='ocrx_word' id='word_1_403' title='bbox 3092 3029 3202 3086; x_wconf 87' lang='lat' dir='ltr'><strong>Deo</strong></span> <span class='ocrx_word' id='word_1_404' title='bbox 3238 3030 3470 3100; x_wconf 81' lang='lat' dir='ltr'><strong>gratias,</strong></span> <span class='ocrx_word' id='word_1_405' title='bbox 3490 3030 3699 3102; x_wconf 84' lang='lat' dir='ltr'><strong>frigidi,</strong></span> <span class='ocrx_word' id='word_1_406' title='bbox 3729 3047 3824 3087; x_wconf 69' lang='grc' dir='ltr'><strong>ηο-</strong></span> 
     </span>
    </p>
   </div>
   <div class='ocr_carea' id='block_1_62' title="bbox 2228 3120 3826 3194">
    <p class='ocr_par' dir='ltr' id='par_1_62' title="bbox 2228 3120 3826 3194">
     <span class='ocr_line' id='line_1_63' title="bbox 2228 3120 3826 3194; baseline 0.001 -18"><span class='ocrx_word' id='word_1_407' title='bbox 2228 3138 2497 3194; x_wconf 89' lang='lat' dir='ltr'><strong>quaquam</strong></span> <span class='ocrx_word' id='word_1_408' title='bbox 2532 3121 2817 3178; x_wconf 82' lang='lat' dir='ltr'><strong>exstitistis</strong></span> <span class='ocrx_word' id='word_1_409' title='bbox 2846 3121 3066 3191; x_wconf 87' lang='lat' dir='ltr'><strong>ingrati.</strong></span> <span class='ocrx_word' id='word_1_410' title='bbox 3116 3120 3360 3191; x_wconf 86' lang='lat' dir='ltr'><strong>Denique</strong></span> <span class='ocrx_word' id='word_1_411' title='bbox 3403 3122 3590 3178; x_wconf 87' lang='lat' dir='ltr'><strong>nullus</strong></span> <span class='ocrx_word' id='word_1_412' title='bbox 3614 3122 3826 3178; x_wconf 80' lang='lat' dir='ltr'><strong>dubitat</strong></span> 
     </span>
    </p>
   </div>
   <div class='ocr_carea' id='block_1_63' title="bbox 536 3204 2128 3305">
    <p class='ocr_par' dir='ltr' id='par_1_63' title="bbox 536 3234 2118 3305">
     <span class='ocr_line' id='line_1_64' title="bbox 536 3234 2118 3305; baseline -0.001 -16"><span class='ocrx_word' id='word_1_413' title='bbox 536 3244 654 3289; x_wconf 89' lang='lat' dir='ltr'><strong>tum</strong></span> <span class='ocrx_word' id='word_1_414' title='bbox 716 3249 872 3290; x_wconf 74' lang='lat' dir='ltr'><strong>noxa:</strong></span> <span class='ocrx_word' id='word_1_415' title='bbox 929 3234 1201 3289; x_wconf 82' lang='lat' dir='ltr'><strong>contraxit</strong></span> <span class='ocrx_word' id='word_1_416' title='bbox 1251 3249 1357 3289; x_wconf 91' lang='lat' dir='ltr'><strong>non</strong></span> <span class='ocrx_word' id='word_1_417' title='bbox 1415 3234 1724 3305; x_wconf 87' lang='lat' dir='ltr'><strong>recipiendo</strong></span> <span class='ocrx_word' id='word_1_418' title='bbox 1781 3248 2118 3305; x_wconf 86' lang='lat' dir='ltr'><strong>germanum.</strong></span> 
     </span>
    </p>
   </div>
   <div class='ocr_carea' id='block_1_64' title="bbox 2228 3204 3820 3305">
    <p class='ocr_par' dir='ltr' id='par_1_64' title="bbox 2228 3204 3820 3284">
     <span class='ocr_line' id='line_1_65' title="bbox 2228 3204 3820 3284; baseline 0 -17"><span class='ocrx_word' id='word_1_419' title='bbox 2228 3228 2365 3284; x_wconf 90' lang='lat' dir='ltr'><strong>quas</strong></span> <span class='ocrx_word' id='word_1_420' title='bbox 2391 3211 2612 3268; x_wconf 86' lang='lat' dir='ltr'><strong>devotio</strong></span> <span class='ocrx_word' id='word_1_421' title='bbox 2633 3204 2833 3276; x_wconf 84' lang='lat' dir='ltr'><strong>vestra,</strong></span> <span class='ocrx_word' id='word_1_422' title='bbox 2860 3211 3081 3283; x_wconf 87' lang='lat' dir='ltr'><strong>proprio</strong></span> <span class='ocrx_word' id='word_1_423' title='bbox 3108 3211 3369 3266; x_wconf 82' lang='lat' dir='ltr'><strong>destituta</strong></span> <span class='ocrx_word' id='word_1_424' title='bbox 3398 3214 3673 3282; x_wconf 81' lang='lat' dir='ltr'><strong>praesidio,</strong></span> <span class='ocrx_word' id='word_1_425' title='bbox 3704 3216 3820 3284; x_wconf 82' lang='lat' dir='ltr'><strong>ipsa</strong></span> 
     </span>
    </p>
   </div>
   <div class='ocr_carea' id='block_1_65' title="bbox 536 3325 2122 3399">
    <p class='ocr_par' dir='ltr' id='par_1_65' title="bbox 536 3325 2122 3399">
     <span class='ocr_line' id='line_1_66' title="bbox 536 3325 2122 3399; baseline 0.001 -19"><span class='ocrx_word' id='word_1_426' title='bbox 536 3325 679 3399; x_wconf 82' lang='lat' dir='ltr'><strong>Ergo</strong></span> <span class='ocrx_word' id='word_1_427' title='bbox 707 3326 964 3398; x_wconf 86' lang='lat' dir='ltr'><strong>suscipite</strong></span> <span class='ocrx_word' id='word_1_428' title='bbox 996 3326 1145 3382; x_wconf 90' lang='lat' dir='ltr'><strong>illum</strong></span> <span class='ocrx_word' id='word_1_429' title='bbox 1174 3335 1235 3382; x_wconf 93' lang='lat' dir='ltr'><strong>ut</strong></span> <span class='ocrx_word' id='word_1_430' title='bbox 1260 3326 1506 3393; x_wconf 78' lang='lat' dir='ltr'><strong>fratrem,</strong></span> <span class='ocrx_word' id='word_1_431' title='bbox 1557 3327 1834 3398; x_wconf 88' lang='lat' dir='ltr'><strong>suscipite,</strong></span> <span class='ocrx_word' id='word_1_432' title='bbox 1881 3329 2122 3398; x_wconf 85' lang='lat' dir='ltr'><strong>inquam,</strong></span> 
     </span>
    </p>
   </div>
   <div class='ocr_carea' id='block_1_66' title="bbox 530 3416 2121 3488">
    <p class='ocr_par' dir='ltr' id='par_1_66' title="bbox 530 3416 2121 3488">
     <span class='ocr_line' id='line_1_67' title="bbox 530 3416 2121 3488; baseline 0.001 -18"><span class='ocrx_word' id='word_1_433' title='bbox 530 3417 686 3473; x_wconf 75' lang='lat' dir='ltr'><strong>illum</strong></span> <span class='ocrx_word' id='word_1_434' title='bbox 728 3426 788 3473; x_wconf 90' lang='lat' dir='ltr'><strong>ut</strong></span> <span class='ocrx_word' id='word_1_435' title='bbox 832 3431 950 3473; x_wconf 85' lang='lat' dir='ltr'><strong>mea</strong></span> <span class='ocrx_word' id='word_1_436' title='bbox 982 3417 1209 3473; x_wconf 86' lang='lat' dir='ltr'><strong>viscera.</strong></span> <span class='ocrx_word' id='word_1_437' title='bbox 1244 3416 1517 3472; x_wconf 90' lang='lat' dir='ltr'><strong>Sollicitos</strong></span> <span class='ocrx_word' id='word_1_438' title='bbox 1552 3425 1731 3472; x_wconf 89' lang='lat' dir='ltr'><strong>autem</strong></span> <span class='ocrx_word' id='word_1_439' title='bbox 1760 3433 1856 3474; x_wconf 90' lang='lat' dir='ltr'><strong>vos</strong></span> <span class='ocrx_word' id='word_1_440' title='bbox 1884 3433 1983 3488; x_wconf 88' lang='lat' dir='ltr'><strong>pro</strong></span> <span class='ocrx_word' id='word_1_441' title='bbox 2032 3434 2121 3473; x_wconf 87' lang='lat' dir='ltr'><strong>sa-</strong></span> 
     </span>
    </p>
   </div>
   <div class='ocr_carea' id='block_1_67' title="bbox 533 3505 2121 3575">
    <p class='ocr_par' dir='ltr' id='par_1_67' title="bbox 533 3505 2121 3575">
     <span class='ocr_line' id='line_1_68' title="bbox 533 3505 2121 3575; baseline 0.001 -15"><span class='ocrx_word' id='word_1_442' title='bbox 533 3508 646 3562; x_wconf 84' lang='lat' dir='ltr'><strong>lute</strong></span> <span class='ocrx_word' id='word_1_443' title='bbox 671 3505 900 3563; x_wconf 83' lang='lat' dir='ltr'><strong>libenter</strong></span> <span class='ocrx_word' id='word_1_444' title='bbox 924 3506 1124 3561; x_wconf 90' lang='lat' dir='ltr'><strong>audio:</strong></span> <span class='ocrx_word' id='word_1_445' title='bbox 1152 3515 1342 3560; x_wconf 88' lang='lat' dir='ltr'><strong>contra</strong></span> <span class='ocrx_word' id='word_1_446' title='bbox 1364 3518 1525 3575; x_wconf 89' lang='lat' dir='ltr'><strong>caput</strong></span> <span class='ocrx_word' id='word_1_447' title='bbox 1550 3506 1710 3561; x_wconf 89' lang='lat' dir='ltr'><strong>etiam</strong></span> <span class='ocrx_word' id='word_1_448' title='bbox 1747 3507 1791 3561; x_wconf 91' lang='lat' dir='ltr'><strong>si</strong></span> <span class='ocrx_word' id='word_1_449' title='bbox 1821 3506 2121 3562; x_wconf 86' lang='lat' dir='ltr'><strong>faciendum</strong></span> 
     </span>
    </p>
   </div>
   <div class='ocr_carea' id='block_1_68' title="bbox 532 3597 2123 3671">
    <p class='ocr_par' dir='ltr' id='par_1_68' title="bbox 532 3597 2123 3671">
     <span class='ocr_line' id='line_1_69' title="bbox 532 3597 2123 3671; baseline -0.004 -13"><span class='ocrx_word' id='word_1_450' title='bbox 532 3610 637 3671; x_wconf 72' lang='lat' dir='ltr'><strong>eet,</strong></span> <span class='ocrx_word' id='word_1_451' title='bbox 691 3615 802 3655; x_wconf 86' lang='lat' dir='ltr'><strong>non</strong></span> <span class='ocrx_word' id='word_1_452' title='bbox 848 3597 1077 3654; x_wconf 89' lang='lat' dir='ltr'><strong>libenter</strong></span> <span class='ocrx_word' id='word_1_453' title='bbox 1121 3598 1368 3653; x_wconf 90' lang='lat' dir='ltr'><strong>admitto.</strong></span> <span class='ocrx_word' id='word_1_454' title='bbox 1409 3597 1508 3652; x_wconf 88' lang='lat' dir='ltr'><strong>Cui</strong></span> <span class='ocrx_word' id='word_1_455' title='bbox 1557 3613 1748 3653; x_wconf 88' lang='lat' dir='ltr'><strong>manus</strong></span> <span class='ocrx_word' id='word_1_456' title='bbox 1801 3599 2123 3669; x_wconf 83' lang='lat' dir='ltr'><strong>porrigenda</strong></span> 
     </span>
    </p>
   </div>
   <div class='ocr_carea' id='block_1_69' title="bbox 526 3689 2117 3761">
    <p class='ocr_par' dir='ltr' id='par_1_69' title="bbox 526 3689 2117 3761">
     <span class='ocr_line' id='line_1_70' title="bbox 526 3689 2117 3761; baseline -0.003 -14"><span class='ocrx_word' id='word_1_457' title='bbox 526 3700 635 3756; x_wconf 82' lang='lat' dir='ltr'><strong>est,</strong></span> <span class='ocrx_word' id='word_1_458' title='bbox 657 3691 935 3746; x_wconf 86' lang='lat' dir='ltr'><strong>vobiscum</strong></span> <span class='ocrx_word' id='word_1_459' title='bbox 958 3689 1196 3760; x_wconf 79' lang='lat' dir='ltr'><strong>porrigo,</strong></span> <span class='ocrx_word' id='word_1_460' title='bbox 1219 3690 1303 3744; x_wconf 91' lang='lat' dir='ltr'><strong>cui</strong></span> <span class='ocrx_word' id='word_1_461' title='bbox 1333 3689 1573 3761; x_wconf 80' lang='lat' dir='ltr'><strong>porrigo,</strong></span> <span class='ocrx_word' id='word_1_462' title='bbox 1604 3705 1812 3744; x_wconf 89' lang='lat' dir='ltr'><strong>mecum</strong></span> <span class='ocrx_word' id='word_1_463' title='bbox 1835 3690 2117 3761; x_wconf 80' lang='lat' dir='ltr'><strong>porrigite.</strong></span> 
     </span>
    </p>
   </div>
   <div class='ocr_carea' id='block_1_70' title="bbox 464 3779 2118 3851">
    <p class='ocr_par' dir='ltr' id='par_1_70' title="bbox 464 3779 2118 3851">
     <span class='ocr_line' id='line_1_71' title="bbox 464 3779 2118 3851; baseline -0.001 -14"><span class='ocrx_word' id='word_1_464' title='bbox 464 3797 471 3803; x_wconf 73' lang='lat'><em>&#39;</em></span> <span class='ocrx_word' id='word_1_465' title='bbox 526 3780 594 3837; x_wconf 83' lang='lat' dir='ltr'><strong>Si</strong></span> <span class='ocrx_word' id='word_1_466' title='bbox 641 3782 728 3836; x_wconf 89' lang='lat' dir='ltr'><strong>cui</strong></span> <span class='ocrx_word' id='word_1_467' title='bbox 759 3789 940 3836; x_wconf 90' lang='lat' dir='ltr'><strong>autem</strong></span> <span class='ocrx_word' id='word_1_468' title='bbox 972 3780 1173 3851; x_wconf 87' lang='lat' dir='ltr'><strong>aliquid</strong></span> <span class='ocrx_word' id='word_1_469' title='bbox 1206 3780 1465 3845; x_wconf 77' lang='lat' dir='ltr'><strong>donastis,</strong></span> <span class='ocrx_word' id='word_1_470' title='bbox 1498 3790 1552 3835; x_wconf 88' lang='lat' dir='ltr'><strong>et</strong></span> <span class='ocrx_word' id='word_1_471' title='bbox 1582 3796 1699 3851; x_wconf 82' lang='lat' dir='ltr'><strong>ego.</strong></span> <span class='ocrx_word' id='word_1_472' title='bbox 1730 3779 1865 3834; x_wconf 84' lang='lat' dir='ltr'><strong>Nam</strong></span> <span class='ocrx_word' id='word_1_473' title='bbox 1914 3789 1968 3836; x_wconf 92' lang='lat' dir='ltr'><strong>et</strong></span> <span class='ocrx_word' id='word_1_474' title='bbox 1999 3796 2118 3851; x_wconf 88' lang='lat' dir='ltr'><strong>ego,</strong></span> 
     </span>
    </p>
   </div>
   <div class='ocr_carea' id='block_1_71' title="bbox 527 3870 2122 3942">
    <p class='ocr_par' dir='ltr' id='par_1_71' title="bbox 527 3870 2122 3942">
     <span class='ocr_line' id='line_1_72' title="bbox 527 3870 2122 3942; baseline 0 -16"><span class='ocrx_word' id='word_1_475' title='bbox 527 3872 631 3926; x_wconf 82' lang='lat' dir='ltr'><strong>etsi</strong></span> <span class='ocrx_word' id='word_1_476' title='bbox 660 3870 786 3940; x_wconf 86' lang='lat' dir='ltr'><strong>quid</strong></span> <span class='ocrx_word' id='word_1_477' title='bbox 812 3870 1007 3926; x_wconf 86' lang='lat' dir='ltr'><strong>donavi</strong></span> <span class='ocrx_word' id='word_1_478' title='bbox 1040 3880 1261 3942; x_wconf 86' lang='lat' dir='ltr'><strong>propter</strong></span> <span class='ocrx_word' id='word_1_479' title='bbox 1284 3886 1400 3935; x_wconf 89' lang='lat' dir='ltr'><strong>vos,</strong></span> <span class='ocrx_word' id='word_1_480' title='bbox 1447 3871 1498 3925; x_wconf 91' lang='lat' dir='ltr'><strong>in</strong></span> <span class='ocrx_word' id='word_1_481' title='bbox 1526 3885 1755 3940; x_wconf 88' lang='lat' dir='ltr'><strong>persona</strong></span> <span class='ocrx_word' id='word_1_482' title='bbox 1793 3870 2019 3937; x_wconf 87' lang='lat' dir='ltr'><strong>Christi,</strong></span> <span class='ocrx_word' id='word_1_483' title='bbox 2062 3881 2122 3926; x_wconf 89' lang='lat' dir='ltr'><strong>ut</strong></span> 
     </span>
    </p>
   </div>
   <div class='ocr_carea' id='block_1_72' title="bbox 530 3960 2121 4032">
    <p class='ocr_par' dir='ltr' id='par_1_72' title="bbox 530 3960 2121 4032">
     <span class='ocr_line' id='line_1_73' title="bbox 530 3960 2121 4032; baseline -0.001 -14"><span class='ocrx_word' id='word_1_484' title='bbox 530 3978 639 4018; x_wconf 92' lang='lat' dir='ltr'><strong>non</strong></span> <span class='ocrx_word' id='word_1_485' title='bbox 689 3961 1061 4032; x_wconf 87' lang='lat' dir='ltr'><strong>possideamur</strong></span> <span class='ocrx_word' id='word_1_486' title='bbox 1098 3977 1128 4016; x_wconf 89' lang='lat' dir='ltr'><strong>a</strong></span> <span class='ocrx_word' id='word_1_487' title='bbox 1172 3960 1394 4016; x_wconf 87' lang='lat' dir='ltr'><strong>Satana.</strong></span> <span class='ocrx_word' id='word_1_488' title='bbox 1448 3960 1563 4016; x_wconf 89' lang='lat' dir='ltr'><strong>Non</strong></span> <span class='ocrx_word' id='word_1_489' title='bbox 1605 3960 1749 4015; x_wconf 90' lang='lat' dir='ltr'><strong>enim</strong></span> <span class='ocrx_word' id='word_1_490' title='bbox 1808 3960 2121 4031; x_wconf 81' lang='lat' dir='ltr'><strong>ignoramus</strong></span> 
     </span>
    </p>
   </div>
   <div class='ocr_carea' id='block_1_73' title="bbox 532 4049 2120 4122">
    <p class='ocr_par' dir='ltr' id='par_1_73' title="bbox 532 4049 2120 4122">
     <span class='ocr_line' id='line_1_74' title="bbox 532 4049 2120 4122; baseline 0.002 -19"><span class='ocrx_word' id='word_1_491' title='bbox 532 4053 800 4107; x_wconf 89' lang='lat' dir='ltr'><strong>versutias</strong></span> <span class='ocrx_word' id='word_1_492' title='bbox 815 4049 952 4120; x_wconf 87' lang='lat' dir='ltr'><strong>ejus,</strong></span> <span class='ocrx_word' id='word_1_493' title='bbox 976 4051 1066 4119; x_wconf 91' lang='lat' dir='ltr'><strong>qui</strong></span> <span class='ocrx_word' id='word_1_494' title='bbox 1096 4066 1255 4120; x_wconf 85' lang='lat' dir='ltr'><strong>super</strong></span> <span class='ocrx_word' id='word_1_495' title='bbox 1279 4052 1603 4106; x_wconf 87' lang='lat' dir='ltr'><strong>discessione</strong></span> <span class='ocrx_word' id='word_1_496' title='bbox 1625 4049 1854 4105; x_wconf 61' lang='lat' dir='ltr'><strong>laetatur.</strong></span> <span class='ocrx_word' id='word_1_497' title='bbox 1880 4050 2120 4122; x_wconf 87' lang='lat' dir='ltr'><strong>Apostoli</strong></span> 
     </span>
    </p>
   </div>
   <div class='ocr_carea' id='block_1_74' title="bbox 530 4132 2119 4212">
    <p class='ocr_par' dir='ltr' id='par_1_74' title="bbox 530 4132 2119 4212">
     <span class='ocr_line' id='line_1_75' title="bbox 530 4132 2119 4212; baseline 0.004 -19"><span class='ocrx_word' id='word_1_498' title='bbox 530 4156 662 4198; x_wconf 88' lang='lat' dir='ltr'><strong>vero</strong></span> <span class='ocrx_word' id='word_1_499' title='bbox 693 4140 977 4196; x_wconf 57' lang='lat' dir='ltr'><strong>declaratus</strong></span> <span class='ocrx_word' id='word_1_500' title='bbox 1000 4132 1348 4212; x_wconf 81' lang='lat' dir='ltr'><strong>benignitatis</strong></span> <span class='ocrx_word' id='word_1_501' title='bbox 1380 4141 1546 4197; x_wconf 88' lang='lat' dir='ltr'><strong>herba</strong></span> <span class='ocrx_word' id='word_1_502' title='bbox 1583 4148 1725 4203; x_wconf 86' lang='lat' dir='ltr'><strong>sunt,</strong></span> <span class='ocrx_word' id='word_1_503' title='bbox 1756 4142 1896 4198; x_wconf 86' lang='lat' dir='ltr'><strong>sicut</strong></span> <span class='ocrx_word' id='word_1_504' title='bbox 1919 4156 1981 4197; x_wconf 90' lang='lat' dir='ltr'><strong>ea</strong></span> <span class='ocrx_word' id='word_1_505' title='bbox 2017 4142 2119 4199; x_wconf 86' lang='lat' dir='ltr'><strong>viri</strong></span> 
     </span>
    </p>
   </div>
   <div class='ocr_carea' id='block_1_75' title="bbox 525 4233 2122 4304">
    <p class='ocr_par' dir='ltr' id='par_1_75' title="bbox 525 4233 2122 4304">
     <span class='ocr_line' id='line_1_76' title="bbox 525 4233 2122 4304; baseline 0.001 -16"><span class='ocrx_word' id='word_1_506' title='bbox 525 4233 825 4290; x_wconf 83' lang='lat' dir='ltr'><strong>beatissimi</strong></span> <span class='ocrx_word' id='word_1_507' title='bbox 854 4233 1161 4303; x_wconf 75' lang='lat' dir='ltr'><strong>apostolicae</strong></span> <span class='ocrx_word' id='word_1_508' title='bbox 1196 4234 1340 4289; x_wconf 89' lang='lat' dir='ltr'><strong>sedis</strong></span> <span class='ocrx_word' id='word_1_509' title='bbox 1379 4233 1659 4304; x_wconf 67' lang='lat' dir='ltr'><strong>praesules,</strong></span> <span class='ocrx_word' id='word_1_510' title='bbox 1696 4234 2040 4291; x_wconf 82' lang='lat' dir='ltr'><strong>Innocentius</strong></span> <span class='ocrx_word' id='word_1_511' title='bbox 2066 4249 2122 4301; x_wconf 67' lang='lat' dir='ltr'><strong>eg</strong></span> 
     </span>
    </p>
   </div>
   <div class='ocr_carea' id='block_1_76' title="bbox 524 4322 2119 4395">
    <p class='ocr_par' dir='ltr' id='par_1_76' title="bbox 524 4322 2119 4395">
     <span class='ocr_line' id='line_1_77' title="bbox 524 4322 2119 4395; baseline 0.001 -16"><span class='ocrx_word' id='word_1_512' title='bbox 524 4323 854 4389; x_wconf 85' lang='lat' dir='ltr'><strong>Bouifacius,</strong></span> <span class='ocrx_word' id='word_1_513' title='bbox 889 4324 1285 4393; x_wconf 88' lang='lat' dir='ltr'><strong>sapientissime</strong></span> <span class='ocrx_word' id='word_1_514' title='bbox 1302 4325 1648 4395; x_wconf 85' lang='lat' dir='ltr'><strong>replicarunt.</strong></span> <span class='ocrx_word' id='word_1_515' title='bbox 1680 4322 1852 4379; x_wconf 90' lang='lat' dir='ltr'><strong>Porro</strong></span> <span class='ocrx_word' id='word_1_516' title='bbox 1873 4324 2119 4395; x_wconf 85' lang='lat' dir='ltr'><strong>quisquis</strong></span> 
     </span>
    </p>
   </div>
   <div class='ocr_carea' id='block_1_77' title="bbox 523 4413 2119 4484">
    <p class='ocr_par' dir='ltr' id='par_1_77' title="bbox 523 4413 2119 4484">
     <span class='ocr_line' id='line_1_78' title="bbox 523 4413 2119 4484; baseline 0.002 -16"><span class='ocrx_word' id='word_1_517' title='bbox 523 4422 714 4470; x_wconf 87' lang='lat' dir='ltr'><strong>contra</strong></span> <span class='ocrx_word' id='word_1_518' title='bbox 762 4414 865 4473; x_wconf 87' lang='lat' dir='ltr'><strong>hoc</strong></span> <span class='ocrx_word' id='word_1_519' title='bbox 911 4413 1080 4469; x_wconf 90' lang='lat' dir='ltr'><strong>nostri</strong></span> <span class='ocrx_word' id='word_1_520' title='bbox 1111 4414 1443 4484; x_wconf 87' lang='lat' dir='ltr'><strong>apostolatus</strong></span> <span class='ocrx_word' id='word_1_521' title='bbox 1472 4413 1770 4478; x_wconf 89' lang='lat' dir='ltr'><strong>decretum,</strong></span> <span class='ocrx_word' id='word_1_522' title='bbox 1824 4423 1949 4484; x_wconf 91' lang='lat' dir='ltr'><strong>post</strong></span> <span class='ocrx_word' id='word_1_523' title='bbox 1975 4415 2119 4471; x_wconf 91' lang='lat' dir='ltr'><strong>noti-</strong></span> 
     </span>
    </p>
   </div>
   <div class='ocr_carea' id='block_1_78' title="bbox 524 4500 2110 4575">
    <p class='ocr_par' dir='ltr' id='par_1_78' title="bbox 524 4500 2110 4575">
     <span class='ocr_line' id='line_1_79' title="bbox 524 4500 2110 4575; baseline 0.001 -18"><span class='ocrx_word' id='word_1_524' title='bbox 524 4506 655 4558; x_wconf 90' lang='lat' dir='ltr'><strong>tiam</strong></span> <span class='ocrx_word' id='word_1_525' title='bbox 681 4502 804 4572; x_wconf 76' lang='lat' dir='ltr'><strong>ejus</strong></span> <span class='ocrx_word' id='word_1_526' title='bbox 823 4518 883 4559; x_wconf 87' lang='lat' dir='ltr'><strong>se</strong></span> <span class='ocrx_word' id='word_1_527' title='bbox 931 4500 1184 4567; x_wconf 82' lang='lat' dir='ltr'><strong>eﬂ‘erens,</strong></span> <span class='ocrx_word' id='word_1_528' title='bbox 1234 4516 1377 4572; x_wconf 67' lang='lat' dir='ltr'><strong>saepe</strong></span> <span class='ocrx_word' id='word_1_529' title='bbox 1423 4501 1533 4556; x_wconf 86' lang='lat' dir='ltr'><strong>fato</strong></span> <span class='ocrx_word' id='word_1_530' title='bbox 1564 4500 1811 4558; x_wconf 80' lang='lat' dir='ltr'><strong>Botbado</strong></span> <span class='ocrx_word' id='word_1_531' title='bbox 1835 4504 2110 4575; x_wconf 91' lang='lat' dir='ltr'><strong>episcopo,</strong></span> 
     </span>
    </p>
   </div>
   <div class='ocr_carea' id='block_1_79' title="bbox 521 4592 2111 4667">
    <p class='ocr_par' dir='ltr' id='par_1_79' title="bbox 521 4592 2111 4667">
     <span class='ocr_line' id='line_1_80' title="bbox 521 4592 2111 4667; baseline 0.001 -18"><span class='ocrx_word' id='word_1_532' title='bbox 521 4596 590 4650; x_wconf 86' lang='lat' dir='ltr'><strong>ad</strong></span> <span class='ocrx_word' id='word_1_533' title='bbox 637 4594 1002 4667; x_wconf 84' lang='lat' dir='ltr'><strong>recipiendam</strong></span> <span class='ocrx_word' id='word_1_534' title='bbox 1028 4603 1085 4651; x_wconf 87' lang='lat' dir='ltr'><strong>et</strong></span> <span class='ocrx_word' id='word_1_535' title='bbox 1129 4594 1418 4664; x_wconf 85' lang='lat' dir='ltr'><strong>regendam</strong></span> <span class='ocrx_word' id='word_1_536' title='bbox 1462 4592 1796 4649; x_wconf 66' lang='lat' dir='ltr'><strong>Suessonieze</strong></span> <span class='ocrx_word' id='word_1_537' title='bbox 1832 4593 1983 4650; x_wconf 87' lang='lat' dir='ltr'><strong>urbis</strong></span> <span class='ocrx_word' id='word_1_538' title='bbox 2008 4593 2111 4651; x_wconf 41' lang='lat' dir='ltr'><strong>Eos</strong></span> 
     </span>
    </p>
   </div>
   <div class='ocr_carea' id='block_1_80' title="bbox 521 4683 2109 4755">
    <p class='ocr_par' dir='ltr' id='par_1_80' title="bbox 521 4683 2109 4755">
     <span class='ocr_line' id='line_1_81' title="bbox 521 4683 2109 4755; baseline 0.001 -14"><span class='ocrx_word' id='word_1_539' title='bbox 521 4686 746 4741; x_wconf 87' lang='lat' dir='ltr'><strong>clesiam</strong></span> <span class='ocrx_word' id='word_1_540' title='bbox 773 4727 789 4752; x_wconf 94' lang='lat'><strong>,</strong></span> <span class='ocrx_word' id='word_1_541' title='bbox 842 4685 1057 4755; x_wconf 89' lang='lat' dir='ltr'><strong>aliquod</strong></span> <span class='ocrx_word' id='word_1_542' title='bbox 1114 4684 1289 4754; x_wconf 88' lang='lat' dir='ltr'><strong>palam</strong></span> <span class='ocrx_word' id='word_1_543' title='bbox 1343 4683 1429 4740; x_wconf 86' lang='lat' dir='ltr'><strong>vel</strong></span> <span class='ocrx_word' id='word_1_544' title='bbox 1478 4683 1684 4740; x_wconf 88' lang='lat' dir='ltr'><strong>occulte</strong></span> <span class='ocrx_word' id='word_1_545' title='bbox 1726 4686 2109 4755; x_wconf 62' lang='lat' dir='ltr'><strong>prceparaverit</strong></span> 
     </span>
    </p>
   </div>
   <div class='ocr_carea' id='block_1_81' title="bbox 519 4772 2105 4844">
    <p class='ocr_par' dir='ltr' id='par_1_81' title="bbox 519 4772 2105 4844">
     <span class='ocr_line' id='line_1_82' title="bbox 519 4772 2105 4844; baseline 0.001 -16"><span class='ocrx_word' id='word_1_546' title='bbox 519 4773 1023 4840; x_wconf 79' lang='lat' dir='ltr'><strong>oﬂendieulum,vel</strong></span> <span class='ocrx_word' id='word_1_547' title='bbox 1048 4773 1094 4829; x_wconf 87' lang='lat' dir='ltr'><strong>si</strong></span> <span class='ocrx_word' id='word_1_548' title='bbox 1107 4786 1353 4844; x_wconf 72' lang='lat' dir='ltr'><strong>persona:</strong></span> <span class='ocrx_word' id='word_1_549' title='bbox 1375 4772 1543 4842; x_wconf 89' lang='lat' dir='ltr'><strong>ipsius</strong></span> <span class='ocrx_word' id='word_1_550' title='bbox 1554 4787 1660 4841; x_wconf 92' lang='lat' dir='ltr'><strong>quo</strong></span> <span class='ocrx_word' id='word_1_551' title='bbox 1678 4774 1946 4843; x_wconf 90' lang='lat' dir='ltr'><strong>quomodo</strong></span> <span class='ocrx_word' id='word_1_552' title='bbox 1973 4775 2105 4832; x_wconf 82' lang='lat' dir='ltr'><strong>insi-</strong></span> 
     </span>
    </p>
   </div>
   <div class='ocr_carea' id='block_1_82' title="bbox 521 4864 2108 4935">
    <p class='ocr_par' dir='ltr' id='par_1_82' title="bbox 521 4864 2108 4935">
     <span class='ocr_line' id='line_1_83' title="bbox 521 4864 2108 4935; baseline 0.001 -17"><span class='ocrx_word' id='word_1_553' title='bbox 521 4867 701 4921; x_wconf 86' lang='lat' dir='ltr'><strong>diatus</strong></span> <span class='ocrx_word' id='word_1_554' title='bbox 725 4865 1034 4932; x_wconf 83' lang='lat' dir='ltr'><strong>exstiterit;</strong></span> <span class='ocrx_word' id='word_1_555' title='bbox 1066 4864 1307 4935; x_wconf 90' lang='lat' dir='ltr'><strong>quinimo</strong></span> <span class='ocrx_word' id='word_1_556' title='bbox 1338 4865 1382 4919; x_wconf 91' lang='lat' dir='ltr'><strong>si</strong></span> <span class='ocrx_word' id='word_1_557' title='bbox 1412 4864 1533 4934; x_wconf 92' lang='lat' dir='ltr'><strong>quis</strong></span> <span class='ocrx_word' id='word_1_558' title='bbox 1563 4872 1800 4919; x_wconf 87' lang='lat' dir='ltr'><strong>vestrum</strong></span> <span class='ocrx_word' id='word_1_559' title='bbox 1828 4864 1895 4919; x_wconf 88' lang='lat' dir='ltr'><strong>ad</strong></span> <span class='ocrx_word' id='word_1_560' title='bbox 1923 4864 2108 4920; x_wconf 67' lang='lat' dir='ltr'><strong>Eccleo</strong></span> 
     </span>
    </p>
   </div>
   <div class='ocr_carea' id='block_1_83' title="bbox 517 4955 2105 5029">
    <p class='ocr_par' dir='ltr' id='par_1_83' title="bbox 517 4955 2105 5029">
     <span class='ocr_line' id='line_1_84' title="bbox 517 4955 2105 5029; baseline 0.001 -17"><span class='ocrx_word' id='word_1_561' title='bbox 517 4960 655 5013; x_wconf 86' lang='lat' dir='ltr'><strong>siam</strong></span> <span class='ocrx_word' id='word_1_562' title='bbox 688 4959 1047 5029; x_wconf 89' lang='lat' dir='ltr'><strong>recipiendam</strong></span> <span class='ocrx_word' id='word_1_563' title='bbox 1072 4957 1167 5021; x_wconf 90' lang='lat' dir='ltr'><strong>illi,</strong></span> <span class='ocrx_word' id='word_1_564' title='bbox 1197 4965 1457 5028; x_wconf 87' lang='lat' dir='ltr'><strong>tanquam</strong></span> <span class='ocrx_word' id='word_1_565' title='bbox 1484 4955 1650 5011; x_wconf 83' lang='lat' dir='ltr'><strong>frater</strong></span> <span class='ocrx_word' id='word_1_566' title='bbox 1682 4956 1857 5023; x_wconf 86' lang='lat' dir='ltr'><strong>fratri,</strong></span> <span class='ocrx_word' id='word_1_567' title='bbox 1896 4956 2105 5027; x_wconf 75' lang='lat' dir='ltr'><strong>adjuto-</strong></span> 
     </span>
    </p>
   </div>
   <div class='ocr_carea' id='block_1_84' title="bbox 520 5050 2102 5121">
    <p class='ocr_par' dir='ltr' id='par_1_84' title="bbox 520 5050 2102 5121">
     <span class='ocr_line' id='line_1_85' title="bbox 520 5050 2102 5121; baseline 0.002 -17"><span class='ocrx_word' id='word_1_568' title='bbox 520 5052 659 5104; x_wconf 82' lang='lat' dir='ltr'><strong>rium</strong></span> <span class='ocrx_word' id='word_1_569' title='bbox 685 5065 790 5105; x_wconf 92' lang='lat' dir='ltr'><strong>non</strong></span> <span class='ocrx_word' id='word_1_570' title='bbox 811 5051 1139 5121; x_wconf 67' lang='lat' dir='ltr'><strong>prmstiterit,</strong></span> <span class='ocrx_word' id='word_1_571' title='bbox 1171 5058 1356 5120; x_wconf 90' lang='lat' dir='ltr'><strong>utpote</strong></span> <span class='ocrx_word' id='word_1_572' title='bbox 1401 5050 1494 5120; x_wconf 89' lang='lat' dir='ltr'><strong>qui</strong></span> <span class='ocrx_word' id='word_1_573' title='bbox 1524 5050 1669 5105; x_wconf 90' lang='lat' dir='ltr'><strong>videt</strong></span> <span class='ocrx_word' id='word_1_574' title='bbox 1697 5051 1920 5106; x_wconf 84' lang='lat' dir='ltr'><strong>fratrem</strong></span> <span class='ocrx_word' id='word_1_575' title='bbox 1948 5066 2102 5107; x_wconf 90' lang='lat' dir='ltr'><strong>suum</strong></span> 
     </span>
    </p>
   </div>
   <div class='ocr_carea' id='block_1_85' title="bbox 519 5141 2102 5209">
    <p class='ocr_par' dir='ltr' id='par_1_85' title="bbox 519 5141 2102 5209">
     <span class='ocr_line' id='line_1_86' title="bbox 519 5141 2102 5209; baseline 0.002 -13"><span class='ocrx_word' id='word_1_576' title='bbox 519 5143 895 5199; x_wconf 84' lang='lat' dir='ltr'><strong>necessitatem</strong></span> <span class='ocrx_word' id='word_1_577' title='bbox 924 5143 1160 5205; x_wconf 88' lang='lat' dir='ltr'><strong>habere,</strong></span> <span class='ocrx_word' id='word_1_578' title='bbox 1208 5152 1261 5197; x_wconf 90' lang='lat' dir='ltr'><strong>et</strong></span> <span class='ocrx_word' id='word_1_579' title='bbox 1290 5141 1490 5196; x_wconf 88' lang='lat' dir='ltr'><strong>claudit</strong></span> <span class='ocrx_word' id='word_1_580' title='bbox 1516 5142 1724 5197; x_wconf 87' lang='lat' dir='ltr'><strong>viscera</strong></span> <span class='ocrx_word' id='word_1_581' title='bbox 1773 5157 1870 5198; x_wconf 87' lang='lat' dir='ltr'><strong>sua</strong></span> <span class='ocrx_word' id='word_1_582' title='bbox 1922 5144 1990 5198; x_wconf 89' lang='lat' dir='ltr'><strong>ab</strong></span> <span class='ocrx_word' id='word_1_583' title='bbox 2013 5158 2102 5209; x_wconf 89' lang='lat' dir='ltr'><strong>eo,</strong></span> 
     </span>
    </p>
   </div>
   <div class='ocr_carea' id='block_1_86' title="bbox 516 5232 2101 5304">
    <p class='ocr_par' dir='ltr' id='par_1_86' title="bbox 516 5232 2101 5304">
     <span class='ocr_line' id='line_1_87' title="bbox 516 5232 2101 5304; baseline 0.002 -17"><span class='ocrx_word' id='word_1_584' title='bbox 516 5243 574 5289; x_wconf 87' lang='lat' dir='ltr'><strong>et</strong></span> <span class='ocrx_word' id='word_1_585' title='bbox 596 5232 756 5290; x_wconf 87' lang='lat' dir='ltr'><strong>veluti</strong></span> <span class='ocrx_word' id='word_1_586' title='bbox 786 5234 833 5290; x_wconf 88' lang='lat' dir='ltr'><strong>is</strong></span> <span class='ocrx_word' id='word_1_587' title='bbox 862 5234 914 5289; x_wconf 92' lang='lat' dir='ltr'><strong>in</strong></span> <span class='ocrx_word' id='word_1_588' title='bbox 945 5242 1054 5304; x_wconf 84' lang='lat' dir='ltr'><strong>quo</strong></span> <span class='ocrx_word' id='word_1_589' title='bbox 1089 5232 1329 5288; x_wconf 87' lang='lat' dir='ltr'><strong>charitas</strong></span> <span class='ocrx_word' id='word_1_590' title='bbox 1355 5232 1450 5288; x_wconf 90' lang='lat' dir='ltr'><strong>Dei</strong></span> <span class='ocrx_word' id='word_1_591' title='bbox 1486 5247 1591 5288; x_wconf 86' lang='lat' dir='ltr'><strong>non</strong></span> <span class='ocrx_word' id='word_1_592' title='bbox 1638 5242 1843 5298; x_wconf 88' lang='lat' dir='ltr'><strong>manet,</strong></span> <span class='ocrx_word' id='word_1_593' title='bbox 1892 5233 1962 5288; x_wconf 90' lang='lat' dir='ltr'><strong>ab</strong></span> <span class='ocrx_word' id='word_1_594' title='bbox 1985 5234 2101 5304; x_wconf 88' lang='lat' dir='ltr'><strong>ipsa</strong></span> 
     </span>
    </p>
   </div>
   <div class='ocr_carea' id='block_1_87' title="bbox 514 5322 2101 5395">
    <p class='ocr_par' dir='ltr' id='par_1_87' title="bbox 514 5322 2101 5395">
     <span class='ocr_line' id='line_1_88' title="bbox 514 5322 2101 5395; baseline -0.001 -14"><span class='ocrx_word' id='word_1_595' title='bbox 514 5324 803 5390; x_wconf 86' lang='lat' dir='ltr'><strong>cbaritate,</strong></span> <span class='ocrx_word' id='word_1_596' title='bbox 858 5339 978 5395; x_wconf 66' lang='lat' dir='ltr'><strong>qua;</strong></span> <span class='ocrx_word' id='word_1_597' title='bbox 1008 5322 1152 5379; x_wconf 89' lang='lat' dir='ltr'><strong>Deus</strong></span> <span class='ocrx_word' id='word_1_598' title='bbox 1182 5330 1281 5386; x_wconf 90' lang='lat' dir='ltr'><strong>est,</strong></span> <span class='ocrx_word' id='word_1_599' title='bbox 1339 5330 1391 5377; x_wconf 92' lang='lat' dir='ltr'><strong>et</strong></span> <span class='ocrx_word' id='word_1_600' title='bbox 1421 5336 1453 5375; x_wconf 89' lang='lat' dir='ltr'><strong>a</strong></span> <span class='ocrx_word' id='word_1_601' title='bbox 1488 5336 1714 5392; x_wconf 90' lang='lat' dir='ltr'><strong>corpore</strong></span> <span class='ocrx_word' id='word_1_602' title='bbox 1744 5331 1799 5377; x_wconf 89' lang='lat' dir='ltr'><strong>et</strong></span> <span class='ocrx_word' id='word_1_603' title='bbox 1838 5322 2101 5393; x_wconf 83' lang='lat' dir='ltr'><strong>sanguine</strong></span> 
     </span>
    </p>
   </div>
   <div class='ocr_carea' id='block_1_88' title="bbox 512 5408 2097 5480">
    <p class='ocr_par' dir='ltr' id='par_1_88' title="bbox 512 5408 2097 5480">
     <span class='ocr_line' id='line_1_89' title="bbox 512 5408 2097 5480; baseline -0.005 -9"><span class='ocrx_word' id='word_1_604' title='bbox 512 5412 736 5480; x_wconf 85' lang='lat' dir='ltr'><strong>Christi,</strong></span> <span class='ocrx_word' id='word_1_605' title='bbox 776 5422 832 5470; x_wconf 92' lang='lat' dir='ltr'><strong>et</strong></span> <span class='ocrx_word' id='word_1_606' title='bbox 858 5429 889 5469; x_wconf 91' lang='lat' dir='ltr'><strong>a</strong></span> <span class='ocrx_word' id='word_1_607' title='bbox 928 5413 1083 5468; x_wconf 85' lang='lat' dir='ltr'><strong>nobis</strong></span> <span class='ocrx_word' id='word_1_608' title='bbox 1122 5411 1211 5480; x_wconf 89' lang='lat' dir='ltr'><strong>qui</strong></span> <span class='ocrx_word' id='word_1_609' title='bbox 1242 5411 1482 5466; x_wconf 89' lang='lat' dir='ltr'><strong>membra</strong></span> <span class='ocrx_word' id='word_1_610' title='bbox 1506 5410 1646 5464; x_wconf 90' lang='lat' dir='ltr'><strong>illius</strong></span> <span class='ocrx_word' id='word_1_611' title='bbox 1667 5424 1873 5476; x_wconf 91' lang='lat' dir='ltr'><strong>sumus,</strong></span> <span class='ocrx_word' id='word_1_612' title='bbox 1900 5408 2097 5465; x_wconf 80' lang='lat' dir='ltr'><strong>habea-</strong></span> 
     </span>
    </p>
   </div>
   <div class='ocr_carea' id='block_1_89' title="bbox 511 5499 2095 5581">
    <p class='ocr_par' dir='ltr' id='par_1_89' title="bbox 511 5499 2095 5581">
     <span class='ocr_line' id='line_1_90' title="bbox 511 5499 2095 5581; baseline -0.003 -19"><span class='ocrx_word' id='word_1_613' title='bbox 511 5515 605 5562; x_wconf 80' lang='lat' dir='ltr'><strong>tur</strong></span> <span class='ocrx_word' id='word_1_614' title='bbox 643 5505 970 5563; x_wconf 88' lang='lat' dir='ltr'><strong>omnimodis</strong></span> <span class='ocrx_word' id='word_1_615' title='bbox 1013 5503 1239 5558; x_wconf 90' lang='lat' dir='ltr'><strong>alienus.</strong></span> <span class='ocrx_word' id='word_1_616' title='bbox 1292 5502 1462 5556; x_wconf 82' lang='lat' dir='ltr'><strong>Porro</strong></span> <span class='ocrx_word' id='word_1_617' title='bbox 1492 5515 1558 5557; x_wconf 91' lang='lat' dir='ltr'><strong>ne</strong></span> <span class='ocrx_word' id='word_1_618' title='bbox 1585 5499 1853 5581; x_wconf 86' lang='lat' dir='ltr'><strong>justitiam</strong></span> <span class='ocrx_word' id='word_1_619' title='bbox 1907 5516 2095 5571; x_wconf 82' lang='lat' dir='ltr'><strong>regere</strong></span> 
     </span>
    </p>
   </div>
   <div class='ocr_carea' id='block_1_90' title="bbox 509 5594 2095 5663">
    <p class='ocr_par' dir='ltr' id='par_1_90' title="bbox 509 5594 2095 5663">
     <span class='ocr_line' id='line_1_91' title="bbox 509 5594 2095 5663; baseline -0.004 -8"><span class='ocrx_word' id='word_1_620' title='bbox 509 5610 713 5657; x_wconf 78' lang='lat' dir='ltr'><strong>nostra:</strong></span> <span class='ocrx_word' id='word_1_621' title='bbox 738 5606 947 5653; x_wconf 90' lang='lat' dir='ltr'><strong>tantum</strong></span> <span class='ocrx_word' id='word_1_622' title='bbox 987 5596 1263 5651; x_wconf 86' lang='lat' dir='ltr'><strong>videamur</strong></span> <span class='ocrx_word' id='word_1_623' title='bbox 1291 5594 1582 5651; x_wconf 89' lang='lat' dir='ltr'><strong>voluntatis</strong></span> <span class='ocrx_word' id='word_1_624' title='bbox 1604 5596 1849 5659; x_wconf 88' lang='lat' dir='ltr'><strong>arbitrio,</strong></span> <span class='ocrx_word' id='word_1_625' title='bbox 1893 5610 1959 5650; x_wconf 88' lang='lat' dir='ltr'><strong>ac</strong></span> <span class='ocrx_word' id='word_1_626' title='bbox 1998 5611 2095 5663; x_wconf 89' lang='lat' dir='ltr'><strong>per</strong></span> 
     </span>
    </p>
   </div>
   <div class='ocr_carea' id='block_1_91' title="bbox 512 5686 2090 5755">
    <p class='ocr_par' dir='ltr' id='par_1_91' title="bbox 512 5686 2090 5755">
     <span class='ocr_line' id='line_1_92' title="bbox 512 5686 2090 5755; baseline -0.004 -8"><span class='ocrx_word' id='word_1_627' title='bbox 512 5694 614 5747; x_wconf 89' lang='lat' dir='ltr'><strong>hoc</strong></span> <span class='ocrx_word' id='word_1_628' title='bbox 650 5691 982 5746; x_wconf 78' lang='lat' dir='ltr'><strong>:cstimemur</strong></span> <span class='ocrx_word' id='word_1_629' title='bbox 1028 5686 1302 5743; x_wconf 89' lang='lat' dir='ltr'><strong>canonicis</strong></span> <span class='ocrx_word' id='word_1_630' title='bbox 1327 5686 1531 5755; x_wconf 86' lang='lat' dir='ltr'><strong>legibus</strong></span> <span class='ocrx_word' id='word_1_631' title='bbox 1570 5686 1860 5750; x_wconf 86' lang='lat' dir='ltr'><strong>contraire,</strong></span> <span class='ocrx_word' id='word_1_632' title='bbox 1912 5686 2090 5741; x_wconf 71' lang='lat' dir='ltr'><strong>sanci~</strong></span> 
     </span>
    </p>
   </div>
   <div class='ocr_carea' id='block_1_92' title="bbox 506 5775 2088 5850">
    <p class='ocr_par' dir='ltr' id='par_1_92' title="bbox 506 5775 2088 5850">
     <span class='ocr_line' id='line_1_93' title="bbox 506 5775 2088 5850; baseline -0.003 -15"><span class='ocrx_word' id='word_1_633' title='bbox 506 5794 635 5835; x_wconf 64' lang='lat' dir='ltr'><strong>mus</strong></span> <span class='ocrx_word' id='word_1_634' title='bbox 661 5788 822 5850; x_wconf 84' lang='lat' dir='ltr'><strong>atque</strong></span> <span class='ocrx_word' id='word_1_635' title='bbox 848 5777 1190 5834; x_wconf 86' lang='lat' dir='ltr'><strong>decernimus</strong></span> <span class='ocrx_word' id='word_1_636' title='bbox 1236 5784 1500 5845; x_wconf 88' lang='lat' dir='ltr'><strong>quatenus</strong></span> <span class='ocrx_word' id='word_1_637' title='bbox 1538 5775 1855 5845; x_wconf 70' lang='lat' dir='ltr'><strong>stepcdietus</strong></span> <span class='ocrx_word' id='word_1_638' title='bbox 1884 5775 2088 5830; x_wconf 82' lang='lat' dir='ltr'><strong>Rotha-</strong></span> 
     </span>
    </p>
   </div>
   <div class='ocr_carea' id='block_1_93' title="bbox 2225 3300 3819 3373">
    <p class='ocr_par' dir='ltr' id='par_1_93' title="bbox 2225 3300 3819 3373">
     <span class='ocr_line' id='line_1_94' title="bbox 2225 3300 3819 3373; baseline 0.001 -17"><span class='ocrx_word' id='word_1_639' title='bbox 2225 3313 2484 3372; x_wconf 87' lang='lat' dir='ltr'><strong>quantum</strong></span> <span class='ocrx_word' id='word_1_640' title='bbox 2516 3302 2585 3357; x_wconf 87' lang='lat' dir='ltr'><strong>ad</strong></span> <span class='ocrx_word' id='word_1_641' title='bbox 2638 3302 2911 3356; x_wconf 89' lang='lat' dir='ltr'><strong>hominem</strong></span> <span class='ocrx_word' id='word_1_642' title='bbox 2935 3300 3173 3372; x_wconf 90' lang='lat' dir='ltr'><strong>pertinet</strong></span> <span class='ocrx_word' id='word_1_643' title='bbox 3219 3302 3466 3373; x_wconf 86' lang='lat' dir='ltr'><strong>orpltana</strong></span> <span class='ocrx_word' id='word_1_644' title='bbox 3511 3319 3819 3367; x_wconf 84' lang='lat' dir='ltr'><strong>remanens,</strong></span> 
     </span>
    </p>
   </div>
   <div class='ocr_carea' id='block_1_94' title="bbox 2224 3392 3820 3464">
    <p class='ocr_par' dir='ltr' id='par_1_94' title="bbox 2224 3392 3820 3464">
     <span class='ocr_line' id='line_1_95' title="bbox 2224 3392 3820 3464; baseline 0.002 -18"><span class='ocrx_word' id='word_1_645' title='bbox 2224 3394 2403 3447; x_wconf 88' lang='lat' dir='ltr'><strong>varias</strong></span> <span class='ocrx_word' id='word_1_646' title='bbox 2432 3402 2489 3448; x_wconf 90' lang='lat' dir='ltr'><strong>et</strong></span> <span class='ocrx_word' id='word_1_647' title='bbox 2520 3392 2841 3461; x_wconf 90' lang='lat' dir='ltr'><strong>multiplices</strong></span> <span class='ocrx_word' id='word_1_648' title='bbox 2870 3392 3206 3449; x_wconf 83' lang='lat' dir='ltr'><strong>calamitates</strong></span> <span class='ocrx_word' id='word_1_649' title='bbox 3231 3393 3532 3464; x_wconf 88' lang='lat' dir='ltr'><strong>pertulerit.</strong></span> <span class='ocrx_word' id='word_1_650' title='bbox 3585 3393 3694 3448; x_wconf 89' lang='lat' dir='ltr'><strong>Sed</strong></span> <span class='ocrx_word' id='word_1_651' title='bbox 3725 3394 3820 3449; x_wconf 82' lang='lat' dir='ltr'><strong>ille</strong></span> 
     </span>
    </p>
   </div>
   <div class='ocr_carea' id='block_1_95' title="bbox 2225 3483 3820 3556">
    <p class='ocr_par' dir='ltr' id='par_1_95' title="bbox 2225 3483 3820 3556">
     <span class='ocr_line' id='line_1_96' title="bbox 2225 3483 3820 3556; baseline -0.001 -18"><span class='ocrx_word' id='word_1_652' title='bbox 2225 3485 2314 3555; x_wconf 87' lang='lat' dir='ltr'><strong>qui</strong></span> <span class='ocrx_word' id='word_1_653' title='bbox 2343 3484 2591 3540; x_wconf 77' lang='lat' dir='ltr'><strong>ﬁdelibus</strong></span> <span class='ocrx_word' id='word_1_654' title='bbox 2627 3483 2909 3555; x_wconf 84' lang='lat' dir='ltr'><strong>discipulis</strong></span> <span class='ocrx_word' id='word_1_655' title='bbox 2934 3483 3090 3549; x_wconf 82' lang='lat' dir='ltr'><strong>dixit,</strong></span> <span class='ocrx_word' id='word_1_656' title='bbox 3132 3484 3257 3541; x_wconf 76' lang='lat' dir='ltr'><strong>Non</strong></span> <span class='ocrx_word' id='word_1_657' title='bbox 3298 3486 3590 3556; x_wconf 75' lang='lat' dir='ltr'><strong>relinquant</strong></span> <span class='ocrx_word' id='word_1_658' title='bbox 3614 3502 3705 3540; x_wconf 77' lang='lat' dir='ltr'><strong>cos</strong></span> <span class='ocrx_word' id='word_1_659' title='bbox 3732 3503 3820 3540; x_wconf 68' lang='lat' dir='ltr'><strong>or-</strong></span> 
     </span>
    </p>
   </div>
   <div class='ocr_carea' id='block_1_96' title="bbox 2221 3572 3816 3646">
    <p class='ocr_par' dir='ltr' id='par_1_96' title="bbox 2221 3572 3816 3646">
     <span class='ocr_line' id='line_1_97' title="bbox 2221 3572 3816 3646; baseline 0.003 -19"><span class='ocrx_word' id='word_1_660' title='bbox 2221 3574 2422 3644; x_wconf 78' lang='lat' dir='ltr'><strong>phanos</strong></span> <span class='ocrx_word' id='word_1_661' title='bbox 2457 3572 2639 3645; x_wconf 81' lang='lat' dir='ltr'><strong>(Joau.</strong></span> <span class='ocrx_word' id='word_1_662' title='bbox 2678 3574 2793 3646; x_wconf 78' lang='lat' dir='ltr'><strong>xw)</strong></span> <span class='ocrx_word' id='word_1_663' title='bbox 2819 3613 2836 3638; x_wconf 89' lang='lat'><strong>,</strong></span> <span class='ocrx_word' id='word_1_664' title='bbox 2886 3588 2994 3629; x_wconf 89' lang='lat' dir='ltr'><strong>non</strong></span> <span class='ocrx_word' id='word_1_665' title='bbox 3024 3572 3198 3629; x_wconf 91' lang='lat' dir='ltr'><strong>solum</strong></span> <span class='ocrx_word' id='word_1_666' title='bbox 3226 3576 3480 3644; x_wconf 62' lang='lat' dir='ltr'><strong>praesenti</strong></span> <span class='ocrx_word' id='word_1_667' title='bbox 3525 3591 3623 3630; x_wconf 84' lang='lat' dir='ltr'><strong>sua</strong></span> <span class='ocrx_word' id='word_1_668' title='bbox 3654 3574 3816 3646; x_wconf 75' lang='lat' dir='ltr'><strong>maje-</strong></span> 
     </span>
    </p>
   </div>
   <div class='ocr_carea' id='block_1_97' title="bbox 2222 3650 3811 3734">
    <p class='ocr_par' dir='ltr' id='par_1_97' title="bbox 2222 3650 3811 3734">
     <span class='ocr_line' id='line_1_98' title="bbox 2222 3650 3811 3734; baseline 0 -15"><span class='ocrx_word' id='word_1_669' title='bbox 2222 3672 2363 3719; x_wconf 87' lang='lat' dir='ltr'><strong>state</strong></span> <span class='ocrx_word' id='word_1_670' title='bbox 2403 3664 2661 3733; x_wconf 77' lang='lat' dir='ltr'><strong>protexit,</strong></span> <span class='ocrx_word' id='word_1_671' title='bbox 2712 3664 2807 3720; x_wconf 89' lang='lat' dir='ltr'><strong>sed</strong></span> <span class='ocrx_word' id='word_1_672' title='bbox 2833 3664 3002 3721; x_wconf 86' lang='lat' dir='ltr'><strong>etiam</strong></span> <span class='ocrx_word' id='word_1_673' title='bbox 3047 3650 3299 3734; x_wconf 82' lang='lat' dir='ltr'><strong>propitia,</strong></span> <span class='ocrx_word' id='word_1_674' title='bbox 3349 3680 3458 3734; x_wconf 91' lang='lat' dir='ltr'><strong>quo</strong></span> <span class='ocrx_word' id='word_1_675' title='bbox 3492 3666 3722 3721; x_wconf 81' lang='lat' dir='ltr'><strong>desoin</strong></span> <span class='ocrx_word' id='word_1_676' title='bbox 3760 3675 3811 3721; x_wconf 87' lang='lat' dir='ltr'><strong>et</strong></span> 
     </span>
    </p>
   </div>
   <div class='ocr_carea' id='block_1_98' title="bbox 2224 3753 3807 3825">
    <p class='ocr_par' dir='ltr' id='par_1_98' title="bbox 2224 3753 3807 3825">
     <span class='ocr_line' id='line_1_99' title="bbox 2224 3753 3807 3825; baseline -0.004 -12"><span class='ocrx_word' id='word_1_677' title='bbox 2224 3756 2469 3813; x_wconf 85' lang='lat' dir='ltr'><strong>destituti</strong></span> <span class='ocrx_word' id='word_1_678' title='bbox 2496 3755 2687 3820; x_wconf 87' lang='lat' dir='ltr'><strong>eratis,</strong></span> <span class='ocrx_word' id='word_1_679' title='bbox 2718 3768 2821 3824; x_wconf 87' lang='lat' dir='ltr'><strong>pro</strong></span> <span class='ocrx_word' id='word_1_680' title='bbox 2848 3769 2944 3809; x_wconf 88' lang='lat' dir='ltr'><strong>sua</strong></span> <span class='ocrx_word' id='word_1_681' title='bbox 2973 3754 3252 3809; x_wconf 87' lang='lat' dir='ltr'><strong>redonavit</strong></span> <span class='ocrx_word' id='word_1_682' title='bbox 3277 3753 3481 3825; x_wconf 88' lang='lat' dir='ltr'><strong>pietate</strong></span> <span class='ocrx_word' id='word_1_683' title='bbox 3508 3766 3807 3811; x_wconf 80' lang='lat' dir='ltr'><strong>rectorem;</strong></span> 
     </span>
    </p>
   </div>
   <div class='ocr_carea' id='block_1_99' title="bbox 2222 3844 3811 3915">
    <p class='ocr_par' dir='ltr' id='par_1_99' title="bbox 2222 3844 3811 3915">
     <span class='ocr_line' id='line_1_100' title="bbox 2222 3844 3811 3915; baseline 0 -13"><span class='ocrx_word' id='word_1_684' title='bbox 2222 3845 2621 3910; x_wconf 75' lang='lat' dir='ltr'><strong>nobisscilicet,</strong></span> <span class='ocrx_word' id='word_1_685' title='bbox 2647 3846 2739 3915; x_wconf 87' lang='lat' dir='ltr'><strong>qui</strong></span> <span class='ocrx_word' id='word_1_686' title='bbox 2763 3845 2817 3899; x_wconf 93' lang='lat' dir='ltr'><strong>in</strong></span> <span class='ocrx_word' id='word_1_687' title='bbox 2844 3858 2912 3900; x_wconf 87' lang='lat' dir='ltr'><strong>eo</strong></span> <span class='ocrx_word' id='word_1_688' title='bbox 2940 3844 3191 3910; x_wconf 85' lang='lat' dir='ltr'><strong>vivimus,</strong></span> <span class='ocrx_word' id='word_1_689' title='bbox 3219 3860 3504 3899; x_wconf 85' lang='lat' dir='ltr'><strong>movemur</strong></span> <span class='ocrx_word' id='word_1_690' title='bbox 3527 3857 3584 3900; x_wconf 89' lang='lat' dir='ltr'><strong>et</strong></span> <span class='ocrx_word' id='word_1_691' title='bbox 3605 3861 3811 3909; x_wconf 63' lang='lat' dir='ltr'><strong>sumus,</strong></span> 
     </span>
    </p>
   </div>
   <div class='ocr_carea' id='block_1_100' title="bbox 2222 3936 3809 3993">
    <p class='ocr_par' dir='ltr' id='par_1_100' title="bbox 2222 3936 3809 3993">
     <span class='ocr_line' id='line_1_101' title="bbox 2222 3936 3809 3993; baseline 0 -1"><span class='ocrx_word' id='word_1_692' title='bbox 2222 3937 2290 3992; x_wconf 89' lang='lat' dir='ltr'><strong>ad</strong></span> <span class='ocrx_word' id='word_1_693' title='bbox 2309 3953 2437 3992; x_wconf 85' lang='lat' dir='ltr'><strong>eum</strong></span> <span class='ocrx_word' id='word_1_694' title='bbox 2476 3937 2632 3993; x_wconf 85' lang='lat' dir='ltr'><strong>vobis</strong></span> <span class='ocrx_word' id='word_1_695' title='bbox 2663 3936 2994 3993; x_wconf 84' lang='lat' dir='ltr'><strong>reddendum</strong></span> <span class='ocrx_word' id='word_1_696' title='bbox 3020 3946 3152 3991; x_wconf 90' lang='lat' dir='ltr'><strong>nutu</strong></span> <span class='ocrx_word' id='word_1_697' title='bbox 3175 3951 3286 3991; x_wconf 77' lang='lat' dir='ltr'><strong>sua:</strong></span> <span class='ocrx_word' id='word_1_698' title='bbox 3314 3937 3688 3993; x_wconf 83' lang='lat' dir='ltr'><strong>miserationis</strong></span> <span class='ocrx_word' id='word_1_699' title='bbox 3728 3940 3809 3992; x_wconf 87' lang='lat' dir='ltr'><strong>in-</strong></span> 
     </span>
    </p>
   </div>
   <div class='ocr_carea' id='block_1_101' title="bbox 2222 4030 3812 4101">
    <p class='ocr_par' dir='ltr' id='par_1_101' title="bbox 2222 4030 3812 4101">
     <span class='ocr_line' id='line_1_102' title="bbox 2222 4030 3812 4101; baseline -0.002 -13"><span class='ocrx_word' id='word_1_700' title='bbox 2222 4030 2391 4088; x_wconf 87' lang='lat' dir='ltr'><strong>terius</strong></span> <span class='ocrx_word' id='word_1_701' title='bbox 2432 4032 2707 4101; x_wconf 86' lang='lat' dir='ltr'><strong>imperans</strong></span> <span class='ocrx_word' id='word_1_702' title='bbox 2731 4039 2789 4087; x_wconf 88' lang='lat' dir='ltr'><strong>et</strong></span> <span class='ocrx_word' id='word_1_703' title='bbox 2809 4038 3180 4101; x_wconf 86' lang='lat' dir='ltr'><strong>competenter</strong></span> <span class='ocrx_word' id='word_1_704' title='bbox 3203 4031 3480 4085; x_wconf 87' lang='lat' dir='ltr'><strong>erudiens.</strong></span> <span class='ocrx_word' id='word_1_705' title='bbox 3506 4030 3649 4086; x_wconf 86' lang='lat' dir='ltr'><strong>Ecce</strong></span> <span class='ocrx_word' id='word_1_706' title='bbox 3670 4032 3812 4085; x_wconf 84' lang='lat' dir='ltr'><strong>enim</strong></span> 
     </span>
    </p>
   </div>
   <div class='ocr_carea' id='block_1_102' title="bbox 2218 4120 3811 4185">
    <p class='ocr_par' dir='ltr' id='par_1_102' title="bbox 2218 4120 3811 4185">
     <span class='ocr_line' id='line_1_103' title="bbox 2218 4120 3811 4185; baseline -0.004 -6"><span class='ocrx_word' id='word_1_707' title='bbox 2218 4122 2582 4179; x_wconf 85' lang='lat' dir='ltr'><strong>venerabilem</strong></span> <span class='ocrx_word' id='word_1_708' title='bbox 2627 4122 2804 4178; x_wconf 84' lang='lat' dir='ltr'><strong>virum</strong></span> <span class='ocrx_word' id='word_1_709' title='bbox 2828 4121 3135 4177; x_wconf 84' lang='lat' dir='ltr'><strong>Rothadum</strong></span> <span class='ocrx_word' id='word_1_710' title='bbox 3160 4161 3174 4185; x_wconf 95' lang='lat'><strong>,</strong></span> <span class='ocrx_word' id='word_1_711' title='bbox 3209 4120 3437 4176; x_wconf 82' lang='lat' dir='ltr'><strong>fratrem</strong></span> <span class='ocrx_word' id='word_1_712' title='bbox 3466 4128 3711 4176; x_wconf 78' lang='lat' dir='ltr'><strong>nasttmn</strong></span> <span class='ocrx_word' id='word_1_713' title='bbox 3758 4131 3811 4176; x_wconf 87' lang='lat' dir='ltr'><strong>et</strong></span> 
     </span>
    </p>
   </div>
   <div class='ocr_carea' id='block_1_103' title="bbox 2219 4217 3809 4287">
    <p class='ocr_par' dir='ltr' id='par_1_103' title="bbox 2219 4217 3809 4287">
     <span class='ocr_line' id='line_1_104' title="bbox 2219 4217 3809 4287; baseline -0.003 -16"><span class='ocrx_word' id='word_1_714' title='bbox 2219 4217 2594 4287; x_wconf 87' lang='lat' dir='ltr'><strong>coepiscopum</strong></span> <span class='ocrx_word' id='word_1_715' title='bbox 2632 4223 2901 4280; x_wconf 89' lang='lat' dir='ltr'><strong>nostrum,</strong></span> <span class='ocrx_word' id='word_1_716' title='bbox 2940 4222 3178 4270; x_wconf 88' lang='lat' dir='ltr'><strong>vestrum</strong></span> <span class='ocrx_word' id='word_1_717' title='bbox 3212 4223 3393 4268; x_wconf 87' lang='lat' dir='ltr'><strong>autem</strong></span> <span class='ocrx_word' id='word_1_718' title='bbox 3416 4222 3666 4284; x_wconf 85' lang='lat' dir='ltr'><strong>.patrem,</strong></span> <span class='ocrx_word' id='word_1_719' title='bbox 3710 4229 3809 4283; x_wconf 74' lang='lat' dir='ltr'><strong>pa-</strong></span> 
     </span>
    </p>
   </div>
   <div class='ocr_carea' id='block_1_104' title="bbox 2220 4304 3810 4378">
    <p class='ocr_par' dir='ltr' id='par_1_104' title="bbox 2220 4304 3810 4378">
     <span class='ocr_line' id='line_1_105' title="bbox 2220 4304 3810 4378; baseline -0.001 -13"><span class='ocrx_word' id='word_1_720' title='bbox 2220 4317 2421 4365; x_wconf 85' lang='lat' dir='ltr'><strong>storem</strong></span> <span class='ocrx_word' id='word_1_721' title='bbox 2450 4315 2614 4378; x_wconf 83' lang='lat' dir='ltr'><strong>atque</strong></span> <span class='ocrx_word' id='word_1_722' title='bbox 2639 4307 2975 4378; x_wconf 86' lang='lat' dir='ltr'><strong>magistrum,</strong></span> <span class='ocrx_word' id='word_1_723' title='bbox 3007 4304 3165 4375; x_wconf 84' lang='lat' dir='ltr'><strong>cujus</strong></span> <span class='ocrx_word' id='word_1_724' title='bbox 3183 4306 3339 4376; x_wconf 81' lang='lat' dir='ltr'><strong>longa</strong></span> <span class='ocrx_word' id='word_1_725' title='bbox 3355 4306 3472 4376; x_wconf 83' lang='lat' dir='ltr'><strong>jam</strong></span> <span class='ocrx_word' id='word_1_726' title='bbox 3508 4305 3810 4363; x_wconf 86' lang='lat' dir='ltr'><strong>eruditione</strong></span> 
     </span>
    </p>
   </div>
   <div class='ocr_carea' id='block_1_105' title="bbox 2217 4394 3810 4469">
    <p class='ocr_par' dir='ltr' id='par_1_105' title="bbox 2217 4394 3810 4469">
     <span class='ocr_line' id='line_1_106' title="bbox 2217 4394 3810 4469; baseline -0.001 -15"><span class='ocrx_word' id='word_1_727' title='bbox 2217 4398 2491 4464; x_wconf 88' lang='lat' dir='ltr'><strong>instructi,</strong></span> <span class='ocrx_word' id='word_1_728' title='bbox 2531 4397 2689 4469; x_wconf 81' lang='lat' dir='ltr'><strong>ettjus</strong></span> <span class='ocrx_word' id='word_1_729' title='bbox 2731 4397 2862 4453; x_wconf 89' lang='lat' dir='ltr'><strong>olim</strong></span> <span class='ocrx_word' id='word_1_730' title='bbox 2893 4396 3035 4454; x_wconf 86' lang='lat' dir='ltr'><strong>sacri</strong></span> <span class='ocrx_word' id='word_1_731' title='bbox 3060 4394 3215 4450; x_wconf 86' lang='lat' dir='ltr'><strong>verbi</strong></span> <span class='ocrx_word' id='word_1_732' title='bbox 3241 4411 3381 4466; x_wconf 85' lang='lat' dir='ltr'><strong>pane</strong></span> <span class='ocrx_word' id='word_1_733' title='bbox 3406 4394 3621 4462; x_wconf 84' lang='lat' dir='ltr'><strong>refecti,</strong></span> <span class='ocrx_word' id='word_1_734' title='bbox 3656 4397 3810 4466; x_wconf 83' lang='lat' dir='ltr'><strong>cujus</strong></span> 
     </span>
    </p>
   </div>
   <div class='ocr_carea' id='block_1_106' title="bbox 2217 4487 3806 4560">
    <p class='ocr_par' dir='ltr' id='par_1_106' title="bbox 2217 4487 3806 4560">
     <span class='ocr_line' id='line_1_107' title="bbox 2217 4487 3806 4560; baseline -0.001 -13"><span class='ocrx_word' id='word_1_735' title='bbox 2217 4491 2490 4547; x_wconf 87' lang='lat' dir='ltr'><strong>diuturnis</strong></span> <span class='ocrx_word' id='word_1_736' title='bbox 2538 4490 2813 4547; x_wconf 84' lang='lat' dir='ltr'><strong>laboribus</strong></span> <span class='ocrx_word' id='word_1_737' title='bbox 2861 4498 2918 4546; x_wconf 90' lang='lat' dir='ltr'><strong>et</strong></span> <span class='ocrx_word' id='word_1_738' title='bbox 2969 4487 3169 4560; x_wconf 87' lang='lat' dir='ltr'><strong>vigiliis</strong></span> <span class='ocrx_word' id='word_1_739' title='bbox 3224 4488 3599 4558; x_wconf 83' lang='lat' dir='ltr'><strong>circumsepti,</strong></span> <span class='ocrx_word' id='word_1_740' title='bbox 3654 4489 3806 4558; x_wconf 84' lang='lat' dir='ltr'><strong>cujus</strong></span> 
     </span>
    </p>
   </div>
   <div class='ocr_carea' id='block_1_107' title="bbox 2214 4579 3814 4655">
    <p class='ocr_par' dir='ltr' id='par_1_107' title="bbox 2214 4579 3814 4655">
     <span class='ocr_line' id='line_1_108' title="bbox 2214 4579 3814 4655; baseline -0.004 -15"><span class='ocrx_word' id='word_1_741' title='bbox 2214 4584 2535 4655; x_wconf 81' lang='lat' dir='ltr'><strong>magisterio</strong></span> <span class='ocrx_word' id='word_1_742' title='bbox 2577 4593 2634 4639; x_wconf 88' lang='lat' dir='ltr'><strong>et</strong></span> <span class='ocrx_word' id='word_1_743' title='bbox 2685 4583 2928 4638; x_wconf 80' lang='lat' dir='ltr'><strong>doctrina</strong></span> <span class='ocrx_word' id='word_1_744' title='bbox 2982 4580 3093 4636; x_wconf 85' lang='lat' dir='ltr'><strong>Deo</strong></span> <span class='ocrx_word' id='word_1_745' title='bbox 3136 4580 3271 4635; x_wconf 87' lang='lat' dir='ltr'><strong>estis</strong></span> <span class='ocrx_word' id='word_1_746' title='bbox 3316 4588 3542 4635; x_wconf 81' lang='lat' dir='ltr'><strong>auctore</strong></span> <span class='ocrx_word' id='word_1_747' title='bbox 3593 4579 3814 4643; x_wconf 75' lang='lat' dir='ltr'><strong>refecti,’</strong></span> 
     </span>
    </p>
   </div>
   <div class='ocr_carea' id='block_1_108' title="bbox 2214 4669 3796 4747">
    <p class='ocr_par' dir='ltr' id='par_1_108' title="bbox 2214 4669 3796 4747">
     <span class='ocr_line' id='line_1_109' title="bbox 2214 4669 3796 4747; baseline -0.003 -18"><span class='ocrx_word' id='word_1_748' title='bbox 2214 4676 2413 4747; x_wconf 89' lang='lat' dir='ltr'><strong>prioris</strong></span> <span class='ocrx_word' id='word_1_749' title='bbox 2440 4672 2624 4731; x_wconf 89' lang='lat' dir='ltr'><strong>infulis</strong></span> <span class='ocrx_word' id='word_1_750' title='bbox 2666 4671 2955 4729; x_wconf 87' lang='lat' dir='ltr'><strong>sacerdotii</strong></span> <span class='ocrx_word' id='word_1_751' title='bbox 2984 4680 3040 4728; x_wconf 84' lang='lat' dir='ltr'><strong>et</strong></span> <span class='ocrx_word' id='word_1_752' title='bbox 3085 4671 3334 4742; x_wconf 86' lang='lat' dir='ltr'><strong>pristinis</strong></span> <span class='ocrx_word' id='word_1_753' title='bbox 3376 4669 3796 4741; x_wconf 84' lang='lat' dir='ltr'><strong>redintegratum</strong></span> 
     </span>
    </p>
   </div>
   <div class='ocr_carea' id='block_1_109' title="bbox 2214 4758 3798 4831">
    <p class='ocr_par' dir='ltr' id='par_1_109' title="bbox 2214 4758 3798 4831">
     <span class='ocr_line' id='line_1_110' title="bbox 2214 4758 3798 4831; baseline -0.004 -10"><span class='ocrx_word' id='word_1_754' title='bbox 2214 4764 2509 4821; x_wconf 76' lang='lat' dir='ltr'><strong>honoribus</strong></span> <span class='ocrx_word' id='word_1_755' title='bbox 2542 4778 2607 4819; x_wconf 90' lang='lat' dir='ltr'><strong>ac</strong></span> <span class='ocrx_word' id='word_1_756' title='bbox 2635 4762 2891 4819; x_wconf 84' lang='lat' dir='ltr'><strong>omnibus</strong></span> <span class='ocrx_word' id='word_1_757' title='bbox 2924 4762 3266 4831; x_wconf 84' lang='lat' dir='ltr'><strong>episcopatus</strong></span> <span class='ocrx_word' id='word_1_758' title='bbox 3303 4758 3505 4815; x_wconf 75' lang='lat' dir='ltr'><strong>ofﬁciis</strong></span> <span class='ocrx_word' id='word_1_759' title='bbox 3528 4771 3798 4815; x_wconf 75' lang='lat' dir='ltr'><strong>restaura-</strong></span> 
     </span>
    </p>
   </div>
   <div class='ocr_carea' id='block_1_110' title="bbox 2215 4850 3796 4923">
    <p class='ocr_par' dir='ltr' id='par_1_110' title="bbox 2215 4850 3796 4923">
     <span class='ocr_line' id='line_1_111' title="bbox 2215 4850 3796 4923; baseline -0.004 -11"><span class='ocrx_word' id='word_1_760' title='bbox 2215 4870 2347 4923; x_wconf 92' lang='lat' dir='ltr'><strong>tum,</strong></span> <span class='ocrx_word' id='word_1_761' title='bbox 2384 4866 2578 4912; x_wconf 67' lang='lat' dir='ltr'><strong>veStra:</strong></span> <span class='ocrx_word' id='word_1_762' title='bbox 2607 4854 2775 4911; x_wconf 89' lang='lat' dir='ltr'><strong>alacri</strong></span> <span class='ocrx_word' id='word_1_763' title='bbox 2824 4853 3094 4909; x_wconf 85' lang='lat' dir='ltr'><strong>devotioni</strong></span> <span class='ocrx_word' id='word_1_764' title='bbox 3125 4861 3181 4907; x_wconf 90' lang='lat' dir='ltr'><strong>et</strong></span> <span class='ocrx_word' id='word_1_765' title='bbox 3207 4852 3309 4923; x_wconf 68' lang='lat' dir='ltr'><strong>piae</strong></span> <span class='ocrx_word' id='word_1_766' title='bbox 3331 4850 3609 4906; x_wconf 86' lang='lat' dir='ltr'><strong>dilectioni</strong></span> <span class='ocrx_word' id='word_1_767' title='bbox 3638 4852 3796 4906; x_wconf 86' lang='lat' dir='ltr'><strong>remi-</strong></span> 
     </span>
    </p>
   </div>
   <div class='ocr_carea' id='block_1_111' title="bbox 2213 4942 3797 5017">
    <p class='ocr_par' dir='ltr' id='par_1_111' title="bbox 2213 4942 3797 5017">
     <span class='ocr_line' id='line_1_112' title="bbox 2213 4942 3797 5017; baseline -0.004 -12"><span class='ocrx_word' id='word_1_768' title='bbox 2213 4952 2401 5006; x_wconf 91' lang='lat' dir='ltr'><strong>simus.</strong></span> <span class='ocrx_word' id='word_1_769' title='bbox 2433 4947 2656 5005; x_wconf 80' lang='lat' dir='ltr'><strong>Habetis</strong></span> <span class='ocrx_word' id='word_1_770' title='bbox 2680 4955 2942 5017; x_wconf 71' lang='lat' dir='ltr'><strong>prteterea</strong></span> <span class='ocrx_word' id='word_1_771' title='bbox 2972 4945 3023 4999; x_wconf 93' lang='lat' dir='ltr'><strong>in</strong></span> <span class='ocrx_word' id='word_1_772' title='bbox 3066 4946 3168 4999; x_wconf 88' lang='lat' dir='ltr'><strong>hoc</strong></span> <span class='ocrx_word' id='word_1_773' title='bbox 3195 4946 3368 5000; x_wconf 71' lang='lat' dir='ltr'><strong>beata:</strong></span> <span class='ocrx_word' id='word_1_774' title='bbox 3388 4942 3797 4998; x_wconf 52' lang='lat' dir='ltr'><strong>recordationis</strong></span> 
     </span>
    </p>
   </div>
   <div class='ocr_carea' id='block_1_112' title="bbox 2209 5034 3795 5109">
    <p class='ocr_par' dir='ltr' id='par_1_112' title="bbox 2209 5034 3795 5109">
     <span class='ocr_line' id='line_1_113' title="bbox 2209 5034 3795 5109; baseline -0.004 -13"><span class='ocrx_word' id='word_1_775' title='bbox 2209 5040 2491 5097; x_wconf 84' lang='lat' dir='ltr'><strong>Athanasii</strong></span> <span class='ocrx_word' id='word_1_776' title='bbox 2516 5038 2918 5109; x_wconf 87' lang='lat' dir='ltr'><strong>prudentissimi</strong></span> <span class='ocrx_word' id='word_1_777' title='bbox 2940 5035 3242 5092; x_wconf 78' lang='lat' dir='ltr'><strong>sacerdotis</strong></span> <span class='ocrx_word' id='word_1_778' title='bbox 3266 5034 3577 5105; x_wconf 79' lang='lat' dir='ltr'><strong>exemplum</strong></span> <span class='ocrx_word' id='word_1_779' title='bbox 3603 5054 3618 5088; x_wconf 87' lang='lat'>:</span> <span class='ocrx_word' id='word_1_780' title='bbox 3645 5034 3795 5103; x_wconf 84' lang='lat' dir='ltr'><strong>cujus</strong></span> 
     </span>
    </p>
   </div>
   <div class='ocr_carea' id='block_1_113' title="bbox 2208 5126 3789 5195">
    <p class='ocr_par' dir='ltr' id='par_1_113' title="bbox 2208 5126 3789 5195">
     <span class='ocr_line' id='line_1_114' title="bbox 2208 5126 3789 5195; baseline -0.005 -6"><span class='ocrx_word' id='word_1_781' title='bbox 2208 5133 2495 5190; x_wconf 87' lang='lat' dir='ltr'><strong>tolerantia</strong></span> <span class='ocrx_word' id='word_1_782' title='bbox 2546 5132 2772 5188; x_wconf 89' lang='lat' dir='ltr'><strong>cuinon</strong></span> <span class='ocrx_word' id='word_1_783' title='bbox 2804 5128 3163 5186; x_wconf 87' lang='lat' dir='ltr'><strong>consolationi</strong></span> <span class='ocrx_word' id='word_1_784' title='bbox 3209 5126 3320 5182; x_wconf 80' lang='lat' dir='ltr'><strong>sit?</strong></span> <span class='ocrx_word' id='word_1_785' title='bbox 3374 5127 3462 5181; x_wconf 86' lang='lat' dir='ltr'><strong>cui</strong></span> <span class='ocrx_word' id='word_1_786' title='bbox 3503 5142 3612 5181; x_wconf 88' lang='lat' dir='ltr'><strong>non</strong></span> <span class='ocrx_word' id='word_1_787' title='bbox 3642 5142 3789 5195; x_wconf 86' lang='lat' dir='ltr'><strong>spem</strong></span> 
     </span>
    </p>
   </div>
   <div class='ocr_carea' id='block_1_114' title="bbox 2186 5212 3788 5293">
    <p class='ocr_par' dir='ltr' id='par_1_114' title="bbox 2186 5212 3788 5293">
     <span class='ocr_line' id='line_1_115' title="bbox 2186 5212 3788 5293; baseline -0.004 -15"><span class='ocrx_word' id='word_1_788' title='bbox 2186 5212 2368 5280; x_wconf 37' lang='lat' dir='ltr'><strong>.fa&#39;eiat</strong></span> <span class='ocrx_word' id='word_1_789' title='bbox 2386 5224 2506 5293; x_wconf 80' lang='lat' dir='ltr'><strong>ejus</strong></span> <span class='ocrx_word' id='word_1_790' title='bbox 2536 5223 2903 5292; x_wconf 79' lang='lat' dir='ltr'><strong>inexspectata</strong></span> <span class='ocrx_word' id='word_1_791' title='bbox 2936 5217 3217 5275; x_wconf 84' lang='lat' dir='ltr'><strong>reversio?</strong></span> <span class='ocrx_word' id='word_1_792' title='bbox 3246 5215 3479 5287; x_wconf 81' lang='lat' dir='ltr'><strong>Ejicitur</strong></span> <span class='ocrx_word' id='word_1_793' title='bbox 3496 5217 3631 5272; x_wconf 80' lang='lat' dir='ltr'><strong>Ario</strong></span> <span class='ocrx_word' id='word_1_794' title='bbox 3657 5232 3788 5286; x_wconf 69' lang='lat' dir='ltr'><strong>prai-</strong></span> 
     </span>
    </p>
   </div>
   <div class='ocr_carea' id='block_1_115' title="bbox 2203 5305 3785 5387">
    <p class='ocr_par' dir='ltr' id='par_1_115' title="bbox 2203 5305 3785 5387">
     <span class='ocr_line' id='line_1_116' title="bbox 2203 5305 3785 5387; baseline -0.006 -15"><span class='ocrx_word' id='word_1_795' title='bbox 2203 5324 2486 5387; x_wconf 86' lang='lat' dir='ltr'><strong>sequente,</strong></span> <span class='ocrx_word' id='word_1_796' title='bbox 2515 5314 2609 5370; x_wconf 88' lang='lat' dir='ltr'><strong>sed</strong></span> <span class='ocrx_word' id='word_1_797' title='bbox 2646 5311 2981 5369; x_wconf 86' lang='lat' dir='ltr'><strong>revocandus</strong></span> <span class='ocrx_word' id='word_1_798' title='bbox 3000 5307 3229 5366; x_wconf 90' lang='lat' dir='ltr'><strong>Domino</strong></span> <span class='ocrx_word' id='word_1_799' title='bbox 3250 5316 3633 5378; x_wconf 84' lang='lat' dir='ltr'><strong>prosequente.</strong></span> <span class='ocrx_word' id='word_1_800' title='bbox 3662 5305 3785 5362; x_wconf 78' lang='lat' dir='ltr'><strong>Pas-</strong></span> 
     </span>
    </p>
   </div>
   <div class='ocr_carea' id='block_1_116' title="bbox 2200 5398 3783 5473">
    <p class='ocr_par' dir='ltr' id='par_1_116' title="bbox 2200 5398 3783 5473">
     <span class='ocr_line' id='line_1_117' title="bbox 2200 5398 3783 5473; baseline -0.008 -12"><span class='ocrx_word' id='word_1_801' title='bbox 2200 5422 2291 5461; x_wconf 86' lang='lat' dir='ltr'><strong>sus</strong></span> <span class='ocrx_word' id='word_1_802' title='bbox 2329 5414 2411 5461; x_wconf 88' lang='lat' dir='ltr'><strong>est</strong></span> <span class='ocrx_word' id='word_1_803' title='bbox 2438 5417 2739 5469; x_wconf 81' lang='lat' dir='ltr'><strong>carcerem,</strong></span> <span class='ocrx_word' id='word_1_804' title='bbox 2785 5415 2974 5473; x_wconf 90' lang='lat' dir='ltr'><strong>passus</strong></span> <span class='ocrx_word' id='word_1_805' title='bbox 3001 5408 3085 5455; x_wconf 89' lang='lat' dir='ltr'><strong>est</strong></span> <span class='ocrx_word' id='word_1_806' title='bbox 3113 5398 3415 5469; x_wconf 84' lang='lat' dir='ltr'><strong>angustias,</strong></span> <span class='ocrx_word' id='word_1_807' title='bbox 3442 5411 3545 5451; x_wconf 88' lang='lat' dir='ltr'><strong>nec</strong></span> <span class='ocrx_word' id='word_1_808' title='bbox 3569 5398 3783 5456; x_wconf 85' lang='lat' dir='ltr'><strong>mirum.</strong></span> 
     </span>
    </p>
   </div>
   <div class='ocr_carea' id='block_1_117' title="bbox 2198 5488 3783 5566">
    <p class='ocr_par' dir='ltr' id='par_1_117' title="bbox 2198 5488 3783 5566">
     <span class='ocr_line' id='line_1_118' title="bbox 2198 5488 3783 5566; baseline -0.004 -15"><span class='ocrx_word' id='word_1_809' title='bbox 2198 5499 2244 5552; x_wconf 88' lang='lat' dir='ltr'><strong>si</strong></span> <span class='ocrx_word' id='word_1_810' title='bbox 2287 5497 2370 5551; x_wconf 90' lang='lat' dir='ltr'><strong>vir</strong></span> <span class='ocrx_word' id='word_1_811' title='bbox 2395 5494 2721 5566; x_wconf 85' lang='lat' dir='ltr'><strong>apostolicus</strong></span> <span class='ocrx_word' id='word_1_812' title='bbox 2749 5507 2814 5549; x_wconf 89' lang='lat' dir='ltr'><strong>ea</strong></span> <span class='ocrx_word' id='word_1_813' title='bbox 2857 5507 3051 5561; x_wconf 86' lang='lat' dir='ltr'><strong>passus</strong></span> <span class='ocrx_word' id='word_1_814' title='bbox 3076 5498 3178 5555; x_wconf 87' lang='lat' dir='ltr'><strong>est,</strong></span> <span class='ocrx_word' id='word_1_815' title='bbox 3236 5489 3436 5559; x_wconf 87' lang='lat' dir='ltr'><strong>quibus</strong></span> <span class='ocrx_word' id='word_1_816' title='bbox 3476 5503 3537 5544; x_wconf 85' lang='lat' dir='ltr'><strong>se</strong></span> <span class='ocrx_word' id='word_1_817' title='bbox 3564 5488 3783 5559; x_wconf 77' lang='lat' dir='ltr'><strong>Aposto-</strong></span> 
     </span>
    </p>
   </div>
   <div class='ocr_carea' id='block_1_118' title="bbox 2199 5578 3777 5660">
    <p class='ocr_par' dir='ltr' id='par_1_118' title="bbox 2199 5578 3777 5660">
     <span class='ocr_line' id='line_1_119' title="bbox 2199 5578 3777 5660; baseline -0.008 -17"><span class='ocrx_word' id='word_1_818' title='bbox 2199 5588 2281 5644; x_wconf 93' lang='lat' dir='ltr'><strong>lus</strong></span> <span class='ocrx_word' id='word_1_819' title='bbox 2308 5588 2570 5660; x_wconf 87' lang='lat' dir='ltr'><strong>gloriatur</strong></span> <span class='ocrx_word' id='word_1_820' title='bbox 2593 5585 2951 5642; x_wconf 77' lang='lat' dir='ltr'><strong>exercitatum</strong></span> <span class='ocrx_word' id='word_1_821' title='bbox 2980 5581 3063 5654; x_wconf 88' lang='lat' dir='ltr'><strong>(II</strong></span> <span class='ocrx_word' id='word_1_822' title='bbox 3096 5580 3215 5636; x_wconf 82' lang='lat' dir='ltr'><strong>Cor.</strong></span> <span class='ocrx_word' id='word_1_823' title='bbox 3263 5582 3362 5652; x_wconf 73' lang='lat' dir='ltr'><strong>XI).</strong></span> <span class='ocrx_word' id='word_1_824' title='bbox 3392 5578 3452 5636; x_wconf 83' lang='lat' dir='ltr'><strong>in</strong></span> <span class='ocrx_word' id='word_1_825' title='bbox 3481 5580 3571 5635; x_wconf 86' lang='lat' dir='ltr'><strong>bis</strong></span> <span class='ocrx_word' id='word_1_826' title='bbox 3608 5589 3777 5634; x_wconf 84' lang='lat' dir='ltr'><strong>tamen</strong></span> 
     </span>
    </p>
   </div>
   <div class='ocr_carea' id='block_1_119' title="bbox 2197 5670 3775 5744">
    <p class='ocr_par' dir='ltr' id='par_1_119' title="bbox 2197 5670 3775 5744">
     <span class='ocr_line' id='line_1_120' title="bbox 2197 5670 3775 5744; baseline -0.008 -7"><span class='ocrx_word' id='word_1_827' title='bbox 2197 5681 2447 5737; x_wconf 88' lang='lat' dir='ltr'><strong>omnibus</strong></span> <span class='ocrx_word' id='word_1_828' title='bbox 2485 5686 2703 5734; x_wconf 90' lang='lat' dir='ltr'><strong>secutus</strong></span> <span class='ocrx_word' id='word_1_829' title='bbox 2732 5684 2817 5733; x_wconf 90' lang='lat' dir='ltr'><strong>est</strong></span> <span class='ocrx_word' id='word_1_830' title='bbox 2842 5674 3016 5740; x_wconf 90' lang='lat' dir='ltr'><strong>illum,</strong></span> <span class='ocrx_word' id='word_1_831' title='bbox 3058 5674 3150 5744; x_wconf 89' lang='lat' dir='ltr'><strong>qui</strong></span> <span class='ocrx_word' id='word_1_832' title='bbox 3181 5674 3281 5729; x_wconf 87' lang='lat' dir='ltr'><strong>sibi</strong></span> <span class='ocrx_word' id='word_1_833' title='bbox 3326 5673 3384 5728; x_wconf 87' lang='lat' dir='ltr'><strong>in</strong></span> <span class='ocrx_word' id='word_1_834' title='bbox 3413 5670 3775 5729; x_wconf 82' lang='lat' dir='ltr'><strong>tribulationi-</strong></span> 
     </span>
    </p>
   </div>
   <div class='ocr_carea' id='block_1_120' title="bbox 2198 5764 3771 5843">
    <p class='ocr_par' dir='ltr' id='par_1_120' title="bbox 2198 5764 3771 5843">
     <span class='ocr_line' id='line_1_121' title="bbox 2198 5764 3771 5843; baseline -0.009 -14"><span class='ocrx_word' id='word_1_835' title='bbox 2198 5775 2300 5829; x_wconf 88' lang='lat' dir='ltr'><strong>bus</strong></span> <span class='ocrx_word' id='word_1_836' title='bbox 2325 5788 2382 5829; x_wconf 91' lang='lat' dir='ltr'><strong>se</strong></span> <span class='ocrx_word' id='word_1_837' title='bbox 2416 5771 2628 5843; x_wconf 89' lang='lat' dir='ltr'><strong>placere</strong></span> <span class='ocrx_word' id='word_1_838' title='bbox 2672 5777 2920 5834; x_wconf 89' lang='lat' dir='ltr'><strong>testatur,</strong></span> <span class='ocrx_word' id='word_1_839' title='bbox 2958 5766 3171 5839; x_wconf 79' lang='lat' dir='ltr'><strong>fugatus</strong></span> <span class='ocrx_word' id='word_1_840' title='bbox 3199 5766 3367 5832; x_wconf 81' lang='lat' dir='ltr'><strong>illinc,</strong></span> <span class='ocrx_word' id='word_1_841' title='bbox 3395 5775 3453 5822; x_wconf 89' lang='lat' dir='ltr'><strong>et</strong></span> <span class='ocrx_word' id='word_1_842' title='bbox 3482 5764 3537 5821; x_wconf 92' lang='lat' dir='ltr'><strong>in</strong></span> <span class='ocrx_word' id='word_1_843' title='bbox 3581 5764 3771 5821; x_wconf 77' lang='lat' dir='ltr'><strong>nostris</strong></span> 
     </span>
    </p>
   </div>
   <div class='ocr_carea' id='block_1_121' title="bbox 3938 5072 3945 5193">
    <p class='ocr_par' dir='ltr' id='par_1_121' title="bbox 3938 5072 3945 5193">
     <span class='ocr_line' id='line_1_122' title="bbox 3938 5072 3945 5193; baseline 0 -74"><span class='ocrx_word' id='word_1_844' title='bbox 3938 5124 3943 5193; x_wconf 40' lang='grc' dir='ltr'><em>Δ</em></span> 
     </span>
    </p>
   </div>
   <div class='ocr_carea' id='block_1_122' title="bbox 3957 4108 3973 4650">
    <p class='ocr_par' dir='ltr' id='par_1_122' title="bbox 3957 4368 3965 4627">
     <span class='ocr_line' id='line_1_123' title="bbox 3957 4368 3965 4627; baseline 0 -212"><span class='ocrx_word' id='word_1_845' title='bbox 3957 4490 3961 4627; x_wconf 35' lang='grc' dir='ltr'><em>ἔ</em></span> 
     </span>
    </p>
   </div>
  </div>
