4050 6324
256 447 363 504 909

1446 433 1815 492 _-EPIS'l'0L1E
1853 433 1945 488 ΕΤ
1992 433 2332 490 DECRETA.

3410 433 3514 491 θιυ

251 561 502 634 partibus
528 560 814 615 roboratus
845 565 951 610 est.
979 549 1224 624 Denique
1252 553 1340 608 hic
1368 553 1418 607 ei
1449 552 1840 621 redintegratus
1870 551 1917 608 Α
1944 547 2238 612 bucrimus,
2287 546 2662 617 scripserimus
2699 555 2755 602 et
2791 547 3136 602 colucrimus.
3170 548 3237 603 Et
3266 548 3385 604 ideo
3427 566 3518 608 au-

259 664 436 709 status
469 660 573 716 est,
615 651 666 704 in
704 650 804 703 hac
851 649 978 702 sede
1005 647 1245 716 requiem
1273 643 1670 699 communionis
1697 643 1846 695 inve-

262 744 363 806 nit,
407 758 438 797 a
486 757 592 812 qua
641 753 856 808 semper
913 735 1198 790 catholicis
1255 734 1594 789 subvenitur.
1657 731 1844 786 Sancti

260 845 440 890 autem
481 847 632 902 papae
669 829 944 885 leestini
985 826 1147 881 verba
1175 832 1302 880 sunt
1327 826 1442 878 bzee
1471 824 1652 895 (epist.
1681 823 1734 886 4,
1779 823 1847 878 ad

258 924 496 993 Const),
553 939 671 992 qua:
727 937 824 976 nos
874 918 1123 974 liotbado
1153 916 1422 986 possimus
1450 932 1558 970 non
1590 916 1845 969 inconve-

261 1019 474 1072 nienter
495 1025 698 1084 aptare,
721 1020 924 1082 printer
951 1009 1093 1078 quod
1126 1008 1214 1062 ille
1242 1006 1518 1061 reverendi
1540 1005 1844 1069 Athanasii,

258 1117 319 1160 et
341 1105 638 1173 blasphemi
659 1104 772 1157 Arii
800 1101 1130 1155 mentionem
1157 1099 1285 1154 fecit
1308 1116 1321 1152 :
1357 1098 1409 1152 in
1433 1097 1846 1167 praesentiarum

261 1212 392 1251 vero
439 1196 757 1249 llincmarus
788 1207 1142 1261 prosequens,
1189 1198 1242 1243 et
1270 1187 1551 1244 Rothadus
1588 1187 1847 1240 innocens

264 1289 316 1343 in
342 1303 502 1343 causa
519 1295 661 1340 sunt.
690 1285 932 1340 Gaudete
957 1284 1160 1353 itaque,
1193 1282 1404 1345 fratres,
1438 1282 1490 1333 in
1517 1280 1760 1340 Domino,
1794 1287 1850 1332 et

264 1380 459 1435 iterum
485 1379 605 1432 dico
631 1377 859 1447 gaudete
887 1394 899 1429 :
937 1375 1198 1429 modestia
1225 1382 1399 1426 vestra
1427 1381 1550 1426 nota
1579 1372 1650 1424 sit
1679 1371 1851 1426 omni-

264 1474 368 1528 bus
419 1471 745 1525 hominibus.
808 1467 1119 1526 Exsultate,
1176 1465 1268 1518 lilii
1302 1463 1651 1523 cbarissimi,
1700 1473 1757 1515 et
1784 1463 1850 1516 de

257 1558 476 1618 reddito
507 1562 655 1616 \‘obis
697 1569 882 1629 patre,
929 1559 1039 1612 Deo
1077 1558 1366 1611 immensas
1382 1543 1600 1625 gratias
1647 1553 1852 1622 persol-

266 1655 393 1708 vite.
442 1651 720 1707 Laetamini
750 1692 763 1712 ,
812 1664 940 1703 oves
983 1648 1300 1708 Dominicae,
1351 1661 1416 1699 ac
1462 1660 1560 1714 pro
1604 1644 1852 1698 restituto

266 1758 502 1819 pastore,
552 1759 762 1799 summo
792 1743 1003 1796 Pastori
1046 1740 1260 1794 landum
1284 1737 1462 1793 ofﬁcia
1486 1738 1682 1791 canite.
1715 1736 1856 1791 Con-

271 1835 596 1908 gregamiui,
629 1834 718 1888 lilii
748 1832 964 1896 excelsi,
984 1833 1124 1885 exite
1151 1831 1363 1885 obviam
1394 1831 1467 1892 ei,
1501 1829 1854 1898 tripudiantes

1945 639 2194 696 ctoritate
2246 639 2339 692 Dei
2390 639 2792 707 omnipotentis,
2824 648 2880 693 et
2912 637 3193 694 beatorum
3247 641 3514 708 apostolo-

1947 745 2063 784 rum
2088 729 2234 784 Petri
2255 739 2309 783 et
2332 729 2514 792 Pauli,
2543 738 2598 783 et
2625 731 2863 784 omnium
2905 731 3251 785 decessurum
3273 746 3518 788 meorum

1947 819 2090 873 sedis
2135 818 2444 887 apostolica:
2467 819 2776 888 praesulum,
2811 819 3040 889 pristino
3072 820 3282 890 gradui,
3312 836 3376 876 ac
3407 823 3520 892 prio

1946 911 2100 964 stina:
2145 909 2501 966 reformamus
2550 912 2791 967 ecclesiae
2823 929 2838 966 :
2894 913 2970 966 ita
3001 921 3057 967 ut
3086 913 3393 982 quicunque
3424 914 3522 970 tibi

1948 1003 2016 1055 ad
2042 1002 2400 1071 recipiendam
2431 1003 2713 1058 ecclesiam
2755 1003 2883 1058 olim
2917 1005 3008 1058 tibi
3035 1005 3404 1070 commissam,
3436 1007 3524 1062 vel

1947 1093 2014 1145 ad
2041 1092 2344 1160 episcopale
2370 1092 2727 1146 ministerium
2766 1093 3149 1164 peragendum,
3182 1093 3523 1163 aliquatenus

1950 1184 2271 1253 impedierit,
2303 1185 2470 1239 donec
2519 1184 2846 1252 acquiescat,
2894 1196 2948 1239 et
2979 1185 3072 1240 tibi
3097 1185 3388 1242 obsistendi
3426 1202 3522 1242 co-

1950 1295 2137 1336 natum
2189 1284 2440 1351 deponat,
2491 1298 2521 1336 a
2551 1284 2906 1338 sacrosanctis
2947 1285 3239 1354 mysteriis,
3264 1295 3319 1340 et
3345 1286 3412 1339 ab
3436 1301 3526 1340 ec-

1950 1371 2131 1426 clesiae
2159 1373 2229 1426 sit
2257 1373 2502 1442 ingressu
2536 1381 2794 1438 remotus,
2821 1382 2983 1442 atque
3018 1373 3087 1428 ab
3107 1374 3252 1429 omni
3280 1389 3525 1428 commu-

1952 1464 2111 1518 nione
2141 1463 2374 1518 ﬁdelium
2421 1473 2809 1534 sequestratus.
2843 1465 2979 1532 Quia
3014 1481 3173 1535 quem
3214 1468 3527 1536 praesentia-

1951 1553 2074 1608 liter
2094 1569 2253 1608 nemo
2283 1563 2518 1619 accusat,
2552 1571 2650 1610 nos
2682 1557 2824 1611 inter
2869 1558 3148 1612 damnatos
3169 1558 3391 1623 habere,
3428 1572 3529 1614 nee

1951 1662 2262 1715 possumus,
2294 1663 2393 1702 nec
2431 1649 2704 1704 debemus.
2735 1648 3006 1719 Praecipue
3036 1665 3158 1704 cum
3186 1650 3528 1705 damnatores

1957 1745 2095 1802 tuos,
2136 1738 2217 1793 vel
2266 1739 2495 1794 vicarios
2535 1755 2741 1804 eorum,
2775 1740 3143 1810 frequentibus
3195 1742 3530 1812 apostolatus

1958 1832 2126 1884 nostri
2175 1834 2544 1887 vocaverimus
2573 1834 2835 1904 apicibus,
2867 1844 2922 1889 et
2964 1834 3168 1888 nullum
3211 1835 3450 1903 ipsorum
3478 1841 3531 1889 te

269 1942 392 1983 cum
445 1926 654 1995 hymnis
689 1933 741 1977 et
789 1923 1008 1992 psalmis
1034 1962 1046 1982 ,
1092 1929 1148 1974 et
1193 1921 1422 1974 canticis
1457 1918 1845 1988 spiritualibus,
1881 1909 1925 1967 Β
1953 1922 2322 1976 accusantium
2351 1924 2534 1978 videre
2556 1925 2771 1994 penitus
2793 1925 3126 1994 quiverimus
3155 1943 3168 1978 :
3203 1926 3297 1980 sed
3321 1934 3530 1979 tantum

269 2018 497 2072 altisona
534 2016 762 2069 Domino
816 2013 1078 2082 praeconia
1108 2013 1478 2073 concinentes,
1511 2010 1656 2064 illum
1684 2011 1851 2065 susci-

268 2109 381 2177 pite
416 2124 536 2162 cum
557 2107 788 2170 honore,
829 2106 972 2160 adite
1005 2120 1126 2157 eum
1165 2118 1289 2157 cum
1319 2102 1605 2162 hilaritate,
1639 2102 1854 2156 obedite

267 2203 318 2255 ei
356 2201 498 2257 sicut
523 2201 663 2269 patri
711 2197 1181 2259 reverendissimo,
1220 2196 1360 2250 sicut
1391 2195 1669 2264 magistro,
1701 2202 1754 2246 et
1799 2194 1854 2247 in

268 2292 521 2348 omnibus
569 2291 713 2344 circa
763 2305 883 2344 eum
939 2297 996 2341 ut
1025 2287 1402 2342 devotissimos
1437 2300 1537 2340 vos
1575 2285 1855 2355 quietissi-

271 2396 494 2452 mosquc
531 2381 666 2434 ﬁlios
695 2380 977 2434 exhibete:
1026 2379 1256 2432 scientes
1288 2377 1526 2431 divinum
1548 2376 1854 2446 prmsidium

273 2470 457 2540 procul
501 2470 661 2523 dubio
691 2485 795 2522 non
823 2469 872 2522 ei
902 2467 1232 2531 defuturum,
1266 2473 1322 2520 et
1347 2465 1580 2534 quandiu
1612 2465 1856 2534 spiracu-

269 2563 383 2617 i-um
419 2562 803 2631 oumipotentis
839 2561 980 2622 erit,
1029 2568 1085 2614 et
1139 2559 1334 2614 halitus
1379 2559 1503 2613 vita:
1550 2559 1774 2627 spirabit
1803 2559 1855 2611 in

274 2655 496 2708 naribus
540 2655 692 2717 meis,
753 2652 1000 2707 solatium
1057 2662 1298 2706 nostrum
1349 2651 1400 2704 in
1448 2651 1558 2705 suis
1597 2660 1856 2720 opportu-

272 2744 534 2800 nitatibus
589 2744 919 2798 adfuturum.
951 2743 1064 2809 Qua
1096 2743 1162 2797 de
1195 2757 1250 2796 re
1285 2757 1475 2796 rursus
1529 2742 1859 2811 apostolatus

273 2836 442 2891 nostri
512 2835 868 2906 prteceptione
930 2842 1127 2888 vestrm
1187 2833 1528 2886 unanimita'ti
1582 2831 1856 2900 jubcmus,

273 2939 542 2998 quatenus
568 2927 747 2980 taliter
775 2934 1134 2995 agere‘vcstra
1164 2935 1372 2993 satagat
1409 2926 1693 2991 industria,
1724 2927 1858 2979 utin

274 3020 424 3075 nullo
459 3019 574 3073 sine
611 3017 895 3072 affectione
921 3018 1064 3071 circa
1109 3017 1222 3086 jam
1267 3016 1437 3071 fatum
1466 3018 1644 3070 virum
1673 3026 1728 3071 et
1753 3018 1862 3088 epi-

276 3126 500 3180 sc0pum
537 3121 774 3163 vestrum
824 3108 1209 3177 reperiamini:
1268 3108 1360 3162 sed
1403 3107 1474 3160 ita
1523 3107 1722 3162 nostris
1757 3122 1860 3176 pro

277 3218 346 3257 eo
376 3202 592 3256 monitis
630 3200 884 3270 parcatis,
936 3207 993 3253 ut
1042 3199 1438 3253 animadversio
1480 3214 1600 3268 quae
1632 3199 1697 3253 de
1728 3214 1859 3254 con-

245 3301 483 3363 -temptu
513 3293 679 3346 nostri
722 3290 851 3344 oriri
887 3297 1129 3360 poterat,
1169 3290 1218 3342 in
1264 3290 1672 3344 retributionem
1697 3290 1859 3359 justte

279 3385 548 3440 mercedis
572 3383 899 3439 concedente
936 3383 1161 3437 Domino
1187 3390 1554 3436 convertatur.

937 3471 1191 3527 LXXVII.

468 3581 535 3621 AD
574 3580 860 3620 ROTHADUSI
898 3577 1191 3617 EPISCOPUI
1227 3576 1665 3617 SUESSIONENSEI.

903 3654 1076 3724 (Anno
1094 3653 1241 3722 863.)

282 3747 440 3814 Quod
468 3747 617 3800 illum
662 3748 736 3799 ita
783 3745 1044 3806 restituat,
1092 3754 1147 3795 nt
1186 3753 1427 3813 paratum
1471 3743 1710 3812 deinceps
1755 3761 1864 3798 esse

238 3871 276 3886 ρ
356 3819 471 3872 velit
501 3816 815 3871 adversariis
861 3814 1186 3883 respondere,
1212 3815 1257 3866 si
1287 3814 1413 3883 quid
1448 3825 1700 3868 conentur
1730 3814 1863 3883 obji-

353 3904 487 3942 cere.
783 3954 959 4026 [Apud
995 3953 1185 4018 Mansi,
1214 3953 1368 4025 ξύἱίι.]

354 4049 624 4104 Νιεοιλυε
639 4049 936 4119 cpiscopus,
964 4061 1152 4102 servus
1167 4062 1445 4102 servorum
1466 4047 1583 4111 Dei,
1612 4060 1866 4104 reveren-

284 4144 498 4198 tissimo
543 4151 599 4195 ct
644 4140 983 4195 sanctissimo
1050 4139 1309 4193 Romano
1365 4139 1618 4209 episcopo
1664 4148 1868 4195 sanetae

283 4232 540 4290 Ecclesia:
563 4229 937 4284 Sucssionicm.

357 4327 709 4380 Decessorum
758 4321 1001 4390 exempla
1062 4337 1304 4375 meorum
1355 4321 1598 4388 imitans,
1640 4320 1867 4375 mirabi-

285 4417 524 4485 liumque
548 4415 802 4468 virtutum
825 4429 1008 4466 eorum
1049 4411 1385 4482 ﬂagrantiam
1418 4429 1672 4484 sequens,
1704 4429 1866 4484 opor-

287 4516 365 4561 tet
389 4507 639 4559 omnibus
679 4505 823 4575 larga
861 4521 944 4558 me
989 4503 1147 4572 hujus
1197 4505 1472 4570 Ecclesiae,
1522 4521 1643 4576 qua:
1696 4516 1870 4560 mater

285 4599 635 4652 estonmium
685 4597 774 4650 Dei
832 4595 1208 4662 ecclesiarum,
1269 4598 1487 4667 pietatis
1522 4599 1685 4653 ubera
1734 4613 1867 4668 pm-
1900 4637 1946 4696 υ

288 4707 504 4762 parare,
547 4699 706 4761 atque
746 4691 1009 4745 universis
1037 4691 1275 4759 undique
1298 4691 1363 4744 ad
1393 4705 1512 4745 eam
1549 4689 1868 4745 confluenti-

286 4782 410 4847 bus,
447 4794 699 4852 tanquam
732 4780 942 4836 ﬁdelem
991 4791 1045 4835 et
1089 4782 1407 4851 prudentem
1440 4781 1632 4834 summi
1675 4781 1873 4850 patris-

288 4873 528 4930 familias
553 4890 795 4936 servum,
826 4883 1070 4941 apertum
1102 4872 1220 4940 ejus
1251 4871 1508 4924 exhibere
1560 4871 1870 4925 misericoro

290 4967 395 5021 dice
445 4965 732 5036 gremium.
784 4963 852 5017 Et
892 4964 1030 5026 ideo,
1080 4962 1206 5030 quia
1272 4970 1482 5015 constat
1507 4962 1871 5036 sanctitatem

293 5066 441 5112 tuam
468 5055 879 5124 metropolitano
909 5061 1022 5117 tuo,
1060 5061 1115 5106 et
1143 5051 1460 5122 quibusdam
1489 5027 1606 5118 ejus
1630 5051 1876 5122 sequaci-

290 5150 393 5205 bus
442 5157 494 5202 te
525 5148 930 5218 impelcntibus.
975 5145 1131 5199 nobis
1177 5143 1494 5198 inconsultis
1548 5145 1745 5214 gradus
1798 5143 1872 5196 tui

291 5240 562 5312 iacturam
588 5239 935 5301 sustinuisse,
983 5247 1039 5292 et
1084 5235 1316 5292 ecclesia
1345 5236 1560 5306 pr0pria
1597 5235 1872 5298 caruisse;

295 5349 358 5388 ac
381 5331 573 5386 deinde
619 5331 774 5385 nobis
802 5331 966 5384 etiam
1011 5328 1424 5382 decernentibus
1471 5327 1608 5381 banc
1658 5326 1876 5380 minime

297 5422 559 5477 hactenus
607 5421 902 5489 accepisse,
933 5417 1157 5486 etjuxta
1191 5417 1331 5485 quod
1369 5416 1730 5484 jusseramus,
1759 5415 1874 5470 nul-

298 5511 405 5566 lam
435 5520 536 5566 tute
564 5511 862 5566 dilectionis
904 5510 1298 5564 restitutionem
1324 5507 1526 5563 habere
1557 5525 1569 5562 :
1602 5507 1710 5563 Nos
1737 5507 1876 5563 hanc

297 5600 710 5671 depositionem,
767 5608 951 5669 utpote
977 5614 1095 5669 quae
1131 5599 1247 5654 sine
1296 5597 1402 5651 ulla
1441 5605 1625 5652 nostra
1669 5599 1878 5652 ratione

297 5691 673 5762 irregulariter
715 5699 802 5748 est
827 5691 1038 5755 effecta,
1093 5689 1482 5759 depositionem
1538 5703 1641 5744 nec
1690 5688 1876 5753 fuisse,

300 5800 403 5841 nec
424 5801 546 5842 esse
566 5784 946 5848 deliberamus,
972 5798 1093 5838 eum
1109 5767 1114 5771 ’
1130 5785 1292 5839 etiam
1318 5797 1418 5838 nec
1443 5780 1614 5836 fuerit
1639 5781 1751 5836 dies
1775 5796 1878 5849 qua

300 5887 352 5931 et
382 5878 679 5942 absentem,
714 5861 1132 5946 etprzesentem,
1161 5891 1264 5930 non
1295 5875 1436 5930 inter
1472 5874 1753 5944 episcopos
1777 5873 1873 5925 ha-

1886 3254 1934 3318 C

1953 2016 2170 2084 quidam
2222 2031 2458 2085 praesens
2487 2018 2710 2087 positus,
2767 2026 2822 2072 et
2855 2018 2943 2071 alii
2975 2017 3194 2086 scriptis
3215 2019 3329 2071 suis
3374 2017 3530 2071 nobis

1954 2108 2413 2177 signiﬁcarerunt,
2447 2111 2589 2179 quod
2614 2110 2757 2163 nulla
2787 2111 3229 2165 te-accusatione
3273 2111 3534 2178 impetere

1954 2199 2268 2264 voluissent,
2295 2201 2388 2254 sed
2413 2215 2512 2254 nec
2543 2201 2750 2255 etiamsi
2797 2201 3092 2256 secundum
3114 2201 3412 2271 jussionem
3435 2215 3533 2254 no-

1956 2297 2122 2344 stram
2155 2290 2338 2345 venire
2375 2291 2692 2361 potuissent,
2725 2292 2980 2347 adversus
3007 2293 3350 2347 sanctitatem
3387 2300 3533 2347 tuam

1959 2381 2334 2436 accusationes
2381 2382 2588 2452 aliquas
2635 2384 2959 2438 attulissent.
3011 2384 3078 2438 Et
3128 2385 3370 2453 proinde,
3409 2384 3539 2453 quia

1956 2485 2056 2540 per
2085 2479 2164 2525 tot
2208 2472 2474 2527 curricula
2502 2482 2823 2543 temporum,
2865 2460 3253 2529 sufﬁcientibus
3279 2474 3421 2529 datis
3455 2475 3537 2530 in-

1958 2567 2150 2630 duciis,
2170 2567 2346 2621 nullus
2369 2569 2433 2620 ad
2466 2567 2539 2619 tui
2575 2567 2975 2621 accusationem
2996 2569 3246 2631 accessit,
3269 2567 3539 2637 praecipue

1959 2675 2080 2713 cum
2119 2668 2172 2712 tu
2205 2659 2273 2712 ad
2302 2659 2624 2713 reddendam
2655 2659 2914 2712 rationem
2955 2669 3174 2727 paratus
3209 2673 3423 2729 semper
3442 2674 3537 2715 ex-

1960 2749 2185 2810 stiteris,
2235 2764 2333 2802 nos
2356 2757 2409 2802 te
2451 2764 2552 2804 nec
2581 2750 2835 2803 damnare
2882 2764 3186 2817 possumus,
3247 2764 3348 2803 nec
3398 2749 3541 2803 inter

1960 2839 2244 2894 damnatos
2269 2840 2643 2908 relinquimus.
2696 2840 2954 2896 Resumat
2988 2855 3120 2912 ergo
3157 2842 3540 2897 venerabilitas

1961 2938 2051 2984 tua
2080 2929 2308 2984 oliicium
2333 2931 2458 2984 olim
2487 2931 2854 2994 commissura,
2884 2931 3096 2986 fruatur
3122 2932 3380 2987 beneficio
3398 2932 3536 2987 divi-

1963 3023 2107 3077 nitus
2130 3023 2232 3077 sibi
2278 3023 2491 3088 collato,
2525 3032 2708 3078 utatur
2746 3025 3034 3095 episcopali
3078 3025 3396 3089 ministerio,
3430 3025 3542 3096 pri-

1961 3114 2102 3168 stina
2147 3114 2405 3184 dignitate
2454 3123 2726 3186 resumpta
2779 3116 3003 3185 recipiat
3043 3116 3328 3172 ecclesiam
3373 3130 3538 3185 quam

1966 3206 2058 3260 tibi
2084 3206 2341 3261 Dominus
2366 3207 2782 3272 commendavit,
2807 3215 2862 3261 et
2881 3223 3042 3276 quam
3070 3216 3124 3260 tu
3143 3221 3359 3276 quoque.
3382 3205 3543 3262 bouis

1966 3299 2134 3352 initiis
2162 3298 2470 3368 percepisti,
2515 3307 2570 3353 et
2599 3299 2776 3354 veraci
2807 3314 2874 3353 ac
2900 3297 3180 3368 multiplici
3229 3295 3370 3352 fama
3397 3296 3547 3352 testi-

1963 3389 2202 3443 monium
2233 3389 2327 3444 tibi
2357 3389 2539 3455 dante,
2569 3391 2744 3460 dignis
2764 3389 3199 3445 suecessionibus
3222 3387 3498 3443 adornasti
3525 3404 3539 3441 :

1965 3482 2038 3535 ita
2094 3492 2154 3535 ut
2185 3481 2305 3536 sine
2358 3497 2679 3551 quacunque
2721 3491 2777 3537 et
2845 3483 3214 3552 cujuscunque
3274 3481 3546 3537 contradi-

1965 3573 2164 3635 ctione,
2199 3572 2284 3626 vel
2309 3573 2712 3642 impedimento,
2765 3572 2883 3626 talis
2911 3573 3161 3626 habearis
3189 3572 3243 3626 in
3271 3572 3544 3635 omnibus,

1963 3663 2142 3732 qualis
2167 3672 2292 3718 ante
2322 3664 2587 3732 prolatam
2615 3665 2666 3716 in
2698 3672 2750 3717 te
2767 3663 3345 3718 excommunicationis
3372 3671 3430 3717 et
3456 3664 3549 3718 de-

1966 3753 2252 3822 positionis
2279 3754 2605 3808 senteutiam
2638 3755 2912 3809 exstitisse
2938 3755 3270 3824 agnosceris.
3307 3753 3450 3810 Sane
3481 3769 3550 3809 ne

1960 3845 2227 3914 justitiam
2278 3859 2464 3916 regere
2503 3854 2701 3899 nostra:
2740 3853 2946 3899 tantum
2983 3845 3265 3899 videamur
3300 3845 3546 3899 volunta-

1969 3940 2041 3994 tis
2073 3939 2317 4003 arbitrio,
2350 3954 2413 3994 ac
2452 3954 2548 4009 per
2570 3939 2672 3993 hoc
2697 3939 3030 3993 aestimemur
3053 3938 3438 3994 ecclesiasticis
3478 3937 3550 3993 le-

1968 4032 2122 4102 gibus
2153 4032 2394 4096 obviare,
2428 4032 2700 4086 sancimus
2747 4040 2805 4085 ut
2840 4032 3099 4086 sanctitas
3136 4041 3249 4094 tua,
3281 4034 3430 4101 prius
3455 4045 3549 4085 re-

1969 4122 2139 4190 ceptis
2167 4121 2436 4185 omnibus,
2472 4137 2592 4192 qum
2620 4131 2746 4176 ante
2782 4122 3083 4191 possedisse
3112 4122 3474 4191 dignoscitur,
3497 4132 3553 4176 et

1969 4213 2217 4269 ecclesia:
2237 4221 2503 4282 potestate
2531 4213 2742 4279 fruens,
2783 4223 2836 4270 et
2859 4229 2958 4284 per
2991 4214 3205 4284 aliquod
3238 4225 3450 4286 tempus
3476 4217 3554 4270 in-

1970 4301 2173 4358 offense
2211 4303 2538 4374 gubernans,
2571 4305 2861 4374 resumptis
2883 4305 3107 4372 viribus,
3146 4315 3201 4361 et
3227 4307 3326 4361 sibi
3358 4306 3556 4361 ablatis

1970 4393 2221 4447 omnibus
2265 4392 2666 4462 redintegratis,
2711 4394 2790 4448 sic
2818 4394 3054 4459 demum,
3082 4397 3128 4450 si
3164 4396 3254 4466 qui
3285 4404 3411 4448 sunt
3461 4397 3555 4463 qui

1973 4487 2071 4542 tibi
2096 4487 2297 4558 aliquid
2325 4497 2590 4542 conentur
2639 4487 2902 4556 objieere,
2933 4489 3088 4544 fortis
3123 4489 3236 4556 jam
3279 4497 3335 4541 et
3379 4488 3554 4543 valida

1973 4593 2094 4632 cum
2131 4578 2261 4648 ipsis
2287 4578 2695 4646 disceptationis
2739 4577 3029 4632 luctamina
3078 4577 3452 4647 aggrediatur;
3501 4586 3554 4631 et

1968 4671 2124 4741 juxta
2175 4671 2320 4742 quod
2376 4670 2517 4725 ratio
2546 4671 2733 4735 dictat,
2762 4680 2817 4726 et
2869 4685 3039 4726 sacra:
3070 4671 3391 4739 praecipiunt
3431 4685 3556 4723 san.

1975 4767 2202 4830 ctioues,
2229 4765 2460 4820 vestitus
2481 4781 2602 4821 cum
2630 4766 2845 4828 vestito,
2867 4773 2922 4818 et
2949 4773 3191 4816 armatus
3219 4777 3340 4818 cum
3377 4777 3556 4816 arma~

1978 4864 2049 4917 to,
2079 4854 2446 4909 ecclesiastico
2482 4869 2651 4916 more,
2685 4864 2924 4924 tempore
2943 4867 2972 4905 a
3002 4851 3159 4906 nobis
3187 4852 3555 4922 prteordinan—

1976 4946 2065 5011 do,
2091 4961 2274 5000 coram
2299 4945 2442 5000 sedis
2477 4945 2783 5014 apostolica:
2827 4943 3076 5013 praesule,
3104 4951 3292 4998 contra
3323 4952 3442 4999 tuos
3463 4945 3558 4999 ad-

1978 5039 2248 5094 versarios
2318 5037 2628 5093 conflictum
2684 5037 2850 5099 ineas,
2914 5036 3174 5106 quidquid
3241 5037 3560 5106 regulariter

1979 5131 2264 5186 diliinitum
2287 5131 2451 5186 fuerit
2477 5130 2664 5201 procul
2692 5131 2854 5186 dubio
2876 5140 3244 5202 suscepturus.
3265 5131 3402 5200 Quia
3428 5148 3558 5188 vero

1978 5226 2046 5280 de
2092 5232 2292 5280 sanctae
2316 5221 2570 5278 Ecclesiae
2597 5221 2951 5288 Suessoniete,
2980 5221 3065 5277 vel
3097 5223 3162 5278 de
3207 5223 3306 5278 sibi
3337 5238 3559 5293 compe-

1981 5317 2206 5371 tentium
2235 5315 2568 5370 diversorum
2599 5313 2839 5368 locorum
2869 5314 3054 5379 rebus.
3087 5313 3240 5369 multi
3265 5315 3430 5370 multa
3473 5315 3560 5369 de

1981 5406 2232 5472 traxisse,
2257 5419 2322 5460 ac
2351 5405 2564 5458 diverso
2591 5405 2750 5458 modo
2794 5405 3057 5477 hactenus
3083 5405 3188 5461 illis
3220 5405 3322 5461 frui
3371 5405 3562 5461 dicun-

1981 5509 2090 5565 tur,
2120 5498 2394 5553 sancimus
2428 5505 2590 5565 atque
2616 5497 2980 5565 decernimus,
3011 5507 3072 5553 ut
3107 5506 3228 5569 post
3265 5497 3557 5553 secundam

1981 5601 2035 5646 et
2062 5590 2274 5645 tertiam
2300 5590 2708 5645 conventionem
2733 5599 2789 5644 et
2813 5589 3234 5645 admonitionem
3254 5587 3559 5643 sanctitatis

1983 5691 2110 5747 tuae,
2165 5680 2408 5750 quisquis
2449 5695 2536 5736 res
2582 5681 2816 5752 praefata:
2845 5680 3106 5746 ecclesim,
3151 5678 3346 5750 quibus
3375 5684 3431 5730 tu
3464 5673 3559 5729 ali-

1984 5774 2199 5845 quando
2245 5773 2312 5828 ad
2353 5789 2508 5829 usum
2564 5773 2648 5828 vel
2680 5775 3126 5830 sustentationem
3182 5771 3290 5825 illic
3321 5767 3560 5824 servien-

1985 5869 2139 5931 tium,
2163 5864 2249 5920 vel
2276 5865 2367 5920 tibi
2393 5866 2825 5935 obsequentium,
2857 5865 3050 5920 fruitus
3091 5864 3258 5918 fuisse
3287 5863 3562 5932 dignosce-
