2025 3162
254 169 308 198 915

937 162 1074 192 NICOLAI
1093 161 1193 190 eam:
1212 140 1248 189 ι’

1837 161 1891 190 916

253 225 400 253 reditatum
410 222 455 259 ius
467 222 791 258 derivata,etapostolic:n
803 222 875 249 sedis
884 220 1045 248 auctoritate
1059 221 1084 249 Α
1098 222 1187 245 utrum
1205 222 1293 244 tamen
1310 216 1437 245 laboretis
1448 237 1455 250 ,
1475 223 1560 245 necne
1577 216 1634 253 jam
1649 217 1718 252 apud
1743 217 1829 245 virum
1848 216 1890 244 fa-

254 270 372 302 ﬁrmata,
388 273 414 297 et
428 269 525 297 summi
537 268 671 302 pontificis
686 275 765 294 manu
782 267 864 302 capiti
876 265 1046 301 superposito

254 313 406 342 diademate
420 313 609 348 augustissime
628 312 765 344 decorata,
777 319 839 339 cum
854 311 910 338 suis
924 310 1048 337 ﬁdelibus

256 359 301 394 pie
319 367 351 387 ac
365 359 513 394 justissime
531 359 690 393 gubernare.
712 357 823 385 Sinatur
841 357 951 385 omnino
963 364 978 382 a
992 356 1049 383 Deo

254 408 405 439 protectum
421 404 561 438 imperium
578 411 668 435 suum,
684 403 754 437 qttod
770 410 831 430 cum
848 402 1046 436 benedictione,

254 455 283 478 et
298 449 472 477 sacratissimi
492 448 543 476 olei
566 449 704 480 nttctionc,
727 449 799 475 sedis
814 449 967 483 apostolica'
980 457 1048 484 prte-

253 494 311 522 sule
326 494 496 521 ministrante
507 494 636 529 percepit,
649 494 681 521 ad
692 493 882 521 exaltationem
894 498 921 522 et
931 495 1048 529 quietem

256 538 350 566 matris
375 545 430 566 sua:
454 538 533 573 hujus
555 543 656 566 sancta:
680 539 820 566 catholica:
844 543 871 566 et
897 539 1049 574 apostolica:

254 583 393 616 Ecclesize,
414 583 526 611 licenter
540 591 571 611 ac
593 584 742 611 rectissime
762 584 905 611 moderari.
923 584 1048 619 Alioquin

253 629 376 665 quisquis
397 634 490 657 contra
511 630 592 665 hujus
615 636 715 657 nostra:
736 630 881 658 salutifera!
898 631 1048 657 commoni-

253 676 337 703 tionis
351 676 475 711 paginam
489 683 570 712 agere
584 676 651 703 forte
662 676 870 711 przcsumpserit,
884 681 911 703 et
921 676 1049 703 adversus

251 720 307 755 iam
320 720 403 748 fatum
420 721 502 748 lilium
518 726 639 748 nostrum
654 721 801 756 Augustum
813 721 914 748 referre
928 724 1049 748 tantave-

253 766 300 799 rit,
317 766 424 794 noverit
438 766 487 794 sibi
503 770 529 794 et
543 767 624 794 Deum
643 766 864 801 omnipotentem,
878 766 954 801 cujus
966 766 1050 800 impe-

254 812 324 839 rium
340 813 483 840 terminum
496 814 592 845 nescit,
608 812 814 848 refragatnrnm,
830 817 857 840 et
871 813 1050 848 apostolalum

253 861 377 885 nostrum
397 858 474 893 juxta
497 863 652 893 competens
676 858 726 885 sibi
750 858 928 885 ministerium
954 858 1050 893 procul

1099 269 1165 295 tum,
1180 267 1208 290 et
1217 263 1240 290 si
1255 263 1332 291 labor
1346 267 1435 292 vester
1450 263 1551 298 aliquid
1565 270 1647 298 penes
1659 263 1733 290 illum
1751 263 1890 297 proﬁciat,

1098 309 1140 337 vel
1169 309 1245 344 cujus
1264 308 1342 344 culpa
1369 309 1391 336 si
1414 317 1468 336 non
1492 309 1599 344 prolicit
1627 308 1799 343 impediatur,
1822 308 1892 335 nihil

1098 354 1176 382 nobis
1194 355 1304 382 omnino
1318 354 1501 390 signiﬁcastis.
1518 354 1698 388 Quamobrem
1712 354 1794 381 datur:
1807 354 1892 381 intel-

1098 400 1143 436 ligi
1158 400 1309 434 httjnsmodi
1324 401 1506 428 taciturnitate
1525 400 1585 428 ideo
1605 407 1653 427 vos
1670 407 1745 431 usos,
1760 400 1893 434 quoniam

1098 446 1236 481 quidpiam
1261 445 1395 477 utilitatis.
1409 445 1480 480 qttod
1498 445 1625 472 intimare
1637 444 1762 476 valeatis,
1782 445 1894 478 penitus

1099 498 1152 518 non
1168 491 1282 519 habetis.
1302 491 1471 526 Quapropter
1485 492 1598 518 obsecro
1611 498 1661 518 vos
1674 498 1724 525 per
1744 490 1892 517 adventum

1100 536 1206 565 Domini
1224 539 1308 565 nostri
1322 537 1384 566 Jesn
1400 538 1513 570 Christi,
1528 542 1591 565 ante
1612 537 1688 571 cujus
1704 541 1892 572 conspectum,

1100 583 1143 610 vel
1155 590 1204 618 pro
1219 582 1346 618 legitimis
1360 583 1554 610 certaminibus
1573 590 1714 614 coronam,
1727 582 1772 609 vel
1781 590 1833 617 pro
1842 582 1894 609 dc-

1101 629 1180 661 sidia,
1205 629 1275 664 quod
1301 629 1381 660 absit,
1405 637 1512 664 puniant
1534 629 1702 664 percipietis,
1730 633 1759 655 nt
1784 628 1894 655 tandem

1100 673 1245 708 aliquando
1271 674 1425 709 recogitetis
1446 674 1625 701 ministerium
1640 674 1712 708 quod
1736 673 1894 708 accepistis,

1098 720 1249 756 projiciatis
1262 720 1403 753 desidiam,
1422 720 1528 755 pellatis
1543 728 1556 746 a
1579 719 1655 747 vobis
1670 719 1798 747 servilem
1813 719 1897 745 timo-

1102 774 1170 798 rem,
1190 766 1334 793 resumatis
1354 766 1533 801 episcopalem
1557 765 1722 797 lihertatem,
1737 764 1898 799 corripiatis

1102 813 1300 848 speculatorum
1323 817 1350 840 et
1371 816 1509 848 pastorttm
1539 811 1666 844 ofﬁcium,
1693 816 1722 839 et
1744 812 1896 846 precando,

1102 858 1279 890 obsecrando,
1299 857 1446 891 suadendo,
1463 857 1543 884 modo
1566 857 1669 884 caduca
1693 856 1774 891 lmjns
1799 855 1896 883 mundi

255 903 337 930 dubio
353 903 559 931 reluctaturttm.
575 904 660 931 Porro
671 905 767 931 scitote
781 912 828 931 nos
843 909 896 931 tam
908 904 941 931 ad
953 904 1050 939 glorio-
1064 901 1087 931 Β
1102 911 1231 938 prospera
1251 903 1428 938 exponendo,
1455 902 1536 929 tnodo
1560 903 1585 929 in
1608 907 1740 929 mtcrnnm
1765 908 1896 928 mansura

255 957 315 977 sum
331 957 422 986 regem
437 955 568 981 vestrum,
584 958 663 985 quam
679 950 711 977 ad
729 957 787 982 vos,
808 950 953 977 Arsenium
970 957 1050 977 vene-

255 995 369 1022 rabilcm
384 995 484 1028 virum,
503 994 664 1022 Hortensem
686 996 840 1030 episcopum
860 995 940 1031 [edit
959 995 1048 1028 Rom.,

256 1039 511 1075 archiepiscopum].
522 1040 726 1074 apocrisiarium
740 1044 765 1066 et
779 1040 889 1067 missum
897 1040 1050 1074 apostolica

256 1085 330 1112 sedis
352 1090 379 1112 et
398 1085 523 1112 dilecttttu
539 1085 721 1112 consiliarium
741 1089 871 1116 nostrum,
889 1085 965 1119 cujus
981 1086 1050 1120 apud

255 1139 306 1158 nos
318 1132 463 1166 approbata
478 1136 518 1158 est
532 1132 607 1163 fides,
620 1136 646 1159 et
660 1137 795 1166 comperta
808 1131 924 1164 devotio,
938 1136 965 1158 ct
975 1132 1052 1158 vobis

255 1184 364 1211 quoque
385 1184 499 1211 persona
527 1178 567 1204 vel
591 1182 633 1204 est
647 1177 715 1204 forte
739 1186 790 1204 non
811 1178 936 1204 omnibus
961 1178 1050 1212 ignota

254 1223 411 1257 prudentia,
427 1223 585 1249 dCSlittttsSt‘.
601 1223 684 1256 Quem
700 1228 774 1250 tanto
787 1223 891 1250 debetis
911 1228 938 1250 et
952 1231 1009 1255 vos,
1025 1228 1052 1250 et

257 1267 441 1295 admonitione
454 1274 541 1295 vestra
559 1269 628 1295 filius
648 1274 740 1296 noster
759 1277 815 1300 rex,
834 1269 949 1303 benigne
965 1269 1051 1296 susei-

257 1318 333 1346 pere,
354 1317 456 1347 qttanto
480 1313 564 1344 Scitis,
582 1315 642 1346 quia
668 1320 715 1347 pro
735 1313 839 1339 cunctis
861 1313 974 1345 laborat,
990 1314 1051 1340 dtttn

257 1364 307 1390 pro
320 1357 506 1384 communibus
520 1358 646 1384 Ecclesia:
658 1358 779 1392 negotiis,
794 1366 852 1391 qum
865 1358 985 1384 omnium
998 1366 1054 1384 ma-

256 1409 301 1431 ter
315 1408 365 1437 est,
382 1409 485 1431 tantum
504 1405 640 1432 fastidium
663 1413 715 1432 non
731 1406 874 1437 recusavit,
896 1413 1033 1432 assumere
1047 1415 1052 1431 :

257 1449 314 1477 imo
327 1454 429 1485 quanto
446 1451 575 1484 portando
594 1458 698 1485 pacem,
724 1450 871 1481 Christum,
891 1451 935 1485 qui
949 1456 989 1477 est
1004 1458 1054 1485 pax

256 1502 336 1527 vera,
360 1495 386 1522 in
410 1503 438 1523 se
463 1496 539 1529 longe
562 1496 668 1530 lateque
693 1501 800 1530 gestare
821 1496 999 1530 dignoscitur.
1016 1496 1055 1522 At]

260 1548 341 1575 quem
354 1545 440 1568 vestra
460 1541 538 1567 etiam
553 1542 681 1568 sanctitas
694 1540 777 1574 jungi,
802 1546 828 1567 et
848 1549 907 1568 cum
923 1542 972 1568 sibi
991 1549 1056 1575 quo-

260 1586 395 1620 qnomodo
415 1587 544 1613 adventtts
569 1587 638 1613 illlllS
660 1587 818 1619 innotuerit,
832 1588 983 1614 accelerare
1002 1595 1054 1613 noti
1070 1575 1091 1604 C

260 1635 368 1663 renuat,
384 1632 627 1665 qttatenttsalterna
650 1632 752 1658 visione
778 1639 810 1658 ac
830 1632 962 1665 colloquio
983 1632 1056 1658 fruiti

263 1683 323 1709 qua:
344 1676 414 1703 circa
429 1684 519 1702 verant
544 1683 637 1710 pacem
661 1681 732 1708 sunt,
754 1676 879 1710 liquidius
894 1676 1056 1710 agnoscatis,

262 1720 301 1747 ita
314 1725 344 1747 ut
359 1726 386 1747 et
401 1727 447 1747 vos
462 1720 602 1755 legationis
615 1720 672 1753 ejus
684 1724 817 1751 tenorem,
832 1725 858 1747 et
868 1721 922 1752 ille,
938 1729 997 1755 qua:
1011 1729 1058 1755 per

264 1769 304 1793 tot
315 1766 446 1793 curricula
464 1770 613 1799 temporum
635 1766 791 1798 anhelastis,
816 1767 965 1793 evidentius
985 1775 1057 1794 cotu-

263 1811 423 1845 prehendat.
441 1811 562 1845 Tumque
573 1811 690 1842 demum,
706 1812 726 1838 si
741 1820 799 1845 qttzc
812 1816 874 1838 sunt
889 1820 947 1846 qua:
968 1821 1014 1847 per
1028 1820 1057 1840 sc

264 1857 400 1891 corrigere
413 1857 508 1890 possit,
524 1857 682 1883 auctoritate
696 1862 788 1884 nostra
802 1858 921 1892 corrigat
934 1867 939 1883 :
954 1858 1056 1893 reliqtta

262 1910 338 1934 tero,
358 1909 417 1936 qnte
441 1902 510 1928 forte
532 1902 680 1928 dilliciliora
704 1907 776 1935 sunt,
793 1903 950 1937 apostolatui
966 1908 1057 1931 nostro

265 1947 417 1974 tlillinicnda
439 1952 568 1974 reservet.
590 1948 719 1981 Optamus
737 1949 930 1976 fraternitatem
948 1955 974 1977 ct
993 1958 1055 1977 san-

266 1994 387 2021 ctitatem
404 1998 520 2020 vestram
534 1994 559 2020 in
575 1993 682 2021 Christo
695 1994 763 2020 bene
776 1994 872 2021 valere.

613 2048 720 2076 LXXX.

266 2101 299 2120 AD
318 2101 539 2122 ARClllEl'lSCOPUS
559 2103 582 2122 IN
605 2104 689 2123 llEGNO
710 2104 837 2124 LOTHARII
859 2107 1053 2127 CONSTITL‘TOS.

568 2153 656 2187 (Anno
675 2153 749 2188 865.)

267 2206 302 2235 Ut
325 2207 480 2246 Lot/mriutn
496 2208 581 2246 .h'bere
605 2214 734 2246 arguant,
759 2210 955 2246 clrradulleram
977 2219 1055 2246 quam

456 2243 531 2270 liabet
551 2244 678 2278 projicere
700 2245 865 2279 compellant.

520 2299 608 2335 [Apud
620 2299 716 2331 Mansi,
734 2300 810 2336 ibid.]

301 2357 436 2386 NICOLAUS
450 2358 603 2393 episcopus,
631 2366 725 2385 servus
745 2366 884 2385 servorum
909 2360 966 2391 Dei,
984 2368 1059 2388 reve-

267 2403 429 2431 rentissimis
449 2407 477 2430 et
493 2404 672 2430 sanctissimis
693 2403 877 2431 confratribus
898 2406 998 2433 nostris
1016 2415 1059 2433 ar-

267 2448 448 2484 chiepiscopis
471 2449 498 2476 in
514 2456 597 2483 regno
618 2448 737 2476 Lotharii
759 2450 829 2484 regis
846 2450 994 2478 Ecclesium
1009 2451 1056 2479 Dei

268 2493 487 2527 gubernantibus.

305 2537 391 2572 Saepe,
417 2539 517 2566 fratres
537 2539 700 2572 eharissimi,
721 2540 887 2574 apostolatus
908 2542 993 2568 nostri
1007 2548 1057 2576 pro

269 2591 350 2611 causa
365 2584 398 2619 (si
416 2589 504 2611 tamen
525 2592 606 2612 causa
622 2585 733 2612 dicenda
748 2586 811 2621 erit)
837 2587 910 2621 regis
925 2587 1056 2619 Lotharii,

270 2628 318 2656 sed
329 2629 431 2656 utinam
446 2630 528 2665 regis,
544 2630 748 2658 sollicitudinem
765 2632 935 2666 cognovistis.
954 2632 1057 2667 Quippe

269 2678 297 2701 et.
312 2674 460 2708 frequentia
477 2682 557 2708 super
570 2674 620 2702 hoc
641 2677 746 2710 negotio
760 2679 858 2712 scripta
878 2683 968 2705 nostra
992 2679 1058 2705 vidi-

270 2719 329 2752 stis,
353 2724 379 2746 et
402 2721 429 2747 in
454 2720 604 2749 fautoribus
629 2723 712 2757 ipsius
732 2728 834 2749 tantum
859 2723 988 2757 flagitium
1010 2731 1057 2749 nos

266 2764 323 2799 jam
339 2765 490 2793 vindicasse
503 2766 721 2795 manifestissime
741 2769 835 2795 nostis.
853 2767 916 2799 Sed,
929 2768 995 2802 proh
1010 2767 1057 2794 do-

271 2810 326 2838 lorl
356 2812 434 2839 nobis
456 2812 590 2840 irremotis
614 2813 751 2841 laboribus
775 2814 967 2841 desudantibus
981 2833 988 2845 ,
1010 2820 1058 2839 vos

272 2854 333 2885 licet
343 2858 443 2895 scripto
456 2858 594 2885 nobiscum
602 2859 701 2886 sentire
714 2862 857 2892 lenereque
866 2857 1055 2893 profiteamini,

1101 950 1197 985 gaudia
1212 948 1456 984 prmdicando,jam
1472 949 1639 976 nominatum
1653 955 1755 983 regem,
1768 947 1897 982 frequen-

1101 995 1156 1022 tius
1170 995 1283 1026 adeatis,
1300 999 1327 1022 et
1338 999 1392 1021 tam
1411 1002 1444 1021 cx
1463 994 1622 1021 auctoritate
1640 993 1699 1025 Dei,
1715 1001 1796 1028 qttam
1812 993 1895 1019 etiam

1101 1049 1134 1068 ex
1160 1041 1245 1068 nostri
1270 1040 1436 1074 apostolatus
1459 1040 1578 1074 iniuncta
1599 1039 1675 1066 vobis
1700 1039 1893 1072 praeceptione,

1103 1096 1252 1121 quousque,
1268 1088 1289 1114 si
1311 1095 1362 1113 non
1385 1087 1519 1113 obedierit
1535 1087 1604 1113 hanc
1624 1094 1705 1120 quam
1724 1093 1796 1112 nunc
1814 1085 1896 1111 habet

1103 1133 1126 1159 is
1138 1133 1285 1159 adulteram
1301 1133 1440 1159 mulierem
1455 1132 1611 1166 projieiens,
1627 1131 1757 1157 finitivam
1770 1137 1896 1164 perman-

1104 1179 1257 1212 soriamqttc
1271 1178 1364 1204 demus
1385 1186 1465 1211 super
1486 1185 1545 1205 eam
1564 1178 1736 1210 sententiam,
1752 1182 1781 1204 et
1794 1177 1894 1204 exhor-

1105 1223 1154 1249 tari
1184 1231 1255 1252 eum,
1288 1227 1314 1249 et
1337 1222 1492 1253 admonere,
1519 1223 1592 1249 omni
1619 1228 1728 1257 torpore
1759 1229 1791 1249 ac
1823 1225 1900 1248 metu

1105 1267 1228 1301 repulso,
1252 1267 1367 1297 curetis,
1395 1271 1421 1293 ct
1448 1266 1561 1299 Segnitia
1586 1267 1627 1293 vel
1653 1266 1733 1293 tmdio
1758 1266 1894 1301 deposito.

1104 1312 1201 1345 quibus
1224 1312 1356 1338 hactenus
1383 1312 1465 1337 eratis
1489 1311 1621 1346 depressi,
1647 1313 1720 1339 hunc
1739 1316 1897 1339 constanter

1106 1365 1230 1391 arguere,
1251 1362 1278 1383 et
1298 1356 1425 1382 decenter
1447 1356 1584 1390 corripere
1606 1357 1747 1388 studentis,
1772 1363 1897 1391 praenun-

1107 1403 1203 1428 litttiles
1226 1402 1328 1436 pariter
1351 1406 1377 1428 et
1396 1409 1454 1435 qua:
1479 1401 1514 1428 illi
1540 1406 1653 1429 ventura
1680 1406 1753 1434 sunt,
1777 1400 1897 1434 imojam

1107 1448 1259 1478 inminent,
1288 1449 1412 1476 videlicet
1427 1451 1489 1484 quia
1511 1453 1571 1485 post.
1592 1452 1723 1480 nostram,
1744 1455 1777 1475 ac
1799 1450 1898 1474 saneta:

1107 1494 1233 1520 Ecclesiic
1250 1495 1274 1521 in
1297 1495 1380 1529 ipsum
1394 1495 1524 1530 prolatam
1538 1494 1707 1521 manifestam
1723 1492 1899 1523 sententiam,

1107 1538 1177 1564 nulla
1197 1547 1256 1565 cum
1272 1547 1303 1565 eo
1317 1540 1392 1567 eritis
1407 1540 1594 1567 communione
1614 1538 1737 1574 potitnri.
1759 1538 1827 1565 Nam
1841 1542 1898 1579 ut}:

1109 1583 1215 1610 diverso
1228 1584 1370 1619 colligitur,
1390 1590 1489 1611 nostra:
1503 1584 1700 1612 communionis
1712 1590 1775 1611 cum
1794 1582 1897 1610 media

1110 1629 1159 1655 sibi
1177 1630 1289 1660 sociata,
1314 1634 1339 1656 ct
1356 1630 1505 1657 fautoribus
1521 1630 1588 1661 suis,
1606 1629 1729 1664 ipsejam
1743 1628 1844 1656 dudum
1858 1627 1898 1655 fa-

1109 1679 1167 1700 ctus
1190 1680 1230 1701 est
1254 1683 1333 1702 exors
1349 1684 1354 1701 :
1372 1677 1441 1710 quod
1468 1676 1493 1702 in
1515 1675 1627 1709 cpistola
1643 1678 1670 1702 et
1691 1673 1897 1701 commonitorio

1110 1721 1266 1748 Rhadoaldo
1282 1726 1343 1748 tune
1361 1722 1498 1757 episcopo,
1520 1726 1546 1748 et
1560 1721 1656 1749 Joanni
1670 1721 1827 1748 dederamus
1841 1719 1897 1754 epi-

1109 1775 1201 1800 scopo,
1218 1767 1350 1799 legatione
1369 1767 1541 1802 frangentibus
1561 1767 1586 1794 in
1601 1767 1726 1793 eumdem
1741 1766 1826 1800 ipsum
1844 1765 1897 1792 Lo-

1109 1813 1240 1845 tharitnn,
1267 1813 1366 1847 liquido
1390 1814 1489 1848 poterit
1512 1813 1636 1840 inveniri.
1670 1813 1754 1848 Ergo,
1782 1811 1896 1841 fratres.

1108 1862 1195 1885 estote
1210 1862 1239 1884 ut
1254 1858 1393 1886 fortissimi
1410 1859 1518 1889 milites,
1531 1863 1560 1885 ut
1572 1858 1713 1893 pervigiles
1728 1861 1861 1892 pastores,
1872 1861 1899 1883 et

1108 1904 1261 1931 venientem
1278 1904 1368 1939 lttptun
1384 1912 1397 1930 a
1414 1904 1491 1939 longe
1516 1904 1650 1938 inspicite,
1671 1911 1702 1930 ac
1715 1903 1839 1937 perituro
1853 1902 1897 1928 iut-

1109 1950 1254 1977 Ininentetn
1277 1950 1393 1984 gladium
1419 1951 1567 1976 enuntiate.
1590 1949 1683 1976 Erttite
1701 1949 1774 1976 hunc
1795 1948 1894 1978 virum.

1108 1995 1154 2030 qui
1173 1994 1280 2021 ducitur
1299 1995 1331 2021 ad
1356 2001 1480 2025 mortem,
1494 1995 1539 2030 qtti
1564 1995 1680 2022 trahitur
1701 1994 1734 2021 ad
1759 1994 1896 2021 interitum

1108 2040 1224 2067 liberare
1244 2048 1277 2067 ne
1303 2041 1424 2067 cessetis.
1445 2041 1578 2072 Clamatc,
1593 2041 1669 2075 quasi
1695 2041 1758 2067 tuba
1780 2040 1897 2067 exaltate

1107 2093 1187 2112 voces
1201 2090 1314 2115 Vestras.
1336 2090 1363 2112 et
1380 2087 1537 2112 annuutiate
1551 2086 1586 2112 illi
1602 2086 1704 2112 scelera
1722 2092 1782 2117 sua,
1800 2086 1896 2120 quibus

1107 2137 1211 2166 peccat,
1226 2137 1252 2158 et
1266 2139 1378 2167 poet-are
1395 2131 1457 2158 facit
1474 2131 1564 2159 Israel.
1580 2130 1656 2164 Quod
1674 2131 1696 2157 si
1716 2130 1761 2157 ille
1775 2138 1830 2157 non
1848 2137 1895 2157 au-

1108 2177 1197 2209 dierit,
1214 2178 1270 2211 ipse
1287 2178 1311 2203 iu
1327 2177 1468 2211 iniquitate
1486 2185 1533 2203 sua
1552 2177 1693 2207 tnorietur,
1708 2176 1821 2211 sanguis
1839 2174 1896 2209 eius

1109 2230 1189 2257 super
1204 2229 1283 2257 caput
1303 2222 1360 2256 ejus
1372 2223 1433 2253 erit,
1451 2230 1499 2248 vos
1520 2226 1608 2248 autem
1631 2221 1741 2248 animas
1751 2225 1855 2248 vestras
1866 2220 1897 2247 Ii-

1111 2268 1251 2295 berahitis.
1273 2268 1386 2295 Tantum
1403 2272 1431 2294 ιιι
1442 2275 1575 2294 memores
1586 2274 1694 2301 semper
1707 2265 1779 2293 illius
1791 2270 1896 2293 senten-

1111 2315 1154 2341 tizc
1179 2314 1247 2345 sitis,
1262 2322 1342 2348 quam
1366 2314 1442 2339 vobis
1463 2321 1495 2339 ex
1518 2311 1645 2346 Apostolo
1668 2310 1808 2339 memoria:
1827 2317 1896 2338 com-

1111 2360 1287 2386 mendandam
1323 2367 1393 2385 nunc
1426 2357 1590 2393 apostolatus
1616 2361 1710 2384 noster
1737 2356 1894 2384 diluontam

1111 2409 1221 2430 annotat
1235 2413 1240 2428 :
1255 2404 1285 2429 Si
1305 2404 1372 2438 quis,
1390 2404 1485 2437 inquit,
1501 2411 1552 2429 nou
1576 2402 1699 2429 obcdien't
1712 2402 1788 2429 ut'bo
1809 2406 1895 2428 nostra

1109 2457 1153 2483 per
1163 2448 1307 2482 epistolam,
1320 2449 1389 2474 Itum‘
1402 2453 1496 2479 notate,
1509 2453 1531 2474 et
1545 2456 1596 2474 non
1608 2447 1829 2474 commisceam'm'
1837 2453 1895 2473 mn

1109 2502 1137 2519 eo
1161 2493 1203 2527 (ll
1221 2493 1310 2521 Thess.
1334 2494 1386 2528 ιιι).
1407 2493 1490 2521 Porro
1511 2494 1568 2520 haec
1586 2498 1613 2519 et
1632 2497 1738 2522 cattcra.
1755 2500 1818 2527 qua:
1836 2491 1895 2519 lm'c

1109 2539 1211 2574 paginae
1232 2539 1404 2571 inseruimns,
1434 2539 1547 2566 Arsenio
1566 2539 1738 2566 sanctissimo
1762 2538 1895 2573 episcopo,

1109 2584 1295 2619 apocrisiario,
1320 2590 1347 2612 et
1364 2585 1446 2611 misso
1470 2585 1623 2619 apostolica:
1643 2584 1729 2616 sedis,
1743 2583 1895 2612 consiliario

1109 2636 1212 2663 nostro,
1241 2631 1378 2658 vobiscum
1401 2631 1548 2657 secundum
1571 2630 1735 2657 voluntatem
1751 2629 1801 2657 Dei
1821 2635 1895 2656 exse-

1112 2677 1217 2711 quenda
1242 2675 1426 2703 commisimus
1440 2685 1446 2702 :
1459 2675 1502 2703 cui
1522 2679 1550 2702 et
1570 2674 1765 2710 benignitatem
1779 2678 1894 2702 vestram

1111 2727 1272 2753 monstrare,
1289 2726 1316 2747 et
1330 2721 1438 2756 dignam
1460 2721 1639 2747 reverentiam
1658 2727 1708 2754 pro
1725 2725 1819 2746 amore
1829 2718 1894 2746 beati

1110 2768 1182 2794 Petri
1199 2767 1322 2802 apostoli,
1344 2776 1357 2792 a
1377 2766 1454 2800 cujus
1469 2766 1531 2793 sede
1543 2765 1682 2800 profectus
1695 2769 1749 2797 est.
1771 2764 1895 2793 exhibere

1111 2812 1234 2846 satagite.
1263 2812 1393 2847 Optamus
1424 2810 1621 2839 fraternitatem
1652 2817 1699 2838 seu
1726 2810 1897 2838 sanctitatem

1111 2863 1228 2885 vestram
1241 2859 1266 2885 in
1278 2858 1384 2886 Christo
1398 2859 1465 2886 bcttc
1480 2858 1577 2885 valere.
