4050 6324
490 223 597 283 913

1834 219 2103 278 NICOLAI
2149 220 2353 279 ΡΑΡᾸΕ
2386 222 2408 277 1

3700 212 3837 271 951

486 333 983 401 lectissimosfilios
1001 342 1441 407 paternoamore
1482 334 1799 399 excolimus,
1841 344 1905 391 et
1926 344 1988 390 ut
2013 335 2066 389 in
2095 342 2143 401 Α
2172 345 2280 391 tem
2308 335 2426 406 ejus
2456 345 2640 393 tiostro
2662 336 2867 407 judicio
2895 344 3237 392 reservantes
3272 335 3600 401 statuimus,
3668 339 3751 388 nt
3774 331 3833 387 si

485 430 698 485 unitate
731 426 854 483 fidei
877 428 1258 498 permanentia,
1291 427 1708 496 cunctipotentis
1734 416 2075 483 clementiam

490 532 802 573 exoramus.
840 515 992 584 Quod
1034 517 1080 572 si
1117 517 1204 572 cui
1250 531 1317 572 ex
1348 514 1715 572 coufratrihus
1740 516 1939 573 nostris
1964 516 2078 584 epi-

491 607 676 676 scopis
724 606 853 663 talia
915 606 1072 663 nobis
1115 606 1416 671 misissent,
1460 607 1820 663 habueramus
1847 606 2080 677 qualiter

491 696 617 754 illos
644 698 1037 768 reprehendere
1063 706 1119 752 et
1140 699 1467 767 redarguere
1485 699 1827 765 deberemus,
1851 708 2080 769 excepto

492 789 543 846 si
600 788 833 859 regalem
886 778 1313 857 magnitudinem
1375 797 1609 845 vestram
1657 790 1763 845 sibi
1820 790 2081 859 impedire

494 881 777 944 dixissent,
806 879 858 934 in
886 879 1039 935 vobis
1066 880 1168 935 hoc
1194 880 1429 950 pendere
1452 890 1508 935 et
1546 882 1745 952 corrigi
1775 881 1973 937 debere
1999 882 2081 936 vi-

497 971 736 1049 deretur.
766 970 907 1026 Ecce
935 970 1203 1041 episcopis
1245 987 1535 1043 regnorum
1578 981 1881 1028 vestrorum
1908 973 2081 1043 impee

493 1066 792 1121 dimentum
836 1073 1171 1135 praeparatur
1209 1080 1277 1120 ne
1327 1065 1582 1120 veniant:
1633 1064 1874 1121 Lotharii
1901 1074 2082 1133 autem

493 1156 754 1226 episcOpi,
785 1156 877 1227 qui
908 1155 1079 1211 frater
1109 1156 1265 1212 istius
1291 1156 1528 1226 estquid
1557 1156 1793 1223 obsistit,
1825 1156 1931 1211 nisi
1957 1155 2086 1226 quia

492 1250 561 1303 de
588 1248 783 1303 vestris
818 1258 1037 1303 sumant
1080 1248 1455 1312 occasionem,
1503 1256 1559 1303 et
1596 1247 1736 1302 sicut
1780 1246 1980 1312 vestri,
2011 1248 2087 1302 ita

491 1348 551 1394 et
595 1339 740 1395 illius
780 1339 1121 1411 negligentes
1165 1339 1492 1411 appareant?
1522 1336 1657 1392 Nam
1704 1338 1849 1393 inter
1891 1345 2086 1394 caetera

495 1431 794 1502 plurimum
840 1447 983 1489 nunc
1027 1433 1081 1487 in
1126 1446 1290 1489 causa
1324 1429 1562 1501 ejusdem
1593 1429 1858 1495 Lotharii,
1886 1429 1954 1485 de
1979 1444 2089 1498 quo

494 1521 911 1584 subinferemus,
962 1523 1240 1594 profuerat
1291 1522 1337 1577 si
1385 1522 1696 1576 venissent:
1726 1520 1851 1590 quia
1891 1520 2089 1576 auditis

495 1616 731 1673 decretis
757 1624 813 1671 et
834 1616 1094 1672 institutis
1122 1614 1353 1670 lucidius
1378 1621 1571 1670 cuncta
1598 1613 1887 1677 referrent,
1924 1612 1998 1665 ita
2029 1619 2090 1664 ut

2177 428 2451 497 praedicta:
2497 427 2854 498 Theutbergaa
2891 428 3131 497 captiose
3166 428 3345 498 aliqua
3375 429 3487 483 alia
3514 426 3825 491 crimina.

2175 527 2460 588 postquam
2488 534 2608 574 eam
2660 534 2691 572 a
2736 534 2795 574 se
2821 518 3039 588 repulit,
3088 519 3325 589 obiicere
3361 517 3639 583 voluerit,
3704 517 3829 572 hoc

2175 618 2509 690 expurgetur
2536 617 2900 667 sacramento.
2929 609 2974 664 si
3004 610 3077 665 ita
3105 610 3403 665 necessitas
3425 607 3820 678 compulerit.

2178 699 2332 767 Quod
2364 701 2409 755 si
2438 701 2663 769 innupta
2710 714 2931 756 manere
2975 700 3271 756 decreverit
3324 709 3380 754 et
3408 700 3532 755 vim
3559 712 3685 753 suo
3724 712 3823 751 re-

2179 791 2457 846 conciliari
2484 790 2737 856 noluerit,
2767 790 3044 846 sancimus
3068 800 3135 846 ut
3158 803 3381 862 cogatur
3410 790 3465 845 in
3484 790 3816 859 amplexus

2182 882 2401 938 uxorios
2427 882 2788 951 redire;,quia
2814 882 3100 952 utriusque
3128 896 3190 937 se
3217 882 3510 953 separandi
3539 895 3664 934 non
3702 879 3819 934 fuit

2184 972 2448 1027 voluntas.
2497 972 2632 1027 Nam
2663 973 2709 1027 si
2752 972 2969 1041 utrique
2999 972 3054 1026 in
3096 971 3332 1026 divortio
3377 970 3809 1032 consenserint,

2184 1075 2236 1122 et
2285 1065 2574 1122 Lotharius
2615 1066 2727 1137 jam
2771 1066 2994 1121 omnino
3036 1064 3283 1136 cupulam
3320 1065 3659 1119 concubitus
3690 1075 3811 1116 non

2187 1159 2486 1229 repetierit,
2515 1159 2624 1215 hoc
2663 1156 2778 1214 ﬁeri
2808 1175 2915 1214 non
2940 1158 3330 1228 prohibemus:
3359 1157 3488 1228 quia
3521 1155 3812 1210 Dominus

2187 1247 2253 1305 de
2296 1247 2611 1302 dimittenda
2660 1262 2829 1302 uxore
2877 1263 3097 1303 causam
3145 1255 3357 1302 tantum
3404 1246 3813 1302 fornicationis

2186 1338 2417 1409 excepit.
2449 1340 2616 1409 Igitur
2643 1341 2688 1395 si
2719 1339 3028 1406 Lotharius,
3056 1354 3215 1407 quem
3243 1339 3511 1395 hactenus
3536 1339 3810 1394 converti

2187 1431 2480 1502 pra‘stolati
2514 1447 2717 1491 sumus.
2771 1441 2824 1485 et
2874 1432 3168 1486 vindictam
3213 1431 3267 1485 in
3290 1446 3439 1497 eum,
3470 1446 3542 1485 ne
3568 1429 3815 1499 sanguis

2189 1520 2567 1583 effunderetur,
2598 1531 2741 1576 etne
2762 1521 2901 1576 bella
2931 1522 3327 1586 excitarentur,
3361 1520 3657 1592 propalare
3688 1520 3813 1574 dis-

2194 1611 2415 1665 tulimus
2435 1650 2450 1676 ,
2477 1626 2651 1665 cornu
2699 1610 2977 1677 extulerit,
3007 1619 3063 1666 et
3101 1612 3307 1666 nostris
3336 1612 3811 1680 vestrisquetmo-

494 1707 743 1763 nubilum
768 1707 970 1777 aliquid
996 1708 1218 1762 minime
1246 1717 1570 1761 remaneret.
1601 1705 1857 1762 Fortasse
1885 1704 2087 1760 etenim
2116 1699 2163 1760 Β
2190 1705 2321 1761 uitis
2349 1705 2570 1760 obedire
2614 1704 2946 1775 neglexerit;
2994 1705 3061 1760 de
3106 1712 3305 1760 extero
3350 1704 3474 1758 talis
3510 1702 3814 1758 habendus

496 1798 616 1852 hac
647 1797 1102 1862 illorunndilatio,
1130 1806 1186 1851 et
1212 1797 1455 1851 absentia
1487 1796 1661 1868 magis
1687 1794 1862 1850 obfuit
1890 1793 1945 1848 in
1970 1793 2086 1861 ejus

498 1887 904 1951 emendatione,
948 1902 1111 1957 quam
1157 1886 1450 1941 obstinatio
1472 1926 1487 1951 ,
1543 1886 1669 1955 quia
1693 1884 1737 1940 si
1766 1883 2008 1939 absentia
2034 1887 2090 1937 et

498 1976 689 2031 dilatio
714 1992 821 2031 non
851 1986 1015 2042 esset,
1045 1976 1339 2033 obstinatio
1366 1977 1555 2047 utique
1594 1975 1709 2046 jam
1739 1974 1930 2031 saltem
1961 1988 2090 2029 coa-

500 2074 589 2121 cta
635 2076 898 2122 cessaret.
949 2066 1055 2123 Sed
1104 2068 1189 2122 his
1232 2068 1469 2130 omissis,
1523 2069 1589 2122 ad
1620 2075 1795 2122 vestra
1844 2065 2089 2121 consulta

500 2156 702 2227 stylutn
735 2166 978 2213 nostrum
1024 2157 1386 2214 reflectamus.
1435 2157 1626 2213 Dicitis
1653 2158 1797 2213 enim
1825 2170 1923 2211 vos
1948 2170 2091 2225 prte-

500 2248 673 2304 fatum
698 2251 1100 2306 commonuisse
1147 2250 1483 2305 Lotharium.
1516 2248 1670 2305 Sicut
1711 2248 1767 2303 in
1791 2246 2093 2305 commoni-

499 2344 644 2400 torio
683 2346 838 2400 nobis
873 2360 905 2400 a
949 2345 1104 2401 vobis
1125 2344 1335 2400 directo
1368 2344 1549 2415 legere
1578 2341 2088 2415 praevaluissemus;

500 2443 559 2490 et
582 2435 832 2491 eumdem
874 2451 1018 2507 saepe
1066 2435 1220 2494 vobis
1262 2436 1549 2491 mandasse
1577 2432 1924 2496 asseveratis,
1950 2429 2093 2500 quod

500 2525 730 2582 Romam
760 2543 988 2599 pergere
1013 2527 1165 2592 velit,
1191 2537 1246 2581 et
1269 2542 1367 2598 per
1394 2536 1638 2584 nostram
1684 2525 2094 2595 dispositionem

501 2619 571 2674 de
613 2635 777 2675 causa
827 2620 910 2676 sui
940 2619 1173 2693 coniugii
1214 2620 1416 2677 facere.
1445 2620 1554 2677 Sed
1595 2622 1735 2677 heu!
1781 2618 1942 2675 dictis
1971 2615 2094 2690 [αι.

501 2709 591 2766 his
618 2711 799 2776 dictis,
823 2710 1023 2785 litum]
1050 2726 1186 2783 opus
1208 2727 1313 2767 non
1338 2712 1811 2775 accommodastis,
1836 2710 1963 2781 quia
1994 2723 2099 2764 saec

507 2800 633 2870 pius
651 2802 719 2856 de
745 2802 1045 2859 directione
1064 2803 1465 2859 eomtuonitorii
1490 2803 1765 2858 mentione
1788 2801 1932 2855 facta
1957 2798 2098 2854 idem

504 2894 979 2950 commonitorium
1027 2893 1221 2959 abfuit,
1269 2902 1326 2951 et
1365 2895 1520 2949 nobis
1567 2893 1842 2949 frustratis
1888 2904 2098 2960 nequa4-

504 2997 671 3054 quam
716 2985 1036 3054 comparuit.
1083 2983 1236 3052 Quod
1283 2985 1329 3040 si
1376 2984 1771 3046 habuissemus,
1820 2990 2096 3037 certamen

2188 1802 2293 1860 est,
2325 1794 2537 1865 qualem
2566 1793 2713 1849 illum
2748 1810 2845 1865 per
2870 1793 3159 1863 epistolam
3195 1805 3439 1849 nostram
3469 1791 3808 1847 Rhadoalde

2190 1883 2392 1938 dudum
2417 1884 2689 1955 episcopo,
2722 1894 2778 1939 ct
2799 1883 2993 1940 Joanni
3019 1884 3276 1954 episcopo
3319 1884 3543 1938 missam
3570 1897 3674 1937 nos
3706 1882 3811 1935 ha-

2188 1976 2321 2031 bere
2344 1975 2456 2047 jam
2480 1977 2830 2048 cognovistis.
2857 1975 2985 2043 Sed,
3020 1975 3116 2032 filii
3139 1973 3502 2039 dilectissimi,
3528 1982 3588 2027 et
3618 1974 3809 2042 singu-

2191 2065 2383 2121 lariter
2411 2083 2440 2122 a
2464 2067 2621 2123 nobis
2644 2066 2921 2139 diligendi,
2953 2083 3079 2124 ecce
3103 2067 3392 2124 Arsenium
3422 2064 3804 2120 venerabilem

2193 2157 2504 2228 episcopum
2550 2156 2616 2211 ad
2659 2158 2763 2214 hoc
2789 2159 3071 2215 vobiscum
3097 2158 3568 2231 pertractandum,
3600 2164 3657 2210 et
3684 2169 3806 2208 mo-

2192 2251 2493 2306 nitionibus
2543 2251 2961 2324 corrigendum,
3009 2267 3133 2307 cum
3180 2249 3492 2322 apostolicis
3554 2244 3808 2317 epistolis

2195 2339 2323 2395 illuc
2346 2340 2759 2396 destinavimus.
2796 2341 3035 2409 Quarum
3071 2340 3423 2411 exemplaria,
3455 2354 3525 2394 ne
3563 2340 3801 2395 authen-

2198 2431 2317 2487 ticae
2346 2432 2600 2495 istarum,
2632 2441 2726 2486 aut
2766 2433 3099 2503 intercepta),
3140 2441 3232 2486 aut
3273 2447 3303 2485 a
3334 2431 3532 2502 quibus
3564 2430 3802 2485 fortasse

2197 2523 2584 2590 dehonestataz,
2634 2533 2726 2579 aut
2770 2525 3012 2594 perdita;
3060 2532 3154 2578 aut
3190 2523 3353 2578 etiam
3405 2531 3631 2594 propter
3652 2520 3805 2591 quod

2196 2614 2352 2670 vobis
2381 2615 2627 2671 dubietas
2650 2614 2903 2670 credendi
2928 2623 3306 2684 generarelur,
3332 2628 3430 2683 pro
3455 2612 3611 2667 libitu
3639 2611 3801 2665 aliter

2198 2706 2399 2765 habitae
2423 2708 2672 2773 fuissent,
2708 2707 3063 2779 magnitudini
3102 2716 3298 2763 vestrae
3326 2722 3425 2776 per
3464 2706 3611 2760 hunc
3642 2718 3802 2774 geru-

2198 2800 2309 2855 ltun
2361 2800 2783 2856 transmisimus.
2825 2801 2977 2856 Tunc
3007 2801 3052 2856 si
3091 2799 3434 2855 authenticos
3471 2800 3547 2853 ita
3576 2812 3639 2852 se
3697 2796 3797 2851 ha-

2199 2892 2332 2948 bere
2387 2891 2716 2962 repereritis,
2784 2905 3041 2947 assensus
3100 2899 3283 2947 vester
3334 2888 3512 2944 eidem
3566 2887 3800 2943 Arsenio

2200 2984 2529 3053 praebeatur.
2586 2982 2682 3039 Sin
2730 2992 2931 3049 autem,
2970 2993 3198 3054 excepto
3245 2983 3311 3038 de
3356 2981 3610 3037 Bhotado
3638 2991 3692 3035 et
3713 2980 3801 3034 Αιο

505 3084 748 3130 vestrum
793 3090 956 3145 super
994 3076 1080 3131 his
1113 3090 1569 3145 cognosceremus
1598 3090 1614 3130 :
1673 3076 1768 3131 sed
1806 3089 1929 3130 cum
1970 3073 2099 3129 illud
2127 3065 2172 3129 C
2204 3075 2393 3142 buino,
2428 3075 2501 3129 illi
2532 3090 2630 3130 vos
2657 3074 2881 3130 credere
2910 3091 3017 3130 non
3042 3082 3278 3145 oportet.
3306 3073 3377 3128 Et
3402 3071 3664 3142 quidquid
3692 3071 3801 3125 illis

510 3161 769 3230 defuerit,
818 3166 1092 3221 nescimus
1135 3166 1180 3220 si
1227 3165 1381 3220 labor
1422 3175 1602 3221 vester
1642 3165 1953 3221 fructuosus
1976 3164 2096 3219 fuit.

506 3250 629 3322 Ipse
652 3252 869 3321 quidem
896 3252 1183 3309 Lotharius
1226 3254 1402 3320 nobis,
1448 3263 1511 3309 ut
1554 3256 1733 3321 vobis,
1759 3255 1971 3309 vicibus
2005 3268 2102 3323 per

509 3343 819 3414 imperiales
868 3345 1072 3416 legatos
1116 3344 1412 3411 mandavit,
1471 3346 1616 3415 quod
1667 3345 1897 3400 Romam
1939 3345 2103 3400 vellet

508 3435 718 3490 venire.
750 3434 849 3491 Cui
898 3434 1297 3502 interdiximus,
1340 3443 1397 3491 et
1438 3437 1663 3493 omnino
1706 3435 2098 3500 interdicimus,

510 3535 572 3582 ut
598 3528 705 3583 iter
735 3527 856 3583 talis
885 3526 1060 3597 qualis
1103 3542 1249 3582 nunc
1294 3536 1380 3582 est
1422 3542 1531 3583 non
1584 3527 1831 3598 arripiat,
1867 3541 1932 3582 eo
1958 3526 2101 3596 quod

511 3627 701 3675 sancta
742 3618 985 3673 Romana
1022 3618 1262 3674 Ecclesia
1312 3619 1477 3676 talem
1517 3628 1738 3690 respuat
1769 3627 1825 3673 et
1864 3627 2103 3675 contem-

511 3718 626 3774 nat,
654 3718 713 3764 et
739 3725 794 3764 in
828 3711 931 3764 hoc
957 3719 1290 3780 perseveret,
1320 3712 1465 3780 quod
1489 3710 1596 3766 late
1622 3711 1679 3765 in
1707 3720 1821 3766 toto
1850 3709 2099 3766 diffusum

511 3812 598 3859 est
616 3802 769 3858 orbe.
801 3801 935 3857 Nam
958 3816 1117 3858 verso
1143 3804 1235 3858 diu
1266 3802 1472 3858 lumine
1508 3818 1604 3873 per
1640 3803 1830 3872 apices
1866 3813 2101 3866 vestros,

514 3889 819 3946 anhelando
850 3890 1300 3960 praestolabamur
1348 3891 1525 3946 locum
1563 3891 1851 3963 attingere,
1886 3892 1978 3960 qui
2007 3906 2105 3946 nos

518 3983 603 4036 vel
630 3982 800 4037 verbo
819 3983 999 4052 aliquo
1026 3984 1186 4038 modo
1234 3982 1331 4055 [αι.
1375 3984 1517 4037 abest
1542 3999 1668 4048 vox,
1698 3986 1878 4048 modo,
1901 3981 2102 4054 litum]

515 4073 639 4144 opis
667 4086 948 4141 annueret,
978 4090 1393 4147 quo,possemus
1420 4077 1658 4147 aliquam
1699 4076 1939 4131 laetitiam
1969 4091 2106 4144 pran-

514 4179 751 4221 sumere.
807 4165 915 4221 Sed
961 4169 1316 4236 perscrutatis
1355 4169 1626 4230 omnibus,
1672 4184 1737 4224 ac
1782 4169 1848 4222 ad
1903 4169 2103 4239 calcem

516 4272 695 4328 usque
719 4257 955 4325 reiectis,
973 4269 1095 4329 post
1115 4260 1398 4315 lectionem
1425 4261 1539 4332 ipsa
1570 4276 1691 4332 quae
1722 4261 1897 4315 inerat
1919 4260 2104 4315 hetitia

517 4351 800 4416 abscessit,
828 4360 883 4407 et
912 4367 1011 4408 nos
1035 4352 1189 4408 dolor
1213 4356 1501 4410 continuus
1526 4354 1669 4411 illico
1689 4354 1946 4426 possedit,
1979 4356 2104 4424 quia

2206 3168 2261 3223 in
2286 3167 2529 3236 partibus
2560 3174 2740 3221 actum
2777 3165 2958 3231 fuerit,
2992 3167 3095 3221 sub
3122 3174 3396 3236 gestorum
3437 3162 3801 3217 insinuatione

2204 3258 2381 3321 nobis,
2410 3265 2698 3326 antequam
2724 3256 2853 3311 illud
2876 3272 2972 3328 per
2993 3258 3128 3313 alios
3154 3271 3563 3326 cnguoscamus,
3593 3255 3799 3324 optimo

2205 3347 2495 3411 munitum,
2522 3355 2587 3419 ut_
2613 3347 2806 3403 melius
2831 3347 3079 3403 laborare
3106 3347 3396 3417 possimus,
3429 3346 3655 3415 dirigere
3692 3356 3795 3411 pe-

2209 3437 2393 3499 timus,
2429 3452 2771 3506 nequaquam
2800 3438 3054 3493 omittite.
3089 3438 3228 3493 Sunt
3249 3446 3302 3492 et
3327 3437 3435 3491 alia
3464 3432 3795 3506 quamplan

2206 3545 2315 3594 ma,
2346 3546 2469 3600 qum
2510 3530 2666 3586 vobis
2705 3545 2805 3585 nos
2834 3530 3095 3586 mandare
3137 3529 3292 3587 valde
3319 3535 3675 3599 oportuerat:
3705 3525 3793 3581 sed

2208 3621 2337 3690 quia
2366 3630 2478 3676 tam
2520 3622 2838 3677 clarissimis
2876 3631 2933 3678 et
2972 3622 3405 3693 prudentissimis
3445 3635 3619 3691 pauca
3659 3617 3795 3674 sufﬁ-

2208 3711 2381 3777 ciunt,
2408 3721 2463 3767 et
2490 3711 2577 3767 hic
2600 3712 2818 3784 gerulus
2843 3713 2997 3769 nobis
3021 3721 3138 3769 erat
3162 3714 3485 3784 incognitus,
3512 3720 3678 3782 atque
3696 3712 3793 3767 hoc

2209 3817 2332 3856 eum
2387 3801 2607 3868 latebat,
2658 3812 2854 3873 praeter
2896 3803 3012 3859 hzec
3052 3805 3293 3859 scribere
3319 3803 3603 3858 desiimus.
3634 3802 3792 3859 Porro

2209 3895 2277 3949 de
2306 3894 2548 3950 Ecclesia
2591 3895 2916 3963 Coloniensi,
2945 3897 3012 3951 de
3042 3914 3148 3968 qua
3179 3912 3278 3953 nos
3313 3895 3682 3961 consuluistis,
3709 3897 3794 3950 de-

2211 3985 2486 4040 cernimus
2524 3994 2601 4042 ut.
2633 3985 2706 4041 ibi
2765 3995 3114 4042 consecretur
3159 3988 3407 4042 antistes.
3438 3987 3515 4041 De
3546 3986 3792 4041 Camera-
3828 4020 3833 4025 ι

2210 4076 2363 4131 censi
2398 4091 2547 4141 vero,
2576 4077 2717 4146 quod
2736 4087 3009 4134 statutum
3031 4079 3313 4145 habemus,
3337 4078 3591 4134 volumus
3614 4080 3788 4132 obser-

2212 4170 2365 4223 vari:
2415 4170 2663 4227 videlicet
2709 4179 2766 4225 ut
2813 4171 2860 4227 si
2912 4172 3011 4227 tibi
3059 4172 3253 4229 electio
3316 4171 3581 4227 canonica
3622 4169 3787 4231 fuerit,

2212 4259 2521 4313 consecrari
2568 4258 2762 4315 debeat
2806 4261 2862 4314 in
2897 4275 2960 4315 ea
3002 4262 3305 4332 episcOpus.
3354 4261 3435 4315 Ad
3477 4268 3786 4322 extremum,

2213 4346 2356 4415 quod
2400 4344 2560 4402 silere
2611 4363 2718 4402 non
2774 4364 3083 4417 possumus,
3135 4350 3264 4418 quin
3310 4349 3418 4403 into
3449 4364 3613 4419 super
3647 4348 3791 4402 dictis

515 4445 572 4499 in
595 4444 808 4499 cunctis
845 4459 1033 4500 sumus
1069 4444 1335 4513 frustrati,
1361 4456 1416 4501 et
1439 4448 1583 4519 quod
1614 4413 1720 4501 non
1761 4413 2102 4516 optabamus,
2136 4413 2186 4472 D
2215 4440 2412 4494 vestris
2438 4441 2890 4509 obstupescimus,
2923 4442 2990 4496 de
3012 4441 3358 4497 Suessionica
3381 4441 3591 4496 scilicet
3621 4438 3786 4495 Ecclec

516 4534 783 4590 derelicti.
818 4532 1200 4591 Verumtamen
1243 4538 1498 4606 quoniam
1540 4537 1685 4592 circa
1722 4538 1942 4591 missam
1986 4535 2106 4608 [Ιιυε

514 4636 593 4684 est
616 4627 760 4684 circa
786 4627 1004 4695 festum,
1029 4628 1229 4701 litum]
1271 4630 1442 4685 sancti
1467 4628 1710 4693 Joannis,
1738 4630 1802 4684 de
1826 4643 1934 4699 quo
1965 4630 2105 4683 dixi-

516 4734 662 4784 mus,
688 4718 1025 4785 Lotharium,
1057 4723 1374 4791 dispositum
1421 4723 1632 4776 habetis
1666 4724 1846 4777 denuo
1870 4737 2107 4777 commo—

520 4821 693 4872 nere,
743 4822 849 4863 non
895 4809 1125 4864 moleste
1171 4810 1410 4863 tulimus.
1457 4808 1706 4864 Forsitan
1764 4811 2108 4879 omnipotens

520 4895 666 4952 Deus
692 4894 931 4968 cor'ejus
956 4901 1023 4954 ad
1046 4899 1149 4954 sibi
1175 4899 1366 4971 placita
1401 4898 1664 4954 inclinare
1688 4899 2020 4970 dignabitur,
2054 4907 2110 4951 et

521 4983 594 5039 de
631 4988 1048 5055 praevaricatore
1099 4990 1313 5044 tandem
1365 4986 1524 5043 faciet
1571 4987 1936 5043 convertendo
1979 4986 2111 5040 dile-

522 5084 695 5131 ctum.
728 5078 786 5132 Si
812 5087 990 5133 autem
1035 5080 1258 5135 subdole
1298 5080 1721 5151 Theutbcrgam,
1755 5087 1815 5133 ut
1840 5092 1960 5131 eam
1989 5092 2110 5148 per-

523 5168 639 5235 dat,
667 5169 807 5224 velle
832 5180 1078 5240 repetere
1113 5173 1333 5239 dicitur,
1362 5174 1406 5228 si
1440 5174 1551 5245 ipsa
1582 5174 1716 5229 tales
1744 5172 1989 5243 elegerit,
2014 5188 2112 5242 per

520 5275 661 5331 quos
702 5261 805 5316 sibi
852 5266 1115 5319 securitas
1163 5266 1466 5321 certissima
1515 5266 1630 5331 fiat,
1671 5280 1798 5321 ecce
1822 5265 1978 5320 bene.
2012 5265 2106 5319 Sin

521 5358 728 5417 autem,
763 5351 904 5408 idem
940 5354 1228 5411 Lotharius
1261 5356 1502 5425 prtebeat
1545 5362 1967 5421 sacramentum,
1999 5368 2109 5425 quo

521 5447 843 5518 polliceatur
882 5463 1002 5503 eam
1048 5451 1211 5521 digno
1252 5450 1597 5507 matrimonio
1646 5450 1907 5520 recipere,
1957 5458 2013 5503 et
2050 5456 2111 5502 ut

522 5553 751 5596 uxorem
794 5538 1086 5612 legitimam
1135 5540 1389 5596 decenter
1428 5540 1673 5597 venerari
1702 5549 1755 5596 et
1783 5539 1985 5606 colere,
2046 5556 2111 5595 ac

522 5633 783 5706 deinceps
815 5630 1120 5691 ineolumeu
1167 5645 1508 5688 conservare.
1536 5634 1634 5688 'Dc
1664 5634 1982 5703 poenitentia
2010 5646 2107 5686 au~

2212 4533 2311 4594 sia,
2346 4532 2411 4586 de
2440 4546 2565 4602 qua,
2610 4531 2682 4586 fili
2714 4534 2789 4587 mi
2833 4532 3045 4598 Carole,
3092 4533 3236 4603 quod
3275 4533 3583 4603 loquimini,
3615 4547 3707 4603 per
3735 4545 3787 4584 os

2211 4621 2434 4677 alterius
2481 4622 2784 4692 loquimini,
2830 4639 2994 4693 quam
3019 4625 3180 4678 etiam
3218 4638 3315 4693 per
3343 4623 3562 4691 triginta
3586 4621 3787 4675 circiter

2212 4728 2383 4768 annos
2411 4714 2480 4768 ab
2520 4714 2853 4769 infructuosa
2886 4714 3115 4769 ficulnea
3142 4711 3391 4768 Rothado
3421 4711 3546 4784 [al.,
3578 4710 3784 4765 Rotbal-

2211 4804 2310 4869 do,
2348 4803 2495 4857 etsic
2539 4803 2728 4870 ubique
2771 4803 3015 4873 inferius,
3060 4803 3259 4875 litum]
3291 4802 3558 4857 inutiliter
3579 4814 3785 4871 occupa-

2215 4904 2345 4960 tam,
2377 4905 2603 4966 excepto
2647 4895 2765 4949 solo
2807 4896 3048 4961 nomine,
3096 4894 3355 4966 pastorali
3376 4894 3559 4948 dicitis
3584 4905 3785 4947 vacasse

2212 4986 2575 5043 sollicitudine
2600 5005 2613 5040 :
2646 4987 2911 5042 miramur
2928 5003 3032 5043 cur
3060 4996 3241 5042 tantus
3268 5000 3361 5041 rex
3390 4986 3658 5041 suasoriis
3681 4998 3782 5039 ver-

2214 5079 2297 5133 bis
2319 5079 2484 5143 cedit,
2513 5087 2567 5135 et
2598 5094 2707 5134 non
2731 5079 2904 5150 magis
2930 5092 3030 5134 nos
3053 5079 3287 5148 qualiter
3306 5078 3374 5132 de
3398 5077 3652 5131 Rhotado
3669 5078 3782 5132 obe-

2214 5171 2328 5226 diat
2361 5168 2637 5225 ltetilicare
2663 5178 2940 5240 procurat.
2988 5168 3183 5225 Desine
3209 5182 3359 5239 ergo,
3390 5166 3486 5231 illi,
3521 5176 3580 5223 et
3616 5168 3785 5238 depre-

2215 5263 2419 5318 catoria
2445 5261 2606 5317 verba
2635 5261 2774 5332 pelle
2804 5276 2833 5315 a
2864 5262 3048 5325 corde,
3083 5260 3366 5332 incipeque
3396 5259 3603 5313 nostris
3635 5257 3784 5312 moui-

2217 5356 2289 5410 tis
2313 5368 2526 5424 parere,
2554 5364 2615 5409 ut
2656 5353 3110 5409 excellentissima
3149 5353 3317 5425 gloria
3341 5360 3525 5406 vestra
3559 5364 3681 5405 cum
3706 5364 3784 5403 ex-

2217 5446 2507 5502 sultatione
2534 5444 2843 5510 fruetiiicet,
2866 5453 2922 5501 et
2952 5460 3074 5501 cum
3099 5444 3293 5516 gaudio
3328 5441 3633 5513 manipulos
3656 5439 3783 5495 colli-

2220 5549 2327 5612 gat.
2375 5537 2575 5595 Tamen
2619 5540 2854 5610 qualiter
2894 5538 2963 5595 de
3009 5538 3102 5593 illo
3142 5536 3531 5593 sublimitatem
3569 5540 3781 5587 vestram

2223 5636 2470 5702 oporteat
2493 5630 2689 5698 facere,
2718 5630 2840 5686 aliis
2866 5629 3063 5685 litteris
3088 5627 3286 5685 nostris
3313 5624 3573 5697 liquidius
3610 5632 3781 5692 cosm-
