4050 6324
535 257 640 316 927

1748 244 1793 291 .'
1832 244 1851 251 ·’
1891 238 2410 323 Ineunt-rara;
2450 241 2485 327 ιτ
2518 284 2525 288 .
2604 240 2619 288 1

3750 237 3869 295 928

608 372 1067 440 Proposueramus
1105 363 1351 434 quidem,
1393 369 1680 430 antequam
1729 355 1954 411 Michael
1992 353 2107 426 glo-
2138 355 2185 416 Α
2212 354 2407 409 benter
2434 354 2674 410 ferimus.
2708 354 2965 425 Discipuli
2991 355 3136 409 enim
3163 343 3355 412 sumus
3391 341 3586 440 illius,
3618 355 3713 410 de
3741 370 3863 424 quo

538 464 717 517 riosus
732 457 1197 531 proIOSpathat-ius
1221 455 1425 524 legatus
1435 462 1623 512 vester
1641 448 1867 504 Ruinam
1892 447 2113 535 veniens

537 550 824 620 epistolam
853 549 1007 609 nobis
1032 543 1295 600 claritatis
1318 551 1509 598 vestrae
1534 540 1845 603 detulisset,
1874 537 1999 591 talia
2017 550 2116 591 vo-

532 641 628 695 bis
674 625 873 708 Scripta
902 652 995 705 per
1036 634 1234 689 missos
1262 642 1508 696 nostros,
1539 646 1659 701 qua:
1680 628 1793 698 jam
1821 636 1879 683 et
1923 623 2114 697 parata

538 738 719 794 erant,
748 727 1127 790 transmittere,
1151 725 1337 795 qualia
1353 724 1705 795 gravissimus
1728 717 2114 793 {gratissimus}

541 821 684 875 titius
710 835 739 872 a
758 814 1017 888 diligente
1044 815 1195 886 patre
1223 831 1287 871 ac
1314 814 1409 870 Dei
1438 810 1644 871 cultore
1662 854 1675 877 ,
1695 805 2118 887 imperatoresa
2158 806 2165 813 ’

539 911 685 965 sedis
710 907 1013 978 apostolica
1061 908 1378 977 prtesulibus
1420 907 1561 962 soliti
1611 915 1771 961 crant
1817 894 2118 976 Suscipere.

542 1001 609 1056 At
636 1002 764 1055 vero
792 998 1015 1068 praefato
1033 998 1568 1068 vimper-veniente,
1596 996 1985 1068 epistulamque
2012 984 2117 1051 ito?-

529 1080 842 1155 -bis,'\iestr:e
872 1091 1090 1161 gleriac,
1122 1105 1242 1160 quae
1278 1098 1390 1145 tota
1436 1084 1829 1160 blasphemus,"
1859 1074 1969 1167 tota
2001 1080 2122 1163 erat.

540 1178 753 1250 injuriis
778 1181 934 1251 plena
959 1222 973 1245 ,
1000 1181 1309 1251 porrigentc
1329 1221 1343 1245 ,
1375 1190 1581 1236 mutata
1612 1190 1692 1236 est
1725 1181 1777 1235 in
1806 1169 2123 1259 lttctumj'cig‘

525 1269 697 1325 thura
728 1271 1236 1342 nostra,(Thren.v)
1259 1310 1275 1337 ,
1301 1281 1355 1327 et
1381 1282 1641 1343 organum
1673 1277 1914 1327 nostrum
1944 1259 2133 1351 iu'vo-i

540 1376 659 1417 cem
712 1361 953 1417 ﬂentium
1026 1362 1172 1433 (Isa.
1235 1352 2121 1434 v).‘Quoniamexspectavimus

540 1461 801 1521 tanquam
835 1453 903 1507 de
935 1452 1073 1506 bona
1101 1454 1211 1507 vite
1245 1468 1405 1518 uvas,
1450 1448 1788 1524 suscepimus
1818 1442 2122 1531 atttem'Lla—Z

530 1540 767 1600 -hruscas
813 1542 841 1607 ς’
880 1542 1106 1612 ideoque
1147 1543 1471 1598 mutavimus
1519 1545 1751 1615 stylum,
1798 1554 1855 1599 et
1896 1528 2121 1601 ostenso
2178 1536 2184 1541 ’

542 1630 765 1685 vulneri
782 1633 1019 1701 congrua
1047 1631 1391 1709 przeviditntt's
1405 1632 1676 1701 adhibere
1703 1624 2115 1691 medicamenta.

2215 441 2599 511 apostolorum
2629 443 2880 511 princeps
2914 444 3033 497 ait:
3080 442 3187 508 Qui
3225 461 3342 497 cum
3377 435 3859 506 malediceret",

2215 549 2319 587 non
2357 532 3282 603 m'aledicebut‘futuinipeteretur,
3312 551 3416 587 non
3446 534 3849 587 comminatu-
3890 540 3895 543 '

2216 631 2304 675 tur
2337 621 2390 694 (Ι
2432 619 2580 675 Petr.
2611 620 2696 692 ιι).
2744 622 2821 677 Do
2851 619 3053 677 talibus
3083 618 3229 676 enim
3264 622 3482 691 Veritas
3514 622 3805 693 loquitur
3833 640 3849 675 :

2218 712 2281 768 Si
2326 712 2769 783 patremfamilias
2829 711 3140 767 Beelzebuth
3187 722 3568 767 vocavtrunb:
3615 723 3849 783 me

2217 806 2383 877 magis
2422 807 2734 861 domesticos
2780 807 3193 879 ejus?‘(.l!attlt.
3239 808 3322 878 x.)
3359 808 3424 863 Et
3459 824 3670 863 rursus
3708 808 3843 873 eos,

2174 966 2177 969 Α
2218 898 2309 968 qui
2351 896 2803 968 propter-nomen
2834 899 2976 956 illius
3006 896 3478 969 persecutionem,
3526 910 3585 955 et
3642 887 3841 956 rnalc-

2219 990 2363 1045 dicta
2394 990 2672 1045 toleraturi
2716 998 2908 1057 erant,
2948 987 3300 1047 be'atos“esse
3328 994 3700 1061 pronuntiat.
3749 993 3842 1048 di-

2220 1093 2351 1135 cens
2376 1098 2390 1134 :
2418 1080 2573 1166 Beati
2597 1081 2718 1135 estis
2739 1097 2857 1161 cum
2895 1082 3267 1138 παράξειν-ἔπι
3290 1072 3454 1149 uobis,
3475 1094 3527 1137 et
3552 1084 3843 1168 persecuti

2203 1185 2308 1224 .vos
2335 1154 2617 1239 fuerintIet
2640 1154 2870 1224 dixerint
2890 1168 3040 1225 omne
3060 1168 3258 1226 malum
3272 1175 3522 1229 adversus
3546 1191 3638 1229 cos
3674 1161 3838 1229 ntea-

2196 1260 2201 1263 ’
2221 1262 2404 1338 tientes
2423 1260 2631 1337 propter
2644 1258 2733 1329 nte
2747 1260 2961 1341 (Matth.
2976 1258 3173 1335 v).'Ubi
3187 1264 3345 1337 ergo,
3364 1257 3502 1322 teste
3518 1252 3836 1323 conscienc

2222 1342 2331 1422 tia,
2360 1356 2503 1411 Deus
2544 1358 2598 1411 in
2640 1371 2806 1412 causa
2844 1365 2963 1422 est;
2995 1342 3329 1413 ibimomnin'o
3376 1361 3667 1415 beatitudo
3694 1374 3829 1429 spe-

2188 1448 2389 1516 ,ran'da
2423 1449 2635 1503 :et.nbi
2658 1449 3016 1504 mendacium
3049 1452 3233 1515 saevit,
3267 1452 3339 1506 ibi
3386 1450 3632 1509 Convicia
3672 1453 3829 1507 nulla

2225 1537 2483 1593 timenda.
2521 1536 2674 1593 Sicut
2700 1552 2829 1608 ergo
2860 1554 2958 1594 nos
2979 1549 3200 1610 propter
3223 1541 3391 1595 Deum
3437 1541 3607 1595 etiam
3633 1558 3663 1595 a
3704 1557 3825 1597 non

2224 1642 2352 1681 vera
2399 1626 2717 1682 dicentibus
2746 1627 2973 1698 injurias
2994 1630 3169 1686 anubis
3196 1624 3389 1684 illatas
3427 1631 3829 1701 aequanimiter

542 1719 711 1793 Igitur
731 1721 799 1776 ad
838 1722 1132 1791 potentiam
1156 1703 1389 1788 vestram
1415 1716 1965 1792 inspirante‘Domino
1987 1723 2123 1779 scri-
2151 1703 2200 1779 Β
2228 1717 2481 1783 ferimus;
2502 1717 2604 1772 -ila
2652 1734 2867 1790 quoque
2894 1729 3109 1788 oportet
3147 1721 3404 1791 Pietatem
3453 1733 3698 1807 vestram
3738 1737 3828 1777 sa-

544 1814 723 1883 pturi,
778 1824 1084 1881 nostraeque
1129 1813 1296 1866 menti
1338 1810 1575 1867 affectus
1606 1808 2123 1870 industriievestra:
2163 1852 2184 1875 ,α

537 1904 838 1972 reseraturi
857 1925 881 1964 ς
903 1917 1112 1970 necnon
1142 1911 1197 1956 et
1222 1917 1318 1972 pro
1349 1912 1535 1957 sancta
1585 1902 1825 1958 Ecclesia
1856 1902 2121 1959 catholica

546 2000 603 2049 et
629 1992 924 2062 apostolica
960 1984 1803 2066 (cujus-nus;plmcipuecura,
1847 2002 1903 2049 et
1944 1994 2124 2064 quoti-

547 2081 706 2139 diana
756 2081 1049 2137 secundum
1093 2080 1405 2150 Apostolum
1434 2081 1735 2149 sollicitudo
1757 2082 2120 2162 :‘coitsttfingio

526 2173 813 2244 .apudvos'
829 2173 1213 2244 interventuri,
1244 2182 1300 2228 et
1322 2173 1560 2242 epistolae
1590 2183 1784 2230 vestra:
1808 2160 2126 2236 assertionié

547 2261 650 2319 bus
672 2265 856 2335 (prout
887 2263 1147 2318 Deminus
1164 2267 1412 2334 pusseet
1437 2279 1595 2319 nosse
1624 2264 1856 2337 dederit)
1898 2279 2125 2334 respon-

548 2356 660 2409 suri
682 2398 697 2420 ,
725 2354 859 2409 nihil
886 2356 1239 2425 opportunius
1256 2395 1272 2422 ,
1305 2356 1436 2409 nihil
1462 2354 1642 2427 aptius
1659 2372 1685 2423 ς
1712 2357 2127 2430 .‘uiltilfprol'ecto

531 2443 817 2518 ,salubrius
844 2444 1173 2517 arbitramur
1198 2444 1345 2513 (licet
1372 2461 1469 2502 vos
1507 2462 1536 2501 a
1587 2448 1844 2503 conviciis
1875 2432 2125 2505 inchoas-

548 2532 702 2603 setis)
726 2549 883 2603 quam
910 2549 1022 2602 prae
1037 2535 1302 2603 omnibus
1332 2534 1576 2608 ﬂagitare
1615 2538 1927 2609 suppliciter
1965 2555 2125 2606 eum,

548 2639 650 2696 per
672 2642 830 2696 quem
861 2644 1015 2698 reges
1058 2637 1316 2699 regnant,
1346 2638 1400 2683 et
1440 2627 1961 2707 le'gtt'mtcouditores
1982 2631 2128 2701 justa

532 2716 878 2782 decernunt,
908 2727 964 2773 et
990 2720 1042 2773 in
1072 2721 1225 2791 cujus
1253 2735 1415 2776 manu
1447 2721 1609 2776 corda
1657 2730 1783 2776 sunt
1822 2738 2007 2792 regum
2028 2714 2049 2788 ,’
2073 2730 2131 2778 et

532 2824 620 2864 .ex
647 2814 970 2880 quo'rcgnat
993 2813 1171 2867 omnis
1192 2812 1281 2882 qui
1306 2812 1392 2881 pie
1420 2820 1635 2882 regnat;
1663 2821 1717 2866 et
1743 2812 1972 2881 imperat
2006 2827 2127 2866 omo

535 2899 670 2964 .nis,
699 2901 792 2970 qui
822 2902 994 2957 eidem
1021 2901 1152 2974 Regi
1187 2902 1702 2975 regum‘etrDomiuo
1722 2887 2128 2959 dominantium

532 3008 663 3047 -non
688 3006 976 3066 repugnat,
1026 2996 1312 3052 Dominum
1359 2996 1609 3051 videlicet
1656 3005 1898 3052 nostrum
1943 2993 2123 3051 losum

2229 1808 3000 1880 cerdotibus','.qimlescuuque
3035 1810 3175 1878 sint,
3206 1824 3433 1884 propter
3451 1829 3577 1868 eum
3604 1815 3694 1868 cui
3732 1817 3829 1869 de-

2228 1900 2472 1955 serviunt
2499 1939 2513 1964 ,
2556 1898 3164 1972 reverentram'potius,
3203 1897 3378 1973 quam‘
3407 1905 3638 1975 injurias
3661 1908 3827 1960 exhi-

2228 1990 2376 2045 bere.
2412 1988 2519 2045 Sed
2541 1991 2607 2045 de
2636 1990 2722 2065 his
2738 1990 2851 2059 jam
2881 2006 3004 2045 eum
3050 2001 3238 2047 saneto
3261 1988 3400 2064 papa
3439 1995 3596 2049 vobis
3622 1994 3823 2065 loqua-

2230 2096 2352 2135 mur
2387 2079 2649 2151 Gregorio
2679 2074 2869 2151 (Epist.
2889 2079 2988 2148 lib.
3013 2097 3084 2143 tv,
3116 2098 3196 2151 ep.
3221 2081 3352 2154 διγι
3377 2083 3509 2137 Nam
3533 2084 3588 2137 in
3616 2084 3822 2138 divinis

2181 2216 2192 2222 -
2226 2171 2456 2242 eloquiis
2482 2171 2793 2245 sacerdotes
2823 2171 3116 2243 aliquando
3164 2174 3270 2239 dii,
3318 2175 3610 2243 aliquando
3638 2176 3819 2246 anguli

2230 2248 2509 2318 vocantur.
2553 2263 2770 2331 Natum
2800 2279 2900 2333 pet;
2923 2262 3147 2339 Moysen.
3174 2264 3382 2330 decc,
3429 2266 3522 2334 qui
3566 2264 3639 2319 ad
3661 2265 3819 2333 jura-

2231 2360 2471 2406 mentum
2500 2352 2845 2424 deducendus
2872 2363 2986 2418 est,
3025 2353 3223 2407 dicitur
3252 2371 3265 2407 ε
3299 2354 3517 2426 Αρρίὶεα
3554 2354 3707 2407 illum
3748 2354 3816 2408 ad

2232 2436 2353 2498 deos
2376 2442 2572 2512 (Exod.
2596 2434 2759 2514 situ):
2778 2444 3025 2499 videlicet
3054 2446 3121 2499 ad
3148 2446 3477 2501 sacerdotes.
3508 2446 3575 2499 Et
3597 2447 3817 2501 rursum

2210 2534 2493 2615 scriptum
2520 2544 2603 2590 est
2636 2554 2649 2590 :
2678 2535 2796 2589 Diis
2829 2553 2930 2590 non
2958 2515 3198 2591 detralt'es
3235 2537 3440 2611 (ibid),
3485 2528 3697 2593 scilicet
3732 2555 3819 2593 sa-

2196 2684 2201 2687 _
2232 2624 2658 2701 cerdotibus.__Et
2680 2624 2940 2697 propheta
2976 2626 3053 2680 ait
3084 2643 3098 2680 :
3129 2626 3294 2680 Labia
3320 2628 3613 2682 sacerdotis
3636 2642 3816 2683 custo-

2232 2717 2376 2772 dient
2398 2713 2667 2770 scientiam
2685 2728 2781 2780 ,‘et
2820 2712 2987 2787 legem
3009 2717 3268 2788 requirent
3304 2734 3368 2772 ea:
3392 2735 3484 2772 ore
3524 2720 3674 2789 ejus,
3693 2721 3817 2789 quia

2232 2807 2449 2879 angelus
2476 2806 2683 2862 Domini
2705 2808 3132 2869 exercituum‘est
3163 2803 3419 2879 (Malach.
3445 2812 3541 2880 tt).

2232 2919 2242 2941 ι
2278 2899 2443 2966 Quid
2469 2913 2600 2971 ergo
2632 2899 2864 2965 mirum,
2902 2900 2947 2954 si
2979 2900 3419 2971 itlos'imperialis
3443 2901 3622 2973 pietas
3649 2903 3818 2959 bono-

2236 2995 2355 3055 ret,
2377 2988 2579 3058 quibus
2612 2989 2665 3043 iu
2710 3004 2810 3044 suo
2857 2991 3077 3060 eloquio
3119 2988 3378 3046 honorem
3411 2993 3691 3059 tribuens,
3723 3008 3815 3048 eos

532 3082 824 3154 Christum
841 3127 856 3151 ,
879 3087 963 3141 cui
978 3087 1162 3157 omnis
1187 3086 1521 3149 rationabilis
1541 3095 1787 3141 creatura
1813 3086 2086 3141 ministrat
2109 3103 2124 3142 :

2237 3087 2332 3133 aut
2358 3057 2777 3149 -angelos,iaut
2804 3057 3113 3151 deus—ipse
3162 3082 3328 3137 etiam
3369 3082 3602 3153 appellat
3642 3057 3817 3138 Dens?

535 3172 809 3231 .nimirum
859 3175 945 3228 cui
991 3182 1069 3229 et'
1094 3174 1435 3230 insensibiles
1471 3174 1643 3240 venti,
1682 3183 1736 3229 et
1765 3173 1914 3230 mare
1960 3175 2127 3245 impee

533 3262 693 3337 .ranti
724 3263 1011 3329 obediunt,
1045 3272 1312 3333 quatenus
1336 3275 1391 3319 et
1415 3264 1557 3319 labia
1586 3266 1770 3319 nostra
1807 3265 1874 3319 ad
1916 3251 2129 3345 annun-

551 3354 790 3411 tiandnm
814 3355 1024 3411 laudem
1056 3362 1206 3412 suam
1232 3357 1504 3426 aperiens,
1528 3357 1806 3412 dilatatam
1829 3347 2043 3428 quoque
2062 3375 2127 3415 os

551 3453 793 3499 nostrum
827 3459 979 3516 pastu
1008 3448 1265 3502 doctrinae
1292 3447 1542 3503 salutaris
1568 3447 1858 3517 adimpleat
1878 3488 1893 3513 ,
1923 3458 1978 3503 et
2004 3465 2127 3519 quae

536 3551 648 3605 per
676 3537 841 3591 nostri
873 3537 1461 3608 apustolatus'ollicium
1495 3538 1717 3595 auribus
1753 3539 1949 3594 vestris
1976 3549 2129 3596 exte-

538 3626 663 3693 rius
688 3626 968 3699 uicimus,
999 3642 1098 3697 per
1130 3641 1195 3703 se.
1236 3642 1449 3697 quoque
1476 3636 1607 3681 nutu
1638 3642 1751 3683 suae
1779 3628 2128 3697 aspirationis

551 3719 778 3775 interius
809 3720 1100 3775 .mentibus
1144 3723 1344 3777 vestris
1392 3723 1613 3791 aspiret.
1670 3721 1805 3790 Quia
1856 3723 2125 3781 incassum

551 3817 698 3863 terra
719 3809 1141 3884 cordisvomere
1168 3820 1365 3866 nostra:
1384 3810 1577 3882 lingua:
1607 3811 1986 3880 proscinditur,
2021 3814 2127 3871 nisi

549 3899 784 3955 caelestis
834 3902 973 3956 roris
1008 3890 1349 3976 aspersione
1407 3903 1734 3960 intrinsecus
1790 3904 2124 3960 infundatur.

520 4020 523 4023 ν
550 3989 693 4044 Deus
721 3992 966 4051 estenim
989 4033 1004 4058 ,
1035 3994 1124 4063 qui
1154 3994 1541 4049 incrementum
1571 3996 1661 4050 dat
1684 3995 1736 4067 (1
1760 3994 1883 4050 Cor.
1916 3998 2001 4067 tn)
2022 4036 2037 4064 ,
2070 4005 2131 4053 et

550 4081 642 4151 qui
671 4082 831 4135 docet
855 4083 1123 4137 hominem
1149 4084 1428 4139 scientiam
1457 4085 1629 4159 (Psal.
1658 4087 1871 4157 xcxnt).

620 4172 816 4239 Putas,
866 4170 1326 4246 imperatorfnon
1374 4180 1510 4233 bene
1556 4179 1823 4236 facimus?
1853 4181 1996 4251 quod
2030 4197 2126 4236 vos

550 4267 618 4319 ah
647 4265 858 4336 injuriis
881 4262 1179 4324 scribentes
1226 4270 1641 4334 iuchoaveritis,
1681 4288 1780 4327 nos
1825 4273 1893 4326 ah
1918 4262 2125 4327 oratio:

550 4356 709 4412 nibus
738 4375 749 4410 :
781 4374 877 4414 vos
918 4375 946 4413 a
976 4363 1236 4417 conviciis
1280 4363 1333 4417 in
1379 4378 1505 4425 nos,
1539 4364 1647 4418 imo
1680 4373 1867 4419 contra
1892 4364 2120 4433 primam

505 4469 513 4476 -
536 4457 613 4499 αυτ
637 4447 963 4516 magistram
983 4450 1348 4506 Ecclesiarnm
1383 4454 1626 4507 omnium
1654 4453 1936 4524 loquentes
1963 4438 2126 4509 exor-

548 4533 694 4590 dium
714 4536 988 4613 feceritis;
1024 4526 1122 4595 nos
1151 4542 1203 4594 iu
1233 4541 1513 4608 laudibus,
1553 4552 1608 4597 ct
1653 4542 1706 4596 in
1756 4543 1973 4597 nomine
2018 4542 2126 4619 Do-

539 4626 682 4707 .lililll
736 4622 1144 4705 atl"'potenliatn
1196 4638 1428 4685 vestram
1457 4647 1761 4687 sermonem
1804 4631 2037 4687 habituri
2066 4649 2128 4690 os

549 4719 962 4784 aperuerituus?
1006 4720 1263 4775 Videmus
1309 4723 1451 4776 enim
1478 4723 1768 4793 gigantem
1798 4723 2125 4793 allophylum

547 4817 738 4861 contra
779 4825 1002 4878 puerum
1049 4819 1327 4887 sanctum,
1371 4818 1425 4866 et
1470 4811 1831 4865 cithartetlum
1877 4824 2120 4867 nostrum

548 4895 720 4949 David
772 4896 950 4953 furore
996 4900 1247 4971 plenum,
1288 4912 1342 4955 et
1382 4900 1743 4969 blasphctuias
1786 4913 2118 4957 eructantcm

542 4970 724 5054 primo
752 4986 950 5056 impetu
996 4988 1191 5059 popqu
1240 4989 1331 5043 Dei
1382 5001 1645 5047 terrorem
1698 5009 1803 5047 non
1850 4994 2118 5049 modicum

2232 3170 2612 3235 Ecclesiastica
2641 3174 2855 3241 quoque
2882 3181 3112 3228 testatur
3154 3174 3382 3229 historia
3416 3172 3644 3245 (Ruﬁn,
3673 3173 3811 3228 Hist.

2231 3261 2384 3327 εδει,
2423 3259 2512 3315 lib.
2548 3278 2600 3327 t,
2631 3278 2748 3333 cap.
2791 3262 2847 3331 2)
2869 3303 2884 3327 ,
2910 3263 3036 3333 quia
3066 3279 3189 3318 cum
3230 3263 3332 3333 piae
3377 3265 3648 3320 memoria:
3667 3265 3811 3319 Con-

2231 3355 2472 3410 stantino
2499 3356 2724 3426 principi
2757 3356 2959 3425 scripto
2991 3356 3186 3411 oblata:
3205 3345 3589 3412 accusationes
3615 3366 3809 3413 contra

2231 3444 2515 3517 episcopos
2553 3445 2812 3510 fuissent,
2843 3445 3051 3501 libellos
3088 3447 3302 3518 quidem
3333 3448 3572 3517 accepit,
3600 3457 3655 3502 et
3693 3464 3810 3504 eos-

2231 3535 2354 3592 dem
2399 3536 2493 3607 qui
2533 3536 3051 3603 accusati-fuérant,
3082 3539 3364 3608 episcopos
3397 3553 3735 3603 convocans,
3759 3539 3807 3593 in

2230 3640 2422 3681 eorum
2448 3638 2740 3697 conspectu
2769 3626 2980 3683 libellos
2999 3669 3015 3693 ,
3061 3643 3198 3699 quos
3228 3637 3544 3697 acceperat,
3582 3629 3810 3685 incendit

2231 3714 2460 3772 dicens:
2490 3717 2716 3775 Vostdii
2758 3720 2919 3784 estis,
2967 3733 2999 3772 a
3042 3734 3174 3774 vero
3215 3718 3325 3773 Deo
3371 3720 3686 3785 cunstituti;
3719 3721 3807 3785 ite,

2230 3812 2286 3879 et
2332 3806 2474 3862 inter
2507 3821 2603 3862 vos
2629 3821 2823 3863 causas
2864 3816 3076 3864 vestras
3114 3808 3392 3879 deponite,
3436 3811 3567 3879 quia
3598 3812 3806 3883 dignum

2231 3913 2343 3954 non
2375 3906 2493 3963 est,
2531 3907 2591 3954 ut
2620 3913 2731 3963 nos
2770 3898 3079 3970 iudicemus
3121 3900 3271 3955 deos.
3301 3899 3360 3954 lu
3393 3916 3503 3970 qua
3546 3903 3806 3956 sententia

2230 3988 2334 4061 sibi
2364 3988 2536 4058 magis
2554 4002 2620 4042 ex
2646 3986 2951 4061 humilitate
2968 4028 2984 4053 ,
3007 4003 3169 4058 quam
3194 3987 3531 4059 illisaliquid
3555 3992 3803 4060 praestitit

2232 4090 2300 4132 ex
2330 4078 2630 4133 reverentia
2669 4077 2928 4146 impensa.
2954 4077 3097 4133 Ante
3132 4092 3256 4133 eum
3292 4080 3492 4150 quippe
3536 4081 3728 4152 pagani
3755 4080 3805 4137 in

2230 4170 2502 4238 republica
2534 4169 2804 4240 principes
2852 4169 3098 4236 fuerant,
3148 4170 3241 4241 qui
3292 4187 3480 4226 verum
3522 4173 3691 4227 Dequ
3719 4189 3805 4227 nc-

2230 4261 2501 4339 scicntes,
2545 4260 2676 4315 deos
2702 4258 2933 4339 ligneos
2977 4269 3034 4315 et
3080 4259 3322 4331 lapideos
3347 4262 3707 4329 colebant,et
3735 4273 3804 4317 ts.

2232 4357 2357 4406 tuen
2387 4367 2573 4406 eorum
2600 4353 2973 4407 sacerdotibus
3000 4353 3261 4408 honorem
3290 4354 3590 4408 maximum
3620 4356 3803 4408 tribue.

2232 4441 2382 4496 bant.
2417 4441 2554 4507 Quid
2601 4442 2767 4511 igitur
2811 4442 3037 4507 mirum,
3070 4442 3116 4496 si
3140 4442 3486 4498 Christianus
3518 4444 3802 4513 imperator

2229 4534 2346 4589 veri
2398 4534 2493 4588 Dei
2538 4533 2845 4587 sacerdotes
2891 4534 3147 4597 honoret,
3180 4535 3306 4589 dum
3334 4536 3568 4607 pagani,
3598 4546 3654 4590 ut
3680 4551 3800 4608 pra:-

2231 4626 2497 4690 diximus,
2523 4626 2794 4696 principes
2815 4626 3073 4681 honorem
3102 4627 3414 4697 impendere
3442 4630 3800 4684 sacerdotibus

2231 4727 2528 4781 noverunt,
2577 4717 2668 4787 qui
2723 4700 2827 4773 diis
2870 4717 3059 4789 ligneis
3102 4726 3158 4772 et
3205 4719 3429 4788 lapideis
3470 4721 3796 4775 serviebant?

2229 4807 2355 4864 Haec
2409 4821 2540 4877 ergo
2590 4821 2694 4860 non
2750 4814 2959 4861 tantum
3008 4806 3337 4876 specialiter,
3402 4816 3667 4878 quantum
3714 4824 3793 4880 ge-

2229 4899 2488 4955 neraliter
2538 4913 2637 4967 pro
2686 4897 2936 4952 omnibus
3000 4898 3297 4953 asserimus
3357 4898 3735 4955 sacerdotibus
3781 4919 3793 4953 :

2228 4992 2482 5061 quoniam
2547 4991 2726 5044 adhuc
2787 4989 3091 5055 nescimus,
3145 4989 3267 5058 quis
3323 4990 3375 5044 in
3431 4991 3663 5046 terribili
3715 4991 3793 5047 Dei

548 5073 795 5128 intulisse
839 5074 888 5145 (1
929 5076 1056 5145 Reg.
1091 5079 1244 5147 xvu).
1297 5062 1403 5136 sed
1444 5089 1694 5149 exspecta
1728 5081 2039 5150 paululum,
2067 5090 2122 5137 et
2221 5079 2429 5150 judicio
2489 5078 2663 5148 qualis
2715 5076 2930 5133 futurus
2975 5078 3063 5132 sit.
3118 5076 3335 5133 Etenim
3393 5077 3595 5135 Paulus
3654 5094 3795 5149 egre-

548 5181 677 5221 ecce
712 5156 916 5223 videbis
948 5170 1095 5225 illum
1141 5173 1194 5227 in
1246 5176 1463 5230 nomine
1507 5176 1718 5229 Domini
1767 5190 2118 5246 percussum,

551 5268 606 5313 et
627 5258 739 5328 jam
768 5275 798 5312 a
828 5261 968 5314 dicto
1014 5262 1321 5333 hymnidico
1365 5274 1420 5320 et
1453 5266 1636 5322 laudes
1669 5275 1723 5322 et
1758 5267 1991 5337 psalmos
2012 5309 2026 5333 ,
2056 5283 2122 5323 ac

549 5350 825 5408 orationes
871 5353 1079 5408 Domini
1126 5357 1393 5425 majestati
1456 5360 1732 5416 humiliter
1781 5361 2117 5423 effnndenle,

550 5443 728 5514 gladio
750 5458 846 5499 suo
866 5452 1215 5514 prostratum.
1239 5447 1305 5502 Et
1328 5449 1544 5518 quidem
1584 5466 1683 5505 nos
1710 5448 1933 5518 injurias
1963 5448 2123 5504 nobis

550 5535 858 5605 specialiter
901 5537 1196 5615 irrogat'as,
1232 5549 1287 5593 ct
1314 5543 1547 5598 maxime
1585 5559 1683 5613 pro
1706 5541 1917 5611 iustitia
1964 5542 2119 5597 labo-

550 5628 794 5685 rantibus
814 5672 828 5697 ,
854 5640 907 5688 et
933 5647 962 5685 a
989 5631 1212 5702 justitia'.
1257 5632 1722 5701 impngnatorihus
1749 5634 2032 5704 ingestas,
2063 5633 2126 5687 li-

2228 5171 2348 5241 gius
2373 5170 2694 5241 praidicator
2720 5170 2849 5225 dicit
2882 5187 2896 5224 :
2936 5168 3116 5225 Nolite
3133 5170 3382 5240 judicare
3413 5181 3537 5224 ante
3573 5182 3796 5242 tmpus,

2228 5260 2392 5316 donec
2421 5262 2595 5314 veniat
2624 5259 2912 5325 Dominus,
2940 5261 3031 5331 qui
3068 5268 3117 5313 et
3159 5258 3476 5314 illuminnbit
3496 5262 3797 5315 ubst-cndita

2230 5352 2592 5413 tenebrarum,
2616 5358 2664 5404 et
2700 5350 3052 5415 manifestabit
3078 5349 3297 5404 consilia
3339 5351 3581 5405 condiunt
3605 5350 3657 5420 (1
3689 5351 3794 5405 Cor.

2231 5445 2316 5514 tt).
2366 5440 2481 5496 lloc
2502 5449 2711 5513 tamen.
2746 5439 2985 5494 breviter
3034 5439 3294 5505 dicimus,
3330 5441 3456 5509 quia
3478 5480 3491 5499 .
3526 5440 3659 5495 licet
3690 5452 3796 5508 pec-

2230 5542 2444 5590 catores
2486 5540 2539 5587 et
2587 5529 2827 5600 indigni,
2863 5528 2983 5598 plus
3030 5539 3209 5584 tamen
3243 5530 3311 5585 de
3358 5531 3571 5584 venturi
3600 5530 3795 5585 Domini

2232 5623 2633 5690 misericordia,
2675 5636 2838 5692 quam
2864 5620 2931 5677 de
2970 5632 3149 5694 vestra
3178 5622 3377 5693 pietate
3412 5622 3793 5689 pmuntiunu.
