4050 6324
524 358 620 417 931

1885 348 2154 407 NICOLAI
2192 347 2393 404 ΡΑΡΑΞ
2429 346 2448 400 l

3724 345 3844 401 932

525 470 891 544 possidentem
938 472 1108 527 sacris
1137 468 1335 525 litteris
1368 467 1422 522 in
1452 465 1717 537 principio
1748 463 1951 533 justum
1985 479 2103 518 cre-
2132 464 2180 524 Α
2209 462 2515 527 miseratis,
2557 470 2650 516 aut
2676 472 2824 517 certe
2846 462 3160 532 pmnituisse
3195 477 3294 532 pro
3320 462 3405 518 his
3426 502 3439 526 ,
3471 475 3601 531 qua:
3628 461 3839 515 humi-

466 624 467 627 η
527 561 763 616 didimus
806 558 1180 628 alloquendam
1206 597 1221 623 ,
1259 556 1550 611 invitantes
1575 565 1740 624 atque
1771 560 2025 625 rogantes
2053 561 2111 607 ut

460 632 467 639 ’
522 666 627 721 pro
654 650 909 704 ﬁrmitate
937 658 991 703 et
1019 658 1161 704 statu
1187 647 1356 702 nostri
1387 647 1598 716 imperii
1626 657 1883 701 teternam
1915 645 2109 699 divini-

522 749 693 796 tatem
724 749 808 794 tua
839 741 1102 794 sanctitas
1131 740 1470 808 deprecetur.
1502 738 1620 793 Non
1651 738 1753 794 hoc
1784 739 1917 792 dixit
1946 736 2112 792 Justi-

524 833 749 895 nianus,
791 832 883 900 qui
936 831 1067 886 dicit
1112 839 1301 885 sancto
1328 846 1480 900 papre
1523 830 1754 893 Joanni,
1782 831 1945 884 etiam
1989 845 2113 899 pro-

527 923 778 992 mulgalis
838 923 1046 994 legibus
1090 922 1142 977 id
1188 923 1522 977 interserens
1563 921 1700 993 (leg.
1742 920 1850 974 Nos
1890 920 2111 974 redden-

514 1019 615 1072 (es,
649 1013 770 1064 cod.
820 1012 884 1065 de
928 1027 1067 1065 sum.
1121 1009 1315 1081 Triu.).
1365 1010 1606 1065 Petimus
1657 1020 1896 1065 vestrum
1931 1018 2111 1078 pater-

520 1113 648 1151 num
697 1096 988 1166 ati'cctum,
1043 1108 1102 1155 ut
1161 1101 1359 1154 vestris
1432 1099 1495 1154 ad
1551 1116 1649 1155 nos
1696 1099 1979 1153 destinatis
2026 1099 2112 1153 lit-

520 1188 688 1252 teris,
744 1190 1092 1245 manifestum
1127 1189 1282 1243 nobis
1314 1190 1559 1255 faciatis,
1600 1188 1741 1258 quod
1787 1202 1975 1242 omnes
2018 1188 2112 1259 qui

519 1279 777 1348 praedicta
807 1292 953 1335 recte
981 1280 1333 1345 eontltentur,
1364 1280 1591 1348 suscipit
1615 1286 1798 1331 vestra
1826 1279 2108 1341 sanctitas,

520 1378 578 1422 et
600 1385 695 1424 eos
721 1371 811 1440 qui
839 1370 1079 1427 Judaice'
1096 1373 1214 1427 ausi
1242 1381 1371 1427 sunt
1397 1379 1597 1426 rectam
1628 1369 1899 1440 denegare
1926 1368 2107 1434 ﬁdem,

522 1465 865 1519 condemnat.
899 1464 968 1519 Et
1012 1480 1249 1521 rursus:
1297 1463 1574 1527 Petimus,
1625 1462 1827 1532 inquit,
1874 1469 2112 1516 vestram

521 1554 912 1611 beatitudinem
947 1572 1108 1610 orare
1131 1572 1228 1627 pro
1253 1556 1426 1621 nobis,
1453 1564 1508 1610 et
1531 1556 1625 1611 Dei
1651 1556 1808 1611 nobis
1828 1555 2113 1625 acquirere

521 1642 939 1711 providentiam.
968 1644 1083 1699 Non
1110 1640 1213 1700 hoc
1233 1646 1366 1700 dicit
1390 1644 1779 1700 Constantinus
1798 1685 1812 1709 ,
1845 1645 1936 1715 qui
1962 1645 2111 1700 Dono

520 1748 674 1803 papa:
700 1733 944 1790 scribens
966 1737 1127 1790 etiam
1149 1735 1383 1804 jurando
1414 1735 1804 1807 benignitatem
1827 1777 1841 1800 ,
1866 1746 1920 1791 et
1942 1738 2111 1791 hono-

2211 549 2335 605 liter
2362 551 2689 621 petiveratis.
2716 551 2775 604 ln
2799 559 3003 605 tantam
3026 566 3154 605 vero
3186 552 3383 606 furoris
3404 550 3833 605 abundantiam

2211 642 2566 714 prorupistis,
2606 652 2666 697 ut
2700 642 2895 713 lingua:
2926 640 3132 697 Latina:
3166 640 3417 712 injuri-am
3445 642 3834 713 irrogaretis,

2211 732 2353 788 hanc
2379 734 2431 787 in
2463 732 2688 803 epistola
2737 744 2918 787 vestra
2950 732 3235 787 barbaram
3282 742 3335 785 ct
3368 730 3703 803 Scythicam
3736 746 3840 801 ap-

2211 823 2472 894 pellantes
2499 823 2567 877 ad
2596 820 2845 892 injuriam
2864 822 2981 892 ejus
3006 823 3097 893 qui
3120 823 3415 887 feciteam;
3449 822 3636 877 omnis
3663 824 3835 876 enim

2211 913 2692 985 cperisderogatio
2736 915 2805 970 ad
2844 914 3055 984 opificis
3099 913 3375 968 redundat
3431 915 3728 983 injuriam.
3784 912 3835 968 Ο

2212 1005 2480 1060 furorem!
2521 1006 2611 1074 qui
2642 1020 2744 1060 nec
2764 1005 2960 1076 linguae
2992 1004 3142 1059 novit
3172 1020 3396 1074 parcere
3419 1046 3434 1068 ,
3466 1020 3636 1075 quam
3667 1005 3832 1058 Dens

2213 1094 2369 1159 fecit,
2398 1104 2454 1150 et
2481 1111 2598 1164 qua:
2626 1097 2769 1151 inter
2793 1107 3019 1151 czcteras
3061 1096 3115 1150 in
3162 1095 3381 1149 nomine
3428 1095 3651 1150 Domini
3683 1096 3831 1149 bor-

2214 1194 2362 1241 tante
2388 1188 2640 1257 Apostolo
2662 1229 2676 1252 ,
2708 1185 3013 1256 Con/iretur,
3046 1189 3171 1258 quia
3208 1186 3464 1241 Dominus
3492 1197 3677 1242 noster
3731 1184 3832 1238 Je-

2212 1294 2301 1333 sus
2326 1277 2563 1332 Christus
2586 1277 2639 1330 in
2661 1277 2829 1347 gloria
2862 1287 2943 1330 ἐει
2985 1276 3083 1330 Dei
3124 1275 3303 1330 Patris
3328 1273 3589 1347 (Philipp.
3621 1276 3711 1345 ιι).
3754 1275 3826 1328 Et

2212 1384 2332 1439 quae
2380 1384 2504 1425 cum
2552 1369 2814 1434 Hebraea,
2852 1377 3014 1437 atque
3058 1368 3244 1423 Grznca
3291 1369 3345 1423 in
3390 1369 3546 1423 titulo
3589 1366 3827 1421 Domini

2214 1472 2245 1511 a
2293 1457 2514 1528 reliquis
2568 1458 2835 1520 discreta,
2890 1458 3156 1527 insignem
3209 1458 3569 1527 principatum
3615 1467 3827 1510 tenens

2215 1550 2463 1605 omnibus
2492 1550 2801 1604 nationibus
2829 1548 3086 1619 pra-dicat
3114 1545 3299 1602 Jesum
3332 1546 3682 1602 Nazarenam
3730 1564 3830 1600 re-

2215 1654 2333 1709 gem
2364 1638 2671 1694 .ludaeorum
2711 1655 2871 1709 quem
2904 1639 3117 1695 titulum
3148 1639 3300 1694 multi
3330 1638 3647 1693 Judmorum
3690 1654 3827 1693 cor-

2214 1746 2465 1802 rumpere
2527 1733 2815 1789 voluerunt
2879 1731 3062 1804 (Joan.
3121 1731 3273 1803 xxx),
3325 1732 3467 1786 sicut
3514 1746 3618 1785 vos
3668 1744 3825 1784 num:

523 1837 638 1878 rem
670 1823 814 1879 circa
844 1825 1026 1880 sedem
1058 1826 1277 1880 exhibet
1300 1824 1652 1895 apostolicam
1692 1826 1745 1879 in
1772 1824 1858 1878 his
1885 1825 2066 1880 verbis
2092 1843 2106 1879 :
2140 1807 2187 1866 Β
2218 1824 2377 1894 hujus
2404 1823 2773 1879 celeberrima:
2794 1822 2990 1894 lingua:
3012 1824 3234 1878 tentatis
3261 1823 3470 1893 insigne
3499 1821 3819 1884 destruere,

532 1908 639 1965 Per
680 1913 879 1977 Deum,
912 1912 1187 1982 inquiens,
1219 1914 1640 1983 omnipotentem
1662 1955 1675 1978 ,
1721 1929 1827 1969 non
1856 1922 1938 1968 est
1972 1913 2113 1983 apud

523 2016 624 2053 nos
649 2001 818 2070 partis
846 2000 1130 2070 cujuslibet
1160 2002 1336 2069 favor,
1360 2004 1455 2058 sed
1477 2003 1838 2073 :equalitatem
1863 2004 2111 2076 utrisque

524 2093 773 2162 partibus
839 2095 1323 2160 conservabimus,
1374 2094 1681 2149 nullatenus
1729 2097 2111 2152 necessitatem

524 2182 786 2241 facientes
818 2187 870 2240 in
899 2202 1220 2257 quocunque
1246 2186 1482 2256 capitulo
1513 2187 1620 2249 eis,
1656 2187 1748 2256 qui
1777 2203 1805 2241 a
1834 2188 1990 2242 vobis
2034 2188 2116 2244 di-

524 2275 776 2345 riguntur
795 2276 1175 2345 quoquomodo
1190 2316 1204 2341 ,
1231 2276 1324 2331 sed
1347 2284 1401 2328 et
1422 2275 1569 2330 οηιηί
1595 2276 1800 2330 honore
1820 2292 1945 2331 cum
1968 2292 2115 2331 com.

526 2365 732 2435 petenti
769 2366 1135 2419 munificentia
1155 2406 1170 2430 ,
1203 2373 1257 2421 ct
1304 2365 1645 2434 susceptione
1672 2366 1864 2436 dignos
1889 2381 1983 2421 eos
2019 2366 2115 2420 ha-

526 2455 778 2511 bebimus
811 2474 826 2510 :
852 2467 907 2511 et
946 2459 990 2512 si
1043 2459 1259 2527 quidem
1290 2457 1546 2527 utrinque
1572 2459 1960 2525 convenerint,
1986 2473 2115 2515 ecce

526 2546 667 2600 bene
700 2565 713 2600 :
751 2548 834 2602 sin
877 2556 1057 2602 autem
1094 2548 1317 2603 minime
1348 2549 1734 2614 convenerint,
1764 2550 1961 2604 iterum
1992 2565 2117 2606 cum

525 2640 671 2693 omni
694 2641 1030 2696 humanitate
1046 2656 1138 2695 eos
1156 2643 1222 2696 ad
1240 2657 1334 2696 vos
1350 2642 1664 2711 dirigemus.
1691 2641 1757 2696 Et
1774 2653 1896 2713 post
1910 2659 2077 2713 pauca
2098 2660 2112 2697 :

525 2727 763 2784 lnvitare
789 2731 934 2785 enim
958 2741 1014 2786 et
1042 2748 1234 2802 rogare
1264 2748 1554 2803 possumus
1596 2735 1665 2788 ad
1691 2748 1907 2788 omnem
1935 2748 2117 2788 emen-

529 2816 835 2884 dationem,
869 2830 926 2874 et
954 2821 1216 2876 unitatem
1244 2822 1485 2877 omnium
1526 2822 1993 2891 Christianorum,
2025 2840 2119 2879 ne-

529 2911 857 2967 cessitateuL
896 2902 1026 2967 vero
1077 2912 1278 2967 inferre
1319 2913 1628 2968 nullatenus
1682 2914 1949 2970 volumus.
2002 2916 2119 2972 Non

526 2999 632 3055 hoc
655 3001 794 3055 alius
815 3000 1235 3070 Constantinus,
1266 3013 1321 3058 ct
1347 3004 1498 3059 lrene
1525 3006 1753 3075 Augusti
1781 3006 2001 3073 dicunt,
2026 3008 2121 3078 qui

530 3093 929 3162 adﬁdrianum
985 3111 1178 3166 papam
1214 3097 1547 3162 scribentes,
1588 3099 1740 3152 aiunt
1782 3116 1796 3152 :
1844 3101 2121 3171 Rogamus

2216 1917 2310 1973 sed
2339 1917 2559 1972 minime
2586 1924 2907 1988 potuerunt;
2936 1918 3197 1989 scriptum
3229 1917 3427 1986 quippe
3455 1914 3724 1968 divinitus
3759 1913 3818 1965 in

2213 2008 2352 2064 libro
2380 2009 2712 2080 psalmorum
2740 2009 2921 2065 fuerat
2944 2008 3118 2080 (Psal.
3150 2025 3256 2074 Lvr,
3290 2024 3399 2062 Lvn
3429 2018 3475 2062 et
3502 2009 3663 2071 Lvm)
3695 2021 3711 2058 :
3738 2004 3821 2060 Ne

2213 2113 2531 2168 corrumpas
2556 2098 2694 2153 tituli
2732 2099 3179 2169 inscriptionem,
3227 2096 3310 2151 vel
3349 2097 3476 2165 quia
3507 2095 3816 2151 Christiani

2215 2196 2371 2252 sunt,
2428 2203 2658 2258 quorum
2700 2187 2938 2259 linguam
2983 2187 3306 2251 barbaram,
3358 2184 3445 2239 vel
3491 2183 3817 2254 Scythicam

2217 2279 2498 2349 appellatis
2516 2320 2530 2346 ,
2565 2279 2791 2350 gloriam
2823 2289 3056 2334 vestram
3078 2319 3092 2344 ,
3121 2294 3289 2348 quare
3316 2293 3422 2331 non
3450 2276 3690 2347 pudeat,
3718 2278 3817 2329 ob-

2217 2370 2595 2439 stupescimus.
2621 2369 2753 2426 Cum
2780 2371 2925 2425 enim
2950 2370 3168 2425 barbari
3191 2383 3381 2423 omnes
3400 2379 3455 2422 et
3475 2367 3722 2438 Scythae,
3753 2375 3815 2421 ut

2218 2463 2493 2519 iusensata
2532 2463 2787 2518 animalia
2824 2463 3038 2529 vivant,
3081 2463 3249 2518 Deum
3292 2476 3482 2515 verum
3528 2462 3813 2533 nesciant,

2218 2552 2576 2624 lignaoautem
2599 2562 2654 2607 et
2672 2552 2877 2623 lapides
2898 2552 3123 2607 adorent
3142 2591 3157 2617 ,
3197 2552 3250 2605 in
3271 2566 3337 2605 eo
3359 2551 3599 2621 ipsoque
3620 2564 3816 2604 verum

2222 2643 2390 2698 Deum
2421 2643 2548 2698 colit
2597 2642 2779 2713 lingua
2808 2642 3000 2697 Latina
3020 2683 3035 2706 ,
3067 2650 3329 2713 quantum
3363 2639 3663 2694 barbaram
3684 2680 3699 2703 ,
3729 2638 3817 2693 vel

2223 2731 2535 2801 Scythicam
2566 2732 2806 2803 linguam
2832 2733 3148 2799 antecedat,
3175 2732 3511 2804 agnoscitur.
3536 2728 3658 2785 Jam
3688 2746 3817 2787 vero

2223 2821 2268 2876 si
2301 2821 2423 2875 ideo
2449 2820 2683 2892 linguam
2708 2822 2996 2876 barbaram
3024 2821 3227 2884 dicitis,
3248 2821 3504 2892 quoniam
3530 2820 3680 2874 illam
3705 2835 3811 2873 non

2224 2909 2550 2980 iutelligitis,
2602 2924 2698 2965 vos
2744 2911 3085 2979 considerate
3117 2910 3240 2982 quia
3287 2911 3575 2967 ridiculum
3606 2921 3692 2966 est
3722 2926 3816 2966 vos

2223 3000 2481 3072 appellari
2507 3002 2871 3057 Romanorum
2895 3004 3271 3074 imperatores,
3293 3013 3349 3059 et
3371 3013 3551 3059 tamen
3577 3003 3815 3073 linguam

2227 3106 2334 3146 non
2378 3105 2534 3146 nosse
2574 3091 2894 3146 Romanam.
3746 3104 3751 3109 ‘

528 3193 770 3238 vestram
796 3194 1076 3254 paternam
1117 3188 1508 3241 beatitudinem
1529 3229 1543 3253 ,
1574 3190 1746 3259 magis
1776 3166 1992 3259 quidem
2026 3193 2118 3247 Do-

2297 3182 2379 3237 Ad
2409 3191 2713 3237 extremum
2759 3192 2972 3249 autem,
3025 3183 3071 3239 si
3121 3182 3234 3253 jam
3284 3200 3428 3255 saepe
3478 3184 3810 3239 nominatam

535 3275 719 3329 "tinus
748 3273 891 3329 Deus
916 3285 1102 3345 regat,
1140 3278 1230 3345 qui
1259 3276 1372 3330 vult
1394 3292 1582 3333 omnes
1607 3279 1785 3334 salvos
1812 3280 1961 3345 fieri,
1992 3289 2047 3336 et
2068 3282 2123 3337 in

528 3363 870 3435 agnitionem
922 3365 1167 3419 veritatis
1218 3367 1406 3420 venire
1457 3365 1508 3438 (Ι
1553 3365 1688 3420 Tim.
1717 3366 1812 3439 ιι),
1843 3377 1901 3423 ιιι
1929 3369 2019 3424 det
2044 3386 2127 3427 se-

533 3455 744 3524 ipsam,
776 3464 833 3509 et
855 3453 1059 3509 nullam
1088 3458 1399 3512 tarditatem
1424 3458 1609 3525 faciat,
1635 3467 1684 3515 el
1712 3462 1969 3516 ascendat
1996 3462 2122 3517 huc.

530 3542 600 3598 Et
628 3545 790 3615 paulo
814 3557 938 3614 post
971 3563 984 3599 :
1014 3544 1071 3601 Si
1097 3562 1202 3602 non
1227 3548 1495 3618 potuerit,
1524 3548 1808 3618 inquiunt,
1832 3552 2125 3609 ascendere

534 3636 675 3700 huc,
700 3636 862 3708 eligat
891 3637 1037 3693 viros
1064 3639 1520 3708 pretiosissimos,
1553 3650 1609 3695 et
1632 3641 1832 3712 dirigat
1861 3658 1968 3697 una
1999 3659 2123 3699 cum

530 3724 913 3796 syllabis,ctc.
944 3726 989 3782 0
1016 3728 1329 3798 imperator,
1372 3729 1565 3784 saltem
1620 3745 1765 3787 nunc
1810 3746 1919 3787 non
1965 3747 2128 3804 agno-

534 3816 692 3870 scitis
704 3832 868 3885 quatu
896 3832 925 3870 a
953 3818 1196 3888 priorum
1225 3819 1611 3888 imperatorum
1628 3821 1829 3889 pietate
1855 3822 1910 3875 in
1936 3821 2040 3877 hac
2066 3837 2125 3877 re

538 3906 835 3974 dilieratis,
868 3918 923 3963 et
960 3925 1124 3979 quam
1153 3926 1250 3965 vos
1291 3919 1473 3965 vestra
1515 3912 1583 3966 ab
1626 3928 1813 3967 eorum
1855 3913 2127 3983 discrepet

535 3985 797 4052 divinitus
827 3999 1091 4069 inspirata
1122 4000 1421 4054 modestia?
1459 4000 1539 4055 Illi
1563 4001 1763 4071 quippe
1804 4019 1820 4055 :
1848 4001 2123 4072 Petimus,

536 4090 853 4158 invitamus,
895 4107 960 4147 ae
1009 4109 1280 4165 rogamus,
1307 4109 1438 4150 ecce
1468 4096 1699 4165 sparsim
1727 4094 1794 4150 ad
1821 4097 1965 4152 sedis
1990 4113 2126 4167 apo-

536 4181 746 4236 stolica:
772 4183 1034 4252 praesules
1055 4224 1070 4251 ,
1100 4187 1197 4241 sed
1226 4187 1345 4257 pari
1371 4187 1572 4256 pietate
1596 4187 1855 4243 clamant.
1892 4189 1996 4245 Vos
2023 4207 2123 4246 au-

536 4284 647 4329 tem
699 4276 850 4344 quasi
901 4292 1009 4331 non
1060 4280 1491 4334 mansuetudinis
1534 4288 1590 4333 et
1634 4281 1984 4346 reverentim,
2030 4283 2124 4339 sed

534 4363 707 4419 solius
753 4366 965 4434 imperii
1012 4380 1201 4420 eorum
1231 4368 1477 4423 hmredes
1511 4367 1722 4434 electi,
1753 4380 1807 4424 et
1856 4372 1911 4425 in
1959 4387 2125 4428 causa

533 4455 753 4523 pietatis
784 4456 903 4511 illos
954 4456 1159 4510 imitari
1190 4450 1434 4512 nolentes
1476 4461 1828 4529 praecepisse,
1860 4460 2122 4529 jussisse,

532 4560 600 4599 ac
629 4545 925 4616 imperasse
954 4562 1050 4601 vos
1070 4586 1088 4613 ,
1120 4554 1181 4601 ut
1208 4548 1473 4616 quosdam
1502 4546 1872 4617 subjectorum
1913 4559 2127 4607 nostro-

534 4653 655 4691 rum
706 4638 773 4692 ad
807 4654 903 4693 vos
948 4639 1326 4704 mitteremus,
1377 4641 1621 4695 asseritis
1668 4649 1772 4697 :et
1805 4642 1907 4698 hoc
1949 4643 2125 4713 ipsum

532 4741 632 4782 vos
663 4729 885 4798 quidem
935 4730 1112 4800 egisse
1144 4730 1453 4796 nescimus,
1502 4731 1657 4801 cujus
1689 4731 2126 4805 instigationibus

534 4814 816 4881 fascinati,
846 4827 902 4874 et
929 4819 1189 4874 oblivioni
1233 4820 1420 4874 traditi
1454 4820 1680 4876 dicitis:
1714 4838 1879 4892 porro
1923 4822 2124 4879 factum

534 4920 565 4958 a
589 4906 742 4960 vobis
761 4907 903 4962 nulla
929 4909 1309 4965 recordatione
1333 4908 1658 4975 recolimus;
1685 4927 1953 4982 nusquam
1978 4914 2123 4969 enim

536 4995 695 5051 nobis
731 4998 837 5053 tale
865 5000 995 5070 quid
1036 4999 1267 5069 iussisse
1302 5017 1400 5057 vos
1449 5002 1527 5075 (ni
1572 5003 1833 5073 fallimur)
1864 5003 2126 5061 hactenus

535 5086 960 5155 reminiscimur,
994 5106 1261 5161 nusquam
1292 5108 1389 5147 vos
1415 5094 1485 5147 ad
1521 5101 1725 5148 tantam
1754 5094 1897 5149 circa
1941 5097 2123 5152 sedem

535 5178 680 5232 beati
707 5178 851 5234 Petri
877 5184 1244 5250 apostolorum
1280 5186 1544 5255 principis
1582 5188 1996 5243 irreverentiam
2028 5191 2125 5244 (le-

534 5269 751 5325 venisse
782 5275 1153 5342 cognovimus.
1189 5277 1550 5333 Revolventes
1604 5280 1749 5334 enim
1802 5280 2123 5349 epistolam,

536 5375 701 5430 quam
727 5370 854 5417 tunc
874 5377 970 5431 per
992 5367 1326 5422 venerabiles
1348 5369 1632 5440 episcopos
1653 5380 1709 5424 et
1730 5370 1921 5425 Arsam
1947 5372 2121 5425 virum

537 5455 831 5529 gloriosum
853 5458 1190 5527 Spatharium
1219 5459 1496 5518 miseratis
1516 5503 1529 5529 ,
1559 5463 1633 5517 nil
1655 5463 1884 5533 jnssisse
1908 5478 2003 5519 vos
2029 5480 2123 5517 no-

537 5547 641 5613 bis,
666 5548 761 5604 sed
783 5547 963 5617 potius
985 5548 1321 5614 obsecrasse,
1348 5558 1511 5620 atque
1535 5538 1755 5622 rogasse
1779 5567 1878 5608 nos
1901 5552 2124 5607 omnino

538 5639 858 5708 reperimus.
889 5639 945 5693 In
989 5653 1100 5711 quo
1129 5637 1292 5692 datur
1321 5639 1579 5710 intelligi,
1609 5658 1733 5697 cum
1780 5658 1922 5697 nunc
1970 5643 2126 5698 aliter

540 5731 871 5795 perhibeatis
890 5771 903 5796 ,
939 5740 1031 5785 aut
1059 5747 1152 5785 vos
1172 5730 1370 5788 oblitos
1391 5746 1579 5787 eorum
1603 5733 1766 5788 fuisse
1785 5775 1798 5798 ,
1822 5748 1941 5801 qua:
1965 5742 2124 5788 antea

2150 4515 2205 4574 D

2230 3271 2466 3342 linguam
2493 3272 2614 3327 ideo
2636 3268 2920 3327 barbaram
2943 3275 3285 3343 nuncupatis,
3301 3276 3558 3344 quoniam
3584 3292 3613 3327 a
3632 3285 3810 3329 trans-

2229 3360 2493 3416 lator-ibus
2516 3361 2569 3415 in
2588 3360 2833 3417 Graecam
2860 3362 3152 3418 dictionem
3179 3374 3385 3419 mutata
3408 3406 3422 3430 ,
3452 3365 3811 3419 barbarismos

2226 3461 2484 3526 generat,
2522 3469 2628 3508 non
2667 3452 2863 3523 linguae
2886 3453 3127 3521 Latinae,
3155 3454 3248 3510 sed
3275 3455 3429 3525 culpa
3461 3465 3579 3521 est,
3609 3465 3671 3510 ut
3701 3455 3812 3526 epi-

2226 3558 2442 3608 namur,
2488 3542 2881 3614 interpretum,
2938 3545 3030 3614 qui
3068 3545 3284 3614 quando
3315 3561 3537 3603 necesse
3581 3556 3667 3601 est
3712 3562 3809 3601 non

2228 3648 2444 3688 sensum
2476 3648 2507 3688 e
2534 3648 2695 3688 sensu
2712 3674 2727 3698 ,
2760 3633 2858 3689 sed
2888 3633 3156 3689 violenter
3176 3635 3399 3689 verbum
3426 3636 3593 3691 edere
3618 3652 3810 3692 conan-

2229 3728 2318 3775 tur
2346 3736 2378 3776 e
2405 3722 2591 3776 verbo.
2631 3721 2771 3777 Ecce
2800 3721 2944 3776 enim
2976 3721 3029 3776 in
3059 3723 3325 3793 principio
3352 3725 3599 3794 cpistola:
3624 3733 3810 3780 vestra:

2228 3810 2612 3881 imperatorem
2639 3826 2734 3866 vos
2758 3814 3107 3883 nuncupastis
3134 3812 3523 3878 Retnanorum,
3549 3826 3609 3871 et
3640 3826 3805 3870 tamen

2227 3900 2526 3956 Romanam
2541 3901 2777 3973 linguam
2798 3902 3082 3957 barbaram
3105 3904 3281 3974 appell
3302 3921 3380 3959 .re
3402 3921 3510 3959 non
3534 3906 3807 3960 veremini.

2226 3993 2365 4050 Ecce
2392 3995 2666 4065 quotidie,
2696 3996 2804 4051 imo
2833 4009 2960 4051 vero
3002 3997 3055 4050 in
3100 3997 3388 4068 praecipuis
3434 3999 3809 4054 festivitatibus

2227 4086 2370 4141 inter
2412 4086 2658 4142 Griecam
2709 4085 2948 4158 linguam
2995 4087 3161 4144 veluti
3204 4090 3468 4160 quiddam
3516 4093 3805 4162 pretiosum

2226 4176 2368 4232 hanc
2409 4192 2573 4247 quam
2603 4177 2892 4232 barbaram
2919 4187 2973 4234 et
3022 4178 3335 4251 Scythicam
3365 4181 3605 4253 linguam
3638 4184 3807 4253 appeto

2226 4270 2382 4337 latis,
2412 4272 2737 4337 miscentes,
2766 4272 2922 4342 quasi
2953 4273 3132 4329 minus
3168 4272 3354 4330 decori
3385 4285 3572 4331 vestro
3602 4275 3804 4340 facitis.

2226 4362 2272 4416 si
2297 4361 2398 4416 hac
2429 4361 2593 4417 etiam
2616 4375 2722 4415 non
2748 4362 2902 4429 bene,
2932 4377 2997 4418 ac
3020 4377 3088 4417 ex
3117 4371 3228 4418 toto
3251 4363 3526 4419 intellectu
3551 4368 3602 4419 in
3626 4366 3807 4421 vestris

2228 4452 2533 4522 obsequiis,
2567 4468 2628 4506 ac
2669 4451 2861 4508 otliciis
2901 4469 3007 4508 non
3044 4455 3297 4508 utamini.
3346 4455 3627 4522 Quiescite
3657 4457 3806 4527 igitur

2231 4563 2327 4603 vos
2352 4562 2664 4618 nuncupare
2710 4547 2985 4603 Romanos
3013 4548 3405 4618 imperatores;
3436 4551 3693 4619 quoniam
3730 4565 3802 4603 se-

2231 4643 2465 4697 cundum
2492 4647 2727 4697 vestram
2763 4642 3085 4696 sententiam
3132 4642 3347 4697 barbari
3394 4651 3556 4708 sunt,
3586 4657 3802 4713 quorum

2229 4747 2328 4788 vos
2361 4732 2718 4802 imperatores
2755 4746 2874 4786 esse
2911 4731 3176 4787 asseritis.

2301 4820 2533 4876 Romani
2561 4821 2760 4891 quippe
2785 4821 2886 4876 hac
2912 4820 3090 4892 lingua
3109 4861 3124 4887 ,
3146 4837 3308 4892 quam
3334 4822 3621 4876 barbaram
3648 4838 3739 4876 vos
3756 4834 3801 4877 et

2231 4909 2541 4982 Scythicam
2588 4911 2825 4976 vocatis,
2867 4919 3113 4965 utuntur.
3158 4910 3431 4978 Quiescite
3467 4909 3583 4980 jam
3630 4925 3799 4983 ntpoze

2231 5009 2392 5056 tanta:
2419 5000 2794 5056 detestationis
2840 5001 3132 5056 dictionem
3178 5002 3230 5055 in
3272 5015 3449 5056 veStro
3476 5003 3678 5073 palatio
3704 5021 3798 5058 me-

2229 5107 2465 5158 morare,
2481 5101 2537 5148 et
2557 5093 2732 5147 adhuc
2758 5093 2801 5147 si
2826 5091 3056 5163 pleniter
3080 5093 3223 5170 illam
3247 5094 3631 5160 exsecramini,
3653 5095 3795 5149 etiam

2229 5184 2298 5239 ab
2327 5183 2574 5237 ecclesiis
2600 5183 2799 5237 vestris
2837 5196 3116 5238 removere
3154 5185 3407 5254 satagite.

2299 5275 2459 5330 Istius
2497 5276 2641 5329 enim
2689 5275 2923 5329 dictione
2978 5274 3173 5345 lingua:
3217 5274 3793 5346 Constantinopolitana

2232 5366 2472 5422 Ecclesia
2521 5365 2805 5420 lectionem
2851 5366 3199 5434 apostolicam
3246 5375 3301 5421 et
3344 5367 3704 5438 evangelicam
3750 5367 3793 5421 iu

2232 5458 2558 5514 stationibus
2583 5456 2758 5512 fertur
2784 5457 3035 5527 primitus
3080 5459 3313 5513 recitare
3342 5476 3357 5512 :
3386 5460 3574 5528 sicque
3601 5460 3793 5512 demum

2231 5550 2422 5606 Graeco
2451 5564 2701 5605 sermone
2727 5557 2951 5621 propter
2978 5548 3198 5605 Graecos
3240 5550 3428 5621 utique
3454 5551 3602 5620 ipsas
3625 5550 3792 5605 lectio-

2234 5656 2330 5695 nes
2364 5641 2716 5710 pronuntiare
2766 5657 2779 5693 :
2827 5639 2921 5694 sed
2973 5640 3099 5710 quia
3148 5650 3359 5696 tantum
3408 5640 3525 5697 hate
3572 5641 3794 5711 impietas

2234 5733 2487 5788 Ecclesiae
2517 5731 3124 5802 Constantinopolitanre
3158 5734 3423 5789 hactenus
3450 5733 3684 5790 defuisse
3712 5718 3791 5802 pa?
