  <div class='ocr_page' id='page_1' title='image "/cluster/home/n/w/nwhite01/storage/ocr_20150623/119/hvd.32044015466915/472.png"; bbox 0 0 4050 6324; ppageno 0'>
   <div class='ocr_carea' id='block_1_1' title="bbox 280 370 387 427">
    <p class='ocr_par' dir='ltr' id='par_1_1' title="bbox 280 370 387 427">
     <span class='ocr_line' id='line_1_1' title="bbox 280 370 387 427; baseline 0 0"><span class='ocrx_word' id='word_1_1' title='bbox 280 370 387 427; x_wconf 77' lang='lat'><strong>935</strong></span> 
     </span>
    </p>
   </div>
   <div class='ocr_carea' id='block_1_2' title="bbox 1485 369 2351 429">
    <p class='ocr_par' dir='ltr' id='par_1_2' title="bbox 1485 369 2351 429">
     <span class='ocr_line' id='line_1_2' title="bbox 1485 369 2351 429; baseline -0.003 -3"><span class='ocrx_word' id='word_1_2' title='bbox 1485 370 1846 429; x_wconf 70' lang='lat' dir='ltr'><strong>EPISTM</strong></span> <span class='ocrx_word' id='word_1_3' title='bbox 1883 370 1973 427; x_wconf 79' lang='grc' dir='ltr'><strong>ΕΤ</strong></span> <span class='ocrx_word' id='word_1_4' title='bbox 2011 369 2351 427; x_wconf 72' lang='grc' dir='ltr'><strong>οΕΟῑὶΕΤΛ.</strong></span> 
     </span>
    </p>
   </div>
   <div class='ocr_carea' id='block_1_3' title="bbox 3449 371 3556 451">
    <p class='ocr_par' dir='ltr' id='par_1_3' title="bbox 3449 371 3556 451">
     <span class='ocr_line' id='line_1_3' title="bbox 3449 371 3556 451; baseline 0 0"><span class='ocrx_word' id='word_1_5' title='bbox 3449 371 3556 451; x_wconf 69' lang='grc'><strong>9³4</strong></span> 
     </span>
    </p>
   </div>
   <div class='ocr_carea' id='block_1_4' title="bbox 279 482 3554 560">
    <p class='ocr_par' dir='ltr' id='par_1_4' title="bbox 279 482 3554 560">
     <span class='ocr_line' id='line_1_4' title="bbox 279 482 3554 560; baseline 0.004 -23"><span class='ocrx_word' id='word_1_6' title='bbox 279 491 451 550; x_wconf 84' lang='lat' dir='ltr'><strong>tatur,</strong></span> <span class='ocrx_word' id='word_1_7' title='bbox 477 491 537 538; x_wconf 87' lang='lat' dir='ltr'><strong>ut</strong></span> <span class='ocrx_word' id='word_1_8' title='bbox 562 491 672 538; x_wconf 82' lang='lat' dir='ltr'><strong>tota</strong></span> <span class='ocrx_word' id='word_1_9' title='bbox 699 483 900 540; x_wconf 85' lang='lat' dir='ltr'><strong>ibidem</strong></span> <span class='ocrx_word' id='word_1_10' title='bbox 928 486 1167 556; x_wconf 87' lang='lat' dir='ltr'><strong>nequitia</strong></span> <span class='ocrx_word' id='word_1_11' title='bbox 1189 485 1535 557; x_wconf 86' lang='lat' dir='ltr'><strong>suppleatur:</strong></span> <span class='ocrx_word' id='word_1_12' title='bbox 1563 487 1666 543; x_wconf 90' lang='lat' dir='ltr'><strong>hoc</strong></span> <span class='ocrx_word' id='word_1_13' title='bbox 1698 496 1865 543; x_wconf 83' lang='lat' dir='ltr'><strong>restat</strong></span> <span class='ocrx_word' id='word_1_14' title='bbox 1893 491 1945 551; x_wconf 77' lang='grc' dir='ltr'><strong>Α</strong></span> <span class='ocrx_word' id='word_1_15' title='bbox 1970 485 2281 541; x_wconf 77' lang='lat' dir='ltr'><strong>imitamur?</strong></span> <span class='ocrx_word' id='word_1_16' title='bbox 2307 486 2547 555; x_wconf 84' lang='lat' dir='ltr'><strong>Denique</strong></span> <span class='ocrx_word' id='word_1_17' title='bbox 2571 482 2845 557; x_wconf 61' lang='lat' dir='ltr'><strong>apostolus</strong></span> <span class='ocrx_word' id='word_1_18' title='bbox 2880 485 3079 543; x_wconf 82' lang='lat' dir='ltr'><strong>Paulus</strong></span> <span class='ocrx_word' id='word_1_19' title='bbox 3107 486 3173 542; x_wconf 84' lang='lat' dir='ltr'><strong>de</strong></span> <span class='ocrx_word' id='word_1_20' title='bbox 3212 487 3364 549; x_wconf 82' lang='lat' dir='ltr'><strong>libris</strong></span> <span class='ocrx_word' id='word_1_21' title='bbox 3390 503 3554 560; x_wconf 77' lang='lat' dir='ltr'><strong>paga-</strong></span> 
     </span>
    </p>
   </div>
   <div class='ocr_carea' id='block_1_5' title="bbox 278 574 1866 645">
    <p class='ocr_par' dir='ltr' id='par_1_5' title="bbox 278 574 1866 645">
     <span class='ocr_line' id='line_1_5' title="bbox 278 574 1866 645; baseline 0.003 -15"><span class='ocrx_word' id='word_1_22' title='bbox 278 590 310 630; x_wconf 76' lang='lat' dir='ltr'><strong>a</strong></span> <span class='ocrx_word' id='word_1_23' title='bbox 338 574 490 630; x_wconf 82' lang='lat' dir='ltr'><strong>vobis</strong></span> <span class='ocrx_word' id='word_1_24' title='bbox 522 575 860 630; x_wconf 86' lang='lat' dir='ltr'><strong>solummodo</strong></span> <span class='ocrx_word' id='word_1_25' title='bbox 897 578 1307 645; x_wconf 87' lang='lat' dir='ltr'><strong>perliciendum.</strong></span> <span class='ocrx_word' id='word_1_26' title='bbox 1332 576 1533 632; x_wconf 71' lang='lat' dir='ltr'><strong>Verum</strong></span> <span class='ocrx_word' id='word_1_27' title='bbox 1557 580 1622 633; x_wconf 89' lang='lat' dir='ltr'><strong>de</strong></span> <span class='ocrx_word' id='word_1_28' title='bbox 1647 580 1748 636; x_wconf 89' lang='lat' dir='ltr'><strong>hoc</strong></span> <span class='ocrx_word' id='word_1_29' title='bbox 1769 595 1866 635; x_wconf 89' lang='lat' dir='ltr'><strong>nos</strong></span> 
     </span>
    </p>
   </div>
   <div class='ocr_carea' id='block_1_6' title="bbox 277 667 1867 741">
    <p class='ocr_par' dir='ltr' id='par_1_6' title="bbox 277 667 1867 741">
     <span class='ocr_line' id='line_1_6' title="bbox 277 667 1867 741; baseline 0.001 -17"><span class='ocrx_word' id='word_1_30' title='bbox 277 667 624 738; x_wconf 79' lang='lat' dir='ltr'><strong>respondisse</strong></span> <span class='ocrx_word' id='word_1_31' title='bbox 646 667 896 732; x_wconf 75' lang='lat' dir='ltr'><strong>sufficiat,</strong></span> <span class='ocrx_word' id='word_1_32' title='bbox 923 684 1030 724; x_wconf 93' lang='lat' dir='ltr'><strong>non</strong></span> <span class='ocrx_word' id='word_1_33' title='bbox 1057 678 1165 723; x_wconf 89' lang='lat' dir='ltr'><strong>tam</strong></span> <span class='ocrx_word' id='word_1_34' title='bbox 1190 668 1443 739; x_wconf 91' lang='lat' dir='ltr'><strong>injuriam</strong></span> <span class='ocrx_word' id='word_1_35' title='bbox 1465 669 1660 741; x_wconf 67' lang='lat' dir='ltr'><strong>lingua:</strong></span> <span class='ocrx_word' id='word_1_36' title='bbox 1686 671 1867 726; x_wconf 66' lang='lat' dir='ltr'><strong>defen«</strong></span> 
     </span>
    </p>
   </div>
   <div class='ocr_carea' id='block_1_7' title="bbox 278 757 1866 828">
    <p class='ocr_par' dir='ltr' id='par_1_7' title="bbox 278 757 1866 828">
     <span class='ocr_line' id='line_1_7' title="bbox 278 757 1866 828; baseline 0.003 -16"><span class='ocrx_word' id='word_1_37' title='bbox 278 757 409 812; x_wconf 86' lang='lat' dir='ltr'><strong>dere</strong></span> <span class='ocrx_word' id='word_1_38' title='bbox 436 766 793 827; x_wconf 72' lang='lat' dir='ltr'><strong>procurantes</strong></span> <span class='ocrx_word' id='word_1_39' title='bbox 815 798 829 822; x_wconf 93' lang='lat'><strong>,</strong></span> <span class='ocrx_word' id='word_1_40' title='bbox 856 773 1019 828; x_wconf 88' lang='lat' dir='ltr'><strong>quam</strong></span> <span class='ocrx_word' id='word_1_41' title='bbox 1066 766 1287 814; x_wconf 79' lang='lat' dir='ltr'><strong>mutata:</strong></span> <span class='ocrx_word' id='word_1_42' title='bbox 1313 761 1510 816; x_wconf 90' lang='lat' dir='ltr'><strong>mentis</strong></span> <span class='ocrx_word' id='word_1_43' title='bbox 1553 768 1749 817; x_wconf 70' lang='lat' dir='ltr'><strong>vestra:</strong></span> <span class='ocrx_word' id='word_1_44' title='bbox 1785 762 1866 817; x_wconf 80' lang='lat' dir='ltr'><strong>in-</strong></span> 
     </span>
    </p>
   </div>
   <div class='ocr_carea' id='block_1_8' title="bbox 279 847 1084 928">
    <p class='ocr_par' dir='ltr' id='par_1_8' title="bbox 279 847 1084 928">
     <span class='ocr_line' id='line_1_8' title="bbox 279 847 1084 928; baseline -0.001 -27"><span class='ocrx_word' id='word_1_45' title='bbox 279 847 640 902; x_wconf 82' lang='lat' dir='ltr'><strong>constantiam</strong></span> <span class='ocrx_word' id='word_1_46' title='bbox 668 856 1084 928; x_wconf 75' lang='lat' dir='ltr'><strong>exaggerantes.</strong></span> 
     </span>
    </p>
   </div>
   <div class='ocr_carea' id='block_1_9' title="bbox 350 937 1868 1007">
    <p class='ocr_par' dir='ltr' id='par_1_9' title="bbox 350 937 1868 1007">
     <span class='ocr_line' id='line_1_9' title="bbox 350 937 1868 1007; baseline 0.003 -14"><span class='ocrx_word' id='word_1_47' title='bbox 350 937 618 994; x_wconf 83' lang='lat' dir='ltr'><strong>Caeterum</strong></span> <span class='ocrx_word' id='word_1_48' title='bbox 655 938 833 993; x_wconf 83' lang='lat' dir='ltr'><strong>dicitis</strong></span> <span class='ocrx_word' id='word_1_49' title='bbox 864 954 971 993; x_wconf 92' lang='lat' dir='ltr'><strong>non</strong></span> <span class='ocrx_word' id='word_1_50' title='bbox 1017 939 1138 994; x_wconf 89' lang='lat' dir='ltr'><strong>ideo</strong></span> <span class='ocrx_word' id='word_1_51' title='bbox 1167 942 1234 995; x_wconf 90' lang='lat' dir='ltr'><strong>ad</strong></span> <span class='ocrx_word' id='word_1_52' title='bbox 1263 954 1362 995; x_wconf 91' lang='lat' dir='ltr'><strong>nos</strong></span> <span class='ocrx_word' id='word_1_53' title='bbox 1410 941 1622 997; x_wconf 76' lang='lat' dir='ltr'><strong>misisse</strong></span> <span class='ocrx_word' id='word_1_54' title='bbox 1647 956 1742 997; x_wconf 88' lang='lat' dir='ltr'><strong>vos</strong></span> <span class='ocrx_word' id='word_1_55' title='bbox 1762 981 1778 1007; x_wconf 91' lang='lat'><strong>,</strong></span> <span class='ocrx_word' id='word_1_56' title='bbox 1807 949 1868 997; x_wconf 91' lang='lat' dir='ltr'><strong>ut</strong></span> 
     </span>
    </p>
   </div>
   <div class='ocr_carea' id='block_1_10' title="bbox 279 1028 1866 1102">
    <p class='ocr_par' dir='ltr' id='par_1_10' title="bbox 279 1028 1866 1102">
     <span class='ocr_line' id='line_1_10' title="bbox 279 1028 1866 1102; baseline 0.001 -16"><span class='ocrx_word' id='word_1_57' title='bbox 279 1031 576 1086; x_wconf 87' lang='lat' dir='ltr'><strong>secundum</strong></span> <span class='ocrx_word' id='word_1_58' title='bbox 599 1028 863 1098; x_wconf 83' lang='lat' dir='ltr'><strong>judicium</strong></span> <span class='ocrx_word' id='word_1_59' title='bbox 892 1030 1132 1102; x_wconf 88' lang='lat' dir='ltr'><strong>lgnatius</strong></span> <span class='ocrx_word' id='word_1_60' title='bbox 1162 1032 1488 1095; x_wconf 90' lang='lat' dir='ltr'><strong>sustineret,</strong></span> <span class='ocrx_word' id='word_1_61' title='bbox 1512 1032 1580 1087; x_wconf 92' lang='lat' dir='ltr'><strong>ad</strong></span> <span class='ocrx_word' id='word_1_62' title='bbox 1603 1034 1745 1102; x_wconf 88' lang='lat' dir='ltr'><strong>quod</strong></span> <span class='ocrx_word' id='word_1_63' title='bbox 1776 1047 1866 1088; x_wconf 74' lang='lat' dir='ltr'><strong>ve-</strong></span> 
     </span>
    </p>
   </div>
   <div class='ocr_carea' id='block_1_11' title="bbox 279 1121 1863 1194">
    <p class='ocr_par' dir='ltr' id='par_1_11' title="bbox 279 1121 1863 1194">
     <span class='ocr_line' id='line_1_11' title="bbox 279 1121 1863 1194; baseline 0.003 -18"><span class='ocrx_word' id='word_1_64' title='bbox 279 1121 480 1177; x_wconf 90' lang='lat' dir='ltr'><strong>raciter</strong></span> <span class='ocrx_word' id='word_1_65' title='bbox 505 1122 929 1191; x_wconf 88' lang='lat' dir='ltr'><strong>respondemus:</strong></span> <span class='ocrx_word' id='word_1_66' title='bbox 955 1123 1076 1177; x_wconf 90' lang='lat' dir='ltr'><strong>ideo</strong></span> <span class='ocrx_word' id='word_1_67' title='bbox 1100 1138 1194 1178; x_wconf 84' lang='lat' dir='ltr'><strong>vos</strong></span> <span class='ocrx_word' id='word_1_68' title='bbox 1216 1124 1430 1179; x_wconf 89' lang='lat' dir='ltr'><strong>misisse</strong></span> <span class='ocrx_word' id='word_1_69' title='bbox 1459 1123 1641 1194; x_wconf 87' lang='lat' dir='ltr'><strong>procul</strong></span> <span class='ocrx_word' id='word_1_70' title='bbox 1665 1124 1826 1180; x_wconf 89' lang='lat' dir='ltr'><strong>dubio</strong></span> <span class='ocrx_word' id='word_1_71' title='bbox 1845 1164 1863 1190; x_wconf 92' lang='lat'><strong>,</strong></span> 
     </span>
    </p>
   </div>
   <div class='ocr_carea' id='block_1_12' title="bbox 277 1213 1864 1284">
    <p class='ocr_par' dir='ltr' id='par_1_12' title="bbox 277 1213 1864 1284">
     <span class='ocr_line' id='line_1_12' title="bbox 277 1213 1864 1284; baseline 0.003 -16"><span class='ocrx_word' id='word_1_72' title='bbox 277 1214 404 1283; x_wconf 86' lang='lat' dir='ltr'><strong>quia</strong></span> <span class='ocrx_word' id='word_1_73' title='bbox 431 1213 700 1284; x_wconf 84' lang='lat' dir='ltr'><strong>posterior</strong></span> <span class='ocrx_word' id='word_1_74' title='bbox 723 1214 825 1268; x_wconf 86' lang='lat' dir='ltr'><strong>hoc</strong></span> <span class='ocrx_word' id='word_1_75' title='bbox 856 1214 1046 1284; x_wconf 83' lang='lat' dir='ltr'><strong>probat</strong></span> <span class='ocrx_word' id='word_1_76' title='bbox 1071 1223 1318 1270; x_wconf 85' lang='lat' dir='ltr'><strong>eventus.</strong></span> <span class='ocrx_word' id='word_1_77' title='bbox 1351 1214 1465 1270; x_wconf 86' lang='lat' dir='ltr'><strong>Nisi</strong></span> <span class='ocrx_word' id='word_1_78' title='bbox 1496 1215 1641 1269; x_wconf 90' lang='lat' dir='ltr'><strong>enim</strong></span> <span class='ocrx_word' id='word_1_79' title='bbox 1667 1215 1864 1272; x_wconf 84' lang='lat' dir='ltr'><strong>voluis-</strong></span> 
     </span>
    </p>
   </div>
   <div class='ocr_carea' id='block_1_13' title="bbox 279 1303 1864 1371">
    <p class='ocr_par' dir='ltr' id='par_1_13' title="bbox 279 1303 1864 1371">
     <span class='ocr_line' id='line_1_13' title="bbox 279 1303 1864 1371; baseline 0.001 -12"><span class='ocrx_word' id='word_1_80' title='bbox 279 1305 445 1369; x_wconf 85' lang='lat' dir='ltr'><strong>setis,</strong></span> <span class='ocrx_word' id='word_1_81' title='bbox 477 1320 581 1359; x_wconf 85' lang='lat' dir='ltr'><strong>nec.</strong></span> <span class='ocrx_word' id='word_1_82' title='bbox 614 1303 666 1358; x_wconf 92' lang='lat' dir='ltr'><strong>id</strong></span> <span class='ocrx_word' id='word_1_83' title='bbox 696 1303 812 1358; x_wconf 85' lang='lat' dir='ltr'><strong>fieri</strong></span> <span class='ocrx_word' id='word_1_84' title='bbox 860 1304 1132 1359; x_wconf 83' lang='lat' dir='ltr'><strong>si‘neretis.</strong></span> <span class='ocrx_word' id='word_1_85' title='bbox 1183 1305 1296 1360; x_wconf 90' lang='lat' dir='ltr'><strong>lmo</strong></span> <span class='ocrx_word' id='word_1_86' title='bbox 1333 1322 1464 1371; x_wconf 92' lang='lat' dir='ltr'><strong>nos,</strong></span> <span class='ocrx_word' id='word_1_87' title='bbox 1491 1315 1551 1360; x_wconf 93' lang='lat' dir='ltr'><strong>ut</strong></span> <span class='ocrx_word' id='word_1_88' title='bbox 1580 1306 1759 1361; x_wconf 90' lang='lat' dir='ltr'><strong>verius</strong></span> <span class='ocrx_word' id='word_1_89' title='bbox 1783 1306 1864 1361; x_wconf 86' lang='lat' dir='ltr'><strong>di-</strong></span> 
     </span>
    </p>
   </div>
   <div class='ocr_carea' id='block_1_14' title="bbox 274 1393 1862 1468">
    <p class='ocr_par' dir='ltr' id='par_1_14' title="bbox 274 1393 1862 1468">
     <span class='ocr_line' id='line_1_14' title="bbox 274 1393 1862 1468; baseline -0.001 -17"><span class='ocrx_word' id='word_1_90' title='bbox 274 1401 457 1458; x_wconf 83' lang='lat' dir='ltr'><strong>catur,</strong></span> <span class='ocrx_word' id='word_1_91' title='bbox 481 1408 585 1449; x_wconf 90' lang='lat' dir='ltr'><strong>non</strong></span> <span class='ocrx_word' id='word_1_92' title='bbox 618 1393 738 1448; x_wconf 88' lang='lat' dir='ltr'><strong>ideo</strong></span> <span class='ocrx_word' id='word_1_93' title='bbox 762 1393 1036 1458; x_wconf 73' lang='lat' dir='ltr'><strong>misimus,</strong></span> <span class='ocrx_word' id='word_1_94' title='bbox 1063 1404 1122 1449; x_wconf 88' lang='lat' dir='ltr'><strong>ttt</strong></span> <span class='ocrx_word' id='word_1_95' title='bbox 1150 1394 1367 1450; x_wconf 85' lang='lat' dir='ltr'><strong>interim</strong></span> <span class='ocrx_word' id='word_1_96' title='bbox 1398 1396 1677 1465; x_wconf 84' lang='lat' dir='ltr'><strong>quodlibet</strong></span> <span class='ocrx_word' id='word_1_97' title='bbox 1702 1397 1862 1468; x_wconf 85' lang='lat' dir='ltr'><strong>lgna-</strong></span> 
     </span>
    </p>
   </div>
   <div class='ocr_carea' id='block_1_15' title="bbox 280 1483 1861 1558">
    <p class='ocr_par' dir='ltr' id='par_1_15' title="bbox 280 1483 1861 1558">
     <span class='ocr_line' id='line_1_15' title="bbox 280 1483 1861 1558; baseline 0.002 -19"><span class='ocrx_word' id='word_1_98' title='bbox 280 1483 390 1539; x_wconf 86' lang='lat' dir='ltr'><strong>tius</strong></span> <span class='ocrx_word' id='word_1_99' title='bbox 403 1483 576 1539; x_wconf 90' lang='lat' dir='ltr'><strong>frater</strong></span> <span class='ocrx_word' id='word_1_100' title='bbox 596 1485 1014 1556; x_wconf 74' lang='lat' dir='ltr'><strong>etcoepiseupus</strong></span> <span class='ocrx_word' id='word_1_101' title='bbox 1036 1495 1221 1542; x_wconf 90' lang='lat' dir='ltr'><strong>noster</strong></span> <span class='ocrx_word' id='word_1_102' title='bbox 1246 1486 1747 1558; x_wconf 88' lang='lat' dir='ltr'><strong>subiretjudicium,</strong></span> <span class='ocrx_word' id='word_1_103' title='bbox 1765 1488 1861 1543; x_wconf 90' lang='lat' dir='ltr'><strong>sed</strong></span> 
     </span>
    </p>
   </div>
   <div class='ocr_carea' id='block_1_16' title="bbox 274 1577 1859 1652">
    <p class='ocr_par' dir='ltr' id='par_1_16' title="bbox 274 1577 1859 1652">
     <span class='ocr_line' id='line_1_16' title="bbox 274 1577 1859 1652; baseline 0.001 -20"><span class='ocrx_word' id='word_1_104' title='bbox 274 1586 335 1632; x_wconf 92' lang='lat' dir='ltr'><strong>nt</strong></span> <span class='ocrx_word' id='word_1_105' title='bbox 359 1593 522 1633; x_wconf 90' lang='lat' dir='ltr'><strong>causa</strong></span> <span class='ocrx_word' id='word_1_106' title='bbox 550 1577 694 1632; x_wconf 90' lang='lat' dir='ltr'><strong>illius</strong></span> <span class='ocrx_word' id='word_1_107' title='bbox 716 1577 1001 1648; x_wconf 81' lang='lat' dir='ltr'><strong>diligenter</strong></span> <span class='ocrx_word' id='word_1_108' title='bbox 1031 1580 1351 1652; x_wconf 82' lang='lat' dir='ltr'><strong>investigata</strong></span> <span class='ocrx_word' id='word_1_109' title='bbox 1370 1620 1383 1644; x_wconf 88' lang='lat'><strong>,</strong></span> <span class='ocrx_word' id='word_1_110' title='bbox 1411 1590 1467 1636; x_wconf 91' lang='lat' dir='ltr'><strong>et</strong></span> <span class='ocrx_word' id='word_1_111' title='bbox 1500 1582 1566 1636; x_wconf 88' lang='lat' dir='ltr'><strong>ad</strong></span> <span class='ocrx_word' id='word_1_112' title='bbox 1596 1579 1859 1650; x_wconf 88' lang='lat' dir='ltr'><strong>liquidum</strong></span> 
     </span>
    </p>
   </div>
   <div class='ocr_carea' id='block_1_17' title="bbox 275 1666 1859 1740">
    <p class='ocr_par' dir='ltr' id='par_1_17' title="bbox 275 1666 1859 1740">
     <span class='ocr_line' id='line_1_17' title="bbox 275 1666 1859 1740; baseline -0.001 -17"><span class='ocrx_word' id='word_1_113' title='bbox 275 1676 512 1737; x_wconf 86' lang='lat' dir='ltr'><strong>reperta,</strong></span> <span class='ocrx_word' id='word_1_114' title='bbox 531 1667 685 1738; x_wconf 78' lang='lat' dir='ltr'><strong>juxta</strong></span> <span class='ocrx_word' id='word_1_115' title='bbox 716 1666 845 1722; x_wconf 89' lang='lat' dir='ltr'><strong>illud</strong></span> <span class='ocrx_word' id='word_1_116' title='bbox 871 1668 1016 1722; x_wconf 84' lang='lat' dir='ltr'><strong>beati</strong></span> <span class='ocrx_word' id='word_1_117' title='bbox 1040 1667 1141 1725; x_wconf 82' lang='lat' dir='ltr'><strong>Job</strong></span> <span class='ocrx_word' id='word_1_118' title='bbox 1168 1670 1397 1726; x_wconf 86' lang='lat' dir='ltr'><strong>dicentis</strong></span> <span class='ocrx_word' id='word_1_119' title='bbox 1420 1687 1433 1724; x_wconf 90' lang='lat'>:</span> <span class='ocrx_word' id='word_1_120' title='bbox 1458 1668 1859 1740; x_wconf 84' lang='lat' dir='ltr'><strong>Causamquam</strong></span> 
     </span>
    </p>
   </div>
   <div class='ocr_carea' id='block_1_18' title="bbox 273 1757 1859 1831">
    <p class='ocr_par' dir='ltr' id='par_1_18' title="bbox 273 1757 1859 1831">
     <span class='ocr_line' id='line_1_18' title="bbox 273 1757 1859 1831; baseline 0.001 -19"><span class='ocrx_word' id='word_1_121' title='bbox 273 1757 601 1831; x_wconf 67' lang='lat' dir='ltr'><strong>nesciebam,</strong></span> <span class='ocrx_word' id='word_1_122' title='bbox 640 1758 1034 1829; x_wconf 78' lang='lat' dir='ltr'><strong>diligentissime</strong></span> <span class='ocrx_word' id='word_1_123' title='bbox 1080 1760 1450 1831; x_wconf 76' lang='lat' dir='ltr'><strong>inuestigabam</strong></span> <span class='ocrx_word' id='word_1_124' title='bbox 1496 1759 1628 1831; x_wconf 81' lang='lat' dir='ltr'><strong>(Job</strong></span> <span class='ocrx_word' id='word_1_125' title='bbox 1667 1757 1859 1830; x_wconf 71' lang='lat' dir='ltr'><strong>xstx),</strong></span> 
     </span>
    </p>
   </div>
   <div class='ocr_carea' id='block_1_19' title="bbox 1968 575 3551 654">
    <p class='ocr_par' dir='ltr' id='par_1_19' title="bbox 1968 575 3551 654">
     <span class='ocr_line' id='line_1_19' title="bbox 1968 575 3551 654; baseline 0.003 -23"><span class='ocrx_word' id='word_1_126' title='bbox 1968 591 2162 631; x_wconf 89' lang='lat' dir='ltr'><strong>norum</strong></span> <span class='ocrx_word' id='word_1_127' title='bbox 2191 575 2370 645; x_wconf 90' lang='lat' dir='ltr'><strong>aliqua</strong></span> <span class='ocrx_word' id='word_1_128' title='bbox 2400 577 2453 654; x_wconf 82' lang='lat' dir='ltr'><strong>in</strong></span> <span class='ocrx_word' id='word_1_129' title='bbox 2480 578 2593 633; x_wconf 80' lang='lat' dir='ltr'><strong>suis</strong></span> <span class='ocrx_word' id='word_1_130' title='bbox 2621 578 2839 647; x_wconf 86' lang='lat' dir='ltr'><strong>scriptis</strong></span> <span class='ocrx_word' id='word_1_131' title='bbox 2874 579 3085 647; x_wconf 87' lang='lat' dir='ltr'><strong>posuit,</strong></span> <span class='ocrx_word' id='word_1_132' title='bbox 3122 587 3182 632; x_wconf 91' lang='lat' dir='ltr'><strong>ut</strong></span> <span class='ocrx_word' id='word_1_133' title='bbox 3209 587 3294 634; x_wconf 92' lang='lat' dir='ltr'><strong>est</strong></span> <span class='ocrx_word' id='word_1_134' title='bbox 3320 579 3447 634; x_wconf 91' lang='lat' dir='ltr'><strong>illud</strong></span> <span class='ocrx_word' id='word_1_135' title='bbox 3477 579 3551 635; x_wconf 84' lang='lat' dir='ltr'><strong>ad</strong></span> 
     </span>
    </p>
   </div>
   <div class='ocr_carea' id='block_1_20' title="bbox 1970 664 3555 741">
    <p class='ocr_par' dir='ltr' id='par_1_20' title="bbox 1970 664 3555 741">
     <span class='ocr_line' id='line_1_20' title="bbox 1970 664 3555 741; baseline 0.002 -17"><span class='ocrx_word' id='word_1_136' title='bbox 1970 670 2151 724; x_wconf 85' lang='lat' dir='ltr'><strong>Titum</strong></span> <span class='ocrx_word' id='word_1_137' title='bbox 2184 687 2197 725; x_wconf 87' lang='lat'><strong>:</strong></span> <span class='ocrx_word' id='word_1_138' title='bbox 2248 669 2515 725; x_wconf 76' lang='lat' dir='ltr'><strong>Cretenses</strong></span> <span class='ocrx_word' id='word_1_139' title='bbox 2557 687 2757 740; x_wconf 79' lang='lat' dir='ltr'><strong>semper</strong></span> <span class='ocrx_word' id='word_1_140' title='bbox 2797 677 3105 737; x_wconf 82' lang='lat' dir='ltr'><strong>mendaces,</strong></span> <span class='ocrx_word' id='word_1_141' title='bbox 3150 664 3305 726; x_wconf 63' lang='lat' dir='ltr'><strong>multa</strong></span> <span class='ocrx_word' id='word_1_142' title='bbox 3345 671 3555 741; x_wconf 76' lang='lat' dir='ltr'><strong>bestirv,</strong></span> 
     </span>
    </p>
   </div>
   <div class='ocr_carea' id='block_1_21' title="bbox 1970 758 3557 831">
    <p class='ocr_par' dir='ltr' id='par_1_21' title="bbox 1970 758 3557 831">
     <span class='ocr_line' id='line_1_21' title="bbox 1970 758 3557 831; baseline 0.003 -17"><span class='ocrx_word' id='word_1_143' title='bbox 1970 769 2170 814; x_wconf 83' lang='lat' dir='ltr'><strong>ventres</strong></span> <span class='ocrx_word' id='word_1_144' title='bbox 2207 760 2377 829; x_wconf 82' lang='lat' dir='ltr'><strong>pigri,</strong></span> <span class='ocrx_word' id='word_1_145' title='bbox 2405 759 2580 830; x_wconf 84' lang='lat' dir='ltr'><strong>cupidi</strong></span> <span class='ocrx_word' id='word_1_146' title='bbox 2605 758 2733 830; x_wconf 82' lang='lat' dir='ltr'><strong>(Tit.</strong></span> <span class='ocrx_word' id='word_1_147' title='bbox 2781 761 2842 831; x_wconf 85' lang='grc' dir='ltr'><strong>ι).</strong></span> <span class='ocrx_word' id='word_1_148' title='bbox 2884 760 2951 815; x_wconf 84' lang='lat' dir='ltr'><strong>Et</strong></span> <span class='ocrx_word' id='word_1_149' title='bbox 2994 760 3187 815; x_wconf 89' lang='lat' dir='ltr'><strong>iterum</strong></span> <span class='ocrx_word' id='word_1_150' title='bbox 3229 760 3281 814; x_wconf 88' lang='lat' dir='ltr'><strong>itt</strong></span> <span class='ocrx_word' id='word_1_151' title='bbox 3330 759 3557 819; x_wconf 64' lang='lat' dir='ltr'><strong>Actibus</strong></span> 
     </span>
    </p>
   </div>
   <div class='ocr_carea' id='block_1_22' title="bbox 1968 849 3555 921">
    <p class='ocr_par' dir='ltr' id='par_1_22' title="bbox 1968 849 3555 921">
     <span class='ocr_line' id='line_1_22' title="bbox 1968 849 3555 921; baseline 0 -19"><span class='ocrx_word' id='word_1_152' title='bbox 1968 849 2334 919; x_wconf 84' lang='lat' dir='ltr'><strong>apostolorum</strong></span> <span class='ocrx_word' id='word_1_153' title='bbox 2365 849 2432 903; x_wconf 89' lang='lat' dir='ltr'><strong>de</strong></span> <span class='ocrx_word' id='word_1_154' title='bbox 2460 850 2570 904; x_wconf 89' lang='lat' dir='ltr'><strong>Deo</strong></span> <span class='ocrx_word' id='word_1_155' title='bbox 2602 850 2677 903; x_wconf 86' lang='lat' dir='ltr'><strong>ait</strong></span> <span class='ocrx_word' id='word_1_156' title='bbox 2705 867 2719 904; x_wconf 92' lang='lat'><strong>:</strong></span> <span class='ocrx_word' id='word_1_157' title='bbox 2750 849 2815 904; x_wconf 84' lang='lat' dir='ltr'><strong>In</strong></span> <span class='ocrx_word' id='word_1_158' title='bbox 2839 866 2943 921; x_wconf 86' lang='lat' dir='ltr'><strong>quo</strong></span> <span class='ocrx_word' id='word_1_159' title='bbox 2986 851 3204 904; x_wconf 77' lang='lat' dir='ltr'><strong>vivimus</strong></span> <span class='ocrx_word' id='word_1_160' title='bbox 3224 889 3238 912; x_wconf 96' lang='lat'><strong>,</strong></span> <span class='ocrx_word' id='word_1_161' title='bbox 3268 865 3555 914; x_wconf 74' lang='lat' dir='ltr'><strong>mommur,</strong></span> 
     </span>
    </p>
   </div>
   <div class='ocr_carea' id='block_1_23' title="bbox 1966 940 3562 1012">
    <p class='ocr_par' dir='ltr' id='par_1_23' title="bbox 1966 940 3562 1012">
     <span class='ocr_line' id='line_1_23' title="bbox 1966 940 3562 1012; baseline -0.001 -16"><span class='ocrx_word' id='word_1_162' title='bbox 1966 952 2015 996; x_wconf 88' lang='lat' dir='ltr'><strong>et</strong></span> <span class='ocrx_word' id='word_1_163' title='bbox 2041 958 2223 996; x_wconf 81' lang='lat' dir='ltr'><strong>sumus</strong></span> <span class='ocrx_word' id='word_1_164' title='bbox 2256 940 2397 1012; x_wconf 81' lang='lat' dir='ltr'><strong>(Act.</strong></span> <span class='ocrx_word' id='word_1_165' title='bbox 2423 944 2556 1011; x_wconf 67' lang='grc' dir='ltr'><strong>χιιι)</strong></span> <span class='ocrx_word' id='word_1_166' title='bbox 2590 960 2603 995; x_wconf 90' lang='lat'><strong>:</strong></span> <span class='ocrx_word' id='word_1_167' title='bbox 2637 942 2878 1011; x_wconf 86' lang='lat' dir='ltr'><strong>nunquid</strong></span> <span class='ocrx_word' id='word_1_168' title='bbox 2907 942 3028 996; x_wconf 80' lang='lat' dir='ltr'><strong>ideo</strong></span> <span class='ocrx_word' id='word_1_169' title='bbox 3053 942 3218 994; x_wconf 89' lang='lat' dir='ltr'><strong>etiam</strong></span> <span class='ocrx_word' id='word_1_170' title='bbox 3243 949 3435 994; x_wconf 90' lang='lat' dir='ltr'><strong>cuneta</strong></span> <span class='ocrx_word' id='word_1_171' title='bbox 3479 955 3562 994; x_wconf 80' lang='lat' dir='ltr'><strong>re-</strong></span> 
     </span>
    </p>
   </div>
   <div class='ocr_carea' id='block_1_24' title="bbox 1966 1030 3607 1104">
    <p class='ocr_par' dir='ltr' id='par_1_24' title="bbox 1966 1030 3607 1104">
     <span class='ocr_line' id='line_1_24' title="bbox 1966 1030 3607 1104; baseline -0.002 -17"><span class='ocrx_word' id='word_1_172' title='bbox 1966 1032 2215 1101; x_wconf 88' lang='lat' dir='ltr'><strong>cipienda</strong></span> <span class='ocrx_word' id='word_1_173' title='bbox 2257 1041 2415 1097; x_wconf 89' lang='lat' dir='ltr'><strong>sunt,</strong></span> <span class='ocrx_word' id='word_1_174' title='bbox 2451 1048 2571 1102; x_wconf 84' lang='lat' dir='ltr'><strong>quae</strong></span> <span class='ocrx_word' id='word_1_175' title='bbox 2617 1048 2740 1089; x_wconf 90' lang='lat' dir='ltr'><strong>cum</strong></span> <span class='ocrx_word' id='word_1_176' title='bbox 2772 1034 2856 1087; x_wconf 91' lang='lat' dir='ltr'><strong>his</strong></span> <span class='ocrx_word' id='word_1_177' title='bbox 2894 1033 3099 1104; x_wconf 90' lang='lat' dir='ltr'><strong>pariter</strong></span> <span class='ocrx_word' id='word_1_178' title='bbox 3145 1041 3269 1086; x_wconf 89' lang='lat' dir='ltr'><strong>sunt</strong></span> <span class='ocrx_word' id='word_1_179' title='bbox 3312 1030 3562 1100; x_wconf 81' lang='lat' dir='ltr'><strong>prolata?</strong></span> <span class='ocrx_word' id='word_1_180' title='bbox 3602 1050 3607 1055; x_wconf 86' lang='grc'><strong>·</strong></span> 
     </span>
    </p>
   </div>
   <div class='ocr_carea' id='block_1_25' title="bbox 1965 1121 3559 1193">
    <p class='ocr_par' dir='ltr' id='par_1_25' title="bbox 1965 1121 3559 1193">
     <span class='ocr_line' id='line_1_25' title="bbox 1965 1121 3559 1193; baseline -0.001 -15"><span class='ocrx_word' id='word_1_181' title='bbox 1965 1125 2056 1178; x_wconf 82' lang='lat' dir='ltr'><strong>Ait</strong></span> <span class='ocrx_word' id='word_1_182' title='bbox 2081 1134 2262 1178; x_wconf 88' lang='lat' dir='ltr'><strong>autem</strong></span> <span class='ocrx_word' id='word_1_183' title='bbox 2294 1126 2585 1193; x_wconf 61' lang='lat' dir='ltr'><strong>praedictus</strong></span> <span class='ocrx_word' id='word_1_184' title='bbox 2629 1139 2803 1178; x_wconf 83' lang='lat' dir='ltr'><strong>canon</strong></span> <span class='ocrx_word' id='word_1_185' title='bbox 2832 1142 2844 1177; x_wconf 89' lang='lat'><strong>:</strong></span> <span class='ocrx_word' id='word_1_186' title='bbox 2874 1123 3139 1190; x_wconf 90' lang='lat' dir='ltr'><strong>Quoniam</strong></span> <span class='ocrx_word' id='word_1_187' title='bbox 3181 1121 3334 1176; x_wconf 88' lang='lat' dir='ltr'><strong>multi</strong></span> <span class='ocrx_word' id='word_1_188' title='bbox 3383 1122 3559 1177; x_wconf 84' lang='lat' dir='ltr'><strong>cccle-</strong></span> 
     </span>
    </p>
   </div>
   <div class='ocr_carea' id='block_1_26' title="bbox 1966 1212 3558 1270">
    <p class='ocr_par' dir='ltr' id='par_1_26' title="bbox 1966 1212 3558 1270">
     <span class='ocr_line' id='line_1_26' title="bbox 1966 1212 3558 1270; baseline -0.002 0"><span class='ocrx_word' id='word_1_189' title='bbox 1966 1214 2245 1270; x_wconf 87' lang='lat' dir='ltr'><strong>siasticum</strong></span> <span class='ocrx_word' id='word_1_190' title='bbox 2271 1214 2515 1270; x_wconf 84' lang='lat' dir='ltr'><strong>ordinem</strong></span> <span class='ocrx_word' id='word_1_191' title='bbox 2544 1212 2874 1269; x_wconf 89' lang='lat' dir='ltr'><strong>confundere</strong></span> <span class='ocrx_word' id='word_1_192' title='bbox 2916 1229 2981 1267; x_wconf 85' lang='lat' dir='ltr'><strong>ac</strong></span> <span class='ocrx_word' id='word_1_193' title='bbox 3031 1213 3349 1269; x_wconf 80' lang='lat' dir='ltr'><strong>subvertere</strong></span> <span class='ocrx_word' id='word_1_194' title='bbox 3374 1213 3558 1267; x_wconf 84' lang='lat' dir='ltr'><strong>volen-</strong></span> 
     </span>
    </p>
   </div>
   <div class='ocr_carea' id='block_1_27' title="bbox 1966 1303 3554 1374">
    <p class='ocr_par' dir='ltr' id='par_1_27' title="bbox 1966 1303 3554 1374">
     <span class='ocr_line' id='line_1_27' title="bbox 1966 1303 3554 1374; baseline -0.001 -15"><span class='ocrx_word' id='word_1_195' title='bbox 1966 1313 2051 1359; x_wconf 89' lang='lat' dir='ltr'><strong>tes</strong></span> <span class='ocrx_word' id='word_1_196' title='bbox 2079 1320 2263 1360; x_wconf 86' lang='lat' dir='ltr'><strong>amore</strong></span> <span class='ocrx_word' id='word_1_197' title='bbox 2293 1305 2590 1359; x_wconf 77' lang='lat' dir='ltr'><strong>inimicitia:</strong></span> <span class='ocrx_word' id='word_1_198' title='bbox 2609 1342 2625 1371; x_wconf 88' lang='lat'><strong>,</strong></span> <span class='ocrx_word' id='word_1_199' title='bbox 2650 1315 2705 1358; x_wconf 90' lang='lat' dir='ltr'><strong>et</strong></span> <span class='ocrx_word' id='word_1_200' title='bbox 2724 1303 3053 1359; x_wconf 90' lang='lat' dir='ltr'><strong>calumniose</strong></span> <span class='ocrx_word' id='word_1_201' title='bbox 3073 1320 3267 1360; x_wconf 86' lang='lat' dir='ltr'><strong>causas</strong></span> <span class='ocrx_word' id='word_1_202' title='bbox 3290 1305 3554 1374; x_wconf 87' lang='lat' dir='ltr'><strong>quasdam</strong></span> 
     </span>
    </p>
   </div>
   <div class='ocr_carea' id='block_1_28' title="bbox 1964 1394 3660 1468">
    <p class='ocr_par' dir='ltr' id='par_1_28' title="bbox 1964 1394 3660 1468">
     <span class='ocr_line' id='line_1_28' title="bbox 1964 1394 3660 1468; baseline -0.003 -16"><span class='ocrx_word' id='word_1_203' title='bbox 1964 1408 2150 1453; x_wconf 86' lang='lat' dir='ltr'><strong>contra</strong></span> <span class='ocrx_word' id='word_1_204' title='bbox 2172 1398 2571 1468; x_wconf 88' lang='lat' dir='ltr'><strong>dispensatores</strong></span> <span class='ocrx_word' id='word_1_205' title='bbox 2595 1394 2946 1450; x_wconf 85' lang='lat' dir='ltr'><strong>ecclesiarum</strong></span> <span class='ocrx_word' id='word_1_206' title='bbox 2984 1394 3315 1449; x_wconf 77' lang='lat' dir='ltr'><strong>orthodoxos</strong></span> <span class='ocrx_word' id='word_1_207' title='bbox 3344 1394 3557 1463; x_wconf 83' lang='lat' dir='ltr'><strong>episco-</strong></span> <span class='ocrx_word' id='word_1_208' title='bbox 3654 1442 3660 1447; x_wconf 87' lang='lat'><strong>.</strong></span> 
     </span>
    </p>
   </div>
   <div class='ocr_carea' id='block_1_29' title="bbox 1964 1483 3557 1557">
    <p class='ocr_par' dir='ltr' id='par_1_29' title="bbox 1964 1483 3557 1557">
     <span class='ocr_line' id='line_1_29' title="bbox 1964 1483 3557 1557; baseline -0.002 -18"><span class='ocrx_word' id='word_1_209' title='bbox 1964 1501 2062 1557; x_wconf 91' lang='lat' dir='ltr'><strong>pos</strong></span> <span class='ocrx_word' id='word_1_210' title='bbox 2090 1486 2437 1557; x_wconf 83' lang='lat' dir='ltr'><strong>confingunt,</strong></span> <span class='ocrx_word' id='word_1_211' title='bbox 2474 1484 2605 1539; x_wconf 82' lang='lat' dir='ltr'><strong>nihil</strong></span> <span class='ocrx_word' id='word_1_212' title='bbox 2634 1484 2779 1539; x_wconf 87' lang='lat' dir='ltr'><strong>aliud</strong></span> <span class='ocrx_word' id='word_1_213' title='bbox 2803 1500 2964 1553; x_wconf 87' lang='lat' dir='ltr'><strong>quam</strong></span> <span class='ocrx_word' id='word_1_214' title='bbox 2987 1483 3192 1539; x_wconf 85' lang='lat' dir='ltr'><strong>foedare</strong></span> <span class='ocrx_word' id='word_1_215' title='bbox 3216 1485 3557 1538; x_wconf 80' lang='lat' dir='ltr'><strong>sacerdotum</strong></span> 
     </span>
    </p>
   </div>
   <div class='ocr_carea' id='block_1_30' title="bbox 1964 1572 3557 1644">
    <p class='ocr_par' dir='ltr' id='par_1_30' title="bbox 1964 1572 3557 1644">
     <span class='ocr_line' id='line_1_30' title="bbox 1964 1572 3557 1644; baseline -0.003 -12"><span class='ocrx_word' id='word_1_216' title='bbox 1964 1576 2411 1641; x_wconf 76' lang='lat' dir='ltr'><strong>existimationes,</strong></span> <span class='ocrx_word' id='word_1_217' title='bbox 2433 1584 2489 1630; x_wconf 91' lang='lat' dir='ltr'><strong>et</strong></span> <span class='ocrx_word' id='word_1_218' title='bbox 2513 1575 2847 1630; x_wconf 86' lang='lat' dir='ltr'><strong>turbationes</strong></span> <span class='ocrx_word' id='word_1_219' title='bbox 2866 1582 3215 1644; x_wconf 85' lang='lat' dir='ltr'><strong>peccatorum</strong></span> <span class='ocrx_word' id='word_1_220' title='bbox 3236 1572 3557 1644; x_wconf 83' lang='lat' dir='ltr'><strong>populorum</strong></span> 
     </span>
    </p>
   </div>
   <div class='ocr_carea' id='block_1_31' title="bbox 1964 1664 3558 1735">
    <p class='ocr_par' dir='ltr' id='par_1_31' title="bbox 1964 1664 3558 1735">
     <span class='ocr_line' id='line_1_31' title="bbox 1964 1664 3558 1735; baseline -0.002 -13"><span class='ocrx_word' id='word_1_221' title='bbox 1964 1666 2233 1722; x_wconf 80' lang='lat' dir='ltr'><strong>coniicere</strong></span> <span class='ocrx_word' id='word_1_222' title='bbox 2291 1673 2554 1720; x_wconf 88' lang='lat' dir='ltr'><strong>conantes</strong></span> <span class='ocrx_word' id='word_1_223' title='bbox 2593 1679 2608 1719; x_wconf 90' lang='lat'><strong>:</strong></span> <span class='ocrx_word' id='word_1_224' title='bbox 2652 1674 2874 1735; x_wconf 88' lang='lat' dir='ltr'><strong>propter</strong></span> <span class='ocrx_word' id='word_1_225' title='bbox 2919 1665 3063 1735; x_wconf 90' lang='lat' dir='ltr'><strong>quod</strong></span> <span class='ocrx_word' id='word_1_226' title='bbox 3110 1664 3313 1734; x_wconf 90' lang='lat' dir='ltr'><strong>placuit</strong></span> <span class='ocrx_word' id='word_1_227' title='bbox 3356 1673 3558 1719; x_wconf 72' lang='lat' dir='ltr'><strong>sanctas</strong></span> 
     </span>
    </p>
   </div>
   <div class='ocr_carea' id='block_1_32' title="bbox 1965 1754 3556 1827">
    <p class='ocr_par' dir='ltr' id='par_1_32' title="bbox 1965 1754 3556 1827">
     <span class='ocr_line' id='line_1_32' title="bbox 1965 1754 3556 1827; baseline -0.002 -17"><span class='ocrx_word' id='word_1_228' title='bbox 1965 1757 2171 1827; x_wconf 84' lang='lat' dir='ltr'><strong>synodo</strong></span> <span class='ocrx_word' id='word_1_229' title='bbox 2217 1757 2593 1826; x_wconf 90' lang='lat' dir='ltr'><strong>episcoporum</strong></span> <span class='ocrx_word' id='word_1_230' title='bbox 2611 1796 2627 1822; x_wconf 93' lang='lat'><strong>,</strong></span> <span class='ocrx_word' id='word_1_231' title='bbox 2655 1758 2748 1826; x_wconf 90' lang='lat' dir='ltr'><strong>qui</strong></span> <span class='ocrx_word' id='word_1_232' title='bbox 2777 1754 3298 1825; x_wconf 83' lang='lat' dir='ltr'><strong>ConstantinOpolim</strong></span> <span class='ocrx_word' id='word_1_233' title='bbox 3324 1769 3556 1810; x_wconf 85' lang='lat' dir='ltr'><strong>concur-</strong></span> 
     </span>
    </p>
   </div>
   <div class='ocr_carea' id='block_1_33' title="bbox 270 1845 3554 1921">
    <p class='ocr_par' dir='ltr' id='par_1_33' title="bbox 270 1845 3554 1921">
     <span class='ocr_line' id='line_1_33' title="bbox 270 1845 3554 1921; baseline -0.002 -17"><span class='ocrx_word' id='word_1_234' title='bbox 270 1850 431 1921; x_wconf 89' lang='lat' dir='ltr'><strong>plena</strong></span> <span class='ocrx_word' id='word_1_235' title='bbox 447 1849 600 1905; x_wconf 88' lang='lat' dir='ltr'><strong>nobis</strong></span> <span class='ocrx_word' id='word_1_236' title='bbox 613 1849 1023 1905; x_wconf 86' lang='lat' dir='ltr'><strong>acincuuctanti</strong></span> <span class='ocrx_word' id='word_1_237' title='bbox 1040 1850 1301 1906; x_wconf 87' lang='lat' dir='ltr'><strong>relatione</strong></span> <span class='ocrx_word' id='word_1_238' title='bbox 1314 1858 1651 1921; x_wconf 87' lang='lat' dir='ltr'><strong>patesceret;</strong></span> <span class='ocrx_word' id='word_1_239' title='bbox 1668 1851 1857 1921; x_wconf 88' lang='lat' dir='ltr'><strong>sicque</strong></span> <span class='ocrx_word' id='word_1_240' title='bbox 1875 1845 1935 1905; x_wconf 85' lang='grc' dir='ltr'><strong>,Β</strong></span> <span class='ocrx_word' id='word_1_241' title='bbox 1964 1858 2151 1903; x_wconf 90' lang='lat' dir='ltr'><strong>reruut</strong></span> <span class='ocrx_word' id='word_1_242' title='bbox 2166 1889 2182 1913; x_wconf 94' lang='lat'><strong>,</strong></span> <span class='ocrx_word' id='word_1_243' title='bbox 2206 1863 2272 1903; x_wconf 92' lang='lat' dir='ltr'><strong>ne</strong></span> <span class='ocrx_word' id='word_1_244' title='bbox 2297 1849 2415 1903; x_wconf 89' lang='lat' dir='ltr'><strong>sine</strong></span> <span class='ocrx_word' id='word_1_245' title='bbox 2435 1849 2779 1904; x_wconf 89' lang='lat' dir='ltr'><strong>discussione</strong></span> <span class='ocrx_word' id='word_1_246' title='bbox 2801 1848 3161 1902; x_wconf 83' lang='lat' dir='ltr'><strong>admittuntur</strong></span> <span class='ocrx_word' id='word_1_247' title='bbox 3183 1854 3554 1910; x_wconf 85' lang='lat' dir='ltr'><strong>accusatores,</strong></span> 
     </span>
    </p>
   </div>
   <div class='ocr_carea' id='block_1_34' title="bbox 271 1940 1856 2012">
    <p class='ocr_par' dir='ltr' id='par_1_34' title="bbox 271 1940 1856 2012">
     <span class='ocr_line' id='line_1_34' title="bbox 271 1940 1856 2012; baseline -0.001 -16"><span class='ocrx_word' id='word_1_248' title='bbox 271 1940 490 1998; x_wconf 87' lang='lat' dir='ltr'><strong>demum</strong></span> <span class='ocrx_word' id='word_1_249' title='bbox 519 1942 677 2012; x_wconf 74' lang='lat' dir='ltr'><strong>juxta</strong></span> <span class='ocrx_word' id='word_1_250' title='bbox 711 1957 899 1998; x_wconf 91' lang='lat' dir='ltr'><strong>sacros</strong></span> <span class='ocrx_word' id='word_1_251' title='bbox 938 1957 1174 1997; x_wconf 86' lang='lat' dir='ltr'><strong>canones</strong></span> <span class='ocrx_word' id='word_1_252' title='bbox 1219 1943 1513 1998; x_wconf 86' lang='lat' dir='ltr'><strong>missorum</strong></span> <span class='ocrx_word' id='word_1_253' title='bbox 1547 1951 1856 1998; x_wconf 83' lang='lat' dir='ltr'><strong>nostrorum</strong></span> 
     </span>
    </p>
   </div>
   <div class='ocr_carea' id='block_1_35' title="bbox 272 2034 1860 2098">
    <p class='ocr_par' dir='ltr' id='par_1_35' title="bbox 272 2034 1860 2098">
     <span class='ocr_line' id='line_1_35' title="bbox 272 2034 1860 2098; baseline -0.001 -7"><span class='ocrx_word' id='word_1_254' title='bbox 272 2035 628 2091; x_wconf 88' lang='lat' dir='ltr'><strong>relationibus</strong></span> <span class='ocrx_word' id='word_1_255' title='bbox 656 2034 974 2098; x_wconf 84' lang='lat' dir='ltr'><strong>certillcati,</strong></span> <span class='ocrx_word' id='word_1_256' title='bbox 1019 2035 1063 2089; x_wconf 90' lang='lat' dir='ltr'><strong>si</strong></span> <span class='ocrx_word' id='word_1_257' title='bbox 1108 2034 1526 2091; x_wconf 82' lang='lat' dir='ltr'><strong>decerneremus</strong></span> <span class='ocrx_word' id='word_1_258' title='bbox 1567 2034 1860 2090; x_wconf 90' lang='lat' dir='ltr'><strong>mittendos</strong></span> 
     </span>
    </p>
   </div>
   <div class='ocr_carea' id='block_1_36' title="bbox 269 2126 1860 2198">
    <p class='ocr_par' dir='ltr' id='par_1_36' title="bbox 269 2126 1860 2198">
     <span class='ocr_line' id='line_1_36' title="bbox 269 2126 1860 2198; baseline -0.001 -15"><span class='ocrx_word' id='word_1_259' title='bbox 269 2141 392 2183; x_wconf 86' lang='lat' dir='ltr'><strong>esse</strong></span> <span class='ocrx_word' id='word_1_260' title='bbox 413 2127 502 2197; x_wconf 83' lang='lat' dir='ltr'><strong>qui</strong></span> <span class='ocrx_word' id='word_1_261' title='bbox 519 2135 813 2198; x_wconf 73' lang='lat' dir='ltr'><strong>prmsentes</strong></span> <span class='ocrx_word' id='word_1_262' title='bbox 828 2142 950 2182; x_wconf 90' lang='lat' dir='ltr'><strong>cum</strong></span> <span class='ocrx_word' id='word_1_263' title='bbox 978 2126 1249 2198; x_wconf 68' lang='lat' dir='ltr'><strong>episcoltis</strong></span> <span class='ocrx_word' id='word_1_264' title='bbox 1266 2126 1577 2195; x_wconf 90' lang='lat' dir='ltr'><strong>judicarent</strong></span> <span class='ocrx_word' id='word_1_265' title='bbox 1598 2127 1860 2182; x_wconf 86' lang='lat' dir='ltr'><strong>habentes</strong></span> 
     </span>
    </p>
   </div>
   <div class='ocr_carea' id='block_1_37' title="bbox 271 2218 1857 2288">
    <p class='ocr_par' dir='ltr' id='par_1_37' title="bbox 271 2218 1857 2288">
     <span class='ocr_line' id='line_1_37' title="bbox 271 2218 1857 2288; baseline -0.001 -15"><span class='ocrx_word' id='word_1_266' title='bbox 271 2226 515 2275; x_wconf 85' lang='lat' dir='ltr'><strong>nostram</strong></span> <span class='ocrx_word' id='word_1_267' title='bbox 540 2218 938 2282; x_wconf 76' lang='lat' dir='ltr'><strong>auctoritatem,</strong></span> <span class='ocrx_word' id='word_1_268' title='bbox 978 2233 1008 2272; x_wconf 85' lang='lat' dir='ltr'><strong>a</strong></span> <span class='ocrx_word' id='word_1_269' title='bbox 1044 2232 1153 2288; x_wconf 86' lang='lat' dir='ltr'><strong>quo</strong></span> <span class='ocrx_word' id='word_1_270' title='bbox 1172 2218 1600 2284; x_wconf 83' lang='lat' dir='ltr'><strong>destinarentur,</strong></span> <span class='ocrx_word' id='word_1_271' title='bbox 1631 2227 1776 2274; x_wconf 86' lang='lat' dir='ltr'><strong>esset</strong></span> <span class='ocrx_word' id='word_1_272' title='bbox 1803 2218 1857 2273; x_wconf 91' lang='lat' dir='ltr'><strong>in</strong></span> 
     </span>
    </p>
   </div>
   <div class='ocr_carea' id='block_1_38' title="bbox 268 2300 1863 2379">
    <p class='ocr_par' dir='ltr' id='par_1_38' title="bbox 268 2300 1863 2379">
     <span class='ocr_line' id='line_1_38' title="bbox 268 2300 1863 2379; baseline 0.001 -16"><span class='ocrx_word' id='word_1_273' title='bbox 268 2319 458 2366; x_wconf 87' lang='lat' dir='ltr'><strong>nostro</strong></span> <span class='ocrx_word' id='word_1_274' title='bbox 472 2309 697 2367; x_wconf 81' lang='lat' dir='ltr'><strong>arbitrio</strong></span> <span class='ocrx_word' id='word_1_275' title='bbox 713 2326 727 2371; x_wconf 87' lang='lat'><strong>;</strong></span> <span class='ocrx_word' id='word_1_276' title='bbox 745 2309 788 2364; x_wconf 91' lang='lat' dir='ltr'><strong>si</strong></span> <span class='ocrx_word' id='word_1_277' title='bbox 803 2324 931 2364; x_wconf 91' lang='lat' dir='ltr'><strong>vero</strong></span> <span class='ocrx_word' id='word_1_278' title='bbox 951 2300 1341 2365; x_wconf 82' lang='lat' dir='ltr'><strong>crediderimus</strong></span> <span class='ocrx_word' id='word_1_279' title='bbox 1356 2311 1639 2379; x_wconf 84' lang='lat' dir='ltr'><strong>episcopos</strong></span> <span class='ocrx_word' id='word_1_280' title='bbox 1657 2307 1863 2365; x_wconf 75' lang='lat' dir='ltr'><strong>suffice-</strong></span> 
     </span>
    </p>
   </div>
   <div class='ocr_carea' id='block_1_39' title="bbox 273 2399 1858 2469">
    <p class='ocr_par' dir='ltr' id='par_1_39' title="bbox 273 2399 1858 2469">
     <span class='ocr_line' id='line_1_39' title="bbox 273 2399 1858 2469; baseline -0.002 -12"><span class='ocrx_word' id='word_1_281' title='bbox 273 2416 360 2465; x_wconf 87' lang='lat' dir='ltr'><strong>re,</strong></span> <span class='ocrx_word' id='word_1_282' title='bbox 377 2409 435 2454; x_wconf 84' lang='grc' dir='ltr'><strong>ιιι</strong></span> <span class='ocrx_word' id='word_1_283' title='bbox 459 2400 675 2468; x_wconf 84' lang='lat' dir='ltr'><strong>negotio</strong></span> <span class='ocrx_word' id='word_1_284' title='bbox 698 2399 983 2454; x_wconf 86' lang='lat' dir='ltr'><strong>terminum</strong></span> <span class='ocrx_word' id='word_1_285' title='bbox 1007 2400 1368 2469; x_wconf 87' lang='lat' dir='ltr'><strong>imponerent,</strong></span> <span class='ocrx_word' id='word_1_286' title='bbox 1385 2399 1687 2456; x_wconf 86' lang='lat' dir='ltr'><strong>faceremus</strong></span> <span class='ocrx_word' id='word_1_287' title='bbox 1716 2399 1858 2469; x_wconf 88' lang='lat' dir='ltr'><strong>quod</strong></span> 
     </span>
    </p>
   </div>
   <div class='ocr_carea' id='block_1_40' title="bbox 271 2475 1867 2561">
    <p class='ocr_par' dir='ltr' id='par_1_40' title="bbox 271 2475 1867 2561">
     <span class='ocr_line' id='line_1_40' title="bbox 271 2475 1867 2561; baseline -0.001 -14"><span class='ocrx_word' id='word_1_288' title='bbox 271 2489 1296 2561; x_wconf 83' lang='lat' dir='ltr'><strong>Sapienlissimojudiciojudiearemus?</strong></span> <span class='ocrx_word' id='word_1_289' title='bbox 1317 2489 1372 2544; x_wconf 88' lang='lat' dir='ltr'><strong>Si</strong></span> <span class='ocrx_word' id='word_1_290' title='bbox 1397 2498 1575 2545; x_wconf 89' lang='lat' dir='ltr'><strong>autem</strong></span> <span class='ocrx_word' id='word_1_291' title='bbox 1599 2475 1867 2560; x_wconf 36' lang='lat' dir='ltr'><strong>lgnatius,‘</strong></span> 
     </span>
    </p>
   </div>
   <div class='ocr_carea' id='block_1_41' title="bbox 273 2577 1862 2647">
    <p class='ocr_par' dir='ltr' id='par_1_41' title="bbox 273 2577 1862 2647">
     <span class='ocr_line' id='line_1_41' title="bbox 273 2577 1862 2647; baseline 0.001 -15"><span class='ocrx_word' id='word_1_292' title='bbox 273 2577 647 2647; x_wconf 84' lang='lat' dir='ltr'><strong>ntfertis,jam</strong></span> <span class='ocrx_word' id='word_1_293' title='bbox 668 2577 948 2646; x_wconf 86' lang='lat' dir='ltr'><strong>judicatus</strong></span> <span class='ocrx_word' id='word_1_294' title='bbox 962 2579 1467 2647; x_wconf 81' lang='lat' dir='ltr'><strong>erat,qnampbrem</strong></span> <span class='ocrx_word' id='word_1_295' title='bbox 1497 2578 1644 2632; x_wconf 91' lang='lat' dir='ltr'><strong>illum</strong></span> <span class='ocrx_word' id='word_1_296' title='bbox 1668 2594 1862 2633; x_wconf 83' lang='lat' dir='ltr'><strong>secun-</strong></span> 
     </span>
    </p>
   </div>
   <div class='ocr_carea' id='block_1_42' title="bbox 276 2670 1860 2743">
    <p class='ocr_par' dir='ltr' id='par_1_42' title="bbox 276 2670 1860 2743">
     <span class='ocr_line' id='line_1_42' title="bbox 276 2670 1860 2743; baseline -0.001 -16"><span class='ocrx_word' id='word_1_297' title='bbox 276 2671 346 2727; x_wconf 93' lang='lat' dir='ltr'><strong>do</strong></span> <span class='ocrx_word' id='word_1_298' title='bbox 361 2671 568 2741; x_wconf 89' lang='lat' dir='ltr'><strong>judicio</strong></span> <span class='ocrx_word' id='word_1_299' title='bbox 582 2670 780 2743; x_wconf 85' lang='lat' dir='ltr'><strong>[deesse</strong></span> <span class='ocrx_word' id='word_1_300' title='bbox 805 2671 887 2725; x_wconf 77' lang='lat' dir='ltr'><strong>uid</strong></span> <span class='ocrx_word' id='word_1_301' title='bbox 894 2710 907 2725; x_wconf 94' lang='lat'><strong>.</strong></span> <span class='ocrx_word' id='word_1_302' title='bbox 917 2670 1097 2740; x_wconf 88' lang='lat' dir='ltr'><strong>judica</strong></span> <span class='ocrx_word' id='word_1_303' title='bbox 1107 2671 1172 2735; x_wconf 89' lang='lat' dir='ltr'><strong>ri,</strong></span> <span class='ocrx_word' id='word_1_304' title='bbox 1189 2670 1387 2743; x_wconf 61' lang='lat' dir='ltr'><strong>[lnam]</strong></span> <span class='ocrx_word' id='word_1_305' title='bbox 1405 2672 1649 2727; x_wconf 85' lang='lat' dir='ltr'><strong>voluistis</strong></span> <span class='ocrx_word' id='word_1_306' title='bbox 1669 2680 1860 2726; x_wconf 85' lang='lat' dir='ltr'><strong>contra</strong></span> 
     </span>
    </p>
   </div>
   <div class='ocr_carea' id='block_1_43' title="bbox 273 2761 1858 2834">
    <p class='ocr_par' dir='ltr' id='par_1_43' title="bbox 273 2761 1858 2834">
     <span class='ocr_line' id='line_1_43' title="bbox 273 2761 1858 2834; baseline -0.001 -17"><span class='ocrx_word' id='word_1_307' title='bbox 273 2762 405 2817; x_wconf 85' lang='lat' dir='ltr'><strong>illud</strong></span> <span class='ocrx_word' id='word_1_308' title='bbox 450 2763 594 2832; x_wconf 83' lang='lat' dir='ltr'><strong>quod</strong></span> <span class='ocrx_word' id='word_1_309' title='bbox 640 2763 899 2834; x_wconf 87' lang='lat' dir='ltr'><strong>scriptum</strong></span> <span class='ocrx_word' id='word_1_310' title='bbox 942 2773 1025 2818; x_wconf 88' lang='lat' dir='ltr'><strong>est</strong></span> <span class='ocrx_word' id='word_1_311' title='bbox 1063 2779 1077 2815; x_wconf 86' lang='lat'><strong>:</strong></span> <span class='ocrx_word' id='word_1_312' title='bbox 1138 2761 1259 2816; x_wconf 86' lang='lat' dir='ltr'><strong>Non</strong></span> <span class='ocrx_word' id='word_1_313' title='bbox 1294 2761 1556 2832; x_wconf 83' lang='lat' dir='ltr'><strong>judicabit</strong></span> <span class='ocrx_word' id='word_1_314' title='bbox 1599 2762 1676 2816; x_wconf 83' lang='lat' dir='ltr'><strong>bis</strong></span> <span class='ocrx_word' id='word_1_315' title='bbox 1706 2762 1760 2816; x_wconf 70' lang='lat' dir='ltr'><strong>in</strong></span> <span class='ocrx_word' id='word_1_316' title='bbox 1804 2761 1858 2816; x_wconf 85' lang='lat' dir='ltr'><strong>id</strong></span> 
     </span>
    </p>
   </div>
   <div class='ocr_carea' id='block_1_44' title="bbox 274 2850 1859 2925">
    <p class='ocr_par' dir='ltr' id='par_1_44' title="bbox 274 2850 1859 2925">
     <span class='ocr_line' id='line_1_44' title="bbox 274 2850 1859 2925; baseline -0.001 -18"><span class='ocrx_word' id='word_1_317' title='bbox 274 2854 486 2922; x_wconf 84' lang='lat' dir='ltr'><strong>ipsum?</strong></span> <span class='ocrx_word' id='word_1_318' title='bbox 508 2852 748 2925; x_wconf 82' lang='lat' dir='ltr'><strong>(Naltttm</strong></span> <span class='ocrx_word' id='word_1_319' title='bbox 778 2853 840 2923; x_wconf 83' lang='grc' dir='ltr'><strong>ι.)</strong></span> <span class='ocrx_word' id='word_1_320' title='bbox 868 2850 975 2908; x_wconf 89' lang='lat' dir='ltr'><strong>Sed</strong></span> <span class='ocrx_word' id='word_1_321' title='bbox 1008 2853 1060 2907; x_wconf 92' lang='lat' dir='ltr'><strong>in</strong></span> <span class='ocrx_word' id='word_1_322' title='bbox 1093 2852 1197 2908; x_wconf 87' lang='lat' dir='ltr'><strong>hoc</strong></span> <span class='ocrx_word' id='word_1_323' title='bbox 1227 2852 1510 2907; x_wconf 73' lang='lat' dir='ltr'><strong>manifeste</strong></span> <span class='ocrx_word' id='word_1_324' title='bbox 1531 2852 1859 2908; x_wconf 83' lang='lat' dir='ltr'><strong>daturintel-</strong></span> 
     </span>
    </p>
   </div>
   <div class='ocr_carea' id='block_1_45' title="bbox 274 2942 1861 3015">
    <p class='ocr_par' dir='ltr' id='par_1_45' title="bbox 274 2942 1861 3015">
     <span class='ocr_line' id='line_1_45' title="bbox 274 2942 1861 3015; baseline 0 -17"><span class='ocrx_word' id='word_1_325' title='bbox 274 2945 400 3015; x_wconf 87' lang='lat' dir='ltr'><strong>ligi,</strong></span> <span class='ocrx_word' id='word_1_326' title='bbox 433 2959 539 2999; x_wconf 91' lang='lat' dir='ltr'><strong>non</strong></span> <span class='ocrx_word' id='word_1_327' title='bbox 567 2959 663 3000; x_wconf 86' lang='lat' dir='ltr'><strong>vos</strong></span> <span class='ocrx_word' id='word_1_328' title='bbox 697 2946 894 3000; x_wconf 89' lang='lat' dir='ltr'><strong>bonam</strong></span> <span class='ocrx_word' id='word_1_329' title='bbox 923 2944 1309 3000; x_wconf 88' lang='lat' dir='ltr'><strong>conscientiam</strong></span> <span class='ocrx_word' id='word_1_330' title='bbox 1341 2944 1607 3015; x_wconf 85' lang='lat' dir='ltr'><strong>gessisse,</strong></span> <span class='ocrx_word' id='word_1_331' title='bbox 1645 2942 1861 3012; x_wconf 82' lang='lat' dir='ltr'><strong>quando</strong></span> 
     </span>
    </p>
   </div>
   <div class='ocr_carea' id='block_1_46' title="bbox 275 3029 1863 3106">
    <p class='ocr_par' dir='ltr' id='par_1_46' title="bbox 275 3029 1863 3106">
     <span class='ocr_line' id='line_1_46' title="bbox 275 3029 1863 3106; baseline 0 -17"><span class='ocrx_word' id='word_1_332' title='bbox 275 3036 471 3101; x_wconf 82' lang='lat' dir='ltr'><strong>iterato</strong></span> <span class='ocrx_word' id='word_1_333' title='bbox 494 3033 641 3089; x_wconf 89' lang='lat' dir='ltr'><strong>illum</strong></span> <span class='ocrx_word' id='word_1_334' title='bbox 664 3034 730 3089; x_wconf 90' lang='lat' dir='ltr'><strong>ad</strong></span> <span class='ocrx_word' id='word_1_335' title='bbox 756 3032 1041 3088; x_wconf 88' lang='lat' dir='ltr'><strong>tribunalia</strong></span> <span class='ocrx_word' id='word_1_336' title='bbox 1065 3033 1279 3089; x_wconf 91' lang='lat' dir='ltr'><strong>concilii</strong></span> <span class='ocrx_word' id='word_1_337' title='bbox 1303 3029 1578 3106; x_wconf 85' lang='lat' dir='ltr'><strong>[concilia]</strong></span> <span class='ocrx_word' id='word_1_338' title='bbox 1600 3032 1863 3104; x_wconf 79' lang='lat' dir='ltr'><strong>pertraxi-</strong></span> 
     </span>
    </p>
   </div>
   <div class='ocr_carea' id='block_1_47' title="bbox 275 3122 1858 3197">
    <p class='ocr_par' dir='ltr' id='par_1_47' title="bbox 275 3122 1858 3197">
     <span class='ocr_line' id='line_1_47' title="bbox 275 3122 1858 3197; baseline -0.002 -14"><span class='ocrx_word' id='word_1_339' title='bbox 275 3127 377 3183; x_wconf 87' lang='lat' dir='ltr'><strong>stis</strong></span> <span class='ocrx_word' id='word_1_340' title='bbox 403 3144 416 3181; x_wconf 89' lang='lat'><strong>:</strong></span> <span class='ocrx_word' id='word_1_341' title='bbox 450 3126 544 3181; x_wconf 90' lang='lat' dir='ltr'><strong>sed</strong></span> <span class='ocrx_word' id='word_1_342' title='bbox 573 3123 727 3196; x_wconf 92' lang='lat' dir='ltr'><strong>quasi</strong></span> <span class='ocrx_word' id='word_1_343' title='bbox 776 3140 882 3178; x_wconf 84' lang='lat' dir='ltr'><strong>non</strong></span> <span class='ocrx_word' id='word_1_344' title='bbox 916 3122 1157 3195; x_wconf 83' lang='lat' dir='ltr'><strong>perfecte</strong></span> <span class='ocrx_word' id='word_1_345' title='bbox 1180 3165 1194 3190; x_wconf 95' lang='lat'><strong>,</strong></span> <span class='ocrx_word' id='word_1_346' title='bbox 1223 3139 1400 3195; x_wconf 88' lang='lat' dir='ltr'><strong>neque</strong></span> <span class='ocrx_word' id='word_1_347' title='bbox 1428 3125 1666 3197; x_wconf 78' lang='lat' dir='ltr'><strong>legitime</strong></span> <span class='ocrx_word' id='word_1_348' title='bbox 1695 3124 1858 3195; x_wconf 78' lang='lat' dir='ltr'><strong>depo-</strong></span> 
     </span>
    </p>
   </div>
   <div class='ocr_carea' id='block_1_48' title="bbox 276 3191 1934 3289">
    <p class='ocr_par' dir='ltr' id='par_1_48' title="bbox 276 3191 1934 3289">
     <span class='ocr_line' id='line_1_48' title="bbox 276 3191 1934 3289; baseline -0.001 -17"><span class='ocrx_word' id='word_1_349' title='bbox 276 3219 440 3272; x_wconf 89' lang='lat' dir='ltr'><strong>situm</strong></span> <span class='ocrx_word' id='word_1_350' title='bbox 476 3191 759 3289; x_wconf 69' lang='lat' dir='ltr'><strong>praesentia</strong></span> <span class='ocrx_word' id='word_1_351' title='bbox 786 3191 969 3287; x_wconf 53' lang='lat' dir='ltr'><strong>Mtte,</strong></span> <span class='ocrx_word' id='word_1_352' title='bbox 986 3215 1039 3270; x_wconf 92' lang='lat' dir='ltr'><strong>in</strong></span> <span class='ocrx_word' id='word_1_353' title='bbox 1067 3191 1379 3285; x_wconf 76' lang='lat' dir='ltr'><strong>prtesentia,</strong></span> <span class='ocrx_word' id='word_1_354' title='bbox 1406 3225 1455 3269; x_wconf 89' lang='lat' dir='ltr'><strong>et</strong></span> <span class='ocrx_word' id='word_1_355' title='bbox 1478 3191 1862 3279; x_wconf 68' lang='lat' dir='ltr'><strong>mox,damna-</strong></span> <span class='ocrx_word' id='word_1_356' title='bbox 1888 3191 1934 3255; x_wconf 62' lang='grc' dir='ltr'><strong>(ἶ</strong></span> 
     </span>
    </p>
   </div>
   <div class='ocr_carea' id='block_1_49' title="bbox 278 3304 1863 3381">
    <p class='ocr_par' dir='ltr' id='par_1_49' title="bbox 278 3304 1863 3381">
     <span class='ocr_line' id='line_1_49' title="bbox 278 3304 1863 3381; baseline 0 -18"><span class='ocrx_word' id='word_1_357' title='bbox 278 3309 437 3374; x_wconf 87' lang='lat' dir='ltr'><strong>tioni,</strong></span> <span class='ocrx_word' id='word_1_358' title='bbox 472 3304 672 3381; x_wconf 56' lang='lat' dir='ltr'><strong>linum]</strong></span> <span class='ocrx_word' id='word_1_359' title='bbox 690 3307 976 3362; x_wconf 88' lang='lat' dir='ltr'><strong>missorum</strong></span> <span class='ocrx_word' id='word_1_360' title='bbox 994 3317 1324 3373; x_wconf 90' lang='lat' dir='ltr'><strong>nostrorum,</strong></span> <span class='ocrx_word' id='word_1_361' title='bbox 1353 3315 1608 3376; x_wconf 88' lang='lat' dir='ltr'><strong>tanquam</strong></span> <span class='ocrx_word' id='word_1_362' title='bbox 1639 3304 1863 3377; x_wconf 82' lang='lat' dir='ltr'><strong>majoris</strong></span> 
     </span>
    </p>
   </div>
   <div class='ocr_carea' id='block_1_50' title="bbox 278 3396 1864 3467">
    <p class='ocr_par' dir='ltr' id='par_1_50' title="bbox 278 3396 1864 3467">
     <span class='ocr_line' id='line_1_50' title="bbox 278 3396 1864 3467; baseline -0.004 -10"><span class='ocrx_word' id='word_1_363' title='bbox 278 3402 621 3458; x_wconf 88' lang='lat' dir='ltr'><strong>auctoritatis</strong></span> <span class='ocrx_word' id='word_1_364' title='bbox 650 3398 1001 3455; x_wconf 76' lang='lat' dir='ltr'><strong>existentinm</strong></span> <span class='ocrx_word' id='word_1_365' title='bbox 1040 3398 1386 3455; x_wconf 88' lang='lat' dir='ltr'><strong>damnatione</strong></span> <span class='ocrx_word' id='word_1_366' title='bbox 1431 3396 1697 3467; x_wconf 75' lang='lat' dir='ltr'><strong>subjicere</strong></span> <span class='ocrx_word' id='word_1_367' title='bbox 1734 3412 1864 3455; x_wconf 88' lang='lat' dir='ltr'><strong>con-</strong></span> 
     </span>
    </p>
   </div>
   <div class='ocr_carea' id='block_1_51' title="bbox 278 3490 1863 3564">
    <p class='ocr_par' dir='ltr' id='par_1_51' title="bbox 278 3490 1863 3564">
     <span class='ocr_line' id='line_1_51' title="bbox 278 3490 1863 3564; baseline -0.004 -15"><span class='ocrx_word' id='word_1_368' title='bbox 278 3495 533 3551; x_wconf 88' lang='lat' dir='ltr'><strong>tendistis</strong></span> <span class='ocrx_word' id='word_1_369' title='bbox 566 3512 579 3549; x_wconf 89' lang='lat'><strong>:</strong></span> <span class='ocrx_word' id='word_1_370' title='bbox 612 3495 854 3551; x_wconf 91' lang='lat' dir='ltr'><strong>dicentes</strong></span> <span class='ocrx_word' id='word_1_371' title='bbox 893 3508 1023 3548; x_wconf 89' lang='lat' dir='ltr'><strong>vero</strong></span> <span class='ocrx_word' id='word_1_372' title='bbox 1053 3492 1194 3562; x_wconf 87' lang='lat' dir='ltr'><strong>quod</strong></span> <span class='ocrx_word' id='word_1_373' title='bbox 1224 3490 1483 3564; x_wconf 83' lang='lat' dir='ltr'><strong>synodice</strong></span> <span class='ocrx_word' id='word_1_374' title='bbox 1529 3490 1692 3545; x_wconf 87' lang='lat' dir='ltr'><strong>fuerit</strong></span> <span class='ocrx_word' id='word_1_375' title='bbox 1732 3505 1863 3544; x_wconf 81' lang='lat' dir='ltr'><strong>con-</strong></span> 
     </span>
    </p>
   </div>
   <div class='ocr_carea' id='block_1_52' title="bbox 278 3580 1865 3654">
    <p class='ocr_par' dir='ltr' id='par_1_52' title="bbox 278 3580 1865 3654">
     <span class='ocr_line' id='line_1_52' title="bbox 278 3580 1865 3654; baseline -0.004 -13"><span class='ocrx_word' id='word_1_376' title='bbox 278 3588 565 3641; x_wconf 88' lang='lat' dir='ltr'><strong>demnatus</strong></span> <span class='ocrx_word' id='word_1_377' title='bbox 583 3626 597 3650; x_wconf 94' lang='lat'><strong>,</strong></span> <span class='ocrx_word' id='word_1_378' title='bbox 629 3583 863 3639; x_wconf 87' lang='lat' dir='ltr'><strong>fortasse</strong></span> <span class='ocrx_word' id='word_1_379' title='bbox 891 3584 1017 3654; x_wconf 85' lang='lat' dir='ltr'><strong>quia</strong></span> <span class='ocrx_word' id='word_1_380' title='bbox 1047 3598 1153 3638; x_wconf 90' lang='lat' dir='ltr'><strong>non</strong></span> <span class='ocrx_word' id='word_1_381' title='bbox 1180 3581 1468 3637; x_wconf 88' lang='lat' dir='ltr'><strong>addidistis</strong></span> <span class='ocrx_word' id='word_1_382' title='bbox 1494 3580 1757 3636; x_wconf 87' lang='lat' dir='ltr'><strong>canonice</strong></span> <span class='ocrx_word' id='word_1_383' title='bbox 1784 3580 1865 3635; x_wconf 82' lang='lat' dir='ltr'><strong>di-</strong></span> 
     </span>
    </p>
   </div>
   <div class='ocr_carea' id='block_1_53' title="bbox 280 3671 1864 3749">
    <p class='ocr_par' dir='ltr' id='par_1_53' title="bbox 280 3671 1864 3749">
     <span class='ocr_line' id='line_1_53' title="bbox 280 3671 1864 3749; baseline -0.006 -16"><span class='ocrx_word' id='word_1_384' title='bbox 280 3679 687 3749; x_wconf 77' lang='lat' dir='ltr'><strong>vinitusactum</strong></span> <span class='ocrx_word' id='word_1_385' title='bbox 721 3686 824 3733; x_wconf 91' lang='lat' dir='ltr'><strong>est.</strong></span> <span class='ocrx_word' id='word_1_386' title='bbox 855 3674 1215 3748; x_wconf 77' lang='lat' dir='ltr'><strong>Congregatio</strong></span> <span class='ocrx_word' id='word_1_387' title='bbox 1238 3674 1385 3729; x_wconf 90' lang='lat' dir='ltr'><strong>enim</strong></span> <span class='ocrx_word' id='word_1_388' title='bbox 1418 3671 1825 3745; x_wconf 77' lang='lat' dir='ltr'><strong>malignantium</strong></span> <span class='ocrx_word' id='word_1_389' title='bbox 1846 3709 1864 3736; x_wconf 92' lang='lat'><strong>,</strong></span> 
     </span>
    </p>
   </div>
   <div class='ocr_carea' id='block_1_54' title="bbox 281 3762 1867 3838">
    <p class='ocr_par' dir='ltr' id='par_1_54' title="bbox 281 3762 1867 3838">
     <span class='ocr_line' id='line_1_54' title="bbox 281 3762 1867 3838; baseline -0.006 -13"><span class='ocrx_word' id='word_1_390' title='bbox 281 3786 390 3825; x_wconf 87' lang='lat' dir='ltr'><strong>non</strong></span> <span class='ocrx_word' id='word_1_391' title='bbox 430 3784 605 3824; x_wconf 88' lang='lat' dir='ltr'><strong>canon</strong></span> <span class='ocrx_word' id='word_1_392' title='bbox 622 3767 768 3838; x_wconf 86' lang='lat' dir='ltr'><strong>juste</strong></span> <span class='ocrx_word' id='word_1_393' title='bbox 788 3766 1146 3837; x_wconf 84' lang='lat' dir='ltr'><strong>judicantiutn</strong></span> <span class='ocrx_word' id='word_1_394' title='bbox 1174 3766 1323 3820; x_wconf 91' lang='lat' dir='ltr'><strong>illum</strong></span> <span class='ocrx_word' id='word_1_395' title='bbox 1348 3763 1684 3820; x_wconf 89' lang='lat' dir='ltr'><strong>damnationi</strong></span> <span class='ocrx_word' id='word_1_396' title='bbox 1713 3762 1867 3817; x_wconf 88' lang='lat' dir='ltr'><strong>sube-</strong></span> 
     </span>
    </p>
   </div>
   <div class='ocr_carea' id='block_1_55' title="bbox 281 3855 1864 3932">
    <p class='ocr_par' dir='ltr' id='par_1_55' title="bbox 281 3855 1864 3932">
     <span class='ocr_line' id='line_1_55' title="bbox 281 3855 1864 3932; baseline -0.006 -17"><span class='ocrx_word' id='word_1_397' title='bbox 281 3871 471 3932; x_wconf 87' lang='lat' dir='ltr'><strong>gerat,</strong></span> <span class='ocrx_word' id='word_1_398' title='bbox 502 3860 610 3913; x_wconf 92' lang='lat' dir='ltr'><strong>imo</strong></span> <span class='ocrx_word' id='word_1_399' title='bbox 638 3874 767 3914; x_wconf 77' lang='lat' dir='ltr'><strong>vero</strong></span> <span class='ocrx_word' id='word_1_400' title='bbox 792 3857 1065 3914; x_wconf 82' lang='lat' dir='ltr'><strong>amictioni</strong></span> <span class='ocrx_word' id='word_1_401' title='bbox 1089 3866 1140 3913; x_wconf 90' lang='lat' dir='ltr'><strong>et</strong></span> <span class='ocrx_word' id='word_1_402' title='bbox 1174 3855 1506 3912; x_wconf 87' lang='lat' dir='ltr'><strong>tribulationi</strong></span> <span class='ocrx_word' id='word_1_403' title='bbox 1533 3855 1864 3911; x_wconf 86' lang='lat' dir='ltr'><strong>subdiderat.</strong></span> 
     </span>
    </p>
   </div>
   <div class='ocr_carea' id='block_1_56' title="bbox 358 3945 1909 4021">
    <p class='ocr_par' dir='ltr' id='par_1_56' title="bbox 358 3945 1909 4021">
     <span class='ocr_line' id='line_1_56' title="bbox 358 3945 1909 4021; baseline -0.005 -14"><span class='ocrx_word' id='word_1_404' title='bbox 358 3953 567 4007; x_wconf 79' lang='lat' dir='ltr'><strong>Etenim</strong></span> <span class='ocrx_word' id='word_1_405' title='bbox 617 3951 727 4016; x_wconf 89' lang='lat' dir='ltr'><strong>illi,</strong></span> <span class='ocrx_word' id='word_1_406' title='bbox 774 3952 864 4021; x_wconf 90' lang='lat' dir='ltr'><strong>qui</strong></span> <span class='ocrx_word' id='word_1_407' title='bbox 936 3960 1062 4006; x_wconf 89' lang='lat' dir='ltr'><strong>tunc</strong></span> <span class='ocrx_word' id='word_1_408' title='bbox 1110 3959 1483 4006; x_wconf 87' lang='lat' dir='ltr'><strong>convenerunt</strong></span> <span class='ocrx_word' id='word_1_409' title='bbox 1527 3957 1716 4004; x_wconf 89' lang='lat' dir='ltr'><strong>contra</strong></span> <span class='ocrx_word' id='word_1_410' title='bbox 1756 3945 1869 4017; x_wconf 89' lang='lat' dir='ltr'><strong>jam</strong></span> <span class='ocrx_word' id='word_1_411' title='bbox 1897 4005 1909 4017; x_wconf 83' lang='lat'><em>_</em></span> 
     </span>
    </p>
   </div>
   <div class='ocr_carea' id='block_1_57' title="bbox 285 4038 1870 4110">
    <p class='ocr_par' dir='ltr' id='par_1_57' title="bbox 285 4038 1870 4110">
     <span class='ocr_line' id='line_1_57' title="bbox 285 4038 1870 4110; baseline -0.004 -11"><span class='ocrx_word' id='word_1_412' title='bbox 285 4045 487 4100; x_wconf 84' lang='lat' dir='ltr'><strong>dictum</strong></span> <span class='ocrx_word' id='word_1_413' title='bbox 518 4041 880 4098; x_wconf 89' lang='lat' dir='ltr'><strong>venerabilem</strong></span> <span class='ocrx_word' id='word_1_414' title='bbox 909 4041 1113 4106; x_wconf 88' lang='lat' dir='ltr'><strong>virum,</strong></span> <span class='ocrx_word' id='word_1_415' title='bbox 1147 4049 1242 4095; x_wconf 88' lang='lat' dir='ltr'><strong>aut</strong></span> <span class='ocrx_word' id='word_1_416' title='bbox 1265 4039 1500 4110; x_wconf 85' lang='lat' dir='ltr'><strong>suspecti</strong></span> <span class='ocrx_word' id='word_1_417' title='bbox 1523 4079 1539 4104; x_wconf 90' lang='lat'><strong>,</strong></span> <span class='ocrx_word' id='word_1_418' title='bbox 1568 4048 1624 4094; x_wconf 89' lang='lat' dir='ltr'><strong>et</strong></span> <span class='ocrx_word' id='word_1_419' title='bbox 1646 4039 1715 4093; x_wconf 94' lang='lat' dir='ltr'><strong>ab</strong></span> <span class='ocrx_word' id='word_1_420' title='bbox 1752 4038 1870 4093; x_wconf 88' lang='lat' dir='ltr'><strong>heri</strong></span> 
     </span>
    </p>
   </div>
   <div class='ocr_carea' id='block_1_58' title="bbox 284 4130 1873 4202">
    <p class='ocr_par' dir='ltr' id='par_1_58' title="bbox 284 4130 1873 4202">
     <span class='ocr_line' id='line_1_58' title="bbox 284 4130 1873 4202; baseline -0.006 -11"><span class='ocrx_word' id='word_1_421' title='bbox 284 4144 341 4193; x_wconf 84' lang='lat' dir='ltr'><strong>et</strong></span> <span class='ocrx_word' id='word_1_422' title='bbox 370 4133 758 4189; x_wconf 85' lang='lat' dir='ltr'><strong>nudiustertius</strong></span> <span class='ocrx_word' id='word_1_423' title='bbox 786 4131 990 4189; x_wconf 89' lang='lat' dir='ltr'><strong>inimici</strong></span> <span class='ocrx_word' id='word_1_424' title='bbox 1035 4130 1153 4202; x_wconf 87' lang='lat' dir='ltr'><strong>ejus</strong></span> <span class='ocrx_word' id='word_1_425' title='bbox 1200 4140 1391 4197; x_wconf 86' lang='lat' dir='ltr'><strong>erant,</strong></span> <span class='ocrx_word' id='word_1_426' title='bbox 1435 4138 1530 4186; x_wconf 87' lang='lat' dir='ltr'><strong>aut</strong></span> <span class='ocrx_word' id='word_1_427' title='bbox 1557 4144 1873 4185; x_wconf 78' lang='lat' dir='ltr'><strong>excommu-</strong></span> 
     </span>
    </p>
   </div>
   <div class='ocr_carea' id='block_1_59' title="bbox 285 4222 1874 4294">
    <p class='ocr_par' dir='ltr' id='par_1_59' title="bbox 285 4222 1874 4294">
     <span class='ocr_line' id='line_1_59' title="bbox 285 4222 1874 4294; baseline -0.006 -9"><span class='ocrx_word' id='word_1_428' title='bbox 285 4227 486 4291; x_wconf 86' lang='lat' dir='ltr'><strong>nicati,</strong></span> <span class='ocrx_word' id='word_1_429' title='bbox 534 4234 625 4280; x_wconf 87' lang='lat' dir='ltr'><strong>aut</strong></span> <span class='ocrx_word' id='word_1_430' title='bbox 655 4225 918 4294; x_wconf 81' lang='lat' dir='ltr'><strong>depositi,</strong></span> <span class='ocrx_word' id='word_1_431' title='bbox 949 4233 1043 4279; x_wconf 90' lang='lat' dir='ltr'><strong>aut</strong></span> <span class='ocrx_word' id='word_1_432' title='bbox 1069 4222 1303 4293; x_wconf 84' lang='lat' dir='ltr'><strong>subjecti</strong></span> <span class='ocrx_word' id='word_1_433' title='bbox 1339 4224 1543 4293; x_wconf 87' lang='lat' dir='ltr'><strong>ipsius,</strong></span> <span class='ocrx_word' id='word_1_434' title='bbox 1583 4231 1679 4277; x_wconf 90' lang='lat' dir='ltr'><strong>aut</strong></span> <span class='ocrx_word' id='word_1_435' title='bbox 1724 4230 1874 4279; x_wconf 90' lang='lat' dir='ltr'><strong>certe</strong></span> 
     </span>
    </p>
   </div>
   <div class='ocr_carea' id='block_1_60' title="bbox 286 4314 1874 4390">
    <p class='ocr_par' dir='ltr' id='par_1_60' title="bbox 286 4314 1874 4390">
     <span class='ocr_line' id='line_1_60' title="bbox 286 4314 1874 4390; baseline -0.004 -15"><span class='ocrx_word' id='word_1_436' title='bbox 286 4319 564 4375; x_wconf 85' lang='lat' dir='ltr'><strong>inferioris</strong></span> <span class='ocrx_word' id='word_1_437' title='bbox 616 4317 894 4390; x_wconf 78' lang='lat' dir='ltr'><strong>dignitatis</strong></span> <span class='ocrx_word' id='word_1_438' title='bbox 946 4318 1292 4373; x_wconf 78' lang='lat' dir='ltr'><strong>exstiterunt.</strong></span> <span class='ocrx_word' id='word_1_439' title='bbox 1344 4317 1585 4385; x_wconf 89' lang='lat' dir='ltr'><strong>Quorum</strong></span> <span class='ocrx_word' id='word_1_440' title='bbox 1631 4314 1874 4371; x_wconf 90' lang='lat' dir='ltr'><strong>omnium</strong></span> 
     </span>
    </p>
   </div>
   <div class='ocr_carea' id='block_1_61' title="bbox 284 4405 1878 4485">
    <p class='ocr_par' dir='ltr' id='par_1_61' title="bbox 284 4405 1878 4485">
     <span class='ocr_line' id='line_1_61' title="bbox 284 4405 1878 4485; baseline -0.003 -21"><span class='ocrx_word' id='word_1_441' title='bbox 284 4410 469 4485; x_wconf 81' lang='lat' dir='ltr'><strong>nullus</strong></span> <span class='ocrx_word' id='word_1_442' title='bbox 514 4424 801 4479; x_wconf 91' lang='lat' dir='ltr'><strong>personam</strong></span> <span class='ocrx_word' id='word_1_443' title='bbox 849 4407 1208 4478; x_wconf 80' lang='lat' dir='ltr'><strong>legitimorum</strong></span> <span class='ocrx_word' id='word_1_444' title='bbox 1245 4406 1490 4477; x_wconf 88' lang='lat' dir='ltr'><strong>judicum</strong></span> <span class='ocrx_word' id='word_1_445' title='bbox 1524 4405 1722 4461; x_wconf 80' lang='lat' dir='ltr'><strong>[rabere</strong></span> <span class='ocrx_word' id='word_1_446' title='bbox 1758 4406 1878 4460; x_wconf 89' lang='lat' dir='ltr'><strong>sine</strong></span> 
     </span>
    </p>
   </div>
   <div class='ocr_carea' id='block_1_62' title="bbox 287 4498 1877 4571">
    <p class='ocr_par' dir='ltr' id='par_1_62' title="bbox 287 4498 1877 4571">
     <span class='ocr_line' id='line_1_62' title="bbox 287 4498 1877 4571; baseline -0.003 -14"><span class='ocrx_word' id='word_1_447' title='bbox 287 4502 454 4557; x_wconf 66' lang='lat' dir='ltr'><strong>dubio</strong></span> <span class='ocrx_word' id='word_1_448' title='bbox 484 4509 728 4571; x_wconf 88' lang='lat' dir='ltr'><strong>poterat,</strong></span> <span class='ocrx_word' id='word_1_449' title='bbox 750 4500 833 4556; x_wconf 90' lang='lat' dir='ltr'><strong>vel</strong></span> <span class='ocrx_word' id='word_1_450' title='bbox 861 4508 1236 4556; x_wconf 90' lang='lat' dir='ltr'><strong>accusatorum</strong></span> <span class='ocrx_word' id='word_1_451' title='bbox 1261 4500 1315 4554; x_wconf 91' lang='lat' dir='ltr'><strong>in</strong></span> <span class='ocrx_word' id='word_1_452' title='bbox 1334 4499 1588 4555; x_wconf 89' lang='lat' dir='ltr'><strong>omnibus</strong></span> <span class='ocrx_word' id='word_1_453' title='bbox 1613 4498 1877 4568; x_wconf 80' lang='lat' dir='ltr'><strong>duntaxat</strong></span> 
     </span>
    </p>
   </div>
   <div class='ocr_carea' id='block_1_63' title="bbox 289 4587 1875 4664">
    <p class='ocr_par' dir='ltr' id='par_1_63' title="bbox 289 4587 1875 4664">
     <span class='ocr_line' id='line_1_63' title="bbox 289 4587 1875 4664; baseline -0.003 -17"><span class='ocrx_word' id='word_1_454' title='bbox 289 4591 524 4664; x_wconf 83' lang='lat' dir='ltr'><strong>negotiis</strong></span> <span class='ocrx_word' id='word_1_455' title='bbox 552 4608 567 4644; x_wconf 90' lang='lat'><strong>:</strong></span> <span class='ocrx_word' id='word_1_456' title='bbox 598 4606 718 4661; x_wconf 67' lang='lat' dir='ltr'><strong>qua:</strong></span> <span class='ocrx_word' id='word_1_457' title='bbox 738 4590 1014 4662; x_wconf 90' lang='lat' dir='ltr'><strong>sigillatim</strong></span> <span class='ocrx_word' id='word_1_458' title='bbox 1048 4590 1157 4645; x_wconf 91' lang='lat' dir='ltr'><strong>Deo</strong></span> <span class='ocrx_word' id='word_1_459' title='bbox 1178 4589 1437 4653; x_wconf 88' lang='lat' dir='ltr'><strong>docente,</strong></span> <span class='ocrx_word' id='word_1_460' title='bbox 1467 4603 1531 4644; x_wconf 88' lang='lat' dir='ltr'><strong>ac</strong></span> <span class='ocrx_word' id='word_1_461' title='bbox 1560 4587 1875 4644; x_wconf 80' lang='lat' dir='ltr'><strong>summatim</strong></span> 
     </span>
    </p>
   </div>
   <div class='ocr_carea' id='block_1_64' title="bbox 286 4679 1588 4738">
    <p class='ocr_par' dir='ltr' id='par_1_64' title="bbox 286 4679 1588 4738">
     <span class='ocr_line' id='line_1_64' title="bbox 286 4679 1588 4738; baseline -0.002 -1"><span class='ocrx_word' id='word_1_462' title='bbox 286 4682 469 4738; x_wconf 87' lang='lat' dir='ltr'><strong>omnia</strong></span> <span class='ocrx_word' id='word_1_463' title='bbox 500 4680 572 4735; x_wconf 91' lang='lat' dir='ltr'><strong>ita</strong></span> <span class='ocrx_word' id='word_1_464' title='bbox 605 4694 663 4736; x_wconf 88' lang='lat' dir='ltr'><strong>se</strong></span> <span class='ocrx_word' id='word_1_465' title='bbox 694 4680 895 4736; x_wconf 86' lang='lat' dir='ltr'><strong>habere</strong></span> <span class='ocrx_word' id='word_1_466' title='bbox 922 4689 1228 4735; x_wconf 85' lang='lat' dir='ltr'><strong>monstrare</strong></span> <span class='ocrx_word' id='word_1_467' title='bbox 1254 4679 1588 4735; x_wconf 87' lang='lat' dir='ltr'><strong>conabimur.</strong></span> 
     </span>
    </p>
   </div>
   <div class='ocr_carea' id='block_1_65' title="bbox 357 4770 1878 4845">
    <p class='ocr_par' dir='ltr' id='par_1_65' title="bbox 357 4770 1878 4845">
     <span class='ocr_line' id='line_1_65' title="bbox 357 4770 1878 4845; baseline -0.001 -16"><span class='ocrx_word' id='word_1_468' title='bbox 357 4773 528 4845; x_wconf 81' lang='lat' dir='ltr'><strong>igitur</strong></span> <span class='ocrx_word' id='word_1_469' title='bbox 569 4774 694 4843; x_wconf 88' lang='lat' dir='ltr'><strong>quia</strong></span> <span class='ocrx_word' id='word_1_470' title='bbox 724 4773 994 4843; x_wconf 84' lang='lat' dir='ltr'><strong>suspecti,</strong></span> <span class='ocrx_word' id='word_1_471' title='bbox 1043 4781 1096 4828; x_wconf 88' lang='lat' dir='ltr'><strong>et</strong></span> <span class='ocrx_word' id='word_1_472' title='bbox 1140 4772 1343 4828; x_wconf 89' lang='lat' dir='ltr'><strong>inimici</strong></span> <span class='ocrx_word' id='word_1_473' title='bbox 1381 4770 1588 4840; x_wconf 87' lang='lat' dir='ltr'><strong>iudices</strong></span> <span class='ocrx_word' id='word_1_474' title='bbox 1616 4785 1739 4827; x_wconf 88' lang='lat' dir='ltr'><strong>esse</strong></span> <span class='ocrx_word' id='word_1_475' title='bbox 1770 4785 1878 4827; x_wconf 88' lang='lat' dir='ltr'><strong>non</strong></span> 
     </span>
    </p>
   </div>
   <div class='ocr_carea' id='block_1_66' title="bbox 288 4862 1880 4935">
    <p class='ocr_par' dir='ltr' id='par_1_66' title="bbox 288 4862 1880 4935">
     <span class='ocr_line' id='line_1_66' title="bbox 288 4862 1880 4935; baseline -0.004 -13"><span class='ocrx_word' id='word_1_476' title='bbox 288 4865 557 4930; x_wconf 86' lang='lat' dir='ltr'><strong>debeant,</strong></span> <span class='ocrx_word' id='word_1_477' title='bbox 592 4873 646 4919; x_wconf 90' lang='lat' dir='ltr'><strong>et</strong></span> <span class='ocrx_word' id='word_1_478' title='bbox 675 4864 789 4935; x_wconf 84' lang='lat' dir='ltr'><strong>ipsa</strong></span> <span class='ocrx_word' id='word_1_479' title='bbox 818 4864 957 4919; x_wconf 88' lang='lat' dir='ltr'><strong>ratio</strong></span> <span class='ocrx_word' id='word_1_480' title='bbox 984 4864 1184 4927; x_wconf 88' lang='lat' dir='ltr'><strong>dictat,</strong></span> <span class='ocrx_word' id='word_1_481' title='bbox 1235 4871 1291 4918; x_wconf 91' lang='lat' dir='ltr'><strong>et</strong></span> <span class='ocrx_word' id='word_1_482' title='bbox 1335 4862 1583 4932; x_wconf 88' lang='lat' dir='ltr'><strong>plurimis</strong></span> <span class='ocrx_word' id='word_1_483' title='bbox 1617 4863 1880 4933; x_wconf 88' lang='lat' dir='ltr'><strong>probatur</strong></span> 
     </span>
    </p>
   </div>
   <div class='ocr_carea' id='block_1_67' title="bbox 289 4954 1880 5028">
    <p class='ocr_par' dir='ltr' id='par_1_67' title="bbox 289 4954 1880 5028">
     <span class='ocr_line' id='line_1_67' title="bbox 289 4954 1880 5028; baseline -0.003 -15"><span class='ocrx_word' id='word_1_484' title='bbox 289 4957 573 5028; x_wconf 73' lang='lat' dir='ltr'><strong>exemplis.</strong></span> <span class='ocrx_word' id='word_1_485' title='bbox 602 4955 738 5011; x_wconf 85' lang='lat' dir='ltr'><strong>Nam</strong></span> <span class='ocrx_word' id='word_1_486' title='bbox 764 4956 892 5027; x_wconf 91' lang='lat' dir='ltr'><strong>quid</strong></span> <span class='ocrx_word' id='word_1_487' title='bbox 933 4956 1141 5027; x_wconf 84' lang='lat' dir='ltr'><strong>gratius</strong></span> <span class='ocrx_word' id='word_1_488' title='bbox 1186 4963 1242 5011; x_wconf 92' lang='lat' dir='ltr'><strong>et</strong></span> <span class='ocrx_word' id='word_1_489' title='bbox 1287 4954 1572 5009; x_wconf 84' lang='lat' dir='ltr'><strong>amabilius</strong></span> <span class='ocrx_word' id='word_1_490' title='bbox 1600 4955 1730 5008; x_wconf 89' lang='lat' dir='ltr'><strong>dare</strong></span> <span class='ocrx_word' id='word_1_491' title='bbox 1757 4954 1880 5024; x_wconf 86' lang='lat' dir='ltr'><strong>quis</strong></span> 
     </span>
    </p>
   </div>
   <div class='ocr_carea' id='block_1_68' title="bbox 292 5043 1878 5120">
    <p class='ocr_par' dir='ltr' id='par_1_68' title="bbox 292 5043 1878 5120">
     <span class='ocr_line' id='line_1_68' title="bbox 292 5043 1878 5120; baseline -0.004 -16"><span class='ocrx_word' id='word_1_492' title='bbox 292 5049 515 5105; x_wconf 85' lang='lat' dir='ltr'><strong>inimico</strong></span> <span class='ocrx_word' id='word_1_493' title='bbox 538 5056 749 5120; x_wconf 91' lang='lat' dir='ltr'><strong>potest,</strong></span> <span class='ocrx_word' id='word_1_494' title='bbox 779 5062 942 5120; x_wconf 89' lang='lat' dir='ltr'><strong>quam</strong></span> <span class='ocrx_word' id='word_1_495' title='bbox 966 5047 1012 5101; x_wconf 89' lang='lat' dir='ltr'><strong>si</strong></span> <span class='ocrx_word' id='word_1_496' title='bbox 1034 5047 1084 5101; x_wconf 89' lang='lat' dir='ltr'><strong>ei</strong></span> <span class='ocrx_word' id='word_1_497' title='bbox 1111 5048 1181 5101; x_wconf 88' lang='lat' dir='ltr'><strong>ad</strong></span> <span class='ocrx_word' id='word_1_498' title='bbox 1207 5045 1569 5115; x_wconf 89' lang='lat' dir='ltr'><strong>impetendum</strong></span> <span class='ocrx_word' id='word_1_499' title='bbox 1597 5043 1878 5100; x_wconf 86' lang='lat' dir='ltr'><strong>commise-</strong></span> 
     </span>
    </p>
   </div>
   <div class='ocr_carea' id='block_1_69' title="bbox 294 5132 1879 5210">
    <p class='ocr_par' dir='ltr' id='par_1_69' title="bbox 294 5132 1879 5210">
     <span class='ocr_line' id='line_1_69' title="bbox 294 5132 1879 5210; baseline -0.004 -15"><span class='ocrx_word' id='word_1_500' title='bbox 294 5141 394 5206; x_wconf 91' lang='lat' dir='ltr'><strong>rit,</strong></span> <span class='ocrx_word' id='word_1_501' title='bbox 427 5155 586 5210; x_wconf 91' lang='lat' dir='ltr'><strong>quem</strong></span> <span class='ocrx_word' id='word_1_502' title='bbox 622 5139 815 5195; x_wconf 75' lang='lat' dir='ltr'><strong>laalere</strong></span> <span class='ocrx_word' id='word_1_503' title='bbox 848 5137 985 5192; x_wconf 89' lang='lat' dir='ltr'><strong>forte</strong></span> <span class='ocrx_word' id='word_1_504' title='bbox 1011 5136 1277 5192; x_wconf 89' lang='lat' dir='ltr'><strong>voluerit?</strong></span> <span class='ocrx_word' id='word_1_505' title='bbox 1307 5135 1462 5204; x_wconf 84' lang='lat' dir='ltr'><strong>Quod</strong></span> <span class='ocrx_word' id='word_1_506' title='bbox 1492 5134 1715 5205; x_wconf 88' lang='lat' dir='ltr'><strong>provide</strong></span> <span class='ocrx_word' id='word_1_507' title='bbox 1740 5132 1879 5189; x_wconf 83' lang='lat' dir='ltr'><strong>Con-</strong></span> 
     </span>
    </p>
   </div>
   <div class='ocr_carea' id='block_1_70' title="bbox 292 5222 1879 5301">
    <p class='ocr_par' dir='ltr' id='par_1_70' title="bbox 292 5222 1879 5301">
     <span class='ocr_line' id='line_1_70' title="bbox 292 5222 1879 5301; baseline -0.007 -14"><span class='ocrx_word' id='word_1_508' title='bbox 292 5230 775 5301; x_wconf 88' lang='lat' dir='ltr'><strong>stantinopolitana</strong></span> <span class='ocrx_word' id='word_1_509' title='bbox 806 5229 1044 5301; x_wconf 85' lang='lat' dir='ltr'><strong>synodus</strong></span> <span class='ocrx_word' id='word_1_510' title='bbox 1064 5242 1335 5283; x_wconf 88' lang='lat' dir='ltr'><strong>canonum</strong></span> <span class='ocrx_word' id='word_1_511' title='bbox 1364 5240 1586 5280; x_wconf 90' lang='lat' dir='ltr'><strong>suorum</strong></span> <span class='ocrx_word' id='word_1_512' title='bbox 1616 5232 1768 5280; x_wconf 76' lang='lat' dir='ltr'><strong>sexto</strong></span> <span class='ocrx_word' id='word_1_513' title='bbox 1795 5222 1879 5277; x_wconf 80' lang='lat' dir='ltr'><strong>di-</strong></span> 
     </span>
    </p>
   </div>
   <div class='ocr_carea' id='block_1_71' title="bbox 294 5313 1877 5393">
    <p class='ocr_par' dir='ltr' id='par_1_71' title="bbox 294 5313 1877 5393">
     <span class='ocr_line' id='line_1_71' title="bbox 294 5313 1877 5393; baseline -0.004 -18"><span class='ocrx_word' id='word_1_514' title='bbox 294 5320 573 5393; x_wconf 87' lang='lat' dir='ltr'><strong>gnoscitur</strong></span> <span class='ocrx_word' id='word_1_515' title='bbox 596 5319 886 5390; x_wconf 91' lang='lat' dir='ltr'><strong>prohibere</strong></span> <span class='ocrx_word' id='word_1_516' title='bbox 914 5317 1181 5389; x_wconf 86' lang='lat' dir='ltr'><strong>capitulo,</strong></span> <span class='ocrx_word' id='word_1_517' title='bbox 1211 5315 1353 5387; x_wconf 85' lang='lat' dir='ltr'><strong>quod</strong></span> <span class='ocrx_word' id='word_1_518' title='bbox 1386 5326 1566 5370; x_wconf 88' lang='lat' dir='ltr'><strong>tamen</strong></span> <span class='ocrx_word' id='word_1_519' title='bbox 1598 5330 1703 5368; x_wconf 91' lang='lat' dir='ltr'><strong>non</strong></span> <span class='ocrx_word' id='word_1_520' title='bbox 1735 5313 1877 5383; x_wconf 88' lang='lat' dir='ltr'><strong>apttd</strong></span> 
     </span>
    </p>
   </div>
   <div class='ocr_carea' id='block_1_72' title="bbox 293 5407 1877 5480">
    <p class='ocr_par' dir='ltr' id='par_1_72' title="bbox 293 5407 1877 5480">
     <span class='ocr_line' id='line_1_72' title="bbox 293 5407 1877 5480; baseline -0.003 -13"><span class='ocrx_word' id='word_1_521' title='bbox 293 5430 395 5469; x_wconf 86' lang='lat' dir='ltr'><strong>nos</strong></span> <span class='ocrx_word' id='word_1_522' title='bbox 422 5414 725 5476; x_wconf 90' lang='lat' dir='ltr'><strong>inventum,</strong></span> <span class='ocrx_word' id='word_1_523' title='bbox 760 5412 853 5466; x_wconf 88' lang='lat' dir='ltr'><strong>sed</strong></span> <span class='ocrx_word' id='word_1_524' title='bbox 888 5411 1027 5480; x_wconf 90' lang='lat' dir='ltr'><strong>apud</strong></span> <span class='ocrx_word' id='word_1_525' title='bbox 1056 5425 1152 5465; x_wconf 90' lang='lat' dir='ltr'><strong>vos</strong></span> <span class='ocrx_word' id='word_1_526' title='bbox 1180 5407 1365 5464; x_wconf 88' lang='lat' dir='ltr'><strong>haberi</strong></span> <span class='ocrx_word' id='word_1_527' title='bbox 1395 5409 1726 5478; x_wconf 85' lang='lat' dir='ltr'><strong>perhibetur.</strong></span> <span class='ocrx_word' id='word_1_528' title='bbox 1770 5407 1877 5462; x_wconf 77' lang='lat' dir='ltr'><strong>Ve-</strong></span> 
     </span>
    </p>
   </div>
   <div class='ocr_carea' id='block_1_73' title="bbox 256 5499 1878 5573">
    <p class='ocr_par' dir='ltr' id='par_1_73' title="bbox 256 5499 1878 5573">
     <span class='ocr_line' id='line_1_73' title="bbox 256 5499 1878 5573; baseline -0.006 -12"><span class='ocrx_word' id='word_1_529' title='bbox 256 5521 415 5563; x_wconf 87' lang='lat' dir='ltr'><strong>.rum</strong></span> <span class='ocrx_word' id='word_1_530' title='bbox 464 5503 711 5558; x_wconf 81' lang='lat' dir='ltr'><strong>novimus</strong></span> <span class='ocrx_word' id='word_1_531' title='bbox 756 5518 853 5558; x_wconf 89' lang='lat' dir='ltr'><strong>nos</strong></span> <span class='ocrx_word' id='word_1_532' title='bbox 902 5502 1212 5573; x_wconf 82' lang='lat' dir='ltr'><strong>apostolicis</strong></span> <span class='ocrx_word' id='word_1_533' title='bbox 1256 5499 1446 5555; x_wconf 86' lang='lat' dir='ltr'><strong>imbuti</strong></span> <span class='ocrx_word' id='word_1_534' title='bbox 1510 5500 1878 5564; x_wconf 82' lang='lat' dir='ltr'><strong>documentis,</strong></span> 
     </span>
    </p>
   </div>
   <div class='ocr_carea' id='block_1_74' title="bbox 295 5588 1884 5664">
    <p class='ocr_par' dir='ltr' id='par_1_74' title="bbox 295 5588 1884 5664">
     <span class='ocr_line' id='line_1_74' title="bbox 295 5588 1884 5664; baseline -0.005 -15"><span class='ocrx_word' id='word_1_535' title='bbox 295 5594 459 5649; x_wconf 82' lang='lat' dir='ltr'><strong>etiam</strong></span> <span class='ocrx_word' id='word_1_536' title='bbox 490 5593 774 5649; x_wconf 87' lang='lat' dir='ltr'><strong>sententiis</strong></span> <span class='ocrx_word' id='word_1_537' title='bbox 800 5593 874 5646; x_wconf 90' lang='lat' dir='ltr'><strong>uti</strong></span> <span class='ocrx_word' id='word_1_538' title='bbox 910 5607 1241 5664; x_wconf 82' lang='lat' dir='ltr'><strong>paganorum</strong></span> <span class='ocrx_word' id='word_1_539' title='bbox 1261 5630 1275 5656; x_wconf 93' lang='lat'><strong>,</strong></span> <span class='ocrx_word' id='word_1_540' title='bbox 1307 5598 1509 5660; x_wconf 91' lang='lat' dir='ltr'><strong>quanto</strong></span> <span class='ocrx_word' id='word_1_541' title='bbox 1531 5589 1703 5660; x_wconf 87' lang='lat' dir='ltr'><strong>magis</strong></span> <span class='ocrx_word' id='word_1_542' title='bbox 1725 5588 1884 5644; x_wconf 78' lang='lat' dir='ltr'><strong>Chri-</strong></span> 
     </span>
    </p>
   </div>
   <div class='ocr_carea' id='block_1_75' title="bbox 299 5682 1882 5753">
    <p class='ocr_par' dir='ltr' id='par_1_75' title="bbox 299 5682 1882 5753">
     <span class='ocr_line' id='line_1_75' title="bbox 299 5682 1882 5753; baseline -0.003 -12"><span class='ocrx_word' id='word_1_543' title='bbox 299 5685 631 5747; x_wconf 85' lang='lat' dir='ltr'><strong>stianorum,</strong></span> <span class='ocrx_word' id='word_1_544' title='bbox 685 5691 849 5753; x_wconf 87' lang='lat' dir='ltr'><strong>atque</strong></span> <span class='ocrx_word' id='word_1_545' title='bbox 901 5682 1329 5738; x_wconf 84' lang='lat' dir='ltr'><strong>catholicorum?</strong></span> <span class='ocrx_word' id='word_1_546' title='bbox 1376 5690 1434 5738; x_wconf 88' lang='lat' dir='ltr'><strong>et</strong></span> <span class='ocrx_word' id='word_1_547' title='bbox 1488 5689 1676 5735; x_wconf 87' lang='lat' dir='ltr'><strong>contra</strong></span> <span class='ocrx_word' id='word_1_548' title='bbox 1737 5682 1882 5750; x_wconf 85' lang='lat' dir='ltr'><strong>ipsos</strong></span> 
     </span>
    </p>
   </div>
   <div class='ocr_carea' id='block_1_76' title="bbox 300 5774 1881 5848">
    <p class='ocr_par' dir='ltr' id='par_1_76' title="bbox 300 5774 1881 5848">
     <span class='ocr_line' id='line_1_76' title="bbox 300 5774 1881 5848; baseline -0.003 -17"><span class='ocrx_word' id='word_1_549' title='bbox 300 5791 528 5848; x_wconf 86' lang='lat' dir='ltr'><strong>quorum</strong></span> <span class='ocrx_word' id='word_1_550' title='bbox 558 5790 655 5832; x_wconf 88' lang='lat' dir='ltr'><strong>nec</strong></span> <span class='ocrx_word' id='word_1_551' title='bbox 678 5774 845 5830; x_wconf 90' lang='lat' dir='ltr'><strong>vitam</strong></span> <span class='ocrx_word' id='word_1_552' title='bbox 870 5777 1170 5845; x_wconf 85' lang='lat' dir='ltr'><strong>sequimur,</strong></span> <span class='ocrx_word' id='word_1_553' title='bbox 1201 5788 1301 5830; x_wconf 89' lang='lat' dir='ltr'><strong>nec</strong></span> <span class='ocrx_word' id='word_1_554' title='bbox 1332 5781 1566 5828; x_wconf 84' lang='lat' dir='ltr'><strong>mentem</strong></span> <span class='ocrx_word' id='word_1_555' title='bbox 1596 5787 1881 5828; x_wconf 86' lang='lat' dir='ltr'><strong>crroncam</strong></span> 
     </span>
    </p>
   </div>
   <div class='ocr_carea' id='block_1_77' title="bbox 1963 1936 3557 2011">
    <p class='ocr_par' dir='ltr' id='par_1_77' title="bbox 1963 1936 3557 2011">
     <span class='ocr_line' id='line_1_77' title="bbox 1963 1936 3557 2011; baseline -0.003 -15"><span class='ocrx_word' id='word_1_556' title='bbox 1963 1956 2065 1996; x_wconf 85' lang='lat' dir='ltr'><strong>nec</strong></span> <span class='ocrx_word' id='word_1_557' title='bbox 2091 1940 2343 1996; x_wconf 83' lang='lat' dir='ltr'><strong>omnibus</strong></span> <span class='ocrx_word' id='word_1_558' title='bbox 2370 1940 2718 2011; x_wconf 68' lang='lat' dir='ltr'><strong>praecipiatur</strong></span> <span class='ocrx_word' id='word_1_559' title='bbox 2748 1939 3123 1995; x_wconf 87' lang='lat' dir='ltr'><strong>accusationes</strong></span> <span class='ocrx_word' id='word_1_560' title='bbox 3152 1936 3334 1992; x_wconf 87' lang='lat' dir='ltr'><strong>facere</strong></span> <span class='ocrx_word' id='word_1_561' title='bbox 3365 1946 3557 1991; x_wconf 81' lang='lat' dir='ltr'><strong>contra</strong></span> 
     </span>
    </p>
   </div>
   <div class='ocr_carea' id='block_1_78' title="bbox 1964 2033 2769 2103">
    <p class='ocr_par' dir='ltr' id='par_1_78' title="bbox 1964 2033 2769 2103">
     <span class='ocr_line' id='line_1_78' title="bbox 1964 2033 2769 2103; baseline -0.005 -14"><span class='ocrx_word' id='word_1_562' title='bbox 1964 2033 2368 2103; x_wconf 85' lang='lat' dir='ltr'><strong>dispensatores</strong></span> <span class='ocrx_word' id='word_1_563' title='bbox 2393 2033 2769 2087; x_wconf 89' lang='lat' dir='ltr'><strong>ecclesiarum.</strong></span> 
     </span>
    </p>
   </div>
   <div class='ocr_carea' id='block_1_79' title="bbox 2034 2118 3554 2191">
    <p class='ocr_par' dir='ltr' id='par_1_79' title="bbox 2034 2118 3554 2191">
     <span class='ocr_line' id='line_1_79' title="bbox 2034 2118 3554 2191; baseline 0.001 -15"><span class='ocrx_word' id='word_1_564' title='bbox 2034 2122 2326 2178; x_wconf 72' lang='lat' dir='ltr'><strong>Veniamus</strong></span> <span class='ocrx_word' id='word_1_565' title='bbox 2373 2137 2506 2191; x_wconf 81' lang='lat' dir='ltr'><strong>ergo</strong></span> <span class='ocrx_word' id='word_1_566' title='bbox 2548 2129 2605 2176; x_wconf 89' lang='lat' dir='ltr'><strong>et</strong></span> <span class='ocrx_word' id='word_1_567' title='bbox 2651 2122 2719 2176; x_wconf 86' lang='lat' dir='ltr'><strong>ad</strong></span> <span class='ocrx_word' id='word_1_568' title='bbox 2767 2128 3009 2175; x_wconf 86' lang='lat' dir='ltr'><strong>sanctam</strong></span> <span class='ocrx_word' id='word_1_569' title='bbox 3059 2118 3554 2177; x_wconf 85' lang='lat' dir='ltr'><strong>Chalcedonensem</strong></span> 
     </span>
    </p>
   </div>
   <div class='ocr_carea' id='block_1_80' title="bbox 1962 2210 3557 2286">
    <p class='ocr_par' dir='ltr' id='par_1_80' title="bbox 1962 2210 3557 2286">
     <span class='ocr_line' id='line_1_80' title="bbox 1962 2210 3557 2286; baseline -0.003 -17"><span class='ocrx_word' id='word_1_570' title='bbox 1962 2215 2252 2286; x_wconf 80' lang='lat' dir='ltr'><strong>synodum,</strong></span> <span class='ocrx_word' id='word_1_571' title='bbox 2287 2222 2342 2268; x_wconf 86' lang='lat' dir='ltr'><strong>et</strong></span> <span class='ocrx_word' id='word_1_572' title='bbox 2382 2214 2512 2284; x_wconf 88' lang='lat' dir='ltr'><strong>quid</strong></span> <span class='ocrx_word' id='word_1_573' title='bbox 2541 2212 2693 2269; x_wconf 89' lang='lat' dir='ltr'><strong>nobis</strong></span> <span class='ocrx_word' id='word_1_574' title='bbox 2731 2212 2797 2268; x_wconf 90' lang='lat' dir='ltr'><strong>de</strong></span> <span class='ocrx_word' id='word_1_575' title='bbox 2825 2211 3127 2268; x_wconf 84' lang='lat' dir='ltr'><strong>Athanasio</strong></span> <span class='ocrx_word' id='word_1_576' title='bbox 3155 2210 3557 2265; x_wconf 87' lang='lat' dir='ltr'><strong>Parrhenorum</strong></span> 
     </span>
    </p>
   </div>
   <div class='ocr_carea' id='block_1_81' title="bbox 1960 2302 3558 2377">
    <p class='ocr_par' dir='ltr' id='par_1_81' title="bbox 1960 2302 3558 2377">
     <span class='ocr_line' id='line_1_81' title="bbox 1960 2302 3558 2377; baseline -0.002 -16"><span class='ocrx_word' id='word_1_577' title='bbox 1960 2307 2214 2377; x_wconf 89' lang='lat' dir='ltr'><strong>episcopo</strong></span> <span class='ocrx_word' id='word_1_578' title='bbox 2236 2304 2438 2360; x_wconf 89' lang='lat' dir='ltr'><strong>referat</strong></span> <span class='ocrx_word' id='word_1_579' title='bbox 2461 2304 2599 2377; x_wconf 83' lang='lat' dir='ltr'><strong>(Act.</strong></span> <span class='ocrx_word' id='word_1_580' title='bbox 2625 2304 2761 2375; x_wconf 76' lang='lat' dir='ltr'><strong>xxv),</strong></span> <span class='ocrx_word' id='word_1_581' title='bbox 2784 2304 3086 2359; x_wconf 88' lang='lat' dir='ltr'><strong>audiamus.</strong></span> <span class='ocrx_word' id='word_1_582' title='bbox 3103 2302 3150 2358; x_wconf 91' lang='lat' dir='ltr'><strong>ls</strong></span> <span class='ocrx_word' id='word_1_583' title='bbox 3171 2303 3314 2357; x_wconf 83' lang='lat' dir='ltr'><strong>enim</strong></span> <span class='ocrx_word' id='word_1_584' title='bbox 3330 2303 3558 2358; x_wconf 85' lang='lat' dir='ltr'><strong>antistes</strong></span> 
     </span>
    </p>
   </div>
   <div class='ocr_carea' id='block_1_82' title="bbox 1962 2396 3558 2469">
    <p class='ocr_par' dir='ltr' id='par_1_82' title="bbox 1962 2396 3558 2469">
     <span class='ocr_line' id='line_1_82' title="bbox 1962 2396 3558 2469; baseline -0.004 -10"><span class='ocrx_word' id='word_1_585' title='bbox 1962 2400 2123 2459; x_wconf 85' lang='lat' dir='ltr'><strong>tertio</strong></span> <span class='ocrx_word' id='word_1_586' title='bbox 2166 2407 2426 2454; x_wconf 84' lang='lat' dir='ltr'><strong>evocatus</strong></span> <span class='ocrx_word' id='word_1_587' title='bbox 2470 2398 2537 2453; x_wconf 87' lang='lat' dir='ltr'><strong>ad</strong></span> <span class='ocrx_word' id='word_1_588' title='bbox 2586 2398 2870 2469; x_wconf 89' lang='lat' dir='ltr'><strong>synodum,</strong></span> <span class='ocrx_word' id='word_1_589' title='bbox 2909 2397 3036 2469; x_wconf 87' lang='lat' dir='ltr'><strong>quia</strong></span> <span class='ocrx_word' id='word_1_590' title='bbox 3087 2412 3193 2450; x_wconf 88' lang='lat' dir='ltr'><strong>non</strong></span> <span class='ocrx_word' id='word_1_591' title='bbox 3234 2396 3493 2459; x_wconf 86' lang='lat' dir='ltr'><strong>occurrit,</strong></span> <span class='ocrx_word' id='word_1_592' title='bbox 3524 2410 3558 2453; x_wconf 70' lang='grc' dir='ltr'><strong>ιι</strong></span> 
     </span>
    </p>
   </div>
   <div class='ocr_carea' id='block_1_83' title="bbox 1961 2487 3557 2562">
    <p class='ocr_par' dir='ltr' id='par_1_83' title="bbox 1961 2487 3557 2562">
     <span class='ocr_line' id='line_1_83' title="bbox 1961 2487 3557 2562; baseline -0.001 -18"><span class='ocrx_word' id='word_1_593' title='bbox 1961 2492 2267 2562; x_wconf 82' lang='lat' dir='ltr'><strong>patriarcha</strong></span> <span class='ocrx_word' id='word_1_594' title='bbox 2292 2506 2390 2545; x_wconf 89' lang='lat' dir='ltr'><strong>suo</strong></span> <span class='ocrx_word' id='word_1_595' title='bbox 2417 2490 2679 2544; x_wconf 89' lang='lat' dir='ltr'><strong>canonice</strong></span> <span class='ocrx_word' id='word_1_596' title='bbox 2704 2489 3095 2544; x_wconf 83' lang='lat' dir='ltr'><strong>condemnatus</strong></span> <span class='ocrx_word' id='word_1_597' title='bbox 3123 2489 3403 2542; x_wconf 79' lang='lat' dir='ltr'><strong>exstiterat</strong></span> <span class='ocrx_word' id='word_1_598' title='bbox 3425 2487 3557 2543; x_wconf 84' lang='lat' dir='ltr'><strong>:sed</strong></span> 
     </span>
    </p>
   </div>
   <div class='ocr_carea' id='block_1_84' title="bbox 1963 2579 3558 2652">
    <p class='ocr_par' dir='ltr' id='par_1_84' title="bbox 1963 2579 3558 2652">
     <span class='ocr_line' id='line_1_84' title="bbox 1963 2579 3558 2652; baseline -0.004 -14"><span class='ocrx_word' id='word_1_599' title='bbox 1963 2582 2137 2639; x_wconf 91' lang='lat' dir='ltr'><strong>solum</strong></span> <span class='ocrx_word' id='word_1_600' title='bbox 2166 2582 2294 2652; x_wconf 90' lang='lat' dir='ltr'><strong>quia</strong></span> <span class='ocrx_word' id='word_1_601' title='bbox 2333 2597 2458 2637; x_wconf 90' lang='lat' dir='ltr'><strong>cum</strong></span> <span class='ocrx_word' id='word_1_602' title='bbox 2487 2590 2767 2635; x_wconf 85' lang='lat' dir='ltr'><strong>vocaretur</strong></span> <span class='ocrx_word' id='word_1_603' title='bbox 2805 2579 2871 2634; x_wconf 91' lang='lat' dir='ltr'><strong>ad</strong></span> <span class='ocrx_word' id='word_1_604' title='bbox 2910 2579 3196 2650; x_wconf 80' lang='lat' dir='ltr'><strong>synodum,</strong></span> <span class='ocrx_word' id='word_1_605' title='bbox 3238 2580 3380 2649; x_wconf 89' lang='lat' dir='ltr'><strong>quod</strong></span> <span class='ocrx_word' id='word_1_606' title='bbox 3426 2593 3558 2634; x_wconf 89' lang='lat' dir='ltr'><strong>suus</strong></span> 
     </span>
    </p>
   </div>
   <div class='ocr_carea' id='block_1_85' title="bbox 1964 2670 3559 2743">
    <p class='ocr_par' dir='ltr' id='par_1_85' title="bbox 1964 2670 3559 2743">
     <span class='ocr_line' id='line_1_85' title="bbox 1964 2670 3559 2743; baseline -0.004 -13"><span class='ocrx_word' id='word_1_607' title='bbox 1964 2675 2216 2731; x_wconf 87' lang='lat' dir='ltr'><strong>inimicus</strong></span> <span class='ocrx_word' id='word_1_608' title='bbox 2234 2684 2377 2729; x_wconf 84' lang='lat' dir='ltr'><strong>esset</strong></span> <span class='ocrx_word' id='word_1_609' title='bbox 2407 2673 2543 2743; x_wconf 86' lang='lat' dir='ltr'><strong>ipse,</strong></span> <span class='ocrx_word' id='word_1_610' title='bbox 2568 2674 2656 2742; x_wconf 90' lang='lat' dir='ltr'><strong>qui</strong></span> <span class='ocrx_word' id='word_1_611' title='bbox 2675 2672 2972 2743; x_wconf 89' lang='lat' dir='ltr'><strong>judicabat,</strong></span> <span class='ocrx_word' id='word_1_612' title='bbox 2997 2670 3250 2725; x_wconf 77' lang='lat' dir='ltr'><strong>clamavit</strong></span> <span class='ocrx_word' id='word_1_613' title='bbox 3275 2685 3291 2723; x_wconf 89' lang='lat'><strong>:</strong></span> <span class='ocrx_word' id='word_1_614' title='bbox 3318 2686 3347 2724; x_wconf 86' lang='lat' dir='ltr'><strong>a</strong></span> <span class='ocrx_word' id='word_1_615' title='bbox 3367 2678 3559 2725; x_wconf 82' lang='lat' dir='ltr'><strong>sancta</strong></span> 
     </span>
    </p>
   </div>
   <div class='ocr_carea' id='block_1_86' title="bbox 1964 2766 3560 2841">
    <p class='ocr_par' dir='ltr' id='par_1_86' title="bbox 1964 2766 3560 2841">
     <span class='ocr_line' id='line_1_86' title="bbox 1964 2766 3560 2841; baseline -0.005 -15"><span class='ocrx_word' id='word_1_616' title='bbox 1964 2768 2384 2826; x_wconf 86' lang='lat' dir='ltr'><strong>Chalcedonensi</strong></span> <span class='ocrx_word' id='word_1_617' title='bbox 2427 2768 2631 2841; x_wconf 83' lang='lat' dir='ltr'><strong>synodo</strong></span> <span class='ocrx_word' id='word_1_618' title='bbox 2660 2768 2724 2823; x_wconf 84' lang='lat' dir='ltr'><strong>ad</strong></span> <span class='ocrx_word' id='word_1_619' title='bbox 2765 2782 2958 2822; x_wconf 88' lang='lat' dir='ltr'><strong>causas</strong></span> <span class='ocrx_word' id='word_1_620' title='bbox 2995 2766 3171 2821; x_wconf 85' lang='lat' dir='ltr'><strong>illatas</strong></span> <span class='ocrx_word' id='word_1_621' title='bbox 3215 2767 3315 2821; x_wconf 85' lang='lat' dir='ltr'><strong>sibi</strong></span> <span class='ocrx_word' id='word_1_622' title='bbox 3351 2766 3560 2821; x_wconf 78' lang='lat' dir='ltr'><strong>exami-</strong></span> 
     </span>
    </p>
   </div>
   <div class='ocr_carea' id='block_1_87' title="bbox 1964 2860 3557 2924">
    <p class='ocr_par' dir='ltr' id='par_1_87' title="bbox 1964 2860 3557 2924">
     <span class='ocr_line' id='line_1_87' title="bbox 1964 2860 3557 2924; baseline -0.002 -7"><span class='ocrx_word' id='word_1_623' title='bbox 1964 2863 2177 2917; x_wconf 91' lang='lat' dir='ltr'><strong>nandas</strong></span> <span class='ocrx_word' id='word_1_624' title='bbox 2212 2870 2545 2924; x_wconf 84' lang='lat' dir='ltr'><strong>reservatur,</strong></span> <span class='ocrx_word' id='word_1_625' title='bbox 2584 2870 2638 2916; x_wconf 89' lang='lat' dir='ltr'><strong>et</strong></span> <span class='ocrx_word' id='word_1_626' title='bbox 2667 2861 2769 2916; x_wconf 88' lang='lat' dir='ltr'><strong>nisi</strong></span> <span class='ocrx_word' id='word_1_627' title='bbox 2800 2861 2979 2916; x_wconf 89' lang='lat' dir='ltr'><strong>denuo</strong></span> <span class='ocrx_word' id='word_1_628' title='bbox 3006 2861 3376 2923; x_wconf 86' lang='lat' dir='ltr'><strong>convincatur,</strong></span> <span class='ocrx_word' id='word_1_629' title='bbox 3413 2860 3557 2915; x_wconf 83' lang='lat' dir='ltr'><strong>reci-</strong></span> 
     </span>
    </p>
   </div>
   <div class='ocr_carea' id='block_1_88' title="bbox 1964 2935 3558 3025">
    <p class='ocr_par' dir='ltr' id='par_1_88' title="bbox 1964 2935 3558 3025">
     <span class='ocr_line' id='line_1_88' title="bbox 1964 2935 3558 3025; baseline -0.003 -16"><span class='ocrx_word' id='word_1_630' title='bbox 1964 2969 2094 3025; x_wconf 88' lang='lat' dir='ltr'><strong>pere</strong></span> <span class='ocrx_word' id='word_1_631' title='bbox 2122 2953 2406 3010; x_wconf 85' lang='lat' dir='ltr'><strong>ecclesiam</strong></span> <span class='ocrx_word' id='word_1_632' title='bbox 2434 2953 2707 3024; x_wconf 86' lang='lat' dir='ltr'><strong>propriam</strong></span> <span class='ocrx_word' id='word_1_633' title='bbox 2730 2950 3024 3020; x_wconf 83' lang='lat' dir='ltr'><strong>judicatur.</strong></span> <span class='ocrx_word' id='word_1_634' title='bbox 3056 2935 3207 3018; x_wconf 77' lang='lat' dir='ltr'><strong>Quod</strong></span> <span class='ocrx_word' id='word_1_635' title='bbox 3236 2951 3283 3005; x_wconf 89' lang='lat' dir='ltr'><strong>si</strong></span> <span class='ocrx_word' id='word_1_636' title='bbox 3311 2951 3558 3005; x_wconf 83' lang='lat' dir='ltr'><strong>Athana-</strong></span> 
     </span>
    </p>
   </div>
   <div class='ocr_carea' id='block_1_89' title="bbox 1966 3039 3563 3112">
    <p class='ocr_par' dir='ltr' id='par_1_89' title="bbox 1966 3039 3563 3112">
     <span class='ocr_line' id='line_1_89' title="bbox 1966 3039 3563 3112; baseline -0.003 -14"><span class='ocrx_word' id='word_1_637' title='bbox 1966 3044 2079 3099; x_wconf 88' lang='lat' dir='ltr'><strong>sius</strong></span> <span class='ocrx_word' id='word_1_638' title='bbox 2107 3058 2139 3096; x_wconf 91' lang='lat' dir='ltr'><strong>a</strong></span> <span class='ocrx_word' id='word_1_639' title='bbox 2177 3042 2487 3112; x_wconf 88' lang='lat' dir='ltr'><strong>patriarcha</strong></span> <span class='ocrx_word' id='word_1_640' title='bbox 2525 3056 2626 3098; x_wconf 86' lang='lat' dir='ltr'><strong>suo</strong></span> <span class='ocrx_word' id='word_1_641' title='bbox 2663 3041 2962 3111; x_wconf 84' lang='lat' dir='ltr'><strong>depositus,</strong></span> <span class='ocrx_word' id='word_1_642' title='bbox 3000 3040 3124 3110; x_wconf 87' lang='lat' dir='ltr'><strong>quia</strong></span> <span class='ocrx_word' id='word_1_643' title='bbox 3164 3040 3232 3095; x_wconf 91' lang='lat' dir='ltr'><strong>de</strong></span> <span class='ocrx_word' id='word_1_644' title='bbox 3275 3039 3563 3095; x_wconf 79' lang='lat' dir='ltr'><strong>inimicitia</strong></span> 
     </span>
    </p>
   </div>
   <div class='ocr_carea' id='block_1_90' title="bbox 1970 3129 3562 3205">
    <p class='ocr_par' dir='ltr' id='par_1_90' title="bbox 1970 3129 3562 3205">
     <span class='ocr_line' id='line_1_90' title="bbox 1970 3129 3562 3205; baseline -0.001 -17"><span class='ocrx_word' id='word_1_645' title='bbox 1970 3134 2140 3205; x_wconf 90' lang='lat' dir='ltr'><strong>ipsius</strong></span> <span class='ocrx_word' id='word_1_646' title='bbox 2163 3141 2491 3203; x_wconf 87' lang='lat' dir='ltr'><strong>conquestus</strong></span> <span class='ocrx_word' id='word_1_647' title='bbox 2521 3140 2625 3197; x_wconf 85' lang='lat' dir='ltr'><strong>est,</strong></span> <span class='ocrx_word' id='word_1_648' title='bbox 2667 3132 2863 3188; x_wconf 90' lang='lat' dir='ltr'><strong>iterato</strong></span> <span class='ocrx_word' id='word_1_649' title='bbox 2903 3133 2970 3186; x_wconf 88' lang='lat' dir='ltr'><strong>ad</strong></span> <span class='ocrx_word' id='word_1_650' title='bbox 2994 3129 3256 3199; x_wconf 88' lang='lat' dir='ltr'><strong>judicium</strong></span> <span class='ocrx_word' id='word_1_651' title='bbox 3295 3146 3562 3186; x_wconf 77' lang='lat' dir='ltr'><strong>renovan-</strong></span> 
     </span>
    </p>
   </div>
   <div class='ocr_carea' id='block_1_91' title="bbox 1964 3220 3558 3295">
    <p class='ocr_par' dir='ltr' id='par_1_91' title="bbox 1964 3220 3558 3295">
     <span class='ocr_line' id='line_1_91' title="bbox 1964 3220 3558 3295; baseline -0.005 -14"><span class='ocrx_word' id='word_1_652' title='bbox 1964 3224 2092 3281; x_wconf 89' lang='lat' dir='ltr'><strong>dum</strong></span> <span class='ocrx_word' id='word_1_653' title='bbox 2117 3224 2386 3295; x_wconf 82' lang='lat' dir='ltr'><strong>dirigitur,</strong></span> <span class='ocrx_word' id='word_1_654' title='bbox 2411 3232 2467 3278; x_wconf 92' lang='lat' dir='ltr'><strong>et</strong></span> <span class='ocrx_word' id='word_1_655' title='bbox 2489 3222 2592 3280; x_wconf 91' lang='lat' dir='ltr'><strong>nisi</strong></span> <span class='ocrx_word' id='word_1_656' title='bbox 2614 3220 2901 3277; x_wconf 85' lang='lat' dir='ltr'><strong>manifesta</strong></span> <span class='ocrx_word' id='word_1_657' title='bbox 2924 3221 3025 3276; x_wconf 89' lang='lat' dir='ltr'><strong>sibi</strong></span> <span class='ocrx_word' id='word_1_658' title='bbox 3046 3220 3282 3277; x_wconf 78' lang='lat' dir='ltr'><strong>alliciant</strong></span> <span class='ocrx_word' id='word_1_659' title='bbox 3307 3220 3558 3287; x_wconf 90' lang='lat' dir='ltr'><strong>crimina,</strong></span> 
     </span>
    </p>
   </div>
   <div class='ocr_carea' id='block_1_92' title="bbox 1964 3309 3559 3383">
    <p class='ocr_par' dir='ltr' id='par_1_92' title="bbox 1964 3309 3559 3383">
     <span class='ocr_line' id='line_1_92' title="bbox 1964 3309 3559 3383; baseline -0.006 -11"><span class='ocrx_word' id='word_1_660' title='bbox 1964 3330 2075 3372; x_wconf 85' lang='lat' dir='ltr'><strong>suae</strong></span> <span class='ocrx_word' id='word_1_661' title='bbox 2097 3311 2245 3369; x_wconf 89' lang='lat' dir='ltr'><strong>reddi</strong></span> <span class='ocrx_word' id='word_1_662' title='bbox 2262 3312 2506 3369; x_wconf 64' lang='lat' dir='ltr'><strong>ecclesiis</strong></span> <span class='ocrx_word' id='word_1_663' title='bbox 2520 3312 2833 3383; x_wconf 79' lang='lat' dir='ltr'><strong>prtecipitur</strong></span> <span class='ocrx_word' id='word_1_664' title='bbox 2850 3329 2861 3365; x_wconf 94' lang='lat'>:</span> <span class='ocrx_word' id='word_1_665' title='bbox 2880 3318 3084 3382; x_wconf 88' lang='lat' dir='ltr'><strong>quanto</strong></span> <span class='ocrx_word' id='word_1_666' title='bbox 3113 3309 3559 3382; x_wconf 86' lang='lat' dir='ltr'><strong>magislgnatius,</strong></span> 
     </span>
    </p>
   </div>
   <div class='ocr_carea' id='block_1_93' title="bbox 1963 3402 3562 3479">
    <p class='ocr_par' dir='ltr' id='par_1_93' title="bbox 1963 3402 3562 3479">
     <span class='ocr_line' id='line_1_93' title="bbox 1963 3402 3562 3479; baseline -0.004 -18"><span class='ocrx_word' id='word_1_667' title='bbox 1963 3409 2055 3479; x_wconf 91' lang='lat' dir='ltr'><strong>qui</strong></span> <span class='ocrx_word' id='word_1_668' title='bbox 2081 3421 2187 3461; x_wconf 92' lang='lat' dir='ltr'><strong>non</strong></span> <span class='ocrx_word' id='word_1_669' title='bbox 2216 3420 2246 3460; x_wconf 90' lang='lat' dir='ltr'><strong>a</strong></span> <span class='ocrx_word' id='word_1_670' title='bbox 2276 3404 2607 3476; x_wconf 87' lang='lat' dir='ltr'><strong>patriarcha,</strong></span> <span class='ocrx_word' id='word_1_671' title='bbox 2634 3403 2727 3458; x_wconf 86' lang='lat' dir='ltr'><strong>sed</strong></span> <span class='ocrx_word' id='word_1_672' title='bbox 2746 3403 2861 3473; x_wconf 90' lang='lat' dir='ltr'><strong>ipse</strong></span> <span class='ocrx_word' id='word_1_673' title='bbox 2877 3403 3053 3474; x_wconf 88' lang='lat' dir='ltr'><strong>potius</strong></span> <span class='ocrx_word' id='word_1_674' title='bbox 3067 3402 3308 3457; x_wconf 74' lang='lat' dir='ltr'><strong>existens</strong></span> <span class='ocrx_word' id='word_1_675' title='bbox 3324 3402 3562 3472; x_wconf 85' lang='lat' dir='ltr'><strong>patriar-</strong></span> 
     </span>
    </p>
   </div>
   <div class='ocr_carea' id='block_1_94' title="bbox 1964 3482 3564 3567">
    <p class='ocr_par' dir='ltr' id='par_1_94' title="bbox 1964 3482 3564 3567">
     <span class='ocr_line' id='line_1_94' title="bbox 1964 3482 3564 3567; baseline -0.004 -11"><span class='ocrx_word' id='word_1_676' title='bbox 1964 3501 2066 3556; x_wconf 88' lang='lat' dir='ltr'><strong>cha</strong></span> <span class='ocrx_word' id='word_1_677' title='bbox 2090 3482 2309 3554; x_wconf 71' lang='lat' dir='ltr'><strong>minime</strong></span> <span class='ocrx_word' id='word_1_678' title='bbox 2330 3498 2512 3554; x_wconf 87' lang='lat' dir='ltr'><strong>debuit</strong></span> <span class='ocrx_word' id='word_1_679' title='bbox 2536 3496 2764 3553; x_wconf 84' lang='lat' dir='ltr'><strong>ecclesia</strong></span> <span class='ocrx_word' id='word_1_680' title='bbox 2787 3497 3002 3567; x_wconf 87' lang='lat' dir='ltr'><strong>propria</strong></span> <span class='ocrx_word' id='word_1_681' title='bbox 3030 3497 3265 3552; x_wconf 86' lang='lat' dir='ltr'><strong>inimicis</strong></span> <span class='ocrx_word' id='word_1_682' title='bbox 3284 3506 3342 3551; x_wconf 87' lang='lat' dir='ltr'><strong>et</strong></span> <span class='ocrx_word' id='word_1_683' title='bbox 3369 3512 3530 3566; x_wconf 90' lang='lat' dir='ltr'><strong>suspe</strong></span> <span class='ocrx_word' id='word_1_684' title='bbox 3545 3526 3564 3539; x_wconf 90' lang='lat'><strong>-</strong></span> 
     </span>
    </p>
   </div>
   <div class='ocr_carea' id='block_1_95' title="bbox 1964 3587 3566 3661">
    <p class='ocr_par' dir='ltr' id='par_1_95' title="bbox 1964 3587 3566 3661">
     <span class='ocr_line' id='line_1_95' title="bbox 1964 3587 3566 3661; baseline -0.003 -15"><span class='ocrx_word' id='word_1_685' title='bbox 1964 3592 2069 3647; x_wconf 87' lang='lat' dir='ltr'><strong>etis</strong></span> <span class='ocrx_word' id='word_1_686' title='bbox 2096 3590 2372 3661; x_wconf 85' lang='lat' dir='ltr'><strong>judicihus</strong></span> <span class='ocrx_word' id='word_1_687' title='bbox 2402 3590 2819 3645; x_wconf 88' lang='lat' dir='ltr'><strong>decernentibus</strong></span> <span class='ocrx_word' id='word_1_688' title='bbox 2847 3587 3174 3658; x_wconf 76' lang='lat' dir='ltr'><strong>exspoliari?</strong></span> <span class='ocrx_word' id='word_1_689' title='bbox 3196 3588 3347 3654; x_wconf 84' lang='lat' dir='ltr'><strong>Quod</strong></span> <span class='ocrx_word' id='word_1_690' title='bbox 3383 3605 3566 3657; x_wconf 80' lang='lat' dir='ltr'><strong>quam-</strong></span> 
     </span>
    </p>
   </div>
   <div class='ocr_carea' id='block_1_96' title="bbox 1966 3678 3565 3749">
    <p class='ocr_par' dir='ltr' id='par_1_96' title="bbox 1966 3678 3565 3749">
     <span class='ocr_line' id='line_1_96' title="bbox 1966 3678 3565 3749; baseline -0.003 -12"><span class='ocrx_word' id='word_1_691' title='bbox 1966 3683 2051 3738; x_wconf 85' lang='lat' dir='ltr'><strong>vis</strong></span> <span class='ocrx_word' id='word_1_692' title='bbox 2079 3682 2280 3737; x_wconf 89' lang='lat' dir='ltr'><strong>factum</strong></span> <span class='ocrx_word' id='word_1_693' title='bbox 2306 3681 2398 3746; x_wconf 86' lang='lat' dir='ltr'><strong>sit,</strong></span> <span class='ocrx_word' id='word_1_694' title='bbox 2426 3680 2597 3735; x_wconf 85' lang='lat' dir='ltr'><strong>multo</strong></span> <span class='ocrx_word' id='word_1_695' title='bbox 2627 3679 2801 3749; x_wconf 80' lang='lat' dir='ltr'><strong>magis</strong></span> <span class='ocrx_word' id='word_1_696' title='bbox 2832 3694 2993 3749; x_wconf 90' lang='lat' dir='ltr'><strong>quam</strong></span> <span class='ocrx_word' id='word_1_697' title='bbox 3020 3678 3350 3733; x_wconf 82' lang='lat' dir='ltr'><strong>Athanasius</strong></span> <span class='ocrx_word' id='word_1_698' title='bbox 3381 3678 3565 3733; x_wconf 86' lang='lat' dir='ltr'><strong>inimi-</strong></span> 
     </span>
    </p>
   </div>
   <div class='ocr_carea' id='block_1_97' title="bbox 1968 3768 3557 3841">
    <p class='ocr_par' dir='ltr' id='par_1_97' title="bbox 1968 3768 3557 3841">
     <span class='ocr_line' id='line_1_97' title="bbox 1968 3768 3557 3841; baseline -0.006 -10"><span class='ocrx_word' id='word_1_699' title='bbox 1968 3789 2157 3831; x_wconf 88' lang='lat' dir='ltr'><strong>cnrnm</strong></span> <span class='ocrx_word' id='word_1_700' title='bbox 2171 3771 2580 3840; x_wconf 88' lang='lat' dir='ltr'><strong>soltttojudicio,</strong></span> <span class='ocrx_word' id='word_1_701' title='bbox 2607 3786 2703 3827; x_wconf 80' lang='lat' dir='ltr'><strong>sua</strong></span> <span class='ocrx_word' id='word_1_702' title='bbox 2712 3769 3107 3841; x_wconf 84' lang='lat' dir='ltr'><strong>oportueratab</strong></span> <span class='ocrx_word' id='word_1_703' title='bbox 3119 3768 3351 3824; x_wconf 82' lang='lat' dir='ltr'><strong>ecclesia</strong></span> <span class='ocrx_word' id='word_1_704' title='bbox 3369 3768 3557 3837; x_wconf 86' lang='lat' dir='ltr'><strong>recipi.</strong></span> 
     </span>
    </p>
   </div>
   <div class='ocr_carea' id='block_1_98' title="bbox 2043 3858 3566 3929">
    <p class='ocr_par' dir='ltr' id='par_1_98' title="bbox 2043 3858 3566 3929">
     <span class='ocr_line' id='line_1_98' title="bbox 2043 3858 3566 3929; baseline -0.003 -12"><span class='ocrx_word' id='word_1_705' title='bbox 2043 3863 2241 3919; x_wconf 77' lang='lat' dir='ltr'><strong>Veniat</strong></span> <span class='ocrx_word' id='word_1_706' title='bbox 2268 3872 2323 3919; x_wconf 90' lang='lat' dir='ltr'><strong>et</strong></span> <span class='ocrx_word' id='word_1_707' title='bbox 2360 3861 2779 3917; x_wconf 87' lang='lat' dir='ltr'><strong>facundissimus</strong></span> <span class='ocrx_word' id='word_1_708' title='bbox 2815 3867 2997 3914; x_wconf 86' lang='lat' dir='ltr'><strong>noster</strong></span> <span class='ocrx_word' id='word_1_709' title='bbox 3027 3874 3165 3929; x_wconf 87' lang='lat' dir='ltr'><strong>papa</strong></span> <span class='ocrx_word' id='word_1_710' title='bbox 3202 3858 3451 3914; x_wconf 86' lang='lat' dir='ltr'><strong>Gelasius</strong></span> <span class='ocrx_word' id='word_1_711' title='bbox 3476 3859 3566 3929; x_wconf 76' lang='lat' dir='ltr'><strong>(in</strong></span> 
     </span>
    </p>
   </div>
   <div class='ocr_carea' id='block_1_99' title="bbox 1971 3951 3567 4022">
    <p class='ocr_par' dir='ltr' id='par_1_99' title="bbox 1971 3951 3567 4022">
     <span class='ocr_line' id='line_1_99' title="bbox 1971 3951 3567 4022; baseline -0.004 -10"><span class='ocrx_word' id='word_1_712' title='bbox 1971 3954 2379 4012; x_wconf 81' lang='lat' dir='ltr'><strong>Contmonitorio</strong></span> <span class='ocrx_word' id='word_1_713' title='bbox 2401 3954 2471 4008; x_wconf 88' lang='lat' dir='ltr'><strong>ad</strong></span> <span class='ocrx_word' id='word_1_714' title='bbox 2496 3951 2805 4021; x_wconf 83' lang='lat' dir='ltr'><strong>Faustum),</strong></span> <span class='ocrx_word' id='word_1_715' title='bbox 2829 3951 3205 4007; x_wconf 73' lang='lat' dir='ltr'><strong>luereticorum</strong></span> <span class='ocrx_word' id='word_1_716' title='bbox 3226 3960 3567 4022; x_wconf 78' lang='lat' dir='ltr'><strong>expugnator</strong></span> 
     </span>
    </p>
   </div>
   <div class='ocr_carea' id='block_1_100' title="bbox 1972 4041 3562 4113">
    <p class='ocr_par' dir='ltr' id='par_1_100' title="bbox 1972 4041 3562 4113">
     <span class='ocr_line' id='line_1_100' title="bbox 1972 4041 3562 4113; baseline -0.001 -14"><span class='ocrx_word' id='word_1_717' title='bbox 1972 4044 2321 4109; x_wconf 84' lang='lat' dir='ltr'><strong>fortissimus,</strong></span> <span class='ocrx_word' id='word_1_718' title='bbox 2363 4051 2419 4099; x_wconf 90' lang='lat' dir='ltr'><strong>et</strong></span> <span class='ocrx_word' id='word_1_719' title='bbox 2458 4042 2603 4113; x_wconf 87' lang='lat' dir='ltr'><strong>quod</strong></span> <span class='ocrx_word' id='word_1_720' title='bbox 2639 4042 2706 4097; x_wconf 89' lang='lat' dir='ltr'><strong>de</strong></span> <span class='ocrx_word' id='word_1_721' title='bbox 2752 4041 3370 4111; x_wconf 81' lang='lat' dir='ltr'><strong>Constantinopolitanis</strong></span> <span class='ocrx_word' id='word_1_722' title='bbox 3407 4056 3562 4097; x_wconf 85' lang='lat' dir='ltr'><strong>more</strong></span> 
     </span>
    </p>
   </div>
   <div class='ocr_carea' id='block_1_101' title="bbox 1974 4132 3567 4206">
    <p class='ocr_par' dir='ltr' id='par_1_101' title="bbox 1974 4132 3567 4206">
     <span class='ocr_line' id='line_1_101' title="bbox 1974 4132 3567 4206; baseline -0.003 -12"><span class='ocrx_word' id='word_1_723' title='bbox 1974 4137 2131 4194; x_wconf 89' lang='lat' dir='ltr'><strong>solito</strong></span> <span class='ocrx_word' id='word_1_724' title='bbox 2153 4145 2283 4191; x_wconf 91' lang='lat' dir='ltr'><strong>tunc</strong></span> <span class='ocrx_word' id='word_1_725' title='bbox 2304 4133 2692 4206; x_wconf 63' lang='lat' dir='ltr'><strong>aegrotantibus</strong></span> <span class='ocrx_word' id='word_1_726' title='bbox 2711 4132 2870 4198; x_wconf 79' lang='lat' dir='ltr'><strong>dixit,</strong></span> <span class='ocrx_word' id='word_1_727' title='bbox 2890 4133 3058 4188; x_wconf 84' lang='lat' dir='ltr'><strong>etiam</strong></span> <span class='ocrx_word' id='word_1_728' title='bbox 3084 4132 3242 4191; x_wconf 87' lang='lat' dir='ltr'><strong>nobis</strong></span> <span class='ocrx_word' id='word_1_729' title='bbox 3260 4133 3526 4189; x_wconf 85' lang='lat' dir='ltr'><strong>edisserat</strong></span> <span class='ocrx_word' id='word_1_730' title='bbox 3550 4150 3567 4190; x_wconf 90' lang='lat'><strong>:</strong></span> 
     </span>
    </p>
   </div>
   <div class='ocr_carea' id='block_1_102' title="bbox 1974 4223 3572 4297">
    <p class='ocr_par' dir='ltr' id='par_1_102' title="bbox 1974 4223 3572 4297">
     <span class='ocr_line' id='line_1_102' title="bbox 1974 4223 3572 4297; baseline 0.001 -17"><span class='ocrx_word' id='word_1_731' title='bbox 1974 4229 2189 4296; x_wconf 64' lang='lat' dir='ltr'><strong>Quaero,</strong></span> <span class='ocrx_word' id='word_1_732' title='bbox 2234 4226 2430 4297; x_wconf 88' lang='lat' dir='ltr'><strong>inquit,</strong></span> <span class='ocrx_word' id='word_1_733' title='bbox 2470 4234 2649 4281; x_wconf 87' lang='lat' dir='ltr'><strong>tamen</strong></span> <span class='ocrx_word' id='word_1_734' title='bbox 2703 4225 2772 4280; x_wconf 83' lang='lat' dir='ltr'><strong>ab</strong></span> <span class='ocrx_word' id='word_1_735' title='bbox 2813 4225 2897 4280; x_wconf 89' lang='lat' dir='ltr'><strong>his</strong></span> <span class='ocrx_word' id='word_1_736' title='bbox 2926 4223 3214 4293; x_wconf 78' lang='lat' dir='ltr'><strong>judicium,</strong></span> <span class='ocrx_word' id='word_1_737' title='bbox 3248 4226 3394 4295; x_wconf 89' lang='lat' dir='ltr'><strong>quod</strong></span> <span class='ocrx_word' id='word_1_738' title='bbox 3432 4240 3572 4295; x_wconf 71' lang='lat' dir='ltr'><strong>pne-</strong></span> 
     </span>
    </p>
   </div>
   <div class='ocr_carea' id='block_1_103' title="bbox 1976 4316 3571 4388">
    <p class='ocr_par' dir='ltr' id='par_1_103' title="bbox 1976 4316 3571 4388">
     <span class='ocr_line' id='line_1_103' title="bbox 1976 4316 3571 4388; baseline -0.003 -13"><span class='ocrx_word' id='word_1_739' title='bbox 1976 4320 2226 4386; x_wconf 88' lang='lat' dir='ltr'><strong>tendunt,</strong></span> <span class='ocrx_word' id='word_1_740' title='bbox 2266 4318 2484 4374; x_wconf 84' lang='lat' dir='ltr'><strong>ubinam</strong></span> <span class='ocrx_word' id='word_1_741' title='bbox 2540 4317 2712 4388; x_wconf 88' lang='lat' dir='ltr'><strong>possit</strong></span> <span class='ocrx_word' id='word_1_742' title='bbox 2754 4316 2974 4388; x_wconf 86' lang='lat' dir='ltr'><strong>agitari,</strong></span> <span class='ocrx_word' id='word_1_743' title='bbox 3013 4331 3082 4372; x_wconf 85' lang='lat' dir='ltr'><strong>an</strong></span> <span class='ocrx_word' id='word_1_744' title='bbox 3116 4317 3259 4385; x_wconf 84' lang='lat' dir='ltr'><strong>apud</strong></span> <span class='ocrx_word' id='word_1_745' title='bbox 3298 4319 3463 4387; x_wconf 84' lang='lat' dir='ltr'><strong>ipsos,</strong></span> <span class='ocrx_word' id='word_1_746' title='bbox 3507 4325 3571 4371; x_wconf 83' lang='lat' dir='ltr'><strong>nt</strong></span> 
     </span>
    </p>
   </div>
   <div class='ocr_carea' id='block_1_104' title="bbox 1978 4405 3574 4476">
    <p class='ocr_par' dir='ltr' id='par_1_104' title="bbox 1978 4405 3574 4476">
     <span class='ocr_line' id='line_1_104' title="bbox 1978 4405 3574 4476; baseline -0.004 -12"><span class='ocrx_word' id='word_1_747' title='bbox 1978 4410 2141 4466; x_wconf 88' lang='lat' dir='ltr'><strong>iidem</strong></span> <span class='ocrx_word' id='word_1_748' title='bbox 2170 4410 2280 4465; x_wconf 86' lang='lat' dir='ltr'><strong>sint</strong></span> <span class='ocrx_word' id='word_1_749' title='bbox 2311 4408 2707 4464; x_wconf 85' lang='lat' dir='ltr'><strong>inimici’testes</strong></span> <span class='ocrx_word' id='word_1_750' title='bbox 2730 4415 2789 4464; x_wconf 88' lang='lat' dir='ltr'><strong>et</strong></span> <span class='ocrx_word' id='word_1_751' title='bbox 2804 4405 3061 4476; x_wconf 86' lang='lat' dir='ltr'><strong>judices?</strong></span> <span class='ocrx_word' id='word_1_752' title='bbox 3090 4405 3199 4461; x_wconf 87' lang='lat' dir='ltr'><strong>Sed</strong></span> <span class='ocrx_word' id='word_1_753' title='bbox 3223 4414 3281 4460; x_wconf 92' lang='lat' dir='ltr'><strong>et</strong></span> <span class='ocrx_word' id='word_1_754' title='bbox 3308 4406 3400 4459; x_wconf 88' lang='lat' dir='ltr'><strong>tali</strong></span> <span class='ocrx_word' id='word_1_755' title='bbox 3426 4405 3574 4475; x_wconf 79' lang='lat' dir='ltr'><strong>judi-</strong></span> 
     </span>
    </p>
   </div>
   <div class='ocr_carea' id='block_1_105' title="bbox 1978 4482 3572 4567">
    <p class='ocr_par' dir='ltr' id='par_1_105' title="bbox 1978 4482 3572 4567">
     <span class='ocr_line' id='line_1_105' title="bbox 1978 4482 3572 4567; baseline -0.004 -10"><span class='ocrx_word' id='word_1_756' title='bbox 1978 4504 2064 4557; x_wconf 90' lang='lat' dir='ltr'><strong>cio</strong></span> <span class='ocrx_word' id='word_1_757' title='bbox 2114 4515 2216 4559; x_wconf 89' lang='lat' dir='ltr'><strong>nec</strong></span> <span class='ocrx_word' id='word_1_758' title='bbox 2261 4501 2498 4556; x_wconf 89' lang='lat' dir='ltr'><strong>humana</strong></span> <span class='ocrx_word' id='word_1_759' title='bbox 2527 4499 2726 4557; x_wconf 84' lang='lat' dir='ltr'><strong>debent</strong></span> <span class='ocrx_word' id='word_1_760' title='bbox 2769 4482 3035 4554; x_wconf 77' lang='lat' dir='ltr'><strong>committi</strong></span> <span class='ocrx_word' id='word_1_761' title='bbox 3065 4496 3279 4567; x_wconf 88' lang='lat' dir='ltr'><strong>negotia</strong></span> <span class='ocrx_word' id='word_1_762' title='bbox 3311 4513 3325 4548; x_wconf 94' lang='lat'><strong>:</strong></span> <span class='ocrx_word' id='word_1_763' title='bbox 3353 4495 3496 4565; x_wconf 85' lang='lat' dir='ltr'><strong>quod</strong></span> <span class='ocrx_word' id='word_1_764' title='bbox 3521 4493 3572 4550; x_wconf 86' lang='lat' dir='ltr'><strong>si</strong></span> 
     </span>
    </p>
   </div>
   <div class='ocr_carea' id='block_1_106' title="bbox 1975 4587 3574 4664">
    <p class='ocr_par' dir='ltr' id='par_1_106' title="bbox 1975 4587 3574 4664">
     <span class='ocr_line' id='line_1_106' title="bbox 1975 4587 3574 4664; baseline -0.006 -14"><span class='ocrx_word' id='word_1_765' title='bbox 1975 4593 2181 4664; x_wconf 89' lang='lat' dir='ltr'><strong>judicio</strong></span> <span class='ocrx_word' id='word_1_766' title='bbox 2208 4593 2299 4649; x_wconf 91' lang='lat' dir='ltr'><strong>ubi</strong></span> <span class='ocrx_word' id='word_1_767' title='bbox 2339 4592 2503 4648; x_wconf 88' lang='lat' dir='ltr'><strong>iidem</strong></span> <span class='ocrx_word' id='word_1_768' title='bbox 2545 4600 2672 4648; x_wconf 86' lang='lat' dir='ltr'><strong>sunt</strong></span> <span class='ocrx_word' id='word_1_769' title='bbox 2713 4590 2921 4646; x_wconf 87' lang='lat' dir='ltr'><strong>inimici</strong></span> <span class='ocrx_word' id='word_1_770' title='bbox 2961 4590 3054 4659; x_wconf 90' lang='lat' dir='ltr'><strong>qui</strong></span> <span class='ocrx_word' id='word_1_771' title='bbox 3087 4587 3319 4660; x_wconf 83' lang='lat' dir='ltr'><strong>judices,</strong></span> <span class='ocrx_word' id='word_1_772' title='bbox 3346 4602 3446 4642; x_wconf 85' lang='lat' dir='ltr'><strong>nec</strong></span> <span class='ocrx_word' id='word_1_773' title='bbox 3472 4587 3574 4642; x_wconf 86' lang='lat' dir='ltr'><strong>hu-</strong></span> 
     </span>
    </p>
   </div>
   <div class='ocr_carea' id='block_1_107' title="bbox 1983 4679 3568 4753">
    <p class='ocr_par' dir='ltr' id='par_1_107' title="bbox 1983 4679 3568 4753">
     <span class='ocr_line' id='line_1_107' title="bbox 1983 4679 3568 4753; baseline -0.005 -11"><span class='ocrx_word' id='word_1_774' title='bbox 1983 4702 2143 4742; x_wconf 82' lang='lat' dir='ltr'><strong>mana</strong></span> <span class='ocrx_word' id='word_1_775' title='bbox 2166 4686 2365 4743; x_wconf 87' lang='lat' dir='ltr'><strong>debent</strong></span> <span class='ocrx_word' id='word_1_776' title='bbox 2385 4685 2650 4741; x_wconf 89' lang='lat' dir='ltr'><strong>committi</strong></span> <span class='ocrx_word' id='word_1_777' title='bbox 2670 4683 2904 4753; x_wconf 86' lang='lat' dir='ltr'><strong>judicia;</strong></span> <span class='ocrx_word' id='word_1_778' title='bbox 2932 4692 3136 4753; x_wconf 90' lang='lat' dir='ltr'><strong>quanto</strong></span> <span class='ocrx_word' id='word_1_779' title='bbox 3162 4680 3344 4735; x_wconf 86' lang='lat' dir='ltr'><strong>minus</strong></span> <span class='ocrx_word' id='word_1_780' title='bbox 3363 4679 3568 4743; x_wconf 77' lang='lat' dir='ltr'><strong>divina,</strong></span> 
     </span>
    </p>
   </div>
   <div class='ocr_carea' id='block_1_108' title="bbox 1985 4771 3575 4846">
    <p class='ocr_par' dir='ltr' id='par_1_108' title="bbox 1985 4771 3575 4846">
     <span class='ocr_line' id='line_1_108' title="bbox 1985 4771 3575 4846; baseline -0.006 -11"><span class='ocrx_word' id='word_1_781' title='bbox 1985 4778 2039 4835; x_wconf 93' lang='lat' dir='ltr'><strong>id</strong></span> <span class='ocrx_word' id='word_1_782' title='bbox 2070 4787 2155 4832; x_wconf 89' lang='lat' dir='ltr'><strong>est</strong></span> <span class='ocrx_word' id='word_1_783' title='bbox 2175 4776 2580 4834; x_wconf 82' lang='lat' dir='ltr'><strong>ecclesiastica?</strong></span> <span class='ocrx_word' id='word_1_784' title='bbox 2606 4776 2710 4843; x_wconf 87' lang='lat' dir='ltr'><strong>Qui</strong></span> <span class='ocrx_word' id='word_1_785' title='bbox 2737 4776 2955 4846; x_wconf 87' lang='lat' dir='ltr'><strong>sapiens</strong></span> <span class='ocrx_word' id='word_1_786' title='bbox 2984 4771 3365 4843; x_wconf 86' lang='lat' dir='ltr'><strong>estintelligat.</strong></span> <span class='ocrx_word' id='word_1_787' title='bbox 3396 4771 3464 4826; x_wconf 83' lang='lat' dir='ltr'><strong>Et</strong></span> <span class='ocrx_word' id='word_1_788' title='bbox 3488 4784 3575 4825; x_wconf 60' lang='lat' dir='ltr'><strong>re.</strong></span> 
     </span>
    </p>
   </div>
   <div class='ocr_carea' id='block_1_109' title="bbox 1984 4860 3575 4936">
    <p class='ocr_par' dir='ltr' id='par_1_109' title="bbox 1984 4860 3575 4936">
     <span class='ocr_line' id='line_1_109' title="bbox 1984 4860 3575 4936; baseline -0.004 -14"><span class='ocrx_word' id='word_1_789' title='bbox 1984 4880 2113 4925; x_wconf 82' lang='lat' dir='ltr'><strong>vera</strong></span> <span class='ocrx_word' id='word_1_790' title='bbox 2156 4866 2283 4922; x_wconf 90' lang='lat' dir='ltr'><strong>hinc</strong></span> <span class='ocrx_word' id='word_1_791' title='bbox 2328 4863 2664 4921; x_wconf 80' lang='lat' dir='ltr'><strong>Justinianus</strong></span> <span class='ocrx_word' id='word_1_792' title='bbox 2702 4865 2999 4936; x_wconf 82' lang='lat' dir='ltr'><strong>intperator</strong></span> <span class='ocrx_word' id='word_1_793' title='bbox 3044 4862 3165 4933; x_wconf 91' lang='lat' dir='ltr'><strong>pius</strong></span> <span class='ocrx_word' id='word_1_794' title='bbox 3217 4860 3426 4931; x_wconf 80' lang='lat' dir='ltr'><strong>legibus</strong></span> <span class='ocrx_word' id='word_1_795' title='bbox 3458 4860 3575 4915; x_wconf 81' lang='lat' dir='ltr'><strong>suis</strong></span> 
     </span>
    </p>
   </div>
   <div class='ocr_carea' id='block_1_110' title="bbox 1984 4950 3579 5027">
    <p class='ocr_par' dir='ltr' id='par_1_110' title="bbox 1984 4950 3579 5027">
     <span class='ocr_line' id='line_1_110' title="bbox 1984 4950 3579 5027; baseline -0.004 -16"><span class='ocrx_word' id='word_1_796' title='bbox 1984 4956 2355 5027; x_wconf 82' lang='lat' dir='ltr'><strong>promulgasse</strong></span> <span class='ocrx_word' id='word_1_797' title='bbox 2415 4954 2751 5025; x_wconf 80' lang='lat' dir='ltr'><strong>dignoscitur</strong></span> <span class='ocrx_word' id='word_1_798' title='bbox 2807 4952 2878 5023; x_wconf 86' lang='grc' dir='ltr'><strong>(Ι.</strong></span> <span class='ocrx_word' id='word_1_799' title='bbox 2925 4951 3296 5022; x_wconf 82' lang='lat' dir='ltr'><strong>Apertissime,</strong></span> <span class='ocrx_word' id='word_1_800' title='bbox 3344 4950 3465 5005; x_wconf 87' lang='lat' dir='ltr'><strong>cod.</strong></span> <span class='ocrx_word' id='word_1_801' title='bbox 3506 4950 3579 5004; x_wconf 74' lang='lat' dir='ltr'><strong>de</strong></span> 
     </span>
    </p>
   </div>
   <div class='ocr_carea' id='block_1_111' title="bbox 1982 5042 3573 5134">
    <p class='ocr_par' dir='ltr' id='par_1_111' title="bbox 1982 5042 3573 5134">
     <span class='ocr_line' id='line_1_111' title="bbox 1982 5042 3573 5134; baseline -0.005 -32"><span class='ocrx_word' id='word_1_802' title='bbox 1982 5046 2139 5119; x_wconf 75' lang='lat' dir='ltr'><strong>Iud.)</strong></span> <span class='ocrx_word' id='word_1_803' title='bbox 2170 5048 2385 5104; x_wconf 89' lang='lat' dir='ltr'><strong>dicens:</strong></span> <span class='ocrx_word' id='word_1_804' title='bbox 2415 5045 2571 5101; x_wconf 88' lang='lat' dir='ltr'><strong>Licet</strong></span> <span class='ocrx_word' id='word_1_805' title='bbox 2591 5043 2780 5134; x_wconf 35' lang='grc' dir='ltr'><strong>εἰκαιιί</strong></span> <span class='ocrx_word' id='word_1_806' title='bbox 2802 5051 3113 5115; x_wconf 85' lang='lat' dir='ltr'><strong>suspectum</strong></span> <span class='ocrx_word' id='word_1_807' title='bbox 3138 5042 3374 5134; x_wconf 85' lang='lat' dir='ltr'><strong>jutlicem</strong></span> <span class='ocrx_word' id='word_1_808' title='bbox 3397 5049 3573 5134; x_wconf 79' lang='lat' dir='ltr'><strong>putat,</strong></span> 
     </span>
    </p>
   </div>
   <div class='ocr_carea' id='block_1_112' title="bbox 1985 5131 3574 5208">
    <p class='ocr_par' dir='ltr' id='par_1_112' title="bbox 1985 5131 3574 5208">
     <span class='ocr_line' id='line_1_112' title="bbox 1985 5131 3574 5208; baseline -0.004 -15"><span class='ocrx_word' id='word_1_809' title='bbox 1985 5148 2276 5208; x_wconf 88' lang='lat' dir='ltr'><strong>antequam</strong></span> <span class='ocrx_word' id='word_1_810' title='bbox 2318 5138 2385 5193; x_wconf 91' lang='lat' dir='ltr'><strong>lis</strong></span> <span class='ocrx_word' id='word_1_811' title='bbox 2414 5131 2719 5202; x_wconf 82' lang='lat' dir='ltr'><strong>inchoetur,</strong></span> <span class='ocrx_word' id='word_1_812' title='bbox 2746 5150 2873 5190; x_wconf 88' lang='lat' dir='ltr'><strong>eum</strong></span> <span class='ocrx_word' id='word_1_813' title='bbox 2910 5147 3186 5199; x_wconf 84' lang='lat' dir='ltr'><strong>recusare,</strong></span> <span class='ocrx_word' id='word_1_814' title='bbox 3218 5142 3276 5188; x_wconf 86' lang='lat' dir='ltr'><strong>ut</strong></span> <span class='ocrx_word' id='word_1_815' title='bbox 3313 5133 3379 5187; x_wconf 86' lang='lat' dir='ltr'><strong>ad</strong></span> <span class='ocrx_word' id='word_1_816' title='bbox 3408 5131 3574 5187; x_wconf 87' lang='lat' dir='ltr'><strong>alium</strong></span> 
     </span>
    </p>
   </div>
   <div class='ocr_carea' id='block_1_113' title="bbox 1985 5225 3574 5297">
    <p class='ocr_par' dir='ltr' id='par_1_113' title="bbox 1985 5225 3574 5297">
     <span class='ocr_line' id='line_1_113' title="bbox 1985 5225 3574 5297; baseline -0.002 -16"><span class='ocrx_word' id='word_1_817' title='bbox 1985 5236 2318 5283; x_wconf 87' lang='lat' dir='ltr'><strong>recurratur.</strong></span> <span class='ocrx_word' id='word_1_818' title='bbox 2341 5226 2478 5282; x_wconf 86' lang='lat' dir='ltr'><strong>Nam</strong></span> <span class='ocrx_word' id='word_1_819' title='bbox 2501 5226 2897 5297; x_wconf 87' lang='lat' dir='ltr'><strong>quodammodo</strong></span> <span class='ocrx_word' id='word_1_820' title='bbox 2919 5225 3171 5280; x_wconf 81' lang='lat' dir='ltr'><strong>naturale</strong></span> <span class='ocrx_word' id='word_1_821' title='bbox 3192 5234 3277 5281; x_wconf 91' lang='lat' dir='ltr'><strong>est</strong></span> <span class='ocrx_word' id='word_1_822' title='bbox 3296 5231 3574 5294; x_wconf 55' lang='lat' dir='ltr'><strong>suspecto.</strong></span> 
     </span>
    </p>
   </div>
   <div class='ocr_carea' id='block_1_114' title="bbox 1984 5315 3573 5386">
    <p class='ocr_par' dir='ltr' id='par_1_114' title="bbox 1984 5315 3573 5386">
     <span class='ocr_line' id='line_1_114' title="bbox 1984 5315 3573 5386; baseline -0.001 -14"><span class='ocrx_word' id='word_1_823' title='bbox 1984 5334 2104 5372; x_wconf 88' lang='lat' dir='ltr'><strong>runt</strong></span> <span class='ocrx_word' id='word_1_824' title='bbox 2125 5316 2368 5386; x_wconf 89' lang='lat' dir='ltr'><strong>judicum</strong></span> <span class='ocrx_word' id='word_1_825' title='bbox 2398 5318 2621 5373; x_wconf 88' lang='lat' dir='ltr'><strong>insidias</strong></span> <span class='ocrx_word' id='word_1_826' title='bbox 2650 5317 2945 5382; x_wconf 85' lang='lat' dir='ltr'><strong>declinare,</strong></span> <span class='ocrx_word' id='word_1_827' title='bbox 2979 5326 3035 5372; x_wconf 88' lang='lat' dir='ltr'><strong>et</strong></span> <span class='ocrx_word' id='word_1_828' title='bbox 3061 5316 3404 5373; x_wconf 87' lang='lat' dir='ltr'><strong>inimicorum</strong></span> <span class='ocrx_word' id='word_1_829' title='bbox 3423 5315 3573 5386; x_wconf 66' lang='lat' dir='ltr'><strong>jttdi~</strong></span> 
     </span>
    </p>
   </div>
   <div class='ocr_carea' id='block_1_115' title="bbox 1985 5407 3575 5480">
    <p class='ocr_par' dir='ltr' id='par_1_115' title="bbox 1985 5407 3575 5480">
     <span class='ocr_line' id='line_1_115' title="bbox 1985 5407 3575 5480; baseline 0.001 -15"><span class='ocrx_word' id='word_1_830' title='bbox 1985 5410 2131 5465; x_wconf 89' lang='lat' dir='ltr'><strong>cium</strong></span> <span class='ocrx_word' id='word_1_831' title='bbox 2154 5424 2370 5479; x_wconf 88' lang='lat' dir='ltr'><strong>semper</strong></span> <span class='ocrx_word' id='word_1_832' title='bbox 2388 5409 2525 5464; x_wconf 86' lang='lat' dir='ltr'><strong>velle</strong></span> <span class='ocrx_word' id='word_1_833' title='bbox 2550 5408 2817 5480; x_wconf 87' lang='lat' dir='ltr'><strong>refugere.</strong></span> <span class='ocrx_word' id='word_1_834' title='bbox 2845 5409 2981 5465; x_wconf 86' lang='lat' dir='ltr'><strong>Hinc</strong></span> <span class='ocrx_word' id='word_1_835' title='bbox 3001 5418 3222 5465; x_wconf 78' lang='lat' dir='ltr'><strong>sanctus</strong></span> <span class='ocrx_word' id='word_1_836' title='bbox 3242 5407 3575 5467; x_wconf 57' lang='lat' dir='ltr'><strong>Athanasii:</strong></span> 
     </span>
    </p>
   </div>
   <div class='ocr_carea' id='block_1_116' title="bbox 1985 5503 3575 5572">
    <p class='ocr_par' dir='ltr' id='par_1_116' title="bbox 1985 5503 3575 5572">
     <span class='ocr_line' id='line_1_116' title="bbox 1985 5503 3575 5572; baseline -0.001 -15"><span class='ocrx_word' id='word_1_837' title='bbox 1985 5503 2328 5558; x_wconf 88' lang='lat' dir='ltr'><strong>inimicorum</strong></span> <span class='ocrx_word' id='word_1_838' title='bbox 2370 5518 2509 5572; x_wconf 64' lang='lat' dir='ltr'><strong>saepe</strong></span> <span class='ocrx_word' id='word_1_839' title='bbox 2549 5503 2840 5559; x_wconf 86' lang='lat' dir='ltr'><strong>declinavit</strong></span> <span class='ocrx_word' id='word_1_840' title='bbox 2879 5504 3147 5559; x_wconf 84' lang='lat' dir='ltr'><strong>insidias:</strong></span> <span class='ocrx_word' id='word_1_841' title='bbox 3188 5503 3312 5558; x_wconf 88' lang='lat' dir='ltr'><strong>hittc</strong></span> <span class='ocrx_word' id='word_1_842' title='bbox 3350 5509 3575 5556; x_wconf 75' lang='lat' dir='ltr'><strong>sanctos</strong></span> 
     </span>
    </p>
   </div>
   <div class='ocr_carea' id='block_1_117' title="bbox 1985 5590 3576 5663">
    <p class='ocr_par' dir='ltr' id='par_1_117' title="bbox 1985 5590 3576 5663">
     <span class='ocr_line' id='line_1_117' title="bbox 1985 5590 3576 5663; baseline -0.004 -13"><span class='ocrx_word' id='word_1_843' title='bbox 1985 5593 2221 5650; x_wconf 82' lang='lat' dir='ltr'><strong>Joannes</strong></span> <span class='ocrx_word' id='word_1_844' title='bbox 2249 5609 2310 5649; x_wconf 89' lang='lat' dir='ltr'><strong>os</strong></span> <span class='ocrx_word' id='word_1_845' title='bbox 2344 5609 2566 5649; x_wconf 82' lang='lat' dir='ltr'><strong>aureum</strong></span> <span class='ocrx_word' id='word_1_846' title='bbox 2600 5595 2815 5650; x_wconf 89' lang='lat' dir='ltr'><strong>concilii</strong></span> <span class='ocrx_word' id='word_1_847' title='bbox 2843 5604 3031 5651; x_wconf 89' lang='lat' dir='ltr'><strong>contra</strong></span> <span class='ocrx_word' id='word_1_848' title='bbox 3056 5609 3117 5650; x_wconf 87' lang='lat' dir='ltr'><strong>se</strong></span> <span class='ocrx_word' id='word_1_849' title='bbox 3150 5590 3459 5663; x_wconf 81' lang='lat' dir='ltr'><strong>congregati</strong></span> <span class='ocrx_word' id='word_1_850' title='bbox 3489 5604 3576 5644; x_wconf 86' lang='lat' dir='ltr'><strong>ro-</strong></span> 
     </span>
    </p>
   </div>
   <div class='ocr_carea' id='block_1_118' title="bbox 1986 5681 3572 5755">
    <p class='ocr_par' dir='ltr' id='par_1_118' title="bbox 1986 5681 3572 5755">
     <span class='ocr_line' id='line_1_118' title="bbox 1986 5681 3572 5755; baseline -0.003 -16"><span class='ocrx_word' id='word_1_851' title='bbox 1986 5686 2103 5739; x_wconf 90' lang='lat' dir='ltr'><strong>nuit</strong></span> <span class='ocrx_word' id='word_1_852' title='bbox 2144 5684 2348 5739; x_wconf 90' lang='lat' dir='ltr'><strong>intrare</strong></span> <span class='ocrx_word' id='word_1_853' title='bbox 2378 5684 2685 5755; x_wconf 84' lang='lat' dir='ltr'><strong>collegium.</strong></span> <span class='ocrx_word' id='word_1_854' title='bbox 2716 5686 2970 5752; x_wconf 86' lang='lat' dir='ltr'><strong>Quinitno</strong></span> <span class='ocrx_word' id='word_1_855' title='bbox 3001 5686 3125 5740; x_wconf 87' lang='lat' dir='ltr'><strong>hinc</strong></span> <span class='ocrx_word' id='word_1_856' title='bbox 3158 5682 3432 5753; x_wconf 84' lang='lat' dir='ltr'><strong>psalmista</strong></span> <span class='ocrx_word' id='word_1_857' title='bbox 3464 5681 3572 5735; x_wconf 83' lang='lat' dir='ltr'><strong>Da-</strong></span> 
     </span>
    </p>
   </div>
   <div class='ocr_carea' id='block_1_119' title="bbox 1986 5768 3579 5848">
    <p class='ocr_par' dir='ltr' id='par_1_119' title="bbox 1986 5768 3579 5848">
     <span class='ocr_line' id='line_1_119' title="bbox 1986 5768 3579 5848; baseline -0.002 -20"><span class='ocrx_word' id='word_1_858' title='bbox 1986 5776 2098 5841; x_wconf 87' lang='lat' dir='ltr'><strong>vid,</strong></span> <span class='ocrx_word' id='word_1_859' title='bbox 2139 5785 2194 5832; x_wconf 80' lang='grc' dir='ltr'><strong>ει</strong></span> <span class='ocrx_word' id='word_1_860' title='bbox 2221 5776 2365 5832; x_wconf 77' lang='lat' dir='ltr'><strong>Elius</strong></span> <span class='ocrx_word' id='word_1_861' title='bbox 2389 5777 2623 5834; x_wconf 76' lang='lat' dir='ltr'><strong>eximius</strong></span> <span class='ocrx_word' id='word_1_862' title='bbox 2651 5779 3032 5848; x_wconf 85' lang='lat' dir='ltr'><strong>prophetarum</strong></span> <span class='ocrx_word' id='word_1_863' title='bbox 3069 5773 3247 5830; x_wconf 79' lang='lat' dir='ltr'><strong>Saulis</strong></span> <span class='ocrx_word' id='word_1_864' title='bbox 3277 5773 3356 5829; x_wconf 74' lang='lat' dir='ltr'><strong>vel</strong></span> <span class='ocrx_word' id='word_1_865' title='bbox 3387 5768 3579 5836; x_wconf 62' lang='lat' dir='ltr'><strong>Achab</strong></span> 
     </span>
    </p>
   </div>
  </div>
