4050 6324
830 298 863 324 κ

542 330 683 412 935'

1905 336 2174 395 NICOth
2206 333 2405 393 PAPJE
2439 328 2460 388 ἰ
2516 369 2523 375 -
2599 368 2610 376 -

3746 333 3881 391 936

544 442 1405 544 refugiuutprorsusinsaniam”
1424 463 1548 534 Reg.
1569 478 1681 517 χιιι
1703 461 1825 527 ;ΙΙΙ
1844 461 1968 533 Reg.
1987 442 2123 532 rm).
2155 467 2201 524 Α
2230 460 2422 515 buerat
2446 444 2561 528 ipse
2589 459 2993 512 removendum.
3017 455 3149 511 [tem
3178 455 3319 511 idem
3348 455 3414 509 ad
3439 450 3661 509 clerum
3691 451 3877 508 Con-

615 563 767 630 Quod
809 569 988 631 autem
1019 544 1075 613 hi
1116 556 1207 627 qui
1249 570 1278 609 τι
1315 555 1428 624 jam
1474 554 1587 608 fato
1616 553 1786 607 fratre
1817 563 1871 608 et
1898 551 2129 635 commit

544 655 719 710 nistro
765 661 950 707 nostro
982 648 1189 717 lgnatio
1236 644 1485 716 depositi,
1536 642 2010 706 excommunicati,
2042 641 2126 696 vel

547 741 988 802 anathematizati
1025 739 1266 801 fuerant,
1306 737 1506 791 nullam
1523 736 1793 813 adversus
1810 749 1937 809 eum
1961 732 2127 787 iuer

544 850 711 907 querc
746 830 1141 888 damnationem
1184 814 1477 898 potuerint,
1521 840 1589 879 ex
1627 823 1837 895 prolato
1874 820 2129 876 secundas

543 924 864 983 universalis
903 922 1093 994 synodi
1142 921 1376 991 capitulo
1411 919 1737 980 declaratur,
1772 933 1898 972 cum
1929 915 2128 971 dicitur

543 1023 680 1090 (cap.
711 1018 767 1087 6)
795 1032 818 1081 ε⁴
840 1013 895 1068 Si
927 1028 1055 1068 vero
1078 1004 1507 1068 ecclesiaSticum
1530 1008 1698 1085 fuerit
1727 1007 1956 1069 crimen,
1981 1003 2127 1074 quod

538 1110 792 1179 episcopo
813 1094 1018 1159 illatum
1042 1103 1333 1167 eXstiterit,
1357 1096 1721 1179 tuucprobari
1737 1104 1951 1178 oportet
1972 1108 2127 1151 aecus

538 1197 775 1252 sautium
828 1186 1127 1265 personas,
1159 1188 1219 1245 ut
1261 1191 1435 1260 primo
1469 1186 1686 1260 quidem
1719 1186 1988 1243 haereticis
2017 1188 2131 1241 non

537 1288 699 1342 liceat
729 1285 1099 1340 accusationes
1139 1291 1328 1338 contra
1354 1280 1680 1335 orthodoxos
1714 1279 1996 1348 episcopos
2026 1270 2130 1346 pro

538 1375 923 1434 ecclesiasticis
967 1372 1198 1443 negotiis
1231 1372 1437 1447 facere;
1465 1370 1671 1447 sedne
1713 1371 1811 1425 hos
1839 1368 2124 1424 haereticos

536 1481 658 1523 esse
699 1454 992 1535 denegetis,
1027 1464 1209 1518 audite
1238 1462 1542 1534 sequentia.
1587 1457 2132 1537 Harrcticos-autem,‘

538 1557 809 1625 inquiunt,
859 1556 1088 1610 dicimus
1137 1562 1245 1608 tam
1300 1568 1413 1616 eos,
1465 1551 1555 1621 qui
1603 1549 1729 1604 olim
1772 1549 1842 1604 ab
1880 1548 2134 1602 Ecclesia‘

535 1645 763 1717 projecti
791 1648 915 1699 sunt
949 1658 1112 1715 quam
1143 1643 1235 1714 qui
1263 1651 1382 1716 post
1414 1642 1529 1697 haec
1563 1655 1593 1695 a
1625 1640 1781 1695 nobis
1810 1640 2131 1694 anathema-‘

538 1737 687 1791 tizati
717 1743 861 1791 sunt.
912 1735 1083 1790 Porro
1109 1721 1171 1790 "si
1214 1726 1390 1790 adhuc
1420 1749 1521 1789 uec
1560 1733 1640 1788 sic
1667 1731 1908 1796 creditis,
1940 1731 2121 1787 audite

2233 552 2767 622 stantinOpulitannm
2793 561 2977 622 aperte
2998 552 3171 622 inquit
3190 552 3292 622 (ep.
3318 550 3374 623 ι)
3400 565 3415 605 :
3440 549 3607 604 Sedis
3633 559 3879 603 nostra

2233 643 2413 697 sanxit
2447 642 2764 706 auctoritas,
2795 642 2999 696 nullum
3024 642 3140 697 sive
3165 640 3502 711 episcopum,
3528 640 3653 693 sive
3679 639 3875 693 cleri—

2233 744 2379 796 cum,
2430 734 2541 786 seu‘
2573 731 2909 803 professione
2955 732 3158 802 aliqua
3192 731 3596 793 Christianum,
3654 731 3763 799 qui
3830 746 3869 784 ι

2230 821 2498 884 Nestorio,
2543 823 2625 876 vel
2667 822 2783 890 ejus
2811 821 3097 886 similibus,
3132 836 3198 877 ex
3226 836 3335 892 quo
3369 821 3495 874 talia
3522 821 3871 890 pnedicare

2231 907 2532 981 coeperunt,
2561 912 2643 967 vel
2666 911 2786 967 loco
2805 926 2925 976 suo,
2949 911 3033 966 vel
3053 913 3433 967 communione
3454 912 3660 980 deiecti
3685 908 3861 974 sunt,

2230 1005 2316 1061 vel
2363 996 2657 1075 deiectum,
2696 1005 2779 1062 vel
2824 990 3352 1060 excomuwnicatum
3388 1004 3562 1059 videri
3596 1022 3615 1057 :
3648 1004 3757 1058 sed
3797 1003 3863 1057 hi

2231 1110 2421 1151 omnes
2457 1098 2508 1149 in
2536 1106 2719 1151 nostra
2743 1097 3120 1150 colnmunione
3142 1104 3199 1150 et
3225 1094 3521 1150 fueruntet
3544 1095 3863 1164 hucusque

2230 1186 2569 1256 perdurant:
2602 1188 2745 1257 quia
2780 1188 3052 1243 neminem
3100 1187 3186 1242 vel
3232 1186 3485 1257 dejicere,
3525 1187 3615 1243 vel
3658 1192 3861 1242 remo-

2231 1263 2357 1331 vere
2386 1262 2613 1347 poterat,
2650 1262 3067 1348 qui'praedicans
3091 1264 3217 1333 talia
3247 1278 3552 1334 animum;

2300 1366 2737 1432 lntellexistisne,
2774 1367 3089 1437 imperator,
3125 1383 3193 1423 ex
3228 1352 3474 1439 superius
3502 1370 3855 1424 memoratis

2232 1471 2338 1510 non
2355 1456 2620 1524 potuisse,
2646 1465 2831 1512 utnon
2854 1458 3098 1514 dicamus
3118 1458 3396 1528 praelatum
3420 1474 3602 1526 suum,
3630 1460 3848 1516 saltem

2229 1530 2525 1615 quemlibet
2559 1561 2856 1611 removere,
2893 1549 2985 1619 qui
3026 1548 3243 1603 fuerant
3276 1548 3409 1604 olim
3454 1550 3559 1619 ipsi
3606 1552 3848 1614 remoti,

2230 1640 2330 1695 nec
2352 1639 2587 1709 dejicere
2613 1644 2939 1719 quemquam
2956 1639 3072 1719 jam
3097 1650 3224 1719 ante
3250 1628 3655 1719 prostrauiAd
3683 1643 3848 1697 infir-

2230 1730 2483 1783 mandam
2535 1717 2758 1800 quoque,
2804 1715 3597 1797 sententia'm'damnamrum,
3662 1735 3844 1789 etiam

539 1828 684 1897 quod
714 1827 961 1883 subditur
989 1846 1002 1881 :
1030 1826 1233 1882 Praeter
1259 1829 1360 1884 hos
1389 1836 1587 1901 autem,
1616 1827 1797 1891 aiunt,
1818 1814 1995 1900 etleos
2032 1824 2135 1894 qui-
2155 1814 2201 1874 Β
2228 1804 2357 1875 illud
2384 1821 2564 1877 valere
2599 1824 2891 1889 credimus,
2921 1824 3065 1894 quod
3090 1836 3279 1881 sancta
3307 1827 3549 1896 synodus
3584 1827 3659 1881 ad
3700 1842 3844 1896 pra:-

540 1918 700 1973 fldem
724 1912 937 1987 quidem
960 1908 1146 1972 sanam
1171 1910 1428 1972 simulant
1444 1910 2132 1972 conﬁteri.'Schismatieos’
2163 1973 2171 1981 _

538 2010 723 2077 etiam,
749 2020 805 2065 et
832 2026 924 2066 eos
953 2010 1046 2079 qui
1074 2024 1314 2065 seorsum
1353 2023 1384 2062 a
1411 2009 1935 2064 communicantibus
1968 2009 2125 2064 nobis

536 2102 803 2172 episcopis
825 2090 1076 2173 collectas
1095 2093 1329 2179 faciunt;
1350 2100 1556 2179 Deinde
1579 2116 1728 2177 vero,
1751 2113 1808 2157 et
1835 2102 1879 2156 si
1904 2101 2124 2172 quidam

537 2190 606 2246 ab
640 2194 880 2248 Ecclesia
911 2208 1074 2264 super
1103 2178 1284 2247 causis
1309 2178 1629 2263 quibuSdam
1670 2180 1982 2262 reprehensi
2013 2190 2136 2249 fue-'

535 2292 683 2347 runt,
723 2291 777 2336 et
817 2282 1038 2353 projecti
1081 2291 1174 2336 aut
1215 2284 1663 2338 cxcommunicati
1693 2283 1808 2339 sive
1850 2282 2134 2357 ert-clero,

534 2371 650 2428 sivc
674 2387 737 2427 ex
768 2372 946 2428 laicali
968 2372 1185 2438 ordine,‘
1208 2388 1306 2428 nec
1332 2373 1416 2429 his
1442 2374 1603 2431 licere
1628 2389 1888 2431 accusare
1909 2375 2129 2445 episco-

532 2476 683 2532 pum,
716 2473 1005 2534 antequam
1041 2463 1263 2534 praprio
1292 2463 1519 2520 crimine
1549 2464 1806 2535 primitus
1832 2473 2119 2545 exuantur.

605 2552 869 2608 Similiter
893 2562 1073 2609 autem
1103 2562 1159 2609 et
1193 2569 1288 2609 eos
1323 2553 1414 2623 qui
1446 2554 1547 2609 sub
1583 2555 1929 2611 accusatione
1953 2556 2122 2636 priori

533 2647 853 2711 consistunt,
887 2662 996 2701 non
1041 2638 1162 2701 ante
1191 2661 1311 2702 esse
1344 2647 1706 2717 acceptabiles
1732 2646 1797 2702 in’
1820 2648 2130 2704 accusatio:

532 2750 656 2792 :em
677 2738 935 2807 episcopi,
961 2734 1054 2792 aut
1075 2724 1303 2793 aliorum
1324 2725 1669 2804 clericorum,
1690 2754 1849 2809 quam
1871 2734 2129 2795 innoxios

531 2815 849 2897 semetipsos
875 2826 1143 2902 illatorum
1174 2827 1275 2882 sibi
1302 2822 1638 2883 ostenderint
1661 2828 1973 2884 criminum.

596 2917 738 2984 Quid
778 2926 957 2972 autem
984 2916 1212 2987 periculi
1252 2907 1449 2990 regulae
1481 2917 1661 2990 bujus'
1682 2919 1964 2975 immineat
1990 2936 2119 2976 con-

529 2996 908 3079 temptoribus,
935 3025 1042 3064 non
1074 3010 1356 3080 ignoratis.
1384 3009 1652 3065 Praeterea
1679 3012 1804 3081 quis
1830 3012 1915 3067 de
1935 3013 2131 3069 c'Onsi-'

528 3103 799 3157 dentibus”
826 3103 1024 3157 ibidem
1055 3118 1162 3157 non
1184 3103 1269 3157 'de
1308 3090 1585 3172 prredictis
1611 3104 1821 3160 exstitit
1849 3094 2123 3162 haereticis

528 3201 693 3258 atque
740 3188 1137 3268 schismaticis?
1180 3189 1369 3248 Nonne
1403 3180 1696 3262 Gregorius
1740 3192 2117 3267 Syracusanus

527 3280 723 3335 millies
747 3272 1166 3336 condemnatus?
1185 3281 1373 3340 Nonne
1392 3283 1733 3368 Eulampius,-
1749 3284 1961 3352 Petrus,
1986 3286 2116 3342 item

529 3375 746 3441 Petrus,
768 3375 858 3447 qui
885 3391 984 3447 pro
1008 3375 1258 3434 nefandis
1286 3378 1497 3435 actibus
1518 3380 1630 3436 suis
1650 3387 1707 3435 et
1736 3368 1833 3436 ore
1854 3379 2134 3439 cenfessis‘

530 3460 965 3548 depositionem,'
995 3468 1208 3547 deinde.
1237 3470 1524 3549 anathema
1562 3472 1900 3549 inciderunt?
1930 3481 1987 3529 et
2021 3473 2115 3530 alii

527 3572 665 3627 quos
709 3572 970 3614 enarrare
1004 3558 1376 3631 longissimum
1426 3570 1529 3617 est.
1567 3548 1722 3641 Ecce
1746 3564 2129 3641 aqualesiuter'

527 3659 755 3708 caeteros
778 3660 953 3715 erant,
983 3652 1075 3721 qui
1106 3661 1295 3707 contra
1321 3651 1598 3724 praefatam
1631 3656 1871 3727 regulam
1895 3656 2124 3715 centum"

524 3740 913 3824 quinquaginta
940 3741 1287 3815 Patrum,'os_
1302 3753 1490 3824 contra
1514 3748 1880 3824 venerandum
1906 3757 2116 3819 patrem

524 3848 681 3887 sumo
718 3817 933 3902 aperire
960 3847 1065 3888 non
1097 3826 1222 3887 sunt
1246 3817 1482 3890 reveriti.
1513 3817 1579 3890 Et
1611 3853 1733 3893 cum
1756 3817 1939 3894 essent
1965 3835 2116 3910 ligati

522 3922 726 3995 ligare;
754 3931 807 3977 et
835 3937 957 3977 cum
985 3932 1167 3979 essent
1195 3928 1416 3990 mortui,
1444 3934 1500 3981 et
1527 3926 1589 3982 in‘
1610 3926 2116 3999 s'uispenetralibus

522 4013 636 4084 jam
685 4011 1082 4075 fetidiyvirum
1130 4029 1227 4083 per
1275 4023 1446 4069 totum
1493 4018 1749 4072 mundum
1782 4016 2114 4076 redolentem

531 4086 863 4155 mortificare
886 4088 1065 4157 cenati
1095 4112 1243 4170 sunt,
1271 4090 1326 4159 et
1358 4092 1516 4160 mala:
1541 4106 1810 4175 opinionis
1836 4110 2115 4167 nidoribus

528 4202 818 4261 aspergere
846 4198 1205 4247 teutaverunt.
1383 4218 1393 4228 -
1451 4216 1457 4229 ι
1578 4224 1621 4227 --

538 4284 544 4295 ‘
599 4280 706 4336 Sed
754 4282 948 4337 iterum
989 4282 1175 4362 videte
1222 4286 1480 4343 Romamn
1528 4288 2048 4360 sedis-pontificem.
2079 4306 2112 4347 a

525 4374 683 4453 vobis
709 4374 928 4444 quidem
959 4360 1296 4447 derogatum,
1329 4383 1423 4436 scd
1449 4397 1477 4435 a
1502 4383 1667 4438 totius
1688 4366 2113 4442 ChﬁStianitatis

524 4465 884 4546 unanimitate
908 4454 1245 4533 veneratum,
1281 4481 1333 4525 et
1373 4466 1578 4543 magna
1610 4475 1798 4546 synodi
1825 4475 2113 4545 Ephesinaa‘

523 4544 813 4626 praesulem
832 4556 1205 4623 Caelestinum,
1232 4562 1360 4629 quid
1382 4567 1609 4618 censeat
1622 4544 1688 4619 'de
1708 4565 1814 4629 bis,
1836 4544 1925 4635 qui
1948 4567 2112 4636 depo-

524 4637 698 4701 siti'et
731 4649 1245 4703 excommunicati'a
1276 4639 1526 4706 Nestorio
1558 4653 1787 4720 fuerant,
1820 4646 2107 4727 postquam

525 4736 801 4806 depositus
835 4753 1017 4793 coram
1057 4729 1459 4797 oculis‘summi
1486 4732 1671 4799 arbitri
1696 4732 1817 4816 jam
1838 4764 1958 4803 esse
1987 4766 2108 4805 cre-

525 4825 772 4881 debatur.
805 4826 869 4880 Et
899 4827 1066 4883 multo
1099 4829 1293 4900 'magis'
1313 4831 1416 4887 hoc
1444 4834 1509 4887 de
1543 4832 1709 4890 fratre
1740 4824 1795 4891 et
1821 4853 2107 4895 consacer-

525 4915 651 4970 dote
677 4927 864 4971 nostro
890 4919 1089 4989 lgnatio
1122 4912 1249 4975 ésse'
1269 4923 1593 4978 censendum
1627 4927 1986 4994 arbitramini,
2017 4932 2109 5001 qui

526 5018 634 5058 non
664 5019 694 5057 a
736 5005 956 5073 pratlato
1004 5008 1413 5077 qublibet'sicut
1451 5004 1560 5077 isti,
1609 5016 1704 5069 sed
1736 5030 1765 5068 a
1800 5032 1859 5071 se
1886 5004 2109 5088 deiectis

525 5086 655 5146 talia
697 5095 940 5161 pertulit.
979 5098 1068 5152 Ait
1095 5101 1239 5156 enim
1266 5104 1545 5173 'episc0pis
1584 5086 2107 5165 orientalibusﬁscria-

525 5183 661 5238 hens
685 5182 760 5252 (in
789 5200 869 5253 ep.
898 5187 952 5256 6)
979 5203 991 5241 :
1023 5190 1078 5244 Si
1110 5194 1231 5261 quis
1254 5200 1393 5249 vero
1412 5204 1503 5250 aut
1542 5200 1888 5269 a’b‘cpiscopo
1914 5201 2109 5260 Nesto-s

526 5273 629 5338 rio,
657 5283 750 5328 aut
796 5275 866 5330 ab
904 5279 1043 5343 aliis,
1071 5284 1162 5351 qui
1203 5300 1326 5341 eum
1370 5299 1693 5358 sequuntur,
1730 5306 1795 5346 ex
1832 5308 1959 5363 quo.
1985 5292 2110 5351 talia

524 5365 821 5435 praedicare
841 5381 1144 5438 coeperunt,
1170 5376 1249 5431 vel
1269 5383 1784 5449 excommunicatus,
1812 5385 1893 5440 vel
1915 5395 2108 5443 exutus

523 5466 627 5521 est,
657 5467 753 5513 seu
784 5460 1065 5527 antistitis,
1092 5480 1187 5520 seu
1215 5468 1396 5526 clerici
1425 5474 1718 5543 dignitate;
1751 5478 1893 5533 hunc
1932 5461 1984 5534 in
2014 5494 2111 5534 no-

524 5557 636 5602 stra
684 5554 1064 5610 communione
1110 5566 1166 5612 ct
1194 5560 1417 5617 durasse
1454 5575 1510 5619 et
1534 5565 1731 5623 durare
1762 5569 2107 5627 manifestum

523 5648 626 5693 est.
656 5640 762 5697 Nec
781 5642 1089 5710 judicamns
1116 5665 1235 5703 eum
1263 5665 1530 5708 remotum
1562 5673 1574 5708 :
1608 5657 1732 5725 quia
1762 5675 1863 5716 non
1896 5671 2108 5731 poterat

522 5742 846 5801 quemquam
878 5737 994 5805 ejus
1022 5755 1298 5799 removere
1327 5748 1614 5814 sententia,
1645 5750 1734 5818 qui
1757 5766 1816 5805 se
1832 5752 1942 5822 jam
1973 5771 2110 5824 prte-

2225 1911 2393 1967 fatum
2432 1907 2625 1984 papam
2664 1915 2832 1985 (conc.
2867 1914 3062 1985 Ephes.
3105 1916 3159 1971 in
3197 1931 3278 1987 cp.
3318 1918 3389 1970 ad
3430 1915 3835 1989 Calatinum),

2226 2019 2347 2076 quae
2372 1990 2513 2076 apud
2536 2021 2595 2061 se
2617 2015 2768 2077 gesta
2795 2006 2937 2069 sunt,
2968 2006 3227 2073 referens,
3254 2022 3355 2077 pro
3366 2007 3606 2063 Joannis
3630 2009 3842 2065 Antio-

2226 2095 2385 2151 cheni
2404 2097 2729 2167 amputanda
2752 2097 3010 2155 antistitis
3028 2108 3353 2169 exaggerata
3375 2084 3831 2169 praesumptione,

2225 2186 2488 2256 quoSdam
2532 2201 2745 2252 eorum,
2794 2186 2887 2256 qui
2936 2196 3126 2243 contra
3174 2197 3422 2244 sanctum
3467 2189 3741 2262 Cyrillum
3774 2200 3834 2247 et

2224 2274 2567 2333 Memnonem
2596 2277 2889 2344 intrabant,
2929 2279 3047 2335 sine
3089 2279 3397 2336 civitatibus
3432 2293 3701 2338 vacantes
3726 2301 3829 2338 au-

2226 2356 2356 2434 tem,
2389 2377 2443 2424 et
2470 2370 2731 2426 ecclesias
2758 2386 2863 2426 non
2892 2371 3150 2428 habentes
3174 2391 3187 2425 :
3210 2356 3345 2427 alios
3372 2387 3505 2430 vero
3528 2384 3660 2429 ante
3688 2375 3830 2430 mul-

2224 2467 2310 2517 tos
2336 2474 2510 2517 annos
2538 2476 2637 2531 pro
2663 2461 2876 2517 acerbis
2903 2462 3083 2517 causis
3116 2448 3448 2533 depositus:
3480 2465 3595 2520 suis
3622 2477 3829 2522 metro-

2222 2552 2423 2623 politis,
2462 2554 2605 2609 inter
2639 2554 2773 2609 alios
2802 2553 3062 2625 plurimos
3090 2554 3259 2611 fuisse
3282 2556 3576 2627 suggessit.
3614 2557 3828 2623 Quibus

2222 2640 2322 2713 per
2362 2643 2547 2699 omnia
2592 2636 2881 2710 vestrates,
2939 2652 2999 2700 ut
3044 2646 3119 2700 ita
3166 2646 3429 2712 dicamus,
3479 2648 3825 2717 depositores

2221 2733 2765 2816 lgna’tii_comparari
2797 2736 3043 2807 .plurima
3092 2751 3158 2792 ex
3205 2748 3359 2809 parte
3395 2754 3503 2794 non
3545 2742 3824 2797 immerito

2221 2836 2449 2898 possunt
2482 2845 2495 2882 :
2534 2826 2607 2883 ibi
2643 2842 2877 2897 namque
2907 2836 2961 2883 et
2986 2844 3104 2884 sine
3134 2826 3369 2895 sedibus,
3390 2834 3457 2886 et
3481 2834 3629 2904 vagi,
3656 2843 3823 2903 atque

2222 2932 2324 2988 pro
2365 2918 2477 2973 suis
2519 2918 2732 2973 acerbis
2763 2919 3094 2976 facinoribus
3121 2936 3151 2975 a
3188 2923 3421 2992 prepriis
3458 2926 3820 2995 metropolitis

2222 3006 2427 3061 inventi
2465 3018 2593 3062 sunt
2627 3009 2937 3078 episcopatu
2994 3010 3211 3082 privati.
3256 3013 3332 3068 lbi
3370 3015 3535 3069 etiam
3561 3032 3815 3072 commu-

2221 3098 2382 3154 nione
2400 3109 2666 3166 extorres,
2694 3109 2748 3156 et
2769 3101 3130 3160 anathematis
3151 3106 3517 3164 damnationis
3532 3121 3813 3169 consortes

2143 3181 2190 3245 ε
2223 3188 2390 3246 fuisse
2427 3192 2930 3261 probantur.'Unde
2973 3197 3234 3253 miramur
3278 3204 3551 3270 quomodo
3597 3220 3812 3261 excom-

2218 3284 2477 3340 municati
2507 3283 2573 3340 ad
2591 3276 2942 3354 judicandum
2972 3292 3171 3360 recepti
3198 3292 3330 3358 sint,
3358 3308 3485 3349 cum
3512 3304 3804 3353 secundum

2219 3376 2543 3446 apostolicos
2571 3375 2807 3435 mnoues
2832 3381 2962 3436 ’sine
2995 3383 3465 3442 commendatitiis
3518 3389 3709 3445 litteris
3746 3390 3803 3447 in

2220 3466 2748 3523 communione'sola
2795 3470 2961 3540 recipi
2999 3468 3391 3542 prohibeantur
3425 3472 3595 3548 (conc.
3622 3476 3801 3535 Curti.

2217 3570 2379 3625 ttt,‘c.
2418 3558 2532 3632 2|).
2565 3559 2871 3617 Absurdum
2911 3565 3112 3621 etenim
3160 3576 3247 3624 est
3300 3579 3361 3623 ut
3405 3571 3493 3625 cul
3537 3586 3646 3628 non
3687 3572 3802 3631 licet

2219 3646 2380 3706 etiam
2416 3645 2540 3725 cum
2561 3650 2821 3710 minimis
2846 3654 3001 3723 juxta
3040 3672 3226 3717 sacras
3254 3661 3470 3732 regulas
3505 3668 3798 3721 communi-

2218 3757 2367 3808 care,
2397 3743 2558 3799 liceat
2593 3759 2763 3815 penes
2784 3738 2887 3802 vos
2921 3748 3087 3803 etiam
3124 3753 3190 3821 de
3224 3750 3519 3821 majOribus
3541 3755 3796 3824 judicare.

2288 3832 2396 3908 sed
2416 3833 2532 3902 jam
2564 3836 2629 3891 de
2668 3836 2771 3892 hoc
2799 3836 3129 3906 plenissime,
3166 3839 3278 3896 Deo
3305 3845 3628 3911 auxiliante,
3659 3847 3798 3901 dica-

2217 3920 2369 3992 mus;
2404 3935 2459 3982 et
2492 3929 2636 3998 quod
2672 3945 2702 3983 a
2745 3929 3001 3998 subjectis
3037 3934 3150 3989 suis
3185 3935 3440 4003 praelatus
3477 3954 3586 3993 non
3619 3938 3799 3993 debeat

2216 4019 2299 4074 sui
2329 4020 2668 4088 dispendium
2693 4023 2922 4092 perpeti,
2944 4033 3035 4079 aut
3058 4024 3341 4082 calumniis
3371 4028 3560 4099 impeti
3589 4032 3798 4086 demon-

2217 4114 2469 4193 stremus.
2500 4110 2653 4178 Quod
2693 4114 2818 4183 quia
2858 4114 3114 4187 lgnatius,
3154 4118 3325 4176 frater
3363 4133 3420 4177 et
3456 4126 3794 4196 coepiscopo:

2216 4213 2431 4268 noster;
2448 4203 2630 4274 inique
2650 4206 2888 4285 pertulit,
2912 4209 3465 4269 omni-lamentatione
3480 4216 3791 4285 plorandum

2214 4303 2298 4349 est
2330 4312 2342 4346 :
2373 4303 2427 4349 et
2451 4304 2598 4351 certe
2628 4282 2809 4366 patres
2834 4282 2864 4351 a
2900 4299 3022 4353 filiis
3046 4301 3302 4358 honorari
3330 4321 3436 4360 non
3468 4282 3641 4363 solum
3671 4311 3795 4363 divi-

2214 4384 2297 4470 nis
2328 4384 2525 4455 (Exod.
2556 4387 2670 4458 xx),
2705 4404 2892 4443 verum
2919 4391 3081 4446 etiam
3109 4394 3362 4450 humanis
3389 4397 3599 4466 legibus
3620 4390 3792 4470 prmei¥

2214 4464 2455 4545 piuntur.
2487 4478 2552 4532 Et
2582 4480 2627 4535 si
2659 4481 2762 4536 hoc
2793 4483 3058 4550 carnales,
3090 4497 3291 4556 quanto
3321 4464 3504 4557 potius
3541 4464 3791 4562 spiritales

2216 4567 2375 4638 digna
2436 4571 2649 4655 penitus
2696 4589 2727 4627 a
2782 4574 2905 4630 liliis
2951 4576 3151 4631 debent
3199 4583 3545 4638 veneratione
3603 4587 3790 4655 potiri!

2217 4658 2430 4726 Quanto
2457 4653 2600 4716 enim
2641 4665 2863 4735 spiritus
2890 4683 3110 4723 carnem
3140 4672 3420 4740 praecellit,
3452 4653 3617 4731 tanto
3636 4653 3788 4750 magis

2212 4763 2279 4803 ea
2308 4763 2427 4818 quae
2465 4760 2590 4805 sunt
2620 4754 2921 4823 spiritualia
2961 4759 3264 4816 carnalibus
3300 4773 3516 4833 oportet
3555 4769 3785 4827 omnibts

2218 4840 2496 4911 anteponi.
2920 4862 2925 4867 ν
3212 4914 3213 4917 η
3328 4854 3339 4858 ”
3548 4868 3553 4871 ι

2222 4942 2227 4951 '
2290 4929 2489 4986 Verum
2521 4933 2563 4988 si
2591 4932 2692 4990 hoc
2718 4935 2906 5005 lgnatii
2938 4940 3133 4996 subditi
3164 4943 3433 5015 detlignali
3472 4960 3599 5005 sunt
3633 4963 3783 5010 atten-

2213 5024 2363 5090 dere,
2392 5022 2578 5081 saltem
2606 5030 2782 5086 scelus
2803 5030 3108 5089 Judteorum
3142 5038 3194 5091 in
3218 5037 3497 5097 Christum
3528 5056 3779 5114 patratum

2211 5118 2645 5187 perhnrruissent
2667 5124 3036 5179 committere:
3062 5142 3160 5185 nec
3180 5135 3666 5208 acuerentlinguas
3676 5155 3781 5194 suas

2214 5209 2473 5265 adversus
2504 5221 2712 5281 patrem
2742 5230 2807 5269 ac
2836 5217 3152 5288 magistrum
3183 5238 3337 5277 suum
3368 5225 3489 5295 ipsi,
3525 5230 3666 5286 sicut
3685 5248 3780 5287 scr-

2214 5308 2445 5368 peutes,
2494 5318 2593 5356 nec
2643 5314 2786 5361 esset
2832 5306 3042 5375 gladius
3086 5312 3139 5367 in
3200 5312 3358 5370 labiis
3411 5335 3603 5375 eorum
3632 5362 3646 5385 ,
3695 5336 3777 5377 nec

2215 5392 2409 5447 flerent
2475 5394 2667 5450 dentes
2728 5412 2915 5453 eorum
2986 5417 3138 5459 arma
3187 5416 3243 5461 ct
3294 5410 3526 5480 sagitta,
3582 5425 3637 5470 et
3696 5417 3774 5469 lin.

2214 5500 2316 5555 gua
2381 5500 2569 5541 eorum
2618 5491 2883 5548 machara
2948 5506 3104 5552 acuta
3136 5539 3151 5564 ,
3221 5500 3578 5563 formidantes
3646 5513 3772 5566 scili-

2213 5585 2301 5630 cet
2354 5593 2421 5632 ne
2462 5579 2528 5633 de
2567 5596 2625 5634 se
2684 5581 2936 5641 Salomon
2987 5592 3418 5660 sapientissimus
3462 5601 3663 5659 dixisse
3711 5607 3771 5662 τί-

2210 5670 2431 5724 deretur
2466 5689 2476 5723 ε
2508 5669 2783 5731 Cencmh’o
2818 5696 2936 5750 qua:
2979 5687 3118 5752 patri
3157 5705 3251 5740 suo
3297 5691 3561 5747 ntalcdicit
3604 5696 3765 5766 (Pror.

2214 5761 2366 5832 xxx).
2401 5762 2467 5817 Et
2495 5780 2681 5823 rursus
2713 5788 2727 5821 :
2757 5770 3031 5829 Ccneralio
3060 5795 3176 5849 φισ-
3205 5798 3300 5852 pro
3327 5785 3567 5842 dentibus
3592 5761 3764 5858 uiridior
