4050 6324
297 415 401 476 95³1

1493 407 1851 467 ΕΡΙὸΤΟΙΑΕ
1886 404 1975 464 ΕΤ
2012 403 2352 462 DECRETA.

3459 399 3561 456 938

293 530 470 595 habet,
498 535 546 583 et
569 525 883 581 commandit
906 523 1192 579 molaribus
1212 522 1322 578 suis
1346 523 1532 596 (ibid);
1557 534 1613 580 et
1633 525 1831 580 iterum
1857 541 1872 579 :
1901 526 1955 588 Α
1979 528 2094 577 tate
2118 533 2240 576 sese
2274 515 2550 573 abstinere
2576 515 2668 572 vix
2696 525 2939 586 possunt,
2967 524 3029 572 ut
3051 525 3295 574 extrema
3316 518 3564 588 quaedam

296 619 545 686 Oculum,
581 620 672 691 qui
708 618 996 674 subsannat
1033 626 1257 689 patrem,
1295 616 1549 686 e/I‘odiant
1585 633 1705 672 eum
1741 615 1881 672 corvi

293 714 360 769 de
396 713 730 781 torrentibus,
771 723 820 768 et
855 711 1129 768 comedant
1168 710 1318 767 illum
1355 710 1458 782 ﬁlii
1499 712 1694 783 aquila:
1719 710 1876 785 (Gen.

294 805 395 878 ιχ).
427 804 670 876 Denique
713 803 760 861 si
810 803 999 869 Cham,
1031 803 1220 860 videns
1263 802 1435 875 patris
1460 803 1719 870 verenda,
1758 802 1881 858 risit

295 897 475 968 potius
505 912 667 967 quam
702 895 788 968 (ut
809 896 1012 968 caeteri)
1041 894 1338 966 cooperuit,
1365 894 1801 951 maledictionem
1824 894 1880 950 in

296 989 407 1060 ﬁlio
448 990 756 1061 percepisse
796 988 994 1062 legitur
1029 1008 1042 1044 :
1073 996 1278 1060 quanto
1313 988 1492 1060 potius
1517 988 1574 1044 hi
1601 988 1692 1060 qui
1721 1001 1881 1045 vere-

296 1079 547 1135 cundiam
571 1080 742 1152 patris
774 1095 882 1136 non
921 1079 1114 1147 solum,
1145 1079 1193 1135 si
1229 1079 1483 1151 quaelibet
1507 1075 1633 1146 fuit,
1660 1077 1882 1135 minime

297 1181 718 1243 cooperuerunt,
742 1172 838 1229 sed
864 1180 920 1229 et
951 1172 1208 1238 riserunt,
1239 1181 1295 1227 et
1320 1170 1459 1227 falso
1486 1171 1555 1227 ad
1577 1171 1882 1228 subsanna-

297 1262 502 1318 tionem
544 1262 629 1320 sui
673 1263 842 1320 moris
882 1264 1130 1320 homines
1167 1270 1630 1334 provocaverunt;
1696 1271 1882 1333 atque,

298 1355 440 1426 quod
468 1361 554 1412 est
573 1355 832 1422 deterius,
856 1364 1104 1426 patenter
1130 1365 1318 1412 contra
1341 1355 1514 1428 ipsum
1535 1355 1602 1412 de
1627 1356 1885 1426 pharetra

297 1444 601 1518 iniquitatis
647 1462 759 1504 suae
797 1447 1048 1520 sagittam
1085 1447 1275 1521 judicii
1318 1449 1732 1520 produxerunt?
1765 1447 1884 1504 Non

298 1538 378 1596 sic
428 1548 648 1596 econtra
688 1539 783 1596 ﬁlii
830 1540 1021 1607 sobrii,
1048 1556 1157 1598 non
1187 1542 1288 1608 sic,
1325 1542 1420 1598 sed
1454 1541 1632 1598 aversi
1661 1555 1888 1612 operue-

299 1639 447 1686 runt.
473 1629 626 1698 Quod
647 1631 928 1688 moraliter
952 1632 1200 1705 egregius
1224 1633 1412 1690 doctor
1433 1647 1572 1706 papa
1596 1631 1889 1706 Gregorius

305 1722 717 1794 interpretatus,
754 1724 831 1779 ait
881 1723 1010 1795 (lib.
1039 1741 1110 1780 xv
1153 1725 1348 1782 Morel.
1376 1738 1426 1781 c.
1452 1725 1557 1798 22)
1591 1742 1606 1781 :
1636 1725 1890 1784 Aversari

303 1816 536 1873 dicimus
573 1818 718 1888 quod
748 1819 1122 1890 reprobamus.
1155 1817 1295 1888 Quid
1323 1828 1406 1878 est
1439 1836 1588 1892 ergo,
1624 1822 1767 1892 quod
1794 1820 1890 1876 ﬁlii

1983 623 2147 685 atque
2163 610 2435 669 exteriora
2456 608 2596 665 mala
2617 609 3050 680 praepositorum,
3073 609 3170 666 sed
3186 617 3368 667 tamen
3393 610 3571 667 humi-

1981 704 2107 764 liter
2133 705 2443 778 loquantur,
2474 703 2631 775 quasi
2659 718 2812 760 oram
2839 703 3140 776 chlamydis
3168 703 3392 761 silenter
3427 705 3570 760 inci-

1983 801 2119 858 dunt
2153 819 2167 855 :
2202 801 2328 872 quia
2363 798 2614 855 videlicet
2656 799 2784 855 dum
2819 797 3054 869 praelata:
3091 796 3338 868 dignitati
3378 796 3572 853 saltem

1982 893 2204 950 innoxie
2239 902 2296 949 et
2322 893 2554 949 latenter
2581 893 2861 966 derogant,
2895 893 3053 963 quasi
3079 891 3222 964 regis
3247 891 3575 964 superpositi

1981 993 2190 1041 vestem
2226 983 2467 1052 findant;
2501 985 2596 1041 sed
2649 993 2832 1042 tamen
2873 986 2942 1042 ad
2976 997 3296 1056 semetipsos
3326 994 3573 1050 redeunt,

1983 1092 2154 1151 seque
2179 1077 2655 1157 vehementissime
2681 1075 2769 1133 vel
2800 1079 2868 1134 de
2902 1077 3218 1135 tenuissima
3246 1076 3398 1134 verbi
3433 1076 3578 1134 lace-

1984 1170 2197 1227 ratione
2243 1169 2665 1243 reprehendunt.
2707 1169 2862 1227 Unde
2897 1170 3037 1227 bene
3081 1179 3137 1228 et
3171 1170 3282 1228 illic
3316 1173 3578 1245 scriptum

1986 1269 2072 1318 est
2099 1279 2113 1317 :
2145 1259 2275 1317 Post
2321 1262 2433 1318 lucc
2475 1260 2646 1317 Dauid
2697 1262 2951 1332 percussit
2989 1277 3080 1317 cor
3125 1278 3302 1330 suum,
3343 1280 3402 1319 eo
3439 1266 3580 1335 quod

1987 1354 2291 1409 abscidisset
2314 1369 2464 1408 oram
2493 1352 2784 1424 chlamydis
2817 1351 2953 1410 Saul
2977 1352 3030 1424 (1
3052 1351 3173 1423 Reg.
3208 1353 3381 1427 xxxv).
3412 1354 3582 1413 Facta

1989 1445 2188 1516 quippe
2222 1445 2632 1517 praepositorum
2671 1445 2784 1502 oris
2812 1446 2990 1516 gladio
3019 1446 3259 1504 ferienda
3291 1464 3398 1504 non
3435 1458 3582 1518 sunt,

1988 1537 2156 1594 etiam
2176 1553 2298 1593 cum
2315 1546 2464 1594 recte
2484 1539 2927 1610 reprehendenda
2939 1540 3266 1611 judicantur.
3290 1541 3348 1598 Si
3369 1544 3586 1613 quando

1989 1644 2123 1688 vero
2163 1641 2354 1687 contra
2398 1646 2514 1699 eos,
2551 1632 2636 1688 vel
2669 1633 2724 1687 in
2760 1632 2999 1688 minimis
3025 1633 3208 1706 lingua
3237 1635 3456 1705 labitur,
3491 1652 3589 1694 ne-

1993 1736 2146 1779 cesse
2173 1732 2258 1780 est
2290 1731 2352 1780 ut
2379 1739 2478 1794 per
2505 1724 2850 1781 aﬁlictionem
2886 1727 3218 1797 paenitentia:
3243 1744 3340 1785 cor
3367 1745 3586 1800 prema-

1993 1821 2104 1881 tur,
2129 1823 2399 1885 quatenus
2437 1815 2505 1871 ad
2533 1817 2882 1888 semetipsum
2910 1818 3116 1884 redeat,
3146 1827 3202 1875 et
3227 1834 3347 1876 cum
3377 1836 3588 1892 praepo-

303 1910 538 1966 verenda
588 1911 762 1982 patris
799 1912 1106 1984 superjecto
1150 1914 1326 1970 dorsis
1371 1890 1532 1986 pallii)
1580 1890 1754 1970 aversi
1800 1929 1894 1969 ve.
1920 1890 1970 1952 Β
1996 1904 2114 1962 sita:
2149 1905 2405 1976 potestati
2447 1905 2756 1977 deliquerit,
2798 1905 2915 1976 ejus
2950 1919 3140 1965 contra
3179 1924 3237 1966 se
3259 1890 3521 1980 judicium
3555 1926 3586 1966 a

304 2000 516 2058 nientes
559 2003 830 2074 operiunt,
873 2003 976 2060 nisi
1014 2005 1158 2076 quod
1196 2005 1352 2062 benis
1394 2005 1626 2062 subditis
1650 2007 1732 2063 sic
1757 2021 1895 2077 prae-

299 2093 603 2162 positorum
640 2109 863 2150 suorum
907 2094 1051 2150 mala
1106 2095 1408 2166 displicent,
1455 2104 1516 2152 ut
1559 2105 1742 2152 tamen
1779 2096 1896 2152 haec

303 2184 373 2239 ab
401 2184 523 2240 aliis
561 2185 869 2242 occultent?
911 2185 1080 2257 Operi
1117 2195 1359 2242 mentum
1396 2186 1574 2242 aversi
1622 2186 1893 2255 deferunt,

304 2276 432 2346 quia
454 2276 814 2348 dijudicantes
839 2276 1062 2344 factum,
1085 2285 1142 2335 et
1160 2287 1483 2361 venerantes
1504 2277 1894 2348 magisterium,

304 2365 494 2422 nolunt
515 2367 684 2422 videri
705 2367 849 2438 quod
871 2375 1075 2440 tegunt.

378 2457 485 2514 Sed
509 2459 626 2515 haec
645 2460 909 2527 dicentes,
933 2461 1100 2518 nolite
1123 2476 1224 2518 nos
1242 2463 1512 2519 aestimare
1530 2460 1901 2534 cujuscunque
1943 2473 1950 2478 '

304 2550 678 2622 proximorum
720 2561 1054 2620 nostrorum,
1105 2568 1225 2625 quae
1263 2562 1390 2611 sunt
1415 2555 1576 2626 digna
1606 2554 1899 2624 reprehen-

306 2643 461 2700 sione
485 2642 626 2699 velle
654 2641 976 2710 defendere;
1010 2645 1106 2700 sed
1131 2646 1274 2716 quod
1300 2645 1376 2703 ita
1405 2645 1567 2700 velim
1595 2643 1736 2700 ﬁlios
1755 2643 1904 2699 circa

307 2734 605 2806 spiritalem
639 2743 876 2805 patrem,
905 2742 961 2791 et
990 2735 1281 2808 discipulos
1309 2750 1438 2808 erga
1467 2735 1786 2805 magistrum
1814 2733 1907 2788 de-

307 2836 464 2883 votos
501 2841 566 2882 ac
594 2826 805 2883 sobrios
836 2841 958 2883 esse
984 2835 1046 2882 ut
1074 2827 1219 2883 nulla
1253 2828 1468 2898 penitus
1496 2826 1803 2883 temeritate
1838 2824 1908 2879 ad

308 2935 499 2978 eorum
561 2919 760 2983 vitam,
802 2928 862 2975 ut
897 2935 1005 2977 non
1049 2920 1313 2988 dicamus,
1347 2920 1767 2992 dijudicandam,
1814 2917 1910 2974 sed

309 3026 414 3069 nec
433 3010 625 3068 saltem
649 3011 884 3068 tenuiter
907 3013 1406 3082 reprehendendam
1432 3013 1735 3084 prosiliant.
1766 3011 1910 3080 Quo-

311 3105 485 3172 niam,
511 3103 742 3161 docente
762 3104 988 3176 prazfato
1007 3120 1144 3178 papa
1168 3105 1224 3160 in
1253 3105 1394 3163 libro
1421 3104 1642 3178 Regulae
1667 3113 1912 3176 pastora-

313 3194 383 3251 lis
405 3195 520 3267 (lib.
550 3211 610 3251 ιιι
634 3195 848 3252 Pastor.
878 3211 1000 3268 cap.
1033 3195 1090 3269 5)
1119 3214 1132 3251 :
1162 3196 1497 3253 Admonendi
1523 3205 1651 3254 sunt
1683 3196 1911 3264 subditi,

1997 2015 2106 2071 quo
2130 2001 2234 2056 sibi
2260 2001 2482 2070 prmlata
2506 2009 2608 2066 est,
2638 2001 3040 2070 perhorrescat.

2005 2077 2010 2083 ’
2068 2091 2204 2147 Nam
2253 2107 2375 2148 cum
2425 2093 2728 2164 praepositis
2766 2093 3159 2165 delinquimus,
3207 2097 3326 2168 ejus
3374 2097 3594 2154 ordina-

1999 2184 2155 2251 tioni,
2185 2184 2393 2255 quieos
2413 2183 2569 2240 nobis
2595 2185 2852 2254 praetulit,
2875 2186 3176 2244 obviamus.
3200 2187 3355 2246 Unde
3381 2189 3596 2263 Moyses

2000 2290 2217 2347 quoque
2252 2290 2375 2331 cum
2413 2284 2603 2332 contra
2646 2291 2705 2332 se
2740 2285 2797 2333 et
2824 2278 3007 2334 Aaron
3038 2280 3296 2351 conqueri
3338 2281 3595 2353 pepulum

2001 2367 2365 2438 cognovisset,
2410 2369 2485 2423 ait
2519 2385 2532 2422 :
2566 2367 2681 2423 Nos
2711 2368 2850 2423 enim
2884 2370 3010 2441 quid
3037 2371 3262 2426 sumus?
3296 2389 3388 2426 nec
3415 2382 3599 2428 contra

2005 2475 2099 2514 nos
2125 2471 2200 2514 est
2231 2475 2468 2513 murmur
2488 2468 2733 2525 vestrum,
2757 2460 2848 2514 sed
2871 2471 3055 2515 contra
3083 2461 3367 2516 Dominum
3395 2461 3596 2535 (Exod.

2005 2552 2142 2623 1m).
2177 2551 2315 2608 Hinc
2349 2553 2514 2608 etiam
2549 2552 2875 2624 praedicator
2894 2554 3141 2610 veritatis
3164 2553 3361 2611 Paulus
3383 2564 3602 2626 aposto-

2006 2641 2093 2698 lus
2121 2643 2356 2698 subditis
2382 2643 2518 2708 suis,
2550 2652 2604 2698 et
2632 2643 2826 2714 quibus
2863 2642 3067 2700 Christi
3091 2643 3439 2720 Evangelium
3467 2661 3606 2717 pra:-

2009 2732 2227 2789 dicabat
2271 2732 2402 2788 dicit
2431 2749 2444 2786 :
2475 2731 2610 2787 Mihi
2631 2742 2804 2787 autem
2831 2749 2925 2803 pro
2956 2735 3170 2789 minimo
3193 2744 3290 2801 est,
3320 2745 3376 2789 ut
3404 2753 3435 2788 a
3463 2733 3606 2790 vobis

2003 2824 2215 2894 judicer
2243 2823 2294 2895 (Ι
2325 2824 2447 2880 Cor.
2481 2825 2577 2896 tv).
2609 2823 2747 2881 Hinc
2784 2824 2971 2882 Sixtus
2997 2826 3302 2897 apostolicae
3336 2827 3480 2882 sedis
3509 2843 3606 2883 an-

2013 2913 2169 2970 tistes
2207 2914 2563 2985 Euphemium
2604 2916 2917 2986 episcopum
2959 2916 3249 2972 damnasse
3285 2917 3608 2974 describitur

2014 3005 2114 3076 (De
2152 3015 2430 3078 expurgat.
2461 3005 2601 3062 εἰςτιὶ
2644 3023 2795 3079 papa:
2828 3006 2958 3078 _III,
2996 3023 3047 3063 c.
3089 3008 3165 3080 8),
3204 3008 3337 3064 nihil
3369 3008 3511 3064 aliud
3553 3009 3610 3063 in

2014 3096 2349 3168 depositione
2385 3097 2528 3154 illius
2563 3098 2849 3167 objiciens,
2877 3099 2983 3155 nisi
3013 3101 3157 3170 quod
3192 3098 3610 3171 Polychronium

2017 3187 2570 3261 Hierosolymitanum
2593 3190 2905 3260 episcopum
2927 3190 3237 3261 pontificem
3265 3207 3424 3247 suum
3445 3207 3608 3248 accu-

316 3301 387 3343 ne
427 3287 842 3359 praepositorum
878 3268 1099 3345 suorum
1138 3289 1307 3344 vitam
1344 3296 1546 3345 temere
1569 3289 1836 3361 judicent,
1867 3289 1912 3344 si
1941 3268 1986 3331 C
2020 3283 2244 3340 saverit.
2285 3283 2355 3338 Et
2377 3281 2592 3354 quidem
2624 3281 3018 3354 Pelychronius
3041 3299 3073 3338 a
3096 3282 3286 3355 legatis
3312 3284 3458 3339 sedis
3485 3300 3615 3356 apo-

318 3382 448 3454 quid
481 3399 574 3440 eos
608 3383 840 3440 fortasse
865 3398 1027 3456 agere
1049 3383 1547 3456 reprehensibiliter
1573 3384 1813 3450 videant,
1845 3399 1915 3439 ne

319 3475 465 3530 unde
489 3481 636 3532 recte
654 3475 795 3545 mala
821 3476 1168 3547 redarguunt,
1197 3476 1322 3533 inde
1339 3490 1440 3547 per
1457 3476 1708 3533 elationis
1728 3474 1935 3546 impuL'

321 3585 442 3626 sum
471 3570 526 3626 in
551 3570 904 3642 profundiora
931 3579 1265 3642 mergantur.
1297 3570 1638 3627 Admonendi
1676 3577 1821 3635 sunt,
1848 3584 1919 3625 ne

322 3675 446 3717 cum
496 3661 681 3732 culpas
724 3663 1135 3733 praepositorum
1177 3662 1541 3727 considerant,
1589 3669 1780 3718 contra
1824 3676 1920 3717 eos

324 3752 644 3808 audaciores
684 3752 849 3818 ﬁant;
905 3752 996 3808 sed
1047 3752 1127 3807 sic
1188 3768 1309 3824 quae
1361 3752 1517 3808 valde
1560 3760 1684 3808 sunt
1730 3767 1919 3807 eorum

326 3863 514 3918 prava,
557 3847 698 3919 apud
731 3847 1050 3916 semetipsos
1086 3845 1404 3917 dijudieent,
1436 3853 1496 3900 ut
1526 3853 1704 3900 tamen
1740 3845 1921 3900 divino

330 3941 525 3998 timore
558 3941 840 3999 constricti
863 3940 1006 3998 ferre
1032 3941 1133 3998 sub
1159 3941 1241 3998 eis
1257 3940 1446 4014 jugum
1472 3942 1792 3998 reverentiae
1813 3956 1920 3996 non

329 4045 607 4091 recusent.

403 4124 559 4192 Quod
594 4126 788 4183 melius
811 4126 1171 4194 ostendimus,
1205 4126 1252 4183 si
1288 4125 1458 4182 David
1487 4123 1687 4181 factum
1717 4124 1785 4180 ad
1815 4139 1928 4180 me-

334 4219 482 4274 dium
523 4219 877 4278 deducamus.
925 4218 1055 4276 Saul
1098 4219 1296 4291 quippe
1343 4229 1662 4292 persecutor
1698 4234 1823 4274 cum
1859 4218 1928 4274 ad

334 4309 672 4381 purgandum
716 4319 962 4367 ventrem
1017 4310 1330 4382 speluncam
1381 4309 1574 4367 fuisset
1618 4310 1926 4382 ingressus,

338 4403 448 4459 illic
472 4418 599 4459 cum
630 4403 765 4459 viris
800 4403 912 4460 suis
945 4403 1111 4459 David
1142 4404 1339 4470 inerat,
1379 4403 1471 4475 qui
1493 4402 1606 4474 jam
1636 4410 1746 4457 tam
1771 4402 1931 4474 longo

339 4504 583 4568 tempore
618 4497 1010 4566 persecutionis
1047 4495 1163 4567 ejus
1195 4496 1338 4552 mala
1371 4497 1668 4563 tolerabat;
1699 4511 1932 4566 cumque

2021 3379 2244 3447 stolicze,
2291 3393 2356 3434 eo
2385 3379 2528 3449 quod
2573 3377 2759 3433 sedem
2799 3375 3345 3448 Hierosolymitanam
3382 3379 3613 3449 primam

2019 3487 2142 3529 esse
2180 3471 2517 3528 mendaciter
2549 3469 2873 3538 afﬁrmabat,
2909 3479 2964 3526 et
2997 3485 3094 3541 per
3119 3471 3472 3527 simoniacam
3504 3474 3616 3528 hee-

2021 3566 2188 3622 resim
2237 3564 2605 3621 ordinationes
2653 3564 2850 3619 fecisse
2891 3565 3154 3634 probatus
3202 3575 3318 3632 est,
3374 3567 3618 3623 ecclesiae

2022 3658 2269 3730 privatus
2302 3664 2388 3711 est
2428 3655 2831 3726 gubernaculis,
2871 3663 2926 3710 et
2964 3654 3099 3710 urbe
3128 3653 3382 3724 rejectus.
3421 3655 3526 3711 Sed
3566 3667 3623 3712 et

2026 3748 2358 3820 Euphemius
2413 3746 2766 3802 nihilominus
2819 3747 2944 3816 quia
3001 3748 3146 3802 hunc
3193 3759 3624 3818 praesumptuose

2028 3841 2176 3912 (licet
2203 3841 2494 3913 veraciter)
2531 3848 2918 3908 accusaverat,
2965 3840 3297 3897 damnationi
3343 3857 3372 3896 a
3419 3843 3626 3914 synodo

2029 3935 2311 4006 subjectus
2337 3943 2439 3991 est.

2101 4029 2170 4085 Et
2207 4031 2461 4101 quoniam
2493 4031 2734 4103 linguam
2781 4049 2934 4088 suam
2981 4041 3169 4090 contra
3207 4033 3305 4089 sibi
3342 4033 3622 4105 praelatum

2032 4134 2303 4193 erexerat,
2343 4127 2630 4182 anathema
2670 4127 2948 4198 suscepit;
2981 4129 3116 4185 adeo
3145 4136 3204 4184 ut
3231 4129 3343 4185 Leo
3369 4129 3626 4184 Ecclesiae

2034 4219 2293 4275 Romanae
2325 4219 2588 4275 diaconus
2619 4219 2670 4276 ei
2703 4219 2910 4276 diceret
2939 4237 2952 4274 :
2978 4219 3056 4274 Ex
3082 4229 3134 4276 te
3163 4220 3308 4275 enim
3339 4219 3628 4275 damnabe-

2034 4312 2133 4377 ris,
2163 4311 2419 4384 quoniam
2456 4311 2790 4383 pontificem,
2833 4312 2925 4384 qui
2971 4321 3024 4368 te
3067 4312 3407 4369 consecravit
3448 4313 3630 4383 coepi-

2035 4420 2260 4475 scopum
2308 4405 2708 4461 condemnahas
2751 4414 2805 4462 et
2849 4405 3166 4462 accusabas.
3211 4405 3311 4473 Qui
3342 4405 3540 4460 cadens
3575 4405 3629 4460 in

2041 4507 2240 4554 terram
2267 4507 2392 4553 ante
2429 4513 2589 4554 omne
2620 4499 2906 4555 concilium
2947 4501 3323 4571 episcoporum
3363 4497 3436 4553 ibi
3464 4497 3633 4554 conﬁ—

338 4604 463 4644 eum
494 4587 595 4644 viri
631 4588 713 4643 sui
756 4589 825 4643 ad
866 4587 1166 4644 feriendum
1199 4588 1328 4644 Saul
1358 4587 1729 4654 incenderent,
1768 4586 1932 4658 fregit
1962 4632 2013 4692 υ
2039 4595 2256 4650 tehatur
2277 4606 2336 4649 se
2362 4606 2640 4663 peccasse,
2660 4593 2909 4649 Abundio
2930 4593 3183 4663 episcopo
3212 4592 3379 4646 misso
3404 4592 3472 4647 ab
3499 4591 3634 4649 urbe

318 4696 436 4744 veos
461 4680 989 4752 reprehensionibus,
1030 4681 1156 4751 quia
1195 4696 1414 4736 manum
1452 4681 1668 4738 mittere
1703 4681 1756 4736 in
1795 4680 1936 4736 chrio

342 4785 487 4831 stum
533 4771 747 4828 Domini
783 4787 893 4828 non
933 4772 1172 4828 deberet.
1214 4773 1314 4840 Qui
1355 4781 1537 4828 tamen
1570 4773 1781 4830 occulte
1811 4789 1935 4829 sur-

345 4865 508 4931 rexit,
546 4871 602 4920 et
630 4878 782 4920 oram
819 4862 1122 4934 chlamydis
1151 4862 1267 4932 ejus
1302 4864 1532 4919 abscidit
1562 4863 1614 4935 (Ι
1639 4863 1764 4935 Reg.
1796 4863 1935 4936 xm).

346 4957 488 5026 Quid
532 4953 677 5012 enim
723 4969 821 5026 per
865 4952 996 5010 Saul
1039 4953 1143 5010 nisi
1182 4954 1312 5009 mali
1346 4956 1623 5012 rectores?
1668 4955 1808 5022 Quid
1843 4971 1941 5026 per

347 5050 519 5108 David
548 5049 652 5106 nisi
675 5048 805 5104 boni
829 5047 1033 5104 subditi
1057 5046 1444 5120 designantur?
1471 5047 1600 5104 Saul
1629 5049 1792 5121 igitur
1812 5065 1942 5105 ven-

350 5151 488 5198 trem
527 5154 782 5212 purgare,
819 5146 904 5196 est
933 5154 1131 5210 pravos
1166 5139 1487 5210 praepositos
1528 5151 1846 5211 conceptam
1886 5141 1941 5196 in

353 5233 516 5288 corde
545 5231 808 5288 malitiam
841 5245 1015 5302 usque
1051 5231 1121 5286 ad
1150 5244 1316 5300 opera
1341 5230 1527 5287 miseri
1552 5231 1735 5288 odoris
1758 5241 1944 5288 exten-

354 5325 513 5391 dere,
551 5334 607 5381 et
643 5325 878 5396 cogitata
914 5325 1055 5396 apud
1093 5338 1153 5380 se
1187 5323 1350 5379 noxia
1390 5322 1548 5380 factis
1586 5324 1946 5380 exterioribus

355 5418 699 5488 exsequendo
742 5426 1065 5474 monstrare.
1114 5416 1286 5486 Quem
1331 5425 1513 5474 tamen
1566 5417 1737 5474 David
1782 5417 1948 5474 ferire

2039 4687 2237 4754 Roma,
2266 4686 2480 4742 dicente
2511 4703 2524 4740 :
2559 4684 2675 4743 Non
2703 4685 2828 4742 licet
2858 4699 3182 4756 quemquam
3211 4699 3468 4740 accusare
3499 4699 3638 4755 pon-

2042 4779 2244 4835 tiﬁcem
2281 4794 2460 4846 suum,
2491 4780 2747 4851 quoniam
2779 4777 2945 4848 judex
2993 4793 3097 4833 non
3137 4775 3485 4845 judicabitur.
3519 4778 3638 4845 Quo

2045 4870 2250 4936 audito,
2282 4869 2696 4927 Valentinianus
2717 4871 2991 4940 Augustus
3021 4869 3182 4941 (sicut
3209 4868 3349 4938 apud
3377 4885 3477 4926 nos
3503 4871 3639 4926 scri-

2044 4969 2201 5032 ptum
2237 4960 2515 5032 habetur),
2548 4960 2702 5029 cujus
2733 4975 2830 5014 vos
2859 4959 2914 5014 in
2943 4961 3047 5015 hoc
3069 4959 3374 5017 imitatores
3399 4975 3518 5016 esse
3546 4962 3639 5018 de-

2045 5057 2209 5124 betis,
2238 5057 2456 5129 gavisus
2482 5064 2569 5112 est
2602 5056 2657 5111 in
2690 5054 3037 5110 damnatione
3066 5055 3302 5127 episcopi
3332 5055 3635 5127 Euphemii,

2047 5149 2141 5220 qui
2161 5149 2370 5205 exstitit
2391 5158 2676 5204 accusator
2693 5145 3038 5220 Polychronii
3067 5146 3336 5216 pontiﬁcis
3356 5148 3458 5203 sui.

2122 5243 2395 5299 Consonat
2417 5250 2600 5296 autem
2620 5240 2749 5297 huic
2769 5240 3092 5296 necessariae
3115 5241 3396 5296 sententiae
3419 5230 3642 5295 sanctus

2054 5336 2336 5399 Silvester,
2375 5343 2431 5391 et
2467 5332 2651 5406 magni
2689 5331 3028 5389 Constantini
3060 5330 3365 5402 baptizator
3389 5331 3638 5400 Augusti,

2057 5428 2242 5485 dicens
2273 5444 2286 5482 :
2318 5424 2506 5496 Neque
2546 5425 2615 5481 ab
2659 5423 2922 5497 Augusto,
2975 5438 3150 5494 neque
3192 5423 3260 5478 ab
3297 5422 3442 5478 omni
3475 5421 3639 5487 clero,

333 5511 551 5566 .metuit
589 5511 760 5582 :quia
800 5510 904 5582 pias
954 5509 1296 5566 subditorum
1342 5518 1555 5567 mentes
1598 5512 1667 5567 ab
1700 5512 1846 5567 omni
1891 5527 1951 5568 se
2057 5534 2232 5591 neque
2258 5534 2289 5574 a
2318 5518 2555 5589 regibus,
2584 5533 2815 5590 nequea
2840 5517 3056 5588 populo,
3082 5511 3641 5587 judexjudicabitur:

358 5611 513 5676 peste
539 5602 949 5660 obtrectationis
983 5603 1318 5659 abstinentes
1341 5604 1756 5674 praepositorum
1783 5605 1949 5660 vitam

361 5695 509 5752 nullo
533 5695 728 5768 lingua:
753 5697 928 5768 gladio
954 5697 1284 5768 percutiunt,
1306 5698 1470 5755 etiam
1501 5713 1626 5754 cum
1650 5699 1718 5756 de
1748 5699 1950 5770 imper-

2057 5614 2204 5672 haud
2244 5614 2483 5678 dubium,
2532 5613 2662 5684 quin
2702 5611 3102 5669 ecclesiasticus
3145 5609 3392 5681 Pelagius
3428 5621 3646 5678 quoque

2057 5705 2257 5779 praesul
2281 5706 2609 5778 apostolicus
2634 5706 2849 5763 cuidam
2875 5705 2986 5776 regi
3016 5703 3350 5758 Francorum
3376 5699 3643 5761 scribens.

364 5789 597 5847 fectione
618 5790 1038 5860 reprehendunt.
1071 5791 1173 5860 Qui
1202 5798 1258 5847 et
1285 5791 1331 5847 si
1360 5792 1577 5863 quando
1601 5807 1702 5863 pro
1725 5791 1955 5849 inﬁrmi-
2061 5801 2142 5857 sic
2165 5801 2296 5858 dicit
2321 5813 2351 5843 ι
2382 5819 2396 5856 :
2426 5799 2560 5858 Cum
2587 5799 2893 5858 celsitudini
2915 5806 3110 5853 vestrae
3135 5794 3302 5851 multa
3321 5794 3458 5849 dona
3487 5794 3650 5850 misers

441 5918 466 5946 δ
498 5902 860 5961 Childeberto.
904 5903 1002 5960 Est
1049 5907 1275 5976 epistola
1320 5907 1605 5964 undecima
1629 5907 1830 5980 Pelagii
1888 5926 2058 5983 papzn.
2147 5956 2154 5961 .

691 5998 964 6061 PATROL.
1011 5999 1237 6062 CXIX.

3139 6000 3214 6063 30
