4050 6324
545 393 650 450 939

1950 386 2214 474 NICOLAl
2255 387 2501 453 mmr

3719 394 3833 451 940

545 510 780 566 ricordia
819 509 998 564 divina
1039 505 1346 571 contulerit,
1381 518 1490 574 pro
1527 517 1710 558 amore
1747 511 1926 559 tamen
1966 520 2130 574 quem
2157 507 2210 565 Α
2237 503 2519 558 dicialibus
2539 496 2782 558 submitti
2806 502 3234 560 diliinitionibus.
3272 503 3554 575 Siquidem
3573 514 3830 578 tempore

546 600 797 658 Ecclesiae
840 599 955 668 ejus
1005 598 1287 654 sinceriter
1329 595 1616 661 exhibetis,
1654 595 1781 651 fecit
1817 610 1912 651 vos
1947 597 2129 652 multis

548 688 896 760 regnantibus
943 687 1202 743 clariores
1247 704 1260 740 :
1309 686 1562 754 quoniam
1609 686 1751 741 inter
1796 686 1930 742 alias
1976 686 2126 757 regni

544 773 709 842 vestri
762 799 922 840 curas
964 781 1354 854 tranquillitate
1398 790 1602 837 sancta:
1640 780 1894 842 Ecclesia:
1938 781 2129 851 praeci-

543 890 703 945 puam
732 873 1146 934 sollicitudinem
1165 888 1263 930 vos
1294 881 1503 929 certum
1529 881 1614 928 est
1635 873 1910 927 exhibere.

614 968 744 1034 Quae
774 982 898 1022 cum
940 967 1014 1021 ita
1054 965 1184 1031 sint,
1228 965 1488 1020 miramur
1516 964 1644 1034 quia
1678 972 1940 1032 quantum
1973 960 2128 1016 nobis

542 1058 886 1130 prmsentium
943 1058 1266 1128 portitorum
1320 1056 1594 1128 suggestio
1637 1054 1921 1124 patefecit,
1981 1051 2126 1123 passi

539 1157 672 1212 estis
697 1154 903 1225 subripi
927 1154 1082 1210 vobis
1107 1161 1161 1208 et
1187 1152 1498 1208 Sabaudum
1528 1151 1749 1204 fratrem
1773 1157 1827 1203 et
1853 1147 2126 1217 coepisco-

539 1268 666 1322 pum
697 1258 944 1306 uostrurn
975 1247 1310 1302 Arelatensis
1351 1245 1586 1302 civitatis
1623 1242 1941 1304 antistitem,
1973 1239 2125 1310 cujus

536 1343 780 1399 Ecclesia
811 1340 865 1396 in
895 1339 1208 1411 regionibus
1233 1336 1527 1394 Gallicanis
1551 1335 1815 1406 primatus
1847 1330 2125 1402 privilegio

535 1447 588 1493 et
625 1438 772 1493 sedis
803 1434 1111 1505 apostolica:
1147 1433 1355 1488 vicibus
1379 1431 1682 1493 decoratur,
1715 1428 1783 1482 ad
1807 1425 2121 1498 petitionem

533 1529 776 1601 epiSOOpi
819 1530 887 1584 ab
918 1529 1035 1599 ipso
1058 1526 1294 1584 ordinati
1328 1525 1383 1581 in
1403 1524 1664 1594 judicium
1693 1522 1968 1594 sequentis
1995 1519 2125 1576 civi-

535 1622 665 1684 tath
694 1620 952 1692 episcopi,
998 1620 1142 1690 quod
1187 1618 1330 1674 nulla
1369 1617 1736 1674 ecclesiastica
1775 1615 1893 1687 lege
1926 1629 1992 1669 ve
2033 1625 2123 1668 ra-

535 1714 683 1770 tione
699 1712 1038 1782 conceditur,
1063 1710 1410 1782 judicandum
1435 1709 1701 1780 juberetis
1730 1721 2037 1772 occurrere,
2063 1712 2123 1760 ut

532 1807 654 1876 ipso
681 1805 748 1861 de
776 1803 1093 1861 conculcato
1130 1803 1232 1858 loci
1275 1803 1360 1858 sui.
1394 1801 1705 1874 praejudicio
1731 1807 2114 1870 conquerente,

2232 593 2550 648 Diocletiani
2599 602 2652 648 et
2679 592 2985 649 Maximiani
3029 594 3412 665 Augustorum,
3477 596 3832 656 Marcellinus

2229 692 2518 761 episc0pus
2542 691 2696 746 urbis
2727 691 2933 757 Romae,
2962 691 3052 762 qui
3084 700 3273 762 postea
3319 692 3548 764 insignis
3607 703 3830 767 martyr

2229 780 2454 837 effectus
2497 790 2599 845 est,
2634 782 2768 836 adeo
2807 781 3116 852 compulsus
3166 794 3252 837 est
3287 799 3317 836 a
3363 783 3608 853 paganis,
3679 785 3832 840 utin

2240 873 2494 944 templum
2519 888 2703 928 eorum
2732 873 3028 942 ingressus,
3079 887 3245 944 grana
3272 872 3446 927 thuris
3481 889 3648 944 super
3695 889 3831 946 pnt-

2230 978 2329 1018 nas
2352 975 2598 1034 poneret.
2623 962 2789 1033 Cujus
2815 965 2892 1018 rei
2923 963 3096 1035 gratia
3126 963 3358 1019 collecto
3408 979 3830 1021 numerosorum

2230 1055 2460 1112 concilio
2487 1056 2881 1127 episcoporum,
2923 1063 2979 1110 et
3014 1056 3364 1126 inquisitione
3423 1056 3585 1121 facta,
3628 1057 3738 1112 hoc
3770 1073 3831 1114 se

2229 1149 2370 1206 idem
2423 1149 2662 1221 pontifex
2690 1151 2866 1221 egisse
2889 1149 3175 1206 confessus
3209 1158 3293 1204 est
3325 1163 3373 1203 ο.
3418 1149 3604 1205 Nullus
3637 1161 3824 1206 tamen

2228 1255 2415 1296 eorum
2459 1219 2704 1312 proferre
2733 1241 2786 1296 in
2815 1255 2939 1296 eum
2970 1243 3297 1296 sententiam
3329 1255 3492 1297 ausus
3545 1252 3652 1308 est,
3705 1257 3829 1298 cum

2228 1331 2278 1386 ei
2329 1333 2627 1402 saepissime
2673 1347 2863 1388 omnes
2897 1333 3291 1403 perhiberent:
3343 1332 3461 1387 Tuo
3493 1348 3592 1388 ore
3639 1333 3829 1405 judica

2227 1437 2446 1480 causam
2467 1435 2644 1492 tuam,
2679 1441 2785 1482 non
2817 1432 3005 1482 nostro
3036 1425 3278 1496 judicio;
3319 1434 3372 1481 et
3399 1426 3630 1481 iterum:
3671 1426 3826 1492 Noli,

2227 1518 2398 1584 aiunt,
2436 1519 2610 1576 audiri
2649 1520 2704 1575 in
2743 1529 2930 1577 nostro
2967 1518 3190 1590 judicio,
3233 1519 3327 1574 sed
3368 1519 3563 1590 collige
3598 1519 3654 1574 in
3706 1520 3830 1574 sinu

2227 1619 2320 1666 tuo
2367 1625 2584 1668 causam
2628 1620 2814 1678 tuam;
2858 1619 2913 1667 et
2952 1625 3173 1666 rursus:
3215 1610 3478 1679 Quoniam
3514 1625 3585 1666 ex
3615 1620 3706 1674 te,
3751 1611 3833 1665 in-

2225 1703 2438 1773 quiunt,
2454 1703 2862 1774 justiflcaberis,
2882 1714 2976 1760 aut
3004 1720 3069 1760 ex
3090 1720 3188 1760 ore
3210 1715 3302 1760 tuo
3323 1704 3822 1767 condemnaberis;

2223 1805 2278 1852 et
2330 1797 2527 1853 iterum
2571 1798 2790 1854 dicunt:
2824 1797 3004 1853 Prima
3061 1797 3218 1853 sedes
3257 1812 3364 1853 non
3396 1796 3744 1866 judicabitur
3797 1811 3825 1851 a

533 1899 623 1956 ille
660 1901 754 1971 qui
801 1899 1098 1969 usurpavit,
1150 1911 1371 1954 necesse
1409 1897 1479 1952 sit
1517 1896 1583 1951 de
1629 1895 1812 1950 illicita
1860 1908 2119 1964 praisum-
2147 1908 2198 1970 Β
2228 1901 2520 1958 quoquam.

530 1995 714 2065 ptione
764 1995 988 2065 culpari.
1051 1993 1155 2048 Pro
1197 1993 1393 2063 quibus
1447 1989 1870 2046 Christianitatis
1926 1997 2119 2043 vestrae

531 2083 858 2141 confidentia
907 2082 1053 2148 freti,
1101 2092 1327 2153 paterno
1377 2081 1554 2138 studio
1592 2079 1927 2150 pustularnus
1972 2088 2032 2133 ut
2073 2077 2120 2133 si

529 2177 660 2248 quid
689 2175 795 2231 tale
833 2175 1033 2231 factum
1062 2184 1166 2243 est,
1200 2191 1440 2246 congrua
1473 2173 1840 2230 satisfactione
1871 2171 2122 2228 celeriter

528 2277 859 2340 amputetur,
903 2283 1004 2326 nec
1036 2268 1202 2323 ullum
1253 2268 1334 2324 sui
1385 2267 1690 2338 exemplum
1731 2265 1784 2320 in
1830 2265 2118 2336 perturba-

525 2363 675 2418 tione
703 2361 1090 2427 Ecclesiarum,
1131 2377 1268 2432 quas
1307 2361 1462 2416 vobis
1490 2359 1632 2416 Deus
1667 2358 1917 2424 credidit,
1949 2357 2118 2413 relin-

525 2467 694 2522 quere
746 2452 1118 2518 concedatur;
1153 2461 1209 2508 et
1248 2452 1554 2523 bujusmodi
1608 2451 1790 2506 causis
1830 2450 2117 2507 sollicitam

523 2561 620 2602 vos
643 2545 696 2600 in
727 2545 931 2616 reliquo
957 2545 1112 2602 decet
1135 2546 1395 2602 exhibere
1421 2543 1707 2610 cautelam,
1733 2559 1802 2598 ne
1829 2543 1959 2614 quid
1987 2559 2118 2598 con-

526 2647 612 2696 tra
667 2637 1063 2695 ecclesiasticas
1113 2638 1323 2710 regulas
1379 2637 1686 2709 petentibus
1736 2636 2048 2692 concedatis
2097 2656 2110 2692 :

522 2732 649 2802 quia
678 2731 822 2802 quod
841 2731 979 2787 bene
1001 2731 1277 2803 cognitum
1306 2739 1390 2786 est
1411 2729 1675 2801 religiosae
1702 2729 1868 2784 menti
1894 2737 2112 2796 vestrae,

523 2838 628 2878 non
667 2823 825 2879 aliter
873 2824 984 2880 Deo
1031 2831 1217 2879 nostro
1261 2831 1406 2878 recte
1450 2829 1629 2892 potest
1666 2819 1864 2892 regalis
1901 2821 2113 2876 devotio

521 2911 795 2980 famulari,
822 2913 926 2969 nisi
950 2913 1292 2984 providentia
1314 2912 1432 2983 ejus
1453 2911 1942 2967 ecclesiasticornm
1964 2910 2112 2966 ordi-

521 3020 649 3060 num
680 3014 930 3062 servetur
952 3006 1257 3077 integritas.

593 3099 864 3154 Prteterea
909 3099 1266 3155 suavissimus
1291 3097 1454 3152 Pater
1484 3105 1539 3153 et
1577 3111 1718 3168 papa
1745 3104 1931 3152 noster
1973 3094 2110 3152 Gre-

523 3191 727 3261 gorius,
754 3191 950 3260 dequo
975 3204 1136 3260 supra
1185 3190 1440 3258 diximus,
1496 3189 1642 3246 clero
1691 3188 2107 3246 Mediolanensis

2298 1977 2434 2035 Hinc
2460 1979 2624 2034 etiam
2653 1981 2905 2051 superius
2934 1988 3269 2034 memoratus
3299 1976 3585 2034 confessor
3615 1976 3826 2033 Christi

2225 2069 2485 2126 Silvesler
2504 2069 2852 2143 fecitgradus
2887 2073 2940 2127 in
2973 2071 3180 2142 gremio
3201 2070 3391 2144 synodi
3417 2069 3823 2143 (synodJiorm,

2223 2179 2272 2219 c.
2304 2163 2381 2235 3),
2427 2173 2485 2219 ut
2536 2151 2964 2237 non.presbyter
3005 2166 3264 2220 adversus
3314 2164 3653 2235 episcopum,
3715 2180 3820 2218 non

2222 2255 2482 2312 diaconus
2527 2256 2787 2311 adversus
2824 2256 3236 2331 presbyterum,
3290 2270 3395 2310 non
3451 2255 3822 2311 subdiaconus

2222 2345 2482 2402 adversus
2522 2347 2823 2411 diaconem,
2851 2362 2959 2402 non
2991 2346 3272 2419 acolythus
3300 2347 3562 2402 adversus
3594 2348 3821 2402 subdiu-

2220 2451 2436 2503 conem,
2463 2452 2567 2495 non
2591 2438 2860 2494 exorcista
2881 2439 3142 2494 adversus
3162 2438 3490 2511 acolytbum,
3516 2453 3625 2494 non
3649 2438 3822 2495 lector

2221 2511 2478 2586 adversus
2518 2531 2868 2597 exorcistam,
2912 2546 3019 2588 non
3058 2531 3318 2588 ostiarius
3353 2533 3616 2588 adversus
3650 2531 3819 2588 lecto-

2220 2638 2333 2678 rem
2373 2625 2465 2679 det
2503 2625 2901 2681 accusationem
2941 2625 3199 2696 aliquam,
3231 2639 3407 2697 neque
3434 2626 3634 2698 praesul
3670 2643 3820 2682 sum-

2217 2732 2339 2772 mus
2367 2733 2395 2770 a
2419 2731 2693 2788 quoquam
2715 2717 3069 2787 jrrdicabitur,
3099 2719 3356 2790 quoniam
3386 2723 3653 2791 scriptum
3683 2731 3768 2776 est
3800 2738 3815 2774 :

2220 2807 2346 2864 Non
2376 2821 2452 2866 est
2481 2811 2770 2883 discipulus
2798 2829 2957 2884 supra
2993 2814 3304 2885 magistrum
3335 2812 3552 2885 (Matth.
3587 2814 3664 2884 ι).
3712 2812 3818 2868 Sed

2217 2910 2271 2956 et
2309 2917 2430 2957 cum
2465 2904 2687 2972 quidam
2717 2913 2958 2976 tempore
2983 2906 3218 2978 quodam
3249 2915 3440 2963 contra
3470 2905 3685 2962 Sixtum
3715 2921 3814 2977 pa-

2216 3010 2340 3067 pam
2371 3004 2674 3054 tentassent
2705 3000 2953 3069 quaedam
2983 3015 3092 3056 non
3130 3000 3257 3056 boni
3288 3001 3526 3057 rumoris
3551 3000 3812 3072 objicere,

2213 3092 2349 3149 etin
2385 3092 2633 3158 concilio,
2661 3093 2746 3148 cui
2776 3101 2831 3150 et
2852 3092 3265 3151 Valentinianus
3310 3095 3592 3168 Augustus
3643 3095 3816 3150 inter-

2213 3193 2352 3249 erat,
2384 3185 2586 3240 dictum
2626 3184 2817 3242 fuisset
2859 3185 2960 3258 (De
2990 3196 3264 3258 carpat-gat.
3314 3187 3456 3243 εἰᾶτιὶ
3495 3203 3647 3257 papa’
3691 3184 3812 3252 III,

521 3278 776 3336 Ecclesia
826 3294 930 3350 pro
960 3279 1208 3350 eligendo
1252 3280 1356 3335 sibi
1403 3281 1655 3351 episcopo
1692 3280 1886 3336 litteris
1907 3281 2100 3351 prazci-
2134 3277 2180 3341 C
2212 3291 2329 3347 cap.
2369 3275 2423 3347 5)
2474 3292 2578 3332 non
2620 3277 2783 3334 licere
2822 3279 3106 3335 adversum
3155 3277 3464 3350 pontiﬁcem
3521 3277 3652 3333 dare
3684 3292 3811 3332 scu-

524 3371 700 3440 piens,
725 3371 801 3426 ait
829 3356 943 3443 (lib.
973 3386 1036 3437 lt,
1062 3371 1246 3426 indict.
1265 3387 1346 3438 ιι,
1376 3388 1458 3442 ep.
1480 3371 1573 3442 29)
1589 3391 1606 3426 :
1629 3371 1930 3428 Pensantes
1955 3388 2102 3443 ergo,

517 3481 636 3536 qua:
661 3466 872 3523 cunctis
900 3466 1213 3538 expediunt,
1267 3477 1323 3523 et
1349 3482 1511 3538 quem
1540 3467 1693 3524 vobis
1723 3468 1898 3541 gratia
1920 3467 2105 3523 divina

517 3555 835 3626 praetulerit,
884 3557 1288 3630 integerrimam
1344 3574 1558 3629 semper
1587 3559 1640 3613 in
1695 3558 1947 3614 omnibus
1973 3559 2103 3615 obe-

515 3647 772 3703 dientiam
803 3650 1068 3719 praebete;
1117 3650 1348 3722 iudicari
1407 3665 1641 3721 namque
1692 3667 1721 3705 a
1753 3651 1906 3707 vobis
1961 3651 2104 3708 rrltra

515 3756 621 3794 non
660 3741 822 3797 debet
839 3741 1007 3798 semel
1033 3742 1321 3813 praelatus;
1355 3743 1448 3799 sed
1481 3752 1634 3798 tanto
1665 3759 1808 3798 nunc
1831 3744 2104 3800 subtiliter

517 3829 844 3900 iudicandus
887 3841 993 3900 est,
1031 3842 1233 3904 quanto
1278 3835 1621 3904 postmodum
1645 3835 1967 3906 iudicandus
1995 3852 2102 3892 non

517 3929 620 3976 est.
663 3921 991 3980 Consecrato
1036 3934 1217 3980 autem
1268 3925 1420 3981 vobis
1460 3925 1569 3982 Deo
1622 3933 1843 3980 auctore
1895 3926 2102 3996 pastori

517 4018 628 4067 tota
653 4026 750 4066 vos
787 4021 968 4068 mente
992 4015 1335 4080 committite,
1356 4023 1518 4084 atque
1542 4015 1596 4070 in
1621 4015 1710 4070 illo
1737 4015 2099 4087 omnipotenti

513 4101 645 4168 Deo,
669 4103 762 4172 qui
795 4101 945 4160 vobis
973 4104 1114 4179 hunc
1142 4105 1396 4175 praetulit,
1427 4105 1716 4162 deservite.
1745 4106 1952 4174 Quibus
1977 4121 2096 4162 om-

512 4193 671 4249 nibus
743 4194 845 4250 rite
919 4194 1178 4262 collectis,
1233 4198 1366 4253 satis
1425 4197 1727 4263 evidenter,
1774 4207 1833 4252 ut
1910 4199 2098 4269 opina-

509 4302 662 4353 mur,
711 4294 988 4344 ostensum
1039 4299 1122 4344 est
1171 4304 1276 4345 non
1323 4305 1481 4360 posse
1542 4291 1780 4364 legitime
1822 4293 2098 4364 subjectos

507 4380 573 4435 de
620 4378 828 4450 praelati
873 4379 958 4436 sui
1005 4379 1115 4435 vita
1151 4381 1427 4450 judicare;
1473 4399 1572 4440 nec
1615 4393 1816 4456 praeter
1842 4387 2094 4443 haeresim

505 4470 872 4542 cujuscunque
923 4473 994 4529 sit
1039 4474 1216 4529 meriti
1258 4483 1459 4531 temere
1514 4477 1926 4546 reprehendere.

583 4563 688 4620 Sed
727 4565 772 4620 si
821 4565 998 4621 adhuc
1049 4565 1227 4636 placet
1253 4565 1453 4635 aliquid
1491 4569 1558 4623 de
1580 4569 1683 4624 hoc
1741 4585 1899 4626 nosse
1947 4571 2096 4641 quod

2211 3370 2434 3424 tentiam
2470 3386 2483 3423 :
2516 3369 2753 3426 surrexit
2802 3371 2944 3426 idem
2991 3371 3236 3442 protinus
3288 3370 3602 3441 imperator,
3649 3376 3704 3425 et
3750 3367 3809 3421 in

2211 3461 2432 3517 arbitrio
2458 3462 2668 3533 praefati
2712 3464 2988 3535 pontificis
3024 3463 3218 3519 tribuit
3258 3463 3508 3535 judicare
3547 3459 3810 3531 judicium

2209 3571 2384 3613 suum.
2420 3555 2630 3613 Etenim
2661 3557 2843 3614 nullus
2895 3557 3209 3629 pontificum
3246 3558 3518 3613 minorum
3548 3555 3634 3612 vel
3674 3553 3808 3610 infe-

2210 3647 2415 3704 riorum
2447 3649 2664 3704 urbium
2698 3650 2957 3705 subactus
2976 3648 3199 3724 judiciis
3228 3649 3521 3704 invenitur.

2286 3739 2442 3796 Unde
2477 3739 2711 3797 Joannes
2749 3741 3119 3797 Antiochenus
3158 3741 3335 3796 tertia:
3375 3738 3628 3794 videlicet
3668 3737 3809 3793 sedis

2207 3833 2513 3903 episcopus,
2554 3831 2700 3888 inter
2742 3841 2938 3890 caetera
2965 3833 3161 3904 legitur
3205 3832 3260 3888 in
3301 3831 3573 3902 Ephesina
3603 3830 3806 3902 synodo

2207 3941 2380 3997 usque
2395 3926 2464 3981 ad
2485 3927 2879 3982 correctionem
2900 3927 3187 3981 damnatus
3207 3925 3287 3996 (in
3307 3941 3387 3988 ep.
3412 3926 3481 3977 ad
3504 3921 3710 3978 Cttlesl.
3728 3919 3801 3991 1),

2207 4016 2332 4086 quia
2361 4015 2621 4088 Cyrillum
2650 4016 3076 4073 Alexandrinum
3125 4015 3376 4071 secunda:
3412 4013 3622 4069 scilicet
3661 4011 3804 4066 sedis

2205 4107 2921 4181 episcopum,irregulariter
2939 4109 3272 4164 damnationi
3294 4107 3640 4179 praesumpsit
3663 4105 3804 4161 addi-

2206 4216 2350 4267 cere,
2379 4204 2570 4256 eadem
2599 4201 2894 4258 venerabili
2933 4202 3138 4274 synodo
3167 4202 3234 4256 ad
3271 4199 3631 4256 Crelestinum
3660 4214 3799 4253 sum-

2205 4306 2308 4346 ma:
2334 4292 2478 4347 sedis
2509 4290 2794 4362 praesulem
2823 4292 3004 4348 taliter
3041 4292 3094 4347 in
3131 4291 3351 4362 scriptis
3377 4289 3709 4361 postulante,
3740 4304 3800 4344 ac

2201 4381 2449 4436 dicente:
2476 4381 2791 4454 lndignetur
2811 4396 2942 4453 ergo
2971 4391 3059 4437 tua
3085 4382 3409 4453 religlositas
3431 4390 3802 4451 competenter

2200 4487 2300 4542 pro
2329 4472 2432 4538 his,
2479 4487 2598 4542 quae
2625 4472 2766 4528 facta
2804 4482 2964 4538 sunt;
2994 4473 3037 4528 si
3065 4474 3208 4527 enim
3241 4475 3363 4527 data
3405 4471 3574 4527 fuerit
3611 4473 3794 4527 volen-

2201 4563 2346 4619 tibus
2373 4563 2591 4620 licentia
2641 4573 2698 4620 et
2740 4564 2975 4634 majores
3023 4565 3238 4636 injuriis
3285 4565 3443 4620 sedes
3479 4565 3713 4629 allicere,
3747 4575 3798 4619 ct

504 4654 754 4721 delectet,
779 4655 986 4726 antiqui
1008 4654 1188 4712 Patris
1215 4665 1270 4711 et
1291 4657 1611 4714 venerabilis
1639 4661 1880 4717 doctoris
1911 4662 2084 4720 Areo-
2115 4648 2168 4708 D
2196 4662 2390 4709 00mm
2414 4669 2510 4710 eas
2537 4655 2590 4710 in
2622 4655 2820 4726 quibus
2851 4671 2958 4711 non
2988 4655 3192 4713 habent
3214 4665 3561 4727 potestatem.
3603 4667 3793 4711 contra

505 4747 699 4816 pagitae
722 4747 960 4819 Dionysii
990 4749 1057 4803 ad
1084 4747 1458 4818 Demophilum
1486 4752 1650 4806 verba
1682 4752 1835 4806 vobis
1865 4754 2085 4810 recitari

504 4838 808 4907 praecipite:
835 4839 926 4910 qui
952 4840 1117 4895 etiam
1149 4840 1202 4895 in
1235 4855 1398 4895 causa
1434 4842 1651 4911 pietatis
1681 4842 2086 4915 delinquentem

501 4931 837 4988 sacerdotem
863 4933 1018 4990 nefas
1045 4934 1222 4990 sancit
1240 4950 1272 4988 a
1303 4936 1623 5002 minoribus,
1653 4937 1736 4992 vel
1768 4937 1834 4991 ab
1862 4937 2086 4995 inferio-

503 5018 653 5074 ribus
669 5019 919 5088 judicari,
955 5039 1022 5078 ne
1055 5023 1222 5079 fiatin
1273 5025 1513 5082 Ecclesia
1550 5027 1649 5082 Dei
1709 5029 1909 5099 aliquid
1938 5031 2086 5087 inor-

499 5110 766 5175 dinatum,
789 5122 844 5167 et
871 5123 1046 5170 status
1067 5113 1182 5184 ejus
1204 5116 1256 5171 in
1274 5117 1455 5188 aliquo
1477 5118 1856 5176 confundatur.
1883 5120 2082 5178 Verum

502 5203 780 5274 hucusque
808 5208 952 5276 quod
1005 5226 1036 5263 a
1095 5210 1209 5266 suis
1237 5210 1590 5284 suilraganeis
1642 5224 1805 5284 atque
1853 5215 2088 5273 subditis

499 5295 667 5350 frater
711 5308 767 5352 et
811 5302 1184 5358 comminister
1214 5316 1397 5362 noster
1431 5305 1670 5378 Ignatius
1698 5325 1806 5364 non
1838 5311 2086 5366 debuerit

495 5389 744 5458 judicari,
769 5392 863 5447 sed
892 5409 991 5450 nec
1020 5394 1174 5450 facile
1202 5399 1544 5466 reprehendi,
1575 5401 1816 5457 breviter
1835 5417 2084 5472 compro-

496 5483 760 5540 bavimus.
814 5483 968 5542 Nunc
1012 5497 1191 5543 autem
1235 5491 1413 5548 divina
1444 5493 1800 5562 inspiratione
1847 5511 1952 5552 non
1979 5511 2080 5552 nos

493 5578 716 5648 pigebit,
750 5595 848 5635 nec
878 5582 1032 5636 nobis
1084 5582 1411 5653 impossibile
1455 5586 1557 5639 erit
1585 5588 1871 5643 ostendere
1925 5591 2080 5646 vobis

495 5667 562 5739 (si
589 5679 769 5727 tamen
792 5671 980 5727 audire
1011 5673 1234 5740 velitis),
1265 5689 1369 5730 non
1408 5690 1565 5744 posse
1607 5694 1934 5750 quemquam
1976 5683 2078 5738 rite

493 5759 561 5813 ab
609 5762 691 5816 bis
728 5764 822 5832 qui
844 5763 1118 5820 Inferioris
1147 5756 1426 5836 dignitatis
1453 5768 1535 5822 vel
1562 5770 1767 5824 ordinis
1795 5783 1937 5836 sunt,
1988 5773 2077 5840 ju-

567 5884 589 5906 ιι
621 5871 674 5924 In
707 5875 937 5930 concilio
969 5879 1403 5933 Sinuessam-nsi.

2198 4745 2348 4817 leges
2403 4748 2481 4803 sic
2526 4757 2583 4803 et
2627 4757 2819 4803 contra
2875 4763 3112 4805 canones
3181 4748 3429 4820 proferre
3476 4751 3792 4814 sententias,

2200 4837 2353 4893 ibunt
2380 4840 2446 4896 ad
2475 4839 2718 4896 ultimam
2744 4841 3115 4898 confusionem
3146 4843 3400 4899 Ecclesia:
3430 4858 3540 4898 res.

2269 4931 2471 4989 Deinde
2499 4949 2630 4990 vero
2659 4935 2713 4989 in
2755 4944 2942 4990 sancta
2986 4935 3414 4992 Chalcedoneusi
3439 4937 3649 5006 synodo
3673 4952 3791 4991 curn

2198 5040 2227 5077 a
2255 5023 2524 5092 judicibus
2568 5025 2768 5082 Basilio
2816 5027 3070 5099 episcopo
3121 5027 3381 5084 Seleucia:
3437 5027 3788 5096 objiceretur,

2193 5131 2366 5186 quare
2393 5117 2446 5171 in
2478 5117 2824 5174 damnatione
2851 5117 3092 5174 Flaviani
3123 5120 3501 5190 subscripserit
3534 5161 3548 5184 ,
3598 5129 3654 5175 et
3681 5121 3789 5190 ipsc

2196 5208 2536 5278 responderit
2564 5228 2576 5262 :
2609 5207 2875 5276 Quoniam
2905 5210 2959 5266 in
2975 5210 3180 5283 judicio
3207 5220 3424 5266 centum
3451 5211 3669 5282 viginti,
3699 5219 3788 5265 aut

2195 5297 2414 5368 triginta
2461 5300 2838 5370 episcoporum
2895 5301 3143 5365 traditus,
3195 5303 3576 5358 necessitatem
3621 5301 3786 5356 habui

2194 5403 2389 5458 parere
2417 5389 2526 5455 his,
2567 5406 2687 5460 qua:
2723 5391 2791 5446 ab
2817 5391 2923 5447 illis
2951 5391 3364 5458 ordinabantur,
3419 5400 3475 5448 et
3498 5390 3786 5447 Dioscorus

2193 5482 2262 5536 ad
2290 5481 2405 5536 haec
2433 5481 2638 5538 diceret
2669 5483 2720 5538 ei
2750 5503 2764 5538 :
2796 5484 3140 5540 Erubescens
3177 5484 3422 5540 homines
3455 5485 3786 5554 praevarica-

2191 5581 2279 5628 tus
2307 5588 2368 5628 es
2395 5574 2538 5642 quod
2567 5575 2766 5632 bonum
2798 5583 2900 5639 est,
2943 5584 3000 5630 et
3044 5575 3204 5632 ﬁdem
3236 5577 3518 5648 sprevisti;
3562 5592 3669 5632 non
3699 5593 3785 5633 ao

2189 5665 2314 5720 disti
2360 5667 2503 5735 quod
2557 5668 2816 5738 scripturn
2859 5677 2988 5724 est:
3025 5667 3151 5724 Non
3190 5669 3464 5724 erubescas
3489 5669 3546 5723 in
3575 5669 3781 5722 ruinam

2186 5755 2372 5824 tua'm;
2419 5758 2674 5830 praefatus
2737 5761 2970 5818 Basilius
3014 5765 3298 5833 episcopus
3349 5763 3627 5832 respondit
3671 5779 3682 5814 :
3728 5759 3782 5816 Si
