4050 6324
207 469 300 526 941

664 524 690 539 ,
1399 472 1759 529 EPISTOLAE
1801 471 1886 528 ET
1930 473 2268 529 DECRETA.

3365 475 3470 529 952

205 587 346 657 apud
382 585 595 657 judiees
640 584 952 643 habuissem
993 586 1336 658 martyrium,
1378 588 1780 644 sustinuissent.
1809 602 1858 658 Α
1887 597 2102 651 reseon,
2132 586 2186 640 in
2221 585 2481 641 decretali
2518 585 2743 654 epistola
2783 588 2851 642 ad
2887 588 3166 644 universos
3199 590 3329 645 dicit
3356 593 3469 662 epi-

204 679 417 736 Etenim
458 677 922 750 Constantinopoli
968 677 1178 734 ostendi
1211 677 1459 734 ﬁduciam
1509 694 1708 744 meam,
1753 693 1784 732 a

205 781 362 842 patre
388 779 588 839 autem,
619 771 710 842 qui
728 769 1001 841 judicatur
1021 769 1218 841 justus,
1253 785 1362 825 non
1389 770 1560 826 utitur
1584 770 1784 843 [Hum

202 861 352 935 legit,
399 863 492 934 qui
531 862 826 934 judicatur,
865 863 1027 935 justis
1054 877 1162 919 non
1202 860 1421 936 utitur]-
1465 861 1605 918 ﬁlius
1639 861 1783 918 enim

202 957 347 1028 patri
373 957 537 1013 etiam
560 955 707 1026 justa
736 957 942 1024 dicens,
974 957 1259 1012 moriatur.

276 1049 522 1119 Denique
560 1048 616 1103 in
663 1047 902 1119 Epistola
948 1048 1182 1120 legimus
1229 1047 1296 1104 ad
1339 1047 1597 1105 Hebraea
1641 1047 1786 1118 quod

204 1139 377 1194 minor
416 1157 451 1194 a
480 1138 680 1211 majore
722 1140 1088 1208 benedicatur;
1126 1150 1295 1197 restat
1321 1139 1566 1212 proiecto
1591 1148 1652 1195 ut
1675 1139 1786 1195 exiv

205 1243 365 1306 gente
391 1233 600 1290 ratione
627 1235 794 1290 etiam
823 1234 1200 1292 maledicatur.
1233 1234 1512 1306 Siquidem
1537 1234 1654 1289 haec
1682 1233 1787 1287 uti-

205 1341 311 1397 que
357 1336 754 1398 prtenoscentes
782 1328 1085 1398 periculosa
1129 1337 1372 1399 tempora
1419 1327 1494 1383 illi
1540 1328 1788 1398 quiante

206 1433 308 1474 nos
340 1415 582 1487 ﬁlerunt,
630 1419 911 1491 providam
959 1421 1014 1475 in
1048 1419 1311 1475 Ecclesiis
1348 1418 1788 1475 consuetudinem

206 1511 592 1578 tradiderunt;
641 1511 914 1582 hodieque
955 1511 1012 1566 in
1057 1510 1300 1567 Ecclesia
1351 1510 1618 1576 Romana,
1667 1523 1788 1580 quae

205 1605 464 1676 magistra
506 1611 591 1662 est
633 1604 875 1669 omnium
922 1603 1311 1671 Ecclesiarum,
1353 1601 1790 1675 impmtermisse

203 1704 471 1762 servatur,
515 1694 592 1750 ita
635 1703 697 1749 ut
736 1695 915 1751 nullus
973 1695 1253 1760 sacerdos,
1302 1693 1510 1765 majore
1533 1708 1634 1748 suo
1681 1707 1788 1748 non

206 1786 466 1843 innuente
502 1787 912 1854 consanet-dote,
934 1786 1157 1842 cuilibet
1177 1786 1257 1842 rei
1295 1785 1616 1843 benedicere
1652 1785 1791 1842 nita-

206 1887 297 1934 tur
326 1895 342 1946 ;
374 1879 470 1935 sed
514 1887 571 1934 et
605 1879 848 1935 anterior
881 1887 1035 1934 stans
1073 1878 1142 1932 ad
1186 1877 1640 1949 pronuntiandam
1689 1875 1788 1930 ali-

1888 693 2187 748 scoposper
2207 678 2533 736 Dardaniam
2555 679 2874 735 constitutos
2897 680 3068 751 (epist.
3096 681 3183 752 ll)
3203 701 3216 736 :
3243 682 3302 738 Si
3319 695 3469 740 certe

1888 771 1956 826 de
1979 771 2240 843 dignitate
2259 772 2435 844 agitur
2457 773 2732 829 civitatum
2761 776 3010 831 secundae
3034 777 3178 832 sedis
3199 788 3254 835 et
3277 779 3488 842 tertiae?

1888 859 2064 931 major
2096 871 2178 918 est
2219 863 2455 934 dignitas
2495 865 2838 921 sacerdotum
2869 883 3036 937 quam
3071 866 3186 936 ejus
3216 870 3472 934 civitatis,

1886 969 2010 1024 quae
2033 970 2142 1010 non
2175 954 2348 1010 solum
2392 955 2534 1011 inter
2571 957 2725 1012 sedes
2756 958 2978 1013 minime
3012 970 3348 1024 numeratur,
3382 964 3477 1018 sed

1888 1059 1990 1100 nec
2022 1045 2165 1102 inter
2200 1046 2738 1117 metropolitanorum
2765 1048 2889 1120 jura
2926 1060 3202 1107 censetur.
3240 1053 3309 1109 Et
3343 1055 3472 1112 item

1890 1135 2033 1192 idem
2056 1137 2113 1192 in
2143 1146 2290 1194 tomo
2315 1139 2382 1193 ad
2405 1138 2706 1195 Orientales
2729 1141 3011 1212 episcopos
3037 1143 3368 1214 :Praecipue,
3392 1146 3476 1201 in-

1888 1228 2099 1298 quiens,
2119 1246 2243 1285 cum
2271 1230 2337 1285 de
2360 1231 2608 1288 secundae
2628 1232 2774 1289 sedis
2791 1243 3043 1306 ageretur
3068 1238 3311 1293 antistite
3333 1279 3348 1304 ,
3378 1255 3477 1294 nec

1890 1320 1960 1375 ab
2003 1319 2258 1378 inferiore
2279 1322 2536 1393 qualibet,
2594 1324 2692 1380 sed
2715 1339 2747 1380 a
2792 1325 2967 1394 prima
3000 1327 3130 1384 sede
3156 1328 3281 1397 jure
3309 1331 3481 1400 possit

1891 1413 2095 1470 absolvi
2126 1433 2138 1468 :
2165 1414 2392 1471 inferior
2418 1416 2616 1487 quippe
2648 1417 2914 1488 potiorem
2941 1420 3222 1477 absolvere
3245 1438 3352 1480 non
3383 1438 3481 1492 po-

1890 1512 1999 1562 test
2023 1523 2038 1587 ;
2067 1506 2182 1563 sola
2207 1522 2335 1580 ergo
2355 1508 2535 1578 potior
2556 1508 2868 1566 inferiorem
2896 1513 3279 1569 convenienter
3305 1515 3484 1571 absol-

1890 1601 1988 1655 vit.
2029 1599 2168 1656 Hinc
2203 1601 2409 1672 liquido
2442 1603 2756 1673 pervidetur
2793 1605 2921 1675 quia
2960 1621 3124 1677 quem
3160 1622 3270 1662 non
3307 1617 3485 1679 potest

1893 1691 2194 1759 absolvere,
2219 1708 2325 1748 non
2345 1702 2526 1764 potest
2537 1695 2744 1766 judicio
2763 1694 2988 1762 inferior
3005 1698 3270 1767 potiorem
3289 1699 3481 1772 ligare.

1961 1783 2135 1840 Porro
2182 1801 2306 1841 cum
2350 1786 2719 1844 Theudoricus
2761 1788 3035 1847 haereseos
3080 1791 3300 1848 Arianar
3349 1793 3486 1850 faece

1892 1877 2152 1948 pollutus,
2189 1893 2382 1952 papam
2435 1880 2821 1953 Symmachum
2867 1890 3040 1956 usque
3077 1886 3149 1942 ad
3183 1888 3488 1945 damnatio-

205 1987 369 2043 quam
417 1971 738 2039 lectionem,
789 1971 1220 2034 benedictionem
1264 1972 1482 2042 quidem
1530 1970 1790 2043 postulat,
1821 1990 1870 2050 B
1897 1986 2046 2037 nem,
2078 1971 2260 2027 multis
2299 1973 2442 2028 hunc
2475 1975 2876 2042 accusantibus,
2919 1977 3184 2048 impetere
3226 1979 3489 2035 voluisset

204 2064 300 2119 sed
327 2063 378 2119 ei
404 2063 660 2135 quislibet
704 2063 934 2119 inferior
971 2079 1076 2119 non
1117 2063 1279 2119 audet
1315 2063 1530 2134 penitus
1571 2061 1792 2119 benedio

205 2173 330 2214 cere
361 2173 376 2213 :
409 2175 507 2214 cur
532 2159 669 2215 hoc?
695 2158 946 2229 Nunquid
984 2157 1303 2214 benedicere
1344 2165 1626 2228 peccatum
1665 2157 1796 2212 est?

206 2252 368 2308 absit.
398 2252 477 2308 De
523 2253 800 2308 maledicis
829 2252 996 2316 enim,
1027 2267 1140 2306 non
1165 2250 1462 2315 benedicis,
1498 2250 1627 2305 dicit
1652 2251 1794 2320 Apo-

207 2344 376 2401 stolus
406 2362 419 2399 :
448 2343 586 2412 Quia
614 2359 827 2416 regnum
855 2343 952 2399 Dei
979 2360 1084 2398 non
1110 2341 1442 2414 possidebunt
1470 2341 1521 2412 (I
1544 2339 1667 2398 Cor.
1690 2341 1793 2413 vt);

205 2438 300 2494 sed
349 2453 449 2509 per
489 2439 596 2494 hoc
643 2438 884 2493 innuitur
921 2443 1138 2507 quantae
1184 2449 1428 2490 conserte
1466 2433 1624 2490 freno
1659 2433 1794 2490 infe-

207 2528 381 2585 riores
424 2530 626 2599 quique
665 2529 732 2584 ad
772 2543 900 2584 suos
932 2527 1258 2599 judicandos
1291 2526 1608 2598 praepositos
1638 2540 1794 2587 coer-

193 2608 367 2678 Icendi
408 2631 556 2689 sunt,
605 2622 652 2678 si
687 2622 743 2677 hi
787 2637 888 2679 nec
926 2621 1089 2676 etiam
1127 2619 1479 2676 benedicendi
1505 2618 1596 2687 jus
1629 2619 1798 2673 ullum

207 2717 426 2787 penitus
449 2716 751 2773 obtineant.
777 2715 846 2771 Et
870 2730 1082 2782 revera,
1113 2723 1176 2770 ut
1197 2714 1448 2786 superius
1468 2728 1535 2768 ex
1556 2713 1798 2782 Evange-

208 2809 300 2876 lio,
333 2812 492 2868 beato
541 2809 805 2867 Silvestro
851 2818 1330 2876 commemorante,
1371 2809 1484 2881 jam
1516 2808 1794 2863 diximus:

211 2905 337 2962 Non
374 2918 449 2963 est
496 2908 783 2979 discipulus
819 2923 980 2978 supra
1035 2907 1346 2978 magistrum
1388 2903 1604 2976 (Matth.
1637 2902 1714 2974 ι),
1753 2902 1798 2956 si

211 3001 278 3056 ad
305 3001 734 3057 benedicendum
767 3014 894 3067 non,
933 3007 1136 3071 quanto
1165 2997 1345 3052 minus
1373 2997 1442 3051 ad
1467 2995 1799 3050 maledicen-

211 3093 373 3148 dum?
398 3093 456 3148 in
499 3101 705 3149 tantum
734 3102 917 3149 autem
946 3093 1088 3150 hanc
1116 3089 1588 3163 praesumptionem
1623 3085 1800 3142 sancti

209 3183 400 3242 Patres
427 3186 568 3257 apud
596 3186 992 3242 Chalcedonem
1020 3184 1268 3240 detestati
1298 3191 1442 3248 sunt,
1478 3190 1541 3236 ut
1577 3180 1802 3235 Diosco-

213 3291 332 3331 rum
372 3277 795 3333 Alexandrinum
841 3275 1136 3331 antistitem
1179 3275 1326 3329 inter
1357 3282 1554 3328 caetera
1595 3270 1803 3325 idcirco

1898 2061 2167 2135 (Synodus
2192 2063 2432 2119 Romana
2451 2065 2546 2119 sub
2568 2064 2929 2140 Symmacho),
2953 2077 3007 2124 et
3027 2079 3292 2140 quotquot
3308 2073 3486 2143 potuit

1897 2171 1966 2212 ex
1997 2156 2238 2228 Liguria,
2267 2156 2515 2224 Entilia,
2546 2158 2780 2227 Valeria,
2808 2169 2863 2216 et
2890 2175 2959 2216 ex
2990 2162 3220 2219 diversis
3255 2165 3479 2234 regioni-

1895 2249 2020 2316 bus,
2049 2258 2214 2319 atque
2239 2249 2306 2304 de
2339 2248 2524 2305 Sicilia
2563 2250 2739 2306 insula
2777 2251 2937 2322 hujus
2966 2253 3046 2309 rei
3074 2255 3249 2326 gratia
3282 2255 3488 2326 episco-

1896 2356 1997 2413 pos
2026 2342 2258 2402 Romam
2285 2343 2464 2415 colligi
2489 2345 2877 2416 praecepisset;
2905 2356 2960 2401 et
2985 2347 3070 2404 his
3091 2348 3160 2402 ad
3185 2363 3249 2404 se
3270 2349 3488 2404 venien-

1901 2435 2047 2491 tibus
2078 2437 2306 2492 dixisset
2336 2454 2349 2490 :
2375 2436 2536 2494 Plura
2563 2438 2632 2491 ad
2661 2453 2721 2493 se
2741 2438 2808 2493 de
2831 2453 2982 2510 papas
3010 2439 3326 2512 Symmachi
3356 2443 3488 2497 acti-

1898 2527 2004 2584 bus
2040 2529 2313 2586 horrenda
2349 2528 2518 2584 fuisse
2548 2528 2781 2598 perlata,
2811 2538 2866 2584 et
2893 2530 2948 2584 in
2987 2531 3178 2602 synodi
3211 2542 3484 2602 oportere,

1902 2618 1948 2673 si
1983 2634 2110 2673 vera
2142 2627 2284 2674 esset
2316 2618 2658 2675 inimicorum
2705 2619 2823 2690 ejus
2867 2619 3121 2689 obiectio,
3164 2622 3491 2678 indicatione

1901 2721 2185 2780 constare;
2219 2712 2504 2768 memorati
2533 2712 2835 2783 pontiﬁces,
2875 2713 3072 2782 quibus
3093 2713 3356 2784 allegandi
3394 2717 3492 2770 im-

1904 2805 2145 2861 minebat
2163 2806 2401 2874 occasio,
2427 2813 2812 2878 suggesserunt
2832 2820 2848 2860 :
2871 2805 3073 2878 ipsum,
3097 2807 3189 2877 qui
3215 2808 3494 2865 dicebatur

1903 2897 2202 2969 intpetitus,
2254 2899 2505 2956 debuisse
2556 2900 2820 2972 synodum
2863 2914 3206 2968 convocare;
3260 2902 3493 2958 scientes

1905 2993 2033 3060 quia
2063 2991 2180 3062 ejus
2204 2993 2329 3049 sedi
2359 2993 2594 3063 primum
2632 2990 2782 3048 Petri
2826 2993 3051 3063 apostoli
3085 2993 3360 3061 meritum,
3409 2995 3492 3050 vel

1905 3081 2261 3154 principatus,
2293 3083 2492 3139 deinde
2525 3094 2712 3142 secuta
2733 3083 3033 3154 jussionem
3063 3088 3276 3144 Domini
3306 3089 3491 3144 conci-

1905 3173 2103 3230 liorum
2149 3177 2581 3232 venerandornm
2611 3177 2923 3246 auctoritas,
2973 3177 3026 3234 ei
3073 3180 3400 3252 singularem
3441 3181 3495 3235 in

1907 3268 2170 3325 Ecclesiis
2211 3270 2433 3326 tradidit
2470 3278 2818 3341 potestatem,
2867 3287 2971 3327 nec
3006 3282 3134 3328 ante
3158 3275 3316 3330 dictae
3353 3275 3498 3330 sedis

211 3371 548 3440 potissimum
587 3371 705 3427 sine
732 3371 838 3425 ulla
866 3368 1208 3425 restitutione
1237 3367 1637 3430 damnaverint,
1669 3363 1798 3434 quia
1821 3354 1876 3423 ἓ
1907 3361 2208 3418 antistitem
2247 3361 2520 3418 minorum
2547 3362 2884 3432 subjacuisse
2901 3364 3126 3436 judicio.
3157 3366 3226 3421 Et
3255 3381 3446 3423 rursus
3478 3383 3493 3422 :

212 3465 268 3520 in
288 3465 623 3522 contumacia
638 3479 985 3536 permanens,
1000 3477 1128 3533 erga
1156 3461 1346 3533 prima:
1371 3460 1516 3516 sedis
1542 3459 1800 3513 Romanae

213 3556 570 3626 privilegium,
605 3555 928 3626 resipiscere
974 3569 1006 3610 a
1057 3553 1169 3610 suis
1207 3550 1703 3622 superstitionibus,
1741 3557 1803 3602 ut

214 3655 526 3703 servaretur
548 3663 578 3701 a
612 3646 788 3718 prima
813 3646 941 3701 sede
959 3644 1273 3714 apostolica,
1301 3642 1492 3706 noluit,
1520 3650 1574 3695 et
1593 3655 1800 3712 ponens

215 3736 270 3791 in
301 3737 495 3792 emtum
525 3752 587 3792 os
616 3752 795 3802 suum,
831 3743 887 3790 et
924 3734 1101 3805 lingua
1141 3732 1261 3804 ejus
1292 3740 1608 3787 transeunte
1638 3744 1802 3799 super

214 3837 415 3884 terram
443 3829 614 3901 (Psai.
635 3828 1454 3901 Lxxu),excomnmnicationem
1478 3826 1533 3879 in
1552 3834 1801 3880 sanctum

213 3919 448 3977 Leonem
485 3937 681 3994 papam
714 3922 968 3986 dictavit;
1000 3920 1076 3974 ita
1117 3930 1177 3974 ut
1215 3921 1267 3974 in
1314 3920 1581 3975 sententia
1612 3927 1801 3973 contra

214 4012 392 4082 ipsum
433 4014 662 4084 prolata,
706 4015 811 4070 hoc
852 4014 1136 4070 videantur
1185 4028 1485 4068 memorare
1532 4012 1803 4083 praecipue

215 4105 474 4170 dicentes,
505 4105 758 4176 quoniam
796 4104 1048 4160 secundis
1086 4104 1398 4159 excessibus
1433 4103 1665 4173 priorem
1697 4102 1802 4157 ini-

215 4199 474 4268 quitatem
501 4198 657 4255 valde
686 4199 1038 4254 transcendit.
1067 4196 1420 4267 Praesumpsit
1453 4196 1598 4251 enim
1623 4204 1678 4250 et
1701 4210 1801 4251 ex-

215 4290 758 4346 communicationem
789 4292 996 4348 dictare
1028 4291 1289 4346 adversus
1317 4289 1718 4345 sanctissimum
1745 4299 1804 4344 et

213 4382 584 4438 beatissimum
610 4383 1077 4455 archiepiscopum
1101 4397 1312 4455 magnae
1331 4383 1515 4437 Romae
1541 4381 1800 4436 Leonem.

215 4470 464 4542 Nunquid
490 4473 564 4528 ibi
592 4472 831 4545 (Actione
860 4475 887 4528 1
922 4490 1067 4528 conc.
1096 4470 1372 4541 Chalced.)
1401 4471 1594 4543 legitur
1620 4469 1802 4540 inqui-

212 4567 464 4622 sitionem
486 4565 652 4622 fuisse
671 4565 891 4632 factam,
914 4575 1098 4622 utrum
1113 4565 1280 4637 juste,
1309 4580 1379 4621 an
1406 4563 1602 4633 injuste
1628 4564 1802 4633 ipsam

210 4659 319 4729 jam
348 4658 518 4713 fatum
547 4659 860 4714 Dioscorum
881 4658 1497 4714 excommunicationem
1525 4656 1804 4712 dictasse?

1903 3455 2129 3524 Causas,
2161 3456 2434 3526 inquiunt,
2475 3457 2570 3513 Dei
2597 3457 2765 3528 ipsius
2791 3474 2916 3515 esse
2931 3459 3137 3530 judicio
3155 3463 3492 3517 committeno

1905 3549 2025 3615 das,
2055 3549 2144 3619 qui
2182 3547 2314 3604 valet
2349 3565 2537 3620 corpus
2578 3549 2831 3612 occidere,
2860 3559 2912 3603 et
2939 3551 3170 3605 animam
3204 3554 3406 3608 mittere
3440 3544 3495 3608 in

1904 3644 2192 3713 gehennam
2241 3641 2395 3709 (Luc.
2455 3639 2590 3712 xu);
2627 3641 2718 3711 qui
2758 3642 2932 3697 dicit:
2965 3642 3100 3696 Mihi
3135 3644 3418 3706 uindictam
3453 3655 3501 3700 et

1906 3752 2000 3806 ego
2038 3735 2324 3788 retribuam
2353 3734 2533 3805 (Deut.
2569 3734 2776 3806 nitu);
2807 3736 2948 3804 apud
2972 3751 3136 3805 quem
3165 3738 3494 3792 conscientia

1906 3828 2051 3882 nuda
2087 3834 2189 3892 est,
2221 3826 2306 3880 cui
2344 3841 2450 3881 non
2483 3826 2885 3881 absconduntur
2917 3827 3146 3883 occulta.
3181 3828 3246 3882 Et
3276 3829 3495 3895 iterum,

1908 3916 2055 3972 idem
2081 3916 2182 3985 ipsi
2205 3915 2391 3970 dicunt
2421 3934 2433 3969 :
2467 3915 2619 3983 Quod
2645 3917 2926 3973 dicebatur
2951 3917 3143 3988 majori
3161 3913 3352 3987 judici,
3385 3935 3501 3975 sero

1909 4010 2176 4064 vabamus
2200 4007 2530 4072 instruentes
2562 4021 2678 4074 eos,
2715 4009 2839 4078 quia
2867 4025 2965 4079 per
2989 4023 3089 4065 nos
3116 4009 3221 4065 illis
3251 4009 3502 4066 Christus

1909 4101 2168 4167 innotuit,
2220 4114 2325 4154 non
2365 4113 2488 4155 esse
2537 4099 2722 4155 ovium
2768 4099 2878 4170 lupi
2919 4099 3140 4156 insidias
3181 4103 3500 4172 praevidere,

1910 4195 2009 4250 sed
2036 4192 2290 4264 pastoris.
3055 4243 3058 4246 .

1983 4287 2064 4342 Ad
2095 4296 2427 4358 postremum
2453 4300 2585 4341 vero
2620 4285 2708 4340 isti
2752 4285 2854 4355 ipsi
2889 4287 3219 4344 venerabiles
3246 4290 3502 4359 praesules

1909 4398 2038 4439 cum
2069 4381 2347 4445 vidissent,
2379 4381 2524 4451 quod
2560 4394 2666 4434 non
2701 4380 2817 4435 sine
2846 4380 2928 4436 sui
2957 4381 3269 4437 discrimine
3294 4386 3500 4452 potuis-

1913 4481 2036 4531 sent
2073 4480 2258 4528 contra
2291 4481 2452 4543 caput
2478 4473 2660 4528 obices
2702 4487 2893 4527 manus
2932 4488 3060 4528 suas
3091 4474 3320 4544 erigere,
3349 4476 3502 4543 quid-

1911 4567 2043 4639 quid
2075 4566 2142 4621 de
2164 4564 2370 4636 praefati
2404 4564 2716 4636 Symmachi
2756 4565 3080 4621 sanctissimi
3109 4581 3259 4635 papa:
3291 4569 3501 4622 actibus

1913 4659 2156 4716 delatum
2185 4657 2382 4724 fuerat,
2419 4664 2590 4712 totum
2622 4657 2718 4713 Dei
2740 4657 2943 4727 judicio
2985 4667 3366 4723 reservarunt;
3404 4658 3502 4725 ita,

212 4726 350 4832 [pro,
385 4755 497 4826 jam
544 4753 685 4809 fatus
717 4755 1098 4810 Dioscorus....
1130 4755 1410 4811 dictasset.
1448 4754 1649 4825 ilium]
1682 4753 1800 4808 Non
1829 4726 1884 4787 D
1909 4762 1975 4809 ut
2014 4752 2211 4822 singuli
2247 4752 2446 4822 quique
2479 4752 2534 4805 in
2568 4726 2964 4821 subscriptione
2995 4765 3089 4804 sua
3119 4750 3221 4805 hoc
3259 4759 3504 4820 patenter

206 4846 391 4916 plane,
427 4844 521 4900 sed
560 4845 762 4915 absque
789 4845 938 4900 omni
967 4845 1334 4900 controversia
1366 4845 1470 4900 hoc
1507 4845 1560 4899 in
1600 4860 1666 4899 eo
1702 4846 1802 4900 ulti

210 4948 357 5005 sunt,
396 4939 523 5008 quia
563 4952 685 4993 cum
725 4945 868 4992 esset
907 4936 1151 5004 inferior,
1180 4939 1446 5007 potiorem
1474 4939 1806 5008 quibuslibet

209 5038 434 5086 conatus
476 5039 560 5086 est
611 5029 878 5086 lacessere
931 5029 1306 5096 contumeliis;
1357 5037 1495 5085 teste
1550 5029 1806 5085 Anatolio

209 5118 807 5192 Constantinopolitano
827 5119 1072 5192 praasule,
1090 5119 1182 5191 qui
1204 5119 1368 5175 dicit:
1393 5118 1620 5190 Propter
1641 5119 1803 5175 ﬁdem

210 5230 318 5268 non
358 5222 441 5268 est
470 5215 756 5270 damnatus
785 5214 1095 5281 Dioscorus,
1131 5213 1226 5270 sed
1261 5213 1387 5284 quia
1426 5213 1798 5268 excommuni-

210 5306 480 5361 cationem
518 5305 650 5363 fecit
691 5308 910 5364 domino
951 5305 1356 5377 archiepiscopo
1392 5304 1577 5362 Leoni.
1611 5301 1805 5359 Volue-

210 5407 338 5453 runt
365 5399 509 5454 enim
540 5401 592 5455 in
621 5401 781 5457 domo
800 5399 897 5457 Dei
921 5399 1054 5456 nihil
1076 5400 1192 5474 ﬁeri
1217 5413 1637 5472 prteproperum,
1667 5398 1804 5453 nihil
1861 5452 1863 5454 .

208 5490 516 5560 confusum,
558 5493 690 5548 nihil
725 5494 1111 5551 inordinatum.
1149 5493 1307 5550 Unde
1335 5501 1460 5564 apte
1489 5506 1702 5562 quoque
1744 5491 1802 5545 in
1858 5525 1861 5527 »

203 5582 465 5658 Africano
521 5585 750 5640 concilio
802 5584 1088 5640 difﬂnitum
1141 5591 1226 5640 est
1278 5581 1516 5655 capitulo
1548 5581 1619 5637 55
1669 5582 1744 5635 ita
1777 5594 1798 5634 :

208 5671 592 5745 Unusquisque
630 5684 872 5732 nostrum
902 5677 1147 5732 ordinem
1186 5675 1288 5730 sibi
1317 5674 1594 5730 decretum
1626 5689 1654 5727 a
1687 5673 1800 5727 Deo

205 5775 520 5838 cognoscat,
553 5775 606 5821 et
639 5769 967 5838 posteriores
1009 5768 1372 5825 anterioribus
1402 5765 1666 5832 deferant,
1700 5780 1804 5819 nec

207 5859 290 5912 eis
333 5858 645 5922 inconsultis
688 5859 889 5929 aliquid
931 5875 1090 5931 agere
1138 5867 1486 5930 prmsumant.
1529 5858 1595 5912 Et
1633 5872 1794 5926 supra

206 5956 541 6006 memoratus
563 5949 809 6006 Gelasius
842 5967 1001 6022 papa,
1030 5951 1321 6007 multarum
1352 5953 1658 6009 destructor
1688 5950 1794 6004 hae-

1913 4848 2181 4913 indicent,
2202 4862 2323 4902 cum
2348 4846 2534 4900 dicunt
2562 4863 2575 4898 :
2602 4844 2931 4900 Laurentius
2947 4843 3230 4913 episcopus
3250 4844 3504 4901 Ecclesia:

1916 4938 2331 4994 Mediolanensis
2375 4936 2501 4991 huic
2546 4944 2750 4990 statuto
2800 4945 3020 4999 nostro,
3073 4934 3126 4988 in
3183 4950 3292 5005 quo
3336 4945 3500 4992 totam

1915 5046 2141 5086 causam
2162 5029 2256 5084 Dei
2271 5027 2476 5098 judicio
2497 5026 2882 5090 commisimus,
2910 5025 3224 5096 subscripsi.
3241 5025 3502 5082 Similiter

1871 5116 1874 5122 ί
1921 5120 2082 5176 Petro
2094 5121 2348 5191 episc0po
2359 5117 2617 5174 Ecclesiae
2631 5116 2978 5184 Ravennatis,
2993 5126 3046 5172 et
3063 5118 3275 5173 caeteris
3287 5121 3470 5190 episco
3481 5153 3500 5162 -

1853 5204 1871 5255 ξ
1915 5215 2000 5284 pis
2017 5211 2483 5268 subscribentibus
2513 5229 2526 5263 :
2555 5209 2806 5263 nimirum
2832 5208 3088 5278 quoniam
3111 5209 3251 5264 sicut
3278 5228 3506 5280 magnus

1912 5304 2120 5360 Christi
2146 5300 2422 5358 confessor
2450 5299 2727 5356 Ennodius
2756 5297 3054 5354 Ticiuensis
3078 5300 3381 5371 episcopus,
3410 5305 3497 5371 qui
3576 5360 3595 5376 .

1915 5397 1992 5452 ab
2016 5395 2301 5450 Hormisda
2343 5391 2650 5463 apostolicae
2678 5390 2950 5446 memoria:
2987 5390 3504 5462 Constantinopolim

1918 5488 2117 5541 missus
2163 5486 2473 5538 innumeras
2525 5482 2776 5537 miserias
2823 5498 2854 5535 a
2901 5480 3207 5538 Graecorum
3265 5487 3502 5546 vesania,

1915 5595 2019 5652 pro
2041 5577 2240 5633 Christi
2272 5577 2377 5631 ﬁde
2405 5587 2461 5631 et
2496 5584 2636 5631 statu
2677 5575 2928 5631 Ecclesiae
2955 5591 3064 5630 non
3092 5577 3258 5630 semel
3287 5576 3508 5645 pertulit

1917 5675 1998 5744 (in
2028 5668 2259 5725 indiculo
2293 5668 2612 5731 Harmisdw,
2654 5679 2772 5723 ante
2800 5669 2948 5736 epist.
2991 5669 3107 5738 ejus
3139 5667 3248 5736 ll),
3283 5683 3348 5720 ex
3385 5682 3507 5735 pro-

1919 5765 2083 5832 pheta
2119 5762 2184 5816 de
2221 5761 2306 5816 his
2355 5760 2598 5815 meminit
2630 5778 2642 5811 :
2676 5758 2928 5831 Nunquid
2966 5758 3276 5828 gloriabitur
3311 5761 3506 5814 securis

1921 5866 2105 5910 contra
2133 5869 2250 5907 eum
2278 5853 2365 5924 qui
2395 5863 2533 5905 secat
2562 5852 2614 5904 in
2641 5867 2733 5910 ea;
2761 5859 2848 5900 aut
2873 5848 3190 5904 mall/lbitur
3215 5867 3357 5903 serra
3389 5868 3508 5904 cou-

1918 5963 2004 6003 tra
2053 5949 2283 6018 eumqui
2333 5948 2487 6000 trahit
2517 5946 2669 5999 eum?
2711 5943 2844 6015 (lsa.
2881 5940 2959 6010 Χ.)
2996 5928 3088 5993 His
3120 5941 3190 5994 ita
3231 5957 3293 5996 ex
3328 5943 3512 6000 divine.

1834 6014 1879 6098 ί
