4050 6324
261 361 400 458 ’945

1485 412 1842 473 EPISTOLE
1881 418 1972 476 ET
2009 421 2349 484 DECRETA.

3459 445 3563 502 946

285 516 376 590 jus
403 531 583 581 causa,
613 527 757 573 aut'a'
784 535 842 576 se
872 521 1207 594 negotiorum
1239 525 1446 582 meritis
1499 532 1860 603 exigentibus,
1891 541 1942 602 Α
1967 538 2250 601 Psalmista
2276 559 2460 606 nosset
2487 555 2772 624 quamdam
2819 572 2923 614 non
2957 560 3221 617 bonorum
3261 565 3564 622 mu.titudi-

290 613 346 667 in
373 611 567 668 melius
580 616 968 685 commutatur,
996 624 1090 673 aut
1115 617 1282 675 solius
1299 617 1394 675 Dei
1423 621 1539 679 sine
1567 628 1867 695 quaestione
1911 627 1916 632 ”

289 711 602 760 reservatur
626 704 870 762 arbitrio.

358 795 528 864 Quem
553 803 730 852 autem
756 799 1041 870 primatem
1064 803 1364 863 dioeceseos
1382 881 1384 883 g
1402 818 1588 866 sancta
1627 815 1866 884 synodus

287 886 506 953 dixerit,
534 896 732 957 prater
769 892 999 962 apostoli
1027 894 1188 964 primi
1219 896 1498 967 vicarium,
1540 901 1718 958 nullus
1771 920 1865 975 pe-

286 978 431 1034 nitus
484 979 817 1052 intelligitur.
847 983 965 1055 Ipse
993 995 1078 1042 est
1102 988 1246 1044 enim
1288 991 1511 1062 primas,
1543 994 1635 1064 qui
1673 1003 1729 1051 et
1758 996 1868 1067 pri-

284 1086 404 1128 mus
459 1073 708 1143 habetur,
766 1086 821 1133 et
863 1095 1106 1138 summus
1147 1098 1310 1155 :quae
1359 1086 1582 1153 viritim,
1637 1090 1682 1145 si
1712 1090 1864 1149 locus

281 1165 539 1234 exegerit,
566 1166 621 1221 in
645 1169 872 1226 subditis
926 1173 1432 1234 demonstrabimus.
1471 1178 1551 1236 Ne
1589 1197 1719 1239 vero
1741 1200 1862 1241 mo-

279 1266 402 1311 veat
448 1258 572 1329 quia
630 1261 888 1334 singulari
914 1283 1142 1325 numero
1170 1271 1466 1330 diteceseos
1504 1276 1704 1334 dictum
1755 1290 1858 1350 est,

277 1346 559 1405 sciendum
598 1363 682 1408 est
711 1355 836 1424 quia
881 1361 1214 1419 tantumdem
1247 1365 1390 1421 valet
1419 1367 1618 1424 dixisse
1661 1373 1860 1442 prima-

281 1443 388 1489 tem
416 1437 713 1497 dieeceseos
765 1453 1027 1512 quantum
1051 1447 1097 1503 si
1126 1451 1490 1521 perhibuisset
1508 1437 1811 1516 diteceseon
1841 1479 1856 1518 :

275 1525 448 1595 plena:
472 1537 599 1584 sunt
623 1523 768 1586 enim
782 1546 982 1593 sanctae
999 1527 1295 1610 Scriptum
1320 1543 1411 1599 tali
1435 1544 1606 1603 forma
1637 1549 1862 1609 locutio-

274 1618 379 1673 nis.
410 1620 651 1692 Denique
677 1627 940 1698 scriptum
965 1639 1051 1686 est
1083 1648 1098 1687 :
1127 1632 1270 1691 Fons
1321 1639 1628 1696 ascendebat
1646 1660 1675 1698 e
1694 1652 1858 1715 terra,

271 1711 501 1783 irrigans
553 1717 848 1775 universam
895 1726 1223 1794 superﬁciem
1266 1740 1420 1786 terra:
1450 1730 1602 1805 (Gen.
1641 1736 1726 1810 It).
1754 1738 1860 1808 Qui

271 1802 416 1858 enim
441 1819 548 1861 non
577 1807 674 1876 ait,
702 1802 854 1868 Unus
879 1813 997 1871 fons
1030 1820 1359 1878 ascendebat
1386 1839 1416 1878 e
1445 1802 1611 1894 terra,
1631 1829 1725 1885 sed
1752 1831 1852 1898 ait,

1969 649 2114 703 nem,
2155 653 2500 714 nequaquam
2523 647 2635 703 Deo
2664 650 3017 721 supplicando
3039 653 3244 710 diceret
3269 673 3282 708 :
3308 655 3562 730 Disperga

1964 727 2084 784 illos
2104 730 2159 786 in
2183 735 2368 791 virtute
2396 751 2489 794 tua
2511 740 2683 812 (Psal.
2715 743 2890 816 mu).
2923 744 3198 816 Dispersio
3217 748 3360 804 enim
3388 727 3565 807 mino-

1966 822 2234 880 rationem
2268 827 2421 898 facit,
2445 833 2738 890 minoratio
2761 851 2894 892 vero
2940 837 3287 896 abolitionem
3313 849 3562 912 generat.

1965 911 2140 970 Nolite
2167 930 2298 990 ergo
2327 920 2549 992 gloriari
2579 925 2635 981 in
2661 927 3025 998 multitudine,
3047 932 3172 1002 quia
3227 911 3333 989 non
3375 934 3560 992 multi-

1965 1005 2094 1060 tudo
2133 1009 2229 1064 sed
2276 1025 2442 1068 causa
2494 1016 2930 1088 damnationem,
2989 1022 3068 1077 vel
3113 1022 3562 1093 justiﬁeationem

1967 1096 2207 1156 adducit.
2258 1101 2447 1176 Neque
2473 1109 2620 1165 enim
2672 1111 3235 1187 lgnatiumjustiorem
3264 1117 3565 1177 dixerimus

1957 1185 2070 1256 jam
2093 1205 2394 1253 memorato
2423 1198 2595 1256 David
2641 1217 2785 1276 rege,
2813 1213 2868 1259 et
2901 1185 3167 1279 propheta
3201 1208 3437 1278 Domini,
3466 1210 3565 1282 qui

1964 1281 2176 1339 dicebat
2204 1305 2218 1342 :
2252 1287 2591 1362 Multiplicati
2625 1306 2748 1350 sunt
2787 1315 2945 1370 super
2969 1300 3188 1371 capillos
3222 1305 3408 1374 capitis
3432 1281 3565 1372 mei,

1964 1375 2056 1443 qui
2081 1377 2300 1433 oderunt
2326 1398 2406 1437 me
2426 1386 2590 1454 gratis
2617 1385 2790 1458 (Psal.
2824 1390 3039 1460 χχχιχ).
3069 1392 3175 1449 Sed
3203 1394 3331 1466 quid
3359 1395 3425 1451 de
3456 1396 3560 1452 hoc
3616 1389 3636 1420 "

1966 1465 2114 1522 mine
2161 1469 2412 1540 dicimus,
2442 1491 2567 1532 cum
2597 1478 2662 1534 de
2685 1478 2797 1536 Deo
2827 1483 3107 1552 nimirum,
3133 1501 3200 1542 ex
3242 1487 3398 1559 cujus
3439 1504 3562 1559 per-

1964 1577 2098 1619 sona
2127 1563 2244 1620 haec
2269 1565 2555 1628 Psalmista
2586 1572 2820 1643 dicebat,
2851 1576 2905 1632 in
2928 1579 3180 1650 passione
3206 1581 3397 1652 ipsius,
3419 1583 3563 1641 sicut

1964 1653 2316 1726 Evangelium
2341 1666 2652 1729 attestatur,
2686 1664 2792 1722 tale
2823 1667 2951 1738 quid
2973 1669 3142 1726 nihilo
3171 1671 3350 1729 minus
3389 1689 3558 1746 agno~

1964 1747 2220 1803 scamus?

2034 1839 2188 1908 Quod
2216 1852 2397 1900 autem
2447 1847 2746 1916 scripsistis
2771 1867 2870 1908 vos
2916 1853 3120 1912 idcirco
3149 1857 3411 1927 quosdam
3459 1873 3558 1915 no-

1598 1892 1604 1894 .
1834 1892 1846 1898 ,
2044 1892 2188 1908 ,νε-νή
2217 1892 2397 1900 ν--η---
2447 1892 2746 1916 “aqua...”
2783 1892 2870 1908 vvc
2917 1892 3120 1912 ιυωιυυ
3149 1892 3411 1927 ιιυυουαιιι
3459 1892 3558 1915 ηυ-

271 1892 416 1950 F‘m‘
439 1905 618 1954 autem
645 1905 956 1962 αδεεηάθθαί
979 1925 1009 1965 ε
1038 1919 1202 1976 mmo
1243 1929 1343 1984 Dm
1386 1933 1613 1976 numero
1659 1922 1853 1992 piurali
1879 1907 1928 1968 Β
1957 1940 2195 1987 strorum
2221 1933 2415 1992 adesse
2447 1937 2703 2007 voluisse,
2751 1943 3009 2013 quoniam
3070 1945 3385 2002 dieebamur
3433 1961 3559 2004 cum

271 1986 445 2013 nan-.24
475 1988 790 2013 -2-.._--l_._-_u
887 2006 899 2013 .
956 1999 967 2011 ο
1031 2000 1044 2013 ο
1095 2010 1102 2013 .
1143 2001 1197 2013 ει.
1423 2006 1443 2013 -

220 2067 224 2072 ’
265 2093 363 2147 per
389 2083 696 2142 universam
723 2097 922 2146 terram
950 2092 1066 2150 loca
1096 2097 1181 2152 vel
1217 2100 1469 2172 regiones
1498 2108 1746 2177 proprias
1775 2111 1850 2166 ir-

264 2168 544 2241 rigantes:
578 2177 717 2234 sicut
745 2181 943 2238 dicitur
962 2186 1134 2251 miles,
1185 2197 1239 2245 et
1265 2168 1418 2248 multi
1442 2168 1844 2270 intelliguntur;

262 2262 403 2319 sicut
430 2265 572 2323 dicta
596 2281 680 2326 est
699 2271 904 2331 locusta
929 2284 985 2332 et
1008 2293 1142 2335 rana
1169 2280 1226 2337 in
1248 2282 1420 2356 plagis
1454 2262 1652 2358 quibus
1677 2262 1848 2365 ngy;

260 2353 358 2424 ptii
387 2361 629 2426 percussi
658 2372 782 2419 sunt
813 2359 1012 2437 (Εῶοά.
1046 2372 1127 2442 x),
1172 2387 1298 2429 cum
1345 2353 1494 2432 esset
1534 2353 1847 2440 innumera-

259 2444 384 2501 bilis
433 2447 763 2508 locustarum
805 2471 1066 2515 numerus
1099 2468 1156 2516 et
1209 2477 1484 2533 ranarum,
1526 2469 1600 2525 ita
1646 2480 1702 2527 et
1753 2473 1844 2532 hic

259 2537 536 2597 dioecesim
564 2543 912 2616 singulariter
932 2551 1106 2620 dixit;
1146 2555 1244 2611 sed
1266 2557 1408 2616 hanc
1457 2572 1680 2634 propter
1716 2567 1842 2623 uni—

258 2640 422 2689 tatem
451 2638 602 2706 pacis
630 2648 686 2695 et
712 2641 836 2698 ﬁdei
862 2643 1146 2716 pluraliter
1165 2648 1389 2723 intelligi
1418 2655 1605 2712 voluit.

325 2725 458 2783 lllud
503 2738 689 2787 autem
737 2734 916 2793 ridere
957 2737 1134 2808 libuit,-
1167 2745 1311 2812 quod
1363 2749 1517 2818 quasi
1567 2751 1636 2806 ad
1665 2754 1840 2825 majo-

253 2831 371 2872 rem
396 2818 734 2892 ﬁrmitatem,
773 2828 1062 2886 concilium
1109 2833 1372 2893 adversus
1415 2839 1680 2911 lgnatium
1730 2845 1843 2903 fra-

249 2917 392 2966 trem
421 2919 476 2968 et
501 2917 934 2976 comministrum
957 2931 1204 2981 nostrum
1231 2941 1638 3003 congregatum,
1656 2951 1840 3006 mqua-

251 3004 317 3060 lis
342 3009 554 3066 numeri
576 3025 701 3068 cum
739 3025 925 3072 sancta
957 3018 1087 3075 olim
1129 3025 1334 3095 synodo
1361 3026 1415 3081 in
1449 3027 1627 3086 Nicaea
1651 3047 1682 3086 a
1704 3047 1832 3089 san-

249 3098 353 3154 ctis
382 3099 638 3159 fratribus
676 3105 950 3164 celebrata
1005 3111 1172 3170 fuisse
1214 3117 1510 3187 perhibetis
1551 3123 1740 3193 :quod
1789 3126 1835 3181 si

248 3190 370 3246 ideo
413 3201 498 3249 est
534 3195 946 3268 admittendum,
1005 3205 1130 3275 quia
1183 3210 1404 3280 aequalis
1451 3217 1660 3270 numeri
1709 3232 1833 3274 eum

247 3294 437 3341 sancta
472 3285 684 3345 Nicaena
710 3294 915 3364 synodo
951 3295 1202 3366 habetur,
1247 3317 1468 3360 necesse
1527 3317 1612 3363 est
1653 3317 1714 3364 ut
1743 3319 1836 3366 aut

246 3376 532 3446 septimam
552 3387 647 3436 aut
675 3391 923 3440 octavam
954 3387 1097 3444 hanc
1121 3392 1387 3463 synodum
1419 3397 1667 3455 vocitetis
1693 3417 1707 3467 ;
1741 3417 1835 3457 ne-

246 3481 398 3524 cesse
424 3479 508 3526 est
531 3472 697 3529 etiam
724 3484 786 3530 ut
812 3485 892 3532 tot
915 3477 1268 3539 instabilitate
1293 3484 1438 3542 illius
1460 3491 1694 3560 synodos
1723 3493 1836 3548 col-

245 3558 443 3631 ligatis,
477 3572 607 3633 quot
633 3579 732 3635 pro
751 3566 982 3625 Nicazna:
1003 3573 1194 3643 synodi
1249 3558 1540 3647 sequendis
1602 3582 1836 3641 decretis

244 3661 460 3709 constat
489 3654 655 3714 fuisse
682 3660 912 3718 concilia
938 3676 1282 3740 congregata.
1308 3669 1447 3738 Quid
1477 3683 1656 3730 autem
1709 3691 1836 3746 pro-

243 3742 357 3798 ﬁcit
397 3745 511 3800 solo
541 3763 768 3806 numero
813 3755 1251 3813 convenientium
1296 3775 1656 3831 personarum
1709 3782 1837 3822 san-

243 3844 386 3892 ctam
412 3840 676 3910 synodum
709 3858 804 3900 vos
833 3845 1002 3904 fuisse
1043 3861 1275 3918 secutos,
1301 3861 1356 3909 et
1399 3855 1643 3913 moribus
1691 3859 1835 3916 hanc

242 3941 362 3981 esse
400 3928 691 3988 crudeliter
723 3934 1084 4006 persecutos?
1102 3940 1322 3999 Utinam
1361 3961 1469 4002 non
1515 3957 1700 4005 essent
1753 3959 1834 4008 tot

242 4032 490 4087 numero,
513 4023 605 4078 sed
639 4032 820 4083 tamen
865 4029 1162 4090 existerent
1215 4035 1352 4092 tales
1391 4039 1601 4097 meritis
1645 4043 1831 4113 quales

241 4116 397 4163 erant
419 4111 612 4194 quibus
633 4114 883 4191 Christus
922 4120 1104 4178 aiebat
1135 4142 1151 4180 :
1176 4124 1356 4182 Nolite
1377 4129 1580 4198 timere,
1606 4111 1830 4202 pusillus

238 4217 384 4271 grex,
413 4206 536 4275 quia
561 4209 874 4280 complacuit
893 4213 1048 4271 Patri
1086 4234 1201 4275 meo
1236 4219 1368 4277 dare
1424 4224 1564 4281 vobis
1612 4244 1830 4301 regnum

240 4293 392 4366 (Luc.
424 4301 544 4371 xu).
572 4300 690 4358 Non
743 4321 874 4378 ergo
905 4309 1130 4367 totidem
1155 4315 1433 4384 praesules,
1493 4321 1590 4376 sed
1630 4293 1826 4380 merita

238 4401 346 4441 non
373 4389 584 4447 minora
613 4395 878 4465 synodum
903 4401 1112 4471 synodo
1137 4401 1368 4462 Nicaeum
1389 4418 1614 4478 possunt
1648 4411 1827 4470 facere

237 4477 485 4546 parilem,
533 4484 812 4556 magisque
866 4487 996 4546 illud
1051 4477 1438 4553 advertendum
1486 4509 1570 4555 est
1600 4503 1726 4572 quia
1752 4503 1826 4560 ibi

236 4580 426 4628 contra
466 4573 627 4632 unius
679 4583 973 4651 nuncupati
1021 4586 1327 4658 presbyteri
1382 4591 1682 4661 vesaniam,
1714 4610 1822 4651 non

236 4663 408 4718 solum
455 4666 746 4724 multarum
786 4674 1065 4744 regionum
1091 4680 1395 4749 pontiﬁces,
1427 4699 1617 4742 verum
1653 4688 1820 4745 etiam

233 4763 289 4810 et
332 4756 658 4826 patriarcha:
709 4765 1026 4832 praesedisse
1051 4769 1380 4829 referuntur.
1429 4774 1529 4833 Hic
1553 4788 1735 4836 autem
1764 4782 1823 4839 in

232 4851 557 4919 patriarchae
578 4857 794 4926 negotio
816 4873 924 4914 non
952 4859 1126 4918 solum
1173 4863 1312 4922 ullus
1362 4870 1816 4940 patriarcharum,

223 4942 326 5004 sed
343 4959 441 4999 nec
470 4943 612 5001 ullus
635 4947 861 5006 alterius
893 4951 1200 5012 diceeeseos
1226 4956 1478 5017 inventus
1524 4971 1609 5019 est
1667 4966 1819 5035 quis-

234 5051 395 5106 quam
423 5038 727 5112 episcopus,
767 5044 906 5101 sicut
929 5047 1041 5119 jam
1063 5048 1504 5121 signiﬁcavimus.

302 5128 574 5189 Numerus
627 5135 792 5216 igitur
842 5139 1068 5210 pusillus
1104 5158 1207 5201 nec
1233 5147 1408 5215 obest,
1439 5149 1530 5205 ubi
1583 5151 1822 5212 abundat

233 5221 434 5291 pietas;
465 5239 565 5282 nec
612 5229 894 5301 multiplex
943 5234 1188 5304 prodest,
1217 5238 1309 5294 ubi
1331 5250 1521 5312 regnat
1545 5243 1815 5317 impietas.

234 5313 486 5381 Quinimo
519 5330 726 5390 quanto
750 5327 1093 5384 numerosior
1124 5338 1208 5386 est
1265 5336 1612 5408 congregatio
1668 5339 1821 5396 mali-

233 5424 481 5480 gnorum,
543 5421 692 5472 tanto
737 5417 966 5476 validior
1002 5429 1088 5477 est
1137 5423 1205 5480 ad
1228 5426 1545 5484 sectandum
1596 5445 1816 5488 suorum

177 5523 188 5532 -
232 5517 396 5573 prava
431 5513 718 5576 votorum;
751 5525 850 5568 nec
901 5511 1239 5585 gloriandum
1263 5526 1348 5576 est
1371 5520 1428 5575 in
1455 5520 1814 5590 multitudine,

232 5596 324 5652 ubi
355 5612 460 5653 non
488 5608 677 5657 contra
719 5605 904 5661 mundi
931 5616 1170 5664 rectores
1222 5610 1568 5668 tenebrarum
1624 5615 1814 5670 harum

233 5701 420 5746 contra
449 5694 711 5763 spiritalia
740 5701 1003 5771 nequitia:
1047 5713 1320 5761 certamen
1358 5709 1691 5778 assumitur;
1719 5712 1815 5769 sed

233 5783 492 5839 adversus
514 5801 733 5844 carnem
761 5799 816 5846 et
836 5795 1177 5865 sanguinem,
1211 5797 1268 5853 id
1299 5809 1385 5855 est
1423 5803 1684 5860 adversus
1709 5804 1809 5873 lio-

232 5876 424 5941 mines,
477 5880 642 5936 totius
690 5881 813 5938 belli
866 5887 1074 5955 pondus
1138 5891 1454 5962 inducitur;
1510 5897 1612 5952 nisi
1665 5899 1810 5954 enim

1953 2023 2413 2093 expugnatoribus
2493 2042 2774 2086 sacrarum
2855 2033 3154 2106 imaginum
3207 2045 3554 2102 concertare,

1951 2129 2090 2168 nova
2115 2112 2360 2185 profecto
2399 2118 2712 2178 adinventio
2737 2130 2840 2180 est.
2864 2122 3003 2181 Nam
3027 2125 3168 2197 apud
3199 2144 3294 2185 vos
3321 2143 3557 2199 prazsen-

1952 2204 2026 2258 tia
2048 2212 2132 2259 est
2158 2205 2451 2263 missorum
2499 2219 2808 2269 nostrorum
2846 2230 2947 2286 pro
2976 2216 3302 2290 imaginibus
3359 2222 3552 2289 sacris,

1949 2311 2051 2352 nec
2078 2298 2238 2368 digne
2263 2300 2600 2360 decertatum
2626 2315 2732 2374 est,
2761 2322 2864 2364 nec
2908 2309 3316 2384 impugnatores
3360 2324 3551 2373 earum

1949 2389 2214 2447 hactenus
2243 2407 2432 2451 errare
2464 2396 2784 2466 desierunt,-
2811 2401 2907 2457 sed
2949 2402 3111 2460 sicuti
3138 2421 3310 2477 usque
3334 2408 3400 2465 ad
3421 2407 3555 2465 illud

1947 2492 2162 2557 tempus
2197 2491 2338 2559 apud
2369 2507 2464 2550 vos
2495 2509 2658 2565 super
2686 2497 2788 2554 hac
2817 2514 2986 2557 causa
3015 2504 3275 2575 strepitus
3322 2516 3379 2563 et
3407 2508 3552 2565 blaso

1945 2578 2177 2646 phemiae
2200 2597 2312 2636 non
2364 2596 2666 2656 cessarunt,
2718 2589 2794 2645 ita
2816 2599 2872 2647 et
2896 2608 3043 2650 nunc
3072 2595 3271 2653 ibidem
3322 2600 3550 2670 profana

1947 2670 2312 2739 prmdicantur
2349 2682 2405 2731 et
2451 2676 2732 2750 hucusque
2779 2682 3044 2756 sacrilega
3098 2689 3541 2757 pronuntiantur.

1947 2759 2102 2817 Unde
2152 2776 2376 2836 apparet
2428 2767 2635 2840 legatos
2683 2781 2898 2830 nostros
2920 2790 3028 2833 non
3057 2791 3222 2834 causa
3264 2779 3484 2852 pietatis
3512 2799 3545 2839 a

1945 2855 2120 2922 vobis,
2145 2859 2241 2914 sed
2291 2862 2628 2920 crudelitatis
2685 2877 3006 2939 argumento
3058 2870 3229 2930 fuisse
3269 2877 3545 2946 quaesitos.

1943 2945 2146 3005 Verum
2176 2953 2244 3008 ad
2290 2956 2420 3025 quid
2450 2955 2844 3030 fueriutpetiti,
2880 2979 2970 3021 res
3008 2965 3125 3038 ipsa
3158 2945 3418 3036 declarat,
3461 2971 3544 3026 vi-

1943 3039 2157 3109 delicet,
2189 3045 2461 3115 sicutjam
2490 3051 2694 3108 dictum
2726 3065 2833 3122 est,
2861 3064 2923 3112 ut
2951 3059 3097 3128 quod
3126 3061 3194 3116 de
3223 3061 3432 3134 Iguatio
3461 3062 3546 3133 ju-

1941 3133 2235 3192 dicandum
2269 3150 2408 3209 erat,
2454 3151 2510 3199 et
2564 3155 2845 3219 acceptum
2873 3151 3016 3222 apud
3043 3167 3255 3222 omnes,
3281 3163 3337 3211 et
3377 3157 3547 3212 ﬁxum

1941 3243 2158 3299 semper
2186 3245 2464 3302 maneret,
2498 3246 2556 3293 ut
2577 3248 2701 3309 pote
2731 3245 2875 3312 quod
2905 3253 3066 3301 tantae
3095 3249 3435 3307 auctoritatis
3465 3251 3546 3307 vi-

1941 3317 2073 3374 carii
2095 3317 2452 3388 judicasseut.
2485 3326 2596 3384 Nos
2625 3331 2772 3386 enim
2795 3348 2898 3390 nec
2925 3344 3120 3392 saltem
3149 3340 3328 3396 tenuis
3353 3356 3543 3397 rumor

1941 3413 2173 3484 aspersit
2225 3415 2516 3488 aliquando
2565 3437 2689 3479 cum
2745 3441 2913 3496 prava
2939 3429 3276 3500 sapientibus
3326 3449 3540 3505 sapere,

1939 3515 2142 3576 quanto
2168 3507 2348 3566 minus
2370 3517 2725 3571 concertare?
2750 3516 3032 3589 Siquidem
3057 3539 3327 3595 nusquam
3383 3527 3540 3600 frigi-

1939 3596 2060 3661 dus,
2082 3613 2350 3669 nusquam
2381 3605 2593 3675 tepidus
2617 3606 2770 3664 labor
2790 3619 3102 3670 sanctorum
3123 3617 3432 3687 apostolica:
3454 3596 3540 3678 se-

1938 3685 2022 3742 dis
2042 3691 2338 3758 praesulum
2365 3693 2512 3751 circa
2538 3696 2775 3754 debitam
2802 3715 3083 3760 sacrarum
3109 3685 3408 3781 imaginum
3449 3727 3538 3768 re-

1937 3783 2238 3838 verentiam
2266 3793 2322 3840 et
2357 3797 2755 3860 competentem
2807 3797 3214 3855 venerationem
3265 3804 3533 3873 apparuit.

1934 3871 2046 3930 Nec
2087 3874 2374 3934 defuerunt
2419 3880 2612 3937 harum
2668 3884 3138 3958 impugnatoribus
3186 3871 3532 3952 decessurum

1933 3973 2245 4025 nostrorum
2298 3974 2618 4042 certamina,
2647 3977 2740 4048 qui
2766 3978 2870 4036 hoc
2897 3992 3130 4052 egerunt
3157 3984 3395 4056 scriptis,
3424 3986 3530 4044 hoc

1931 4055 2162 4115 diversis
2188 4059 2487 4132 laboribus,
2541 4068 2646 4124 hoc
2676 4069 2840 4126 etiam
2897 4072 3010 4129 suis
3062 4055 3527 4148 increpationibus

1931 4149 2074 4220 apud
2100 4153 2287 4209 mundi
2336 4155 2499 4228 hujus
2523 4159 2822 4232 principes,
2851 4164 3061 4222 ut'talis
3110 4180 3267 4224 error
3310 4172 3526 4230 eminus

1905 4238 2252 4311 pelleretur;
2303 4249 2550 4316 quamvis
2575 4251 2843 4322 dixeritis,
2874 4271 2984 4312 non
3006 4260 3177 4316 nostri
3203 4263 3417 4334 eguisse
3431 4281 3528 4323 vos

1929 4330 2001 4387 ad
2046 4337 2434 4407 expugnandos
2481 4341 2769 4401 haereticos
2819 4363 2919 4419 pro
2959 4364 3024 4405 eo
3049 4352 3192 4422 quod
3215 4330 3335 4423 ‘jam
3363 4355 3526 4411 fuerit

1925 4425 2236 4498 huiusmodi
2278 4432 2501 4493 haeresis
2529 4437 2582 4491 in
2613 4437 2790 4496 Nicaea
2824 4445 3063 4500 secundo
3090 4457 3389 4504 convocata
3431 4465 3524 4521 sy-

1929 4517 2091 4585 nodo,
2123 4527 2179 4576 et
2201 4535 2232 4575 a
2259 4537 2456 4596 magno
2486 4525 2758 4586 Methodio
2783 4530 2980 4590 deinde
3033 4535 3317 4606 subversa,
3367 4517 3523 4609 quasi

1851 4641 1906 4706 D
1928 4622 2036 4664 non
2059 4617 2117 4666 et
2141 4609 2246 4681 ipsi
2269 4616 2507 4673 secundo
2533 4617 2589 4672 in
2616 4618 2796 4678 Nicaea
2817 4622 3058 4680 collectae
3074 4628 3281 4699 synodo
3305 4637 3523 4700 aposto-

1925 4700 2031 4758 lica
2060 4712 2248 4761 nostra
2271 4705 2429 4764 sedes
2474 4713 2812 4782 praesederit,
2847 4724 2901 4772 et
2927 4717 3104 4786 prima
3155 4728 3344 4776 contra
3379 4723 3522 4780 mala

1925 4793 2226 4852 sentientes
2251 4796 2550 4869 spiritalem
2582 4804 2836 4875 sagittam
2892 4807 3154 4865 emiserit.
3184 4810 3250 4866 Et
3279 4827 3519 4882 rursum,

1923 4887 2079 4956 quasi
2103 4902 2212 4944 non
2239 4899 2293 4946 et
2316 4890 2645 4952 venerandae
2665 4898 2941 4954 memoriae
2967 4897 3269 4958 Methodius
3294 4903 3349 4959 in
3365 4901 3519 4961 Grie-

1927 4977 2011 5032 cia
2031 4982 2406 5048 persecutione
2433 4982 2695 5053 fervente,
2719 4987 2810 5042 hic
2836 4989 2977 5059 apud
3024 4991 3243 5049 beatum
3269 4993 3512 5064 Petrum,

1928 5075 1982 5122 et
2010 5071 2152 5139 apud
2176 5087 2296 5139 nos,
2323 5073 2414 5129 ubi
2465 5074 2594 5130 olim
2649 5077 3001 5148 Athanasius,
3035 5081 3127 5139 ubi
3172 5082 3389 5155 Paulus,
3421 5088 3516 5144 ubi

1920 5159 2139 5230 plurimi
2163 5178 2286 5219 cum
2338 5164 2465 5232 illis,
2493 5175 2548 5222 et
2577 5177 2774 5240 praeter
2801 5169 2939 5238 illos,
2971 5172 3064 5229 ubi
3111 5174 3342 5248 denique
3367 5194 3514 5235 sem-

1921 5267 2020 5323 per
2043 5255 2326 5312 catholicis
2379 5257 2715 5326 subvenitur,
2776 5267 3052 5321 consecuti
3106 5267 3217 5324 sint
3247 5271 3510 5341 requiem,

1921 5345 2092 5402 donec
2113 5348 2538 5418 apprehenderet
2562 5367 2814 5425 campum
2851 5357 3164 5415 certaminis
3182 5359 3297 5432 jam
3348 5365 3512 5420 satia-

1921 5443 2009 5492 tus
2037 5437 2177 5495 lacte
2206 5441 2397 5498 matris
2430 5443 2594 5516 hujus
2617 5447 2862 5503 omnium
2889 5459 3091 5508 sanctae
3120 5452 3372 5512 videlicet
3401 5457 3508 5513 Ro-

1925 5543 2098 5584 manae
2116 5529 2372 5590 Ecclesiae
2401 5536 2725 5595 catholicum
2783 5541 2976 5612 dogma
3023 5543 3313 5603 defendere
3342 5546 3509 5604 fuerit

1923 5621 2188 5678 eruditus.
2221 5624 2289 5680 Et
2308 5629 2462 5698 quasi
2484 5646 2592 5687 non
2619 5632 2746 5690 hinc
2773 5637 3154 5693 auctoritatem
3172 5639 3504 5710 prmdicandi

1922 5719 2233 5788 sumpserit,
2265 5736 2363 5777 nec
2385 5723 2475 5780 hic
2495 5709 2681 5783 infulis
2716 5728 3143 5786 sacerdotalibus
3167 5709 3365 5787 ditatus
3410 5747 3505 5788 ex-

1919 5808 2140 5878 stiterit,
2170 5813 2238 5867 ad
2257 5821 2562 5874 extremum
2601 5820 2756 5890 quasi
2807 5836 2916 5878 non
2969 5822 3096 5878 hinc
3141 5825 3502 5882 constantiam

1920 5900 2167 5969 Pctri,et
2189 5908 2369 5964 omnia
2394 5909 2545 5966 Pauli
2595 5912 2664 5968 ad
2722 5911 3070 5970 debellandos
3113 5912 3500 5974 lconomachos
