4050 6324
552 410 656 463 947

1890 420 2162 479 ΝιοοιΑι
2203 420 2402 478 ΡᾹΡΑζ
2437 419 2457 478 l

3724 375 3841 485 sui

551 528 1051 599 arma'portaverit,
1104 533 1157 588 id
1190 543 1272 589 est
1298 534 1523 590 loricam
1565 535 1808 606 iustitiae,
1862 536 2130 592 calceatos
2155 539 2353 597 Aesse
2401 537 2588 603 verba,
2640 538 2782 594 sicut
2823 539 3193 609 praediximus,
3222 556 3351 610 qua:
3374 549 3484 595 tam
3536 557 3829 613 perperam

550 622 714 689 pedes
737 621 789 676 in
814 626 1208 694 praeparatione
1238 626 1511 699 Evangelii
1539 628 1711 698 pacis,
1745 636 1954 684 scutum
1987 626 2131 690 ﬁdei,

547 710 756 782 galeam
780 714 991 782 salutis,
1027 725 1081 771 et
1099 717 1334 788 gladium
1357 719 1600 789 spiritus,
1624 720 1765 789 quod
1796 726 1882 775 est
1908 718 2135 773 verbum

527 802 670 883 .Dei.
694 803 813 860 Non
837 820 969 879 ergo
996 808 1190 865 dicatis
1225 824 1333 865 non
1361 810 1576 881 eguisse
1602 825 1698 865 vos
1726 810 1779 865 in
1801 824 1967 865 causa
2018 808 2135 878 pie-

550 894 677 950 tatis
708 894 962 952 Romanaz
987 899 1264 967 Ecclesia,
1292 916 1416 971 quae
1484 902 1709 957 collecta
1757 901 1985 957 concilia
2036 913 2134 956 sua

543 989 868 1045 auctoritate
896 989 1098 1057 ﬁrmat,
1127 1008 1225 1047 sua
1256 994 1621 1049 moderatione
1672 993 1928 1050 custodit.
1980 990 2133 1048 Unde

555 1078 796 1148 quaedam
850 1095 1060 1148 eorum,
1094 1083 1217 1153 quia
1245 1098 1570 1140 consensum
1596 1083 1827 1139 Renum
1867 1080 2135 1154 pontiﬁcis

547 1184 650 1226 non
672 1172 998 1237 habuerunt,
1022 1174 1380 1232 valetudinem
1404 1177 1774 1246 perdiderunt.

615 1260 896 1330 Quomodo
950 1280 1057 1321 non
1111 1275 1267 1338 egeat
1312 1266 1566 1337 quaelibet
1602 1265 1846 1337 synodus
1874 1264 2132 1318 Romana:

541 1353 705 1421 sedis,
730 1356 946 1426 quando
974 1357 1027 1411 in
1067 1358 1336 1429 Ephesino
1363 1358 1645 1414 latrocinio
1675 1355 1886 1413 cunctis
1928 1369 2133 1424 praesu-

541 1444 704 1514 libus,
725 1457 783 1503 et
804 1448 937 1521 ipsis
960 1452 1527 1521 quoquepatriarchis
1554 1450 1987 1522 prolabentibus,
2029 1447 2131 1504 nisi

546 1555 775 1611 magnus
819 1540 952 1608 Leo,
1000 1543 1243 1599 imitator
1273 1545 1480 1600 scilicet
1512 1544 1654 1599 illius
1680 1542 1874 1609 leonis,
1917 1542 1984 1597 de
2023 1555 2132 1611 quo

543 1632 806 1702 scriptum
833 1642 917 1690 est
940 1648 955 1689 :
990 1632 1233 1693 Vicittleo
1260 1637 1326 1691 de
1350 1637 1491 1692 tribu
1513 1635 1546 1692 J
1555 1636 1661 1691 uda
1684 1636 1869 1708 (Apoc.
1896 1633 1975 1706 v),
2002 1634 2134 1689 divi-

542 1722 690 1778 nitus
738 1725 1028 1792 excitatus,
1078 1742 1140 1782 os
1178 1728 1450 1799 aperiens,
1487 1735 1660 1783 totum
1689 1728 1878 1783 orbem
1907 1735 1962 1782 et
1985 1726 2137 1797 ipsos

543 1828 759 1886 quoque
781 1816 1054 1889 Augustos
1081 1829 1419 1889 concuteret,
1440 1830 1496 1878 et
1513 1822 1582 1876 ad
1608 1821 1868 1893 pietatem
1890 1834 2131 1875 commo-

2236 634 2522 698 ronahant,
2548 632 2906 699 credidimus;
2930 646 2998 690 ac
3027 644 3127 702 per
3153 634 3258 688 hoc
3286 634 3374 689 his
3403 648 3524 705 qua:
3546 636 3604 690 in
3646 639 3827 691 ambi-

2238 742 2400 798 guum
2431 732 2713 790 venerant,
2738 739 2842 779 non
2888 725 3163 795 potuimus
3215 732 3471 796 tanquam
3505 728 3830 785 indubitatis

2234 833 2516 891 responsa,
2545 818 2629 873 vel
2660 818 2992 891 apolbgetica
3018 820 3222 891 scripta
3257 821 3560 877 remittere.
3588 821 3830 878 Verum-

2238 919 2415 965 tamen
2441 911 2487 966 si
2513 918 2693 965 vestra
2745 910 2963 966 ﬁlerunt
3004 910 3165 967 verba
3220 927 3344 982 quae
3392 913 3445 966 in
3505 913 3829 983 despectum

2230 1002 2376 1059 beati
2422 1003 2565 1058 Petri
2614 1002 2978 1072 apostolon
3020 1003 3304 1073 principis,
3364 1003 3479 1083 imo
3521 1002 3641 1067 Dei,
3666 1002 3831 1072 cuius

2226 1095 2561 1150 ordinationi
2604 1094 2879 1160 resistitis,
2912 1095 3137 1165 scripta,
3182 1104 3239 1149 et
3271 1095 3429 1165 'quasi
3484 1094 3832 1150 detrahenda

2228 1185 2526 1257 privilegiis
2551 1184 2711 1255 hujus
2735 1184 3117 1241 sacratissime
3142 1183 3399 1240 Ecclesiae
3448 1183 3616 1240 missa
3660 1191 3827 1247 sunt;

2232 1278 2410 1334 fateor
2441 1292 2553 1331 non
2584 1292 2681 1332 vos
2718 1277 2959 1333 studiose
2987 1292 3174 1334 sacras
3218 1274 3459 1347 regulas,
3502 1290 3615 1331 non
3664 1290 3831 1330 vene-

2232 1372 2529 1426 randarum
2548 1368 2881 1440 synodornm
2908 1370 3174 1436 actiones,
3204 1384 3312 1424 non
3341 1368 3557 1438 piorum
3588 1368 3829 1437 impera-

2227 1470 2409 1519 torum
2435 1461 2601 1534 leges,
2622 1476 2733 1517 non
2759 1474 2983 1518 veraces
3006 1461 3367 1534 probabilium
3393 1460 3638 1515 virorum
3654 1461 3832 1515 histo-

2231 1557 2342 1611 rias
2371 1556 2660 1621 lectitasse,
2683 1569 2818 1626 quas
2844 1565 2956 1611 tam
2981 1554 3155 1628 [fma
3192 1556 3384 1621 verita,
3410 1554 3620 1627 tamen]
3644 1555 3829 1609 conati

2226 1654 2363 1710 estis
2392 1654 2445 1707 in
2477 1653 2879 1725 derogationem
2939 1651 3199 1708 Ecclesiae
3246 1657 3415 1706 tantae
3466 1649 3739 1705 inutiliter
3766 1664 3831 1703 ac

2224 1744 2661 1819 incompetenter
2686 1756 2849 1817 atque
2888 1747 3188 1818 incongrue
3232 1750 3557 1824 memorare.
3592 1743 3707 1798 Sed
3738 1758 3831 1799 ro-

2232 1858 2423 1916 gamus
2451 1842 2874 1914 omnipotentem
2900 1841 3073 1897 Deum
3118 1848 3180 1895 ut
3224 1839 3313 1910 qui
3354 1846 3466 1894 suae
3492 1838 3833 1909 cognitionis

540 1919 717 2007 Ῠθτθιι
743 1910 934 1985 Γθιίϐίο
956 1913 1220 1970 “ilionea
1246 1917 1467 1986 Ρθηίωδ
1512 1932 1610 1973 (³01³
1612 1915 1854 1972 fuisse”
1907 1914 2130 2007 Nam‘e‘
2154 1898 2206 1959 Β
2232 1898 2388 1993 vobis
2410 1898 2677 1993 reseravit
2701 1935 3041 2007 mysterium,
3072 1898 3279 1990 tribuat
3309 1946 3527 2004 quoque
3560 1898 3728 1986 nosse
3761 1931 3827 1984 ad

542 2002 599 2058 in
625 2017 788 2060 causa
808 2021 1088 2062 sacrarum
1112 2007 1405 2080 imaginum
1443 2018 1571 2066 ante
1594 2008 1996 2065 sanctissimum
2020 2005 2129 2063 Me—

545 2096 1080 2171 tbodium,quinimo
1108 2110 1165 2157 et
1202 2111 1329 2157 ante
1380 2102 1644 2174 synodum
1696 2101 1749 2157 in
1802 2099 1976 2156 Nicaea
2028 2100 2127 2155 sub

539 2191 695 2248 [rene
721 2203 1126 2266 congregatam,
1153 2211 1277 2252 cum
1306 2196 1484 2252 adhuc
1502 2195 1606 2251 hoc
1632 2194 1868 2251 sobisma
1916 2193 2129 2250 noviter

539 2295 686 2343 esset
718 2296 991 2355 exortum,
1020 2296 1076 2345 et
1102 2286 1728 2360 Constantinopolian
1748 2294 2128 2357 peuecunctos

538 2396 692 2437 more
714 2381 1039 2452 pestilentiae
1074 2383 1385 2448 invasisset,
1413 2381 1641 2439 Romani
1665 2380 1951 2452 praesules,
1988 2378 2128 2435 Gre—

538 2472 721 2544 gorius
748 2472 894 2528 inter
914 2483 1141 2531 caeteros
1164 2482 1219 2531 et
1243 2474 1568 2547 Stephanus,
1589 2474 1902 2531 convocatis
1918 2473 2128 2543 episco-

539 2566 625 2637 pis
653 2564 1082 2623 Occidentalium
1111 2568 1412 2639 regionum,
1432 2569 1783 2626 inveniuntur
1806 2568 2019 2624 fortiter
2046 2567 2128 2623 di-

538 2656 788 2725 micasse,
818 2666 876 2713 et
903 2657 1004 2715 hoc
1027 2646 1269 2714 funditus
1295 2659 1701 2715 condemnasse.
1755 2659 1879 2713 llaec
1906 2657 2126 2728 quidem

538 2750 854 2820 primordiis
873 2750 1115 2822 epistola:
1135 2752 1349 2823 imperii
1379 2751 1546 2807 vestri
1590 2751 1987 2822 respondimus,
2018 2764 2126 2805 non

458 2888 463 2898 .
536 2854 798 2914 quantum
833 2851 1149 2915 poteramus
1190 2846 1390 2911 adhuc,
1419 2844 1514 2899 sed
1562 2851 1825 2913 quantum
1879 2840 2128 2898 sufﬁcere

536 2937 866 2994 credidimus
889 2938 960 2993 ad
988 2936 1413 2993 convincendam
1441 2936 1789 2991 stoliditatem
1819 2950 2008 2991 eorum
2033 2934 2127 3005 qui

536 3028 664 3085 talia
691 3029 905 3099 sapiunt
932 3028 1113 3100 qualia
1144 3029 1198 3084 in
1231 3027 1459 3099 epistola
1485 3036 1669 3083 vestro
1714 3027 1868 3099 signo
1918 3027 2127 3099 signata

532 3128 588 3176 et
610 3119 766 3176 nobis
795 3121 961 3177 missa
982 3136 1238 3178 resonare
1268 3120 1608 3177 videbantur.
1634 3119 1753 3177 Non
1771 3121 1914 3176 enim
1945 3137 2043 3178 nos
2059 3137 2126 3178 ex

2226 2030 2447 2103 plenum
2506 2020 2633 2085 suas
2679 2029 3082 2099 dispositiones,
3112 2027 3311 2098 quibus
3337 2026 3523 2083 sancta
3576 2022 3827 2080 Ecclesia

2228 2120 2457 2196 (sancta:
2481 2118 2781 2193 Ecclesiae],
2807 2122 3121 2177 moderatur
3145 2124 3426 2184 arcanum,
3450 2114 3507 2173 et
3540 2122 3665 2187 qua:
3690 2118 3827 2180 sint,

2230 2214 2313 2269 vel
2340 2222 2564 2283 quanta,
2596 2220 2653 2267 et
2675 2211 2853 2282 qualia
2902 2200 3180 2283 privilegia
3225 2209 3482 2266 Ecclesim
3534 2208 3826 2271 Romam,

2226 2318 2284 2364 et
2312 2324 2379 2363 ex
2402 2322 2510 2377 quo
2536 2306 2784 2377 ceperint
2833 2305 3137 2371 exordium,
3167 2304 3223 2383 et
3262 2304 3386 2374 quis
3426 2301 3552 2373 eius
3592 2304 3827 2357 Summa:

2229 2397 2572 2454 auctoritatis
2624 2403 2820 2452 auster
2873 2396 3077 2452 existat
3124 2391 3281 2449 Vobis
3349 2392 3655 2447 θωπευθῆιᾶ
3700 2404 3828 2459 ape-

2228 2492 2351 2545 riat.

2299 2580 2455 2647 Quod
2479 2580 2525 2635 si
2557 2593 2586 2634 a
2618 2578 2775 2634 nobis
2802 2575 3047 2647 quaeritis
3078 2576 3239 2642 scire,
3263 2582 3321 2630 ut
3340 2576 3471 2646 pote
3498 2582 3535 2629 ‘a
3556 2572 3827 2629 ministris

2228 2668 2451 2736 Christi,
2472 2678 2531 2725 et
2553 2664 3020 2738 dispensatoribus
3062 2665 3450 2739 mysteriorum
3492 2663 3640 2733 eius,
3666 2662 3821 2717 vobis

2226 2760 2531 2833 evidentius
2555 2759 2904 2816 ostendemus
2937 2775 2951 2825 ;
2986 2758 3033 2814 si
3060 2762 3194 2813 rem
3215 2764 3377 2813 nosse
3401 2755 3817 2828 parvﬁimditis,

2227 2862 2286 2910 et
2307 2852 2481 2908 solum
2535 2859 2725 2909 contra
2778 2850 3061 2924 privilegia
3088 2844 3348 2907 Ecclesia
3380 2849 3641 2904 Romana!
3668 2848 3825 2903 nisus

2228 2954 2443 3002 vestros
2462 2945 2699 3016 erigitis,
2721 2953 2911 3001 cavete
2934 2956 3005 3000 ne
3055 2954 3219 3016 super
3263 2956 3359 2999 vos
3403 2942 3829 2998 convertantur:

2229 3036 2428 3092 Durum
2458 3038 2656 3108 quippe
2683 3044 2767 3091 est
2807 3034 2960 3091 vobis
2983 3033 3035 3106 (ι
3060 3042 3258 3089 contra
3288 3033 3551 3103 impetum
3578 3029 3822 3085 ﬂuminis

2226 3127 2482 3185 reluctari
2506 3127 2807 3196 durumque
2830 3123 2935 3193 est)
2957 3131 3147 3178 contra
3175 3121 3453 3177 stimulum
3499 3119 3816 3175 calcitrane.

530 3211 623 3282 pio
649 3213 833 3277 corde,
861 3211 947 3268 vel
971 3226 1065 3267 ore
1101 3220 1285 3268 vestro
1305 3219 1417 3267 tam
1438 3210 1666 3283 profana
1720 3220 1941 3284 tamque
1991 3228 2121 3285 per-

2230 3224 2404 3281 Porro
2427 3220 2473 3277 si
2504 3235 2607 3275 nos
2635 3233 2743 3274 non
2786 3216 3092 3281 audieritis,
3122 3223 3295 3270 restat
3314 3223 3379 3269 ut
3398 3212 3521 3269 sitis
3549 3211 3694 3281 apud
3718 3224 3822 3266 nos

2485 3312 2496 3324 .
2724 3308 2737 3324 .
2854 3307 2925 3324 τι-
3172 3322 3195 3324 ,_
3214 3314 3353 3324 --.μ
3389 3302 3538 3324 .-μη
3562 3300 3817 3324 m_._._-

534 3317 693 3359 versa
718 3302 1051 3373 processisse
1075 3303 1405 3372 putavimus.

608 3394 692 3451 Ad
721 3394 928 3466 reliqua
980 3409 1131 3461 vero,
1159 3410 1279 3465 qua:
1335 3410 1404 3450 ex
1452 3396 1638 3450 eadem
1684 3396 1912 3466 epistola
1941 3404 2122 3456 vestra

530 3488 763 3561 plurima
811 3503 879 3544 ex
912 3490 1509 3559 parteremanebant,
1542 3488 1844 3545 rescribere
1893 3490 1978 3546 bis
2023 3506 2124 3560 pro

538 3581 720 3638 causis
737 3580 1051 3661 omisimus,
1077 3579 1328 3636 videlicet
1352 3580 1605 3651 quoniam
1644 3590 1792 3636 tanta
1835 3597 1935 3637 nos
1962 3582 2124 3638 Pater

533 3674 768 3731 caelestis
790 3672 1088 3729 secundum
1128 3672 1530 3743 beneplacitum
1574 3688 1730 3729 suum
1773 3677 2123 3746 aegrotatione

534 3766 690 3836 quasi
716 3764 857 3821 ﬁlios
884 3780 1015 3821 suos
1039 3765 1327 3836 corripuit,
1357 3773 1546 3821 utnon
1570 3766 1743 3823 solum
1776 3784 1896 3838 qua:
1918 3770 1989 3825 ad
2014 3786 2123 3827 res-

529 3856 876 3928 pondendum
902 3854 1361 3927 propositionibus
1388 3857 1584 3912 vestris
1612 3857 1804 3913 idonea
1836 3874 1958 3914 esse
2007 3875 2125 3930 per-

529 3948 830 4019 speximus,
854 3947 1160 4007 valeremus
1185 3963 1477 4019 exponere,
1501 3964 1690 4005 verum
1729 3951 1893 4007 etiam
1924 3954 2120 4011 eadem

452 4086 463 4092 -
531 4043 650 4111 ipsa
705 4041 938 4113 qualiter
986 4041 1348 4108 dictarentur,
1398 4042 1548 4109 nulli,
1577 4044 1897 4116 aegritudine
1949 4047 2123 4102 nimia

531 4134 729 4207 pressi,
757 4120 1093 4204 qu'iverimus
1127 4136 1361 4192 edicere.
1393 4135 1460 4191 Et
1509 4137 1637 4208 quia
1684 4139 1893 4212 legatus
1940 4151 2123 4200 vester

532 4234 679 4281 tanta
708 4234 792 4281 est
823 4226 1156 4297 impatientia
1182 4243 1334 4293 usus,
1362 4235 1422 4282 ut
1452 4237 1746 4300 antequam
1796 4248 1984 4290 nosos
2028 4244 2123 4290 Va—

532 4318 796 4376 lidissima
826 4318 1141 4375 inﬁrmitate
1170 4321 1441 4390 respirare
1496 4322 1894 4393 aliquantulum
1923 4340 2123 4400 cogno-

531 4413 716 4477 visset,
750 4412 954 4468 nullam
985 4427 1190 4468 moram
1214 4429 1429 4486 passus,
1456 4430 1580 4471 mox
1607 4425 1663 4472 et
1680 4417 1795 4489 jam
1844 4421 1998 4477 nobis
2039 4422 2122 4476 in-

530 4504 813 4569 consultis,
832 4502 997 4570 Urbe,
1028 4517 1190 4573 quam
1218 4519 1314 4562 vos
1341 4505 1561 4575 quidem
1596 4507 1973 4579 inveteratam,
2023 4514 2117 4569 sed

2229 3312 2560 3377 necessario,
2613 3308 2803 3380 quales
2854 3307 3114 3362 Dominus
3169 3314 3355 3361 noster
3381 3302 3543 3359 Iesus
3562 3300 3820 3357 Christus

2229 3412 2329 3466 hos
2356 3404 2547 3463 haberi
2568 3403 2848 3477 praecepit,
2868 3401 2964 3473 qui
2996 3388 3296 3455 Ecclesium
3326 3396 3424 3452 Dei
3451 3395 3641 3451 “diu!
3674 3406 3815 3447 cun-

2227 3497 2527 3570 tempscrit,
2560 3493 2864 3567 praesertim
2885 3494 3007 3547 cum
3044 3488 3303 3545 Ecclesia:
3322 3487 3579 3543 Romam:
3590 3483 3815 3555 privile-

2225 3591 2332 3665 gia,
2361 3588 2563 3646 Christi
2597 3601 2692 3643 ore
2719 3586 2777 3642 in
2804 3585 2967 3641 beato
2987 3576 3151 3638 Petro
3178 3581 3414 3643 ﬁrmata,
3464 3579 3521 3632 in
3569 3576 3814 3632 Ecclesia

2224 3689 2342 3760 ipsa
2368 3685 2628 3755 disposita
2656 3672 2960 3751 antiquitus
2987 3677 3293 3740 observata,
3317 3682 3376 3731 et
3405 3688 3435 3726 a
3453 3673 3667 3728 sanctis
3690 3670 3813 3725 uni-

2225 3779 2522 3837 versalibas
2551 3775 2771 3851 synodis
2795 3768 3083 3837 celebrata,
3104 3778 3273 3840 atque
3298 3782 3330 3823 a
3346 3774 3544 3822 cuncta
3570 3763 3813 3819 Ecclesia

2219 3874 2420 3947 iugiter
2441 3879 2720 3936 venerata,
2750 3867 3060 3923 nullatenus
3082 3862 3297 3935 possint
3336 3859 3530 3923 minui,
3580 3857 3813 3912 nullate-

2224 3974 2325 4020 nus
2347 3962 2588 4033 intringi,
2611 3959 2921 4015 nullatenus
2940 3953 3292 4019 commutari,
3320 3950 3583 4022 quoniam
3622 3948 3817 4003 tunda-

2224 4062 2463 4113 rnentum
2489 4053 2634 4124 quod
2663 4052 2806 4106 Deus
2831 4049 3036 4122 posuit,
3062 4047 3335 4101 bmnanns
3356 4048 3467 4097 non
3493 4040 3647 4096 valet
3664 4052 3816 4092 amo-

2222 4164 2350 4206 vere
2376 4156 2603 4204 conatus
2629 4162 2646 4213 ;
2674 4154 2733 4200 et
2756 4144 2901 4216 quod
2932 4142 3074 4197 Deus
3104 4139 3316 4204 statuit,
3378 4135 3622 4200 ﬁrmum,
3674 4131 3806 4186 rali-

2220 4244 2457 4314 dnmque
2506 4239 2777 4296 consistit.
2835 4236 3037 4307 llleque
3066 4233 3409 4305 potissimum
3468 4235 3682 4300 peccat,
3721 4225 3813 4297 qui

2222 4339 2317 4394 Dei
2346 4333 2673 4391 ordinationi
2716 4332 2976 4387 resistere
2998 4337 3192 4383 tentet.
3220 4323 3533 4393 Privilegia,
3563 4322 3809 4390 inquam,

2220 4432 2379 4488 istius
2428 4428 2573 4485 sedis
2620 4426 2706 4483 vel
2759 4423 3017 4481 Ecclesiae
3049 4428 3309 4492 perpetua
3332 4424 3461 4473 sunt
3496 4433 3511 4481 ;
3552 4414 3813 4469 divinitus

2223 4525 2465 4581 radicata
2519 4529 2683 4591 atque
2734 4518 2975 4590 plantata
3045 4504 3233 4579 sunt;‘
3276 4508 3500 4583 impingi
3566 4514 3810 4577 possunt,

530 4597 799 4654 Honorius
821 4596 951 4689 pius
973 4596 1269 4667 imperator
1283 4606 1548 4689 aeternam
1571 4609 1748 4666 vocat,
1775 4601 2114 4671 discesserit;
2144 4627 2197 4689 ι)
2227 4613 2514 4672 transferri
2538 4612 2917 4682 nonpossent;
2938 4606 3082 4662 trahi
3107 4600 3526 4675 possunt,evelli
3544 4612 3657 4653 non
3677 4608 3808 4668 pos-

529 4690 599 4747 ob
625 4688 759 4745 nihil
782 4688 948 4754 aliud,
986 4689 1093 4746 nisi
1118 4690 1243 4759 quia
1272 4687 1388 4758 jam
1420 4698 1629 4761 tempus
1649 4693 1844 4750 hiemis
1869 4696 2117 4755 immine-

529 4781 641 4846 bat,
671 4788 729 4837 et
776 4778 1074 4850 periculum
1106 4780 1214 4846 sui,
1261 4779 1345 4835 vel
1378 4781 1613 4837 militum
1660 4793 1990 4854 vestrorum,
2020 4793 2117 4860 qui

533 4888 715 4928 secum
767 4878 946 4938 erant,
1008 4871 1487 4928 vehementissime
1538 4869 1907 4943 formidabat;
1974 4882 2118 4951 apud

532 4980 691 5035 quem
717 4965 805 5019 vix
826 4964 1368 5035 obtinerepotuimus
1389 4976 1447 5021 ut
1484 4965 1677 5022 saltem
1700 4968 1827 5024 dum
1853 4971 1968 5027 haec
1988 4975 2122 5030 seri-

530 5058 822 5127 bereutur(
846 5059 1102 5129 quoniam
1122 5059 1192 5113 ad
1219 5057 1420 5116 Urbem
1450 5061 1648 5119 reverti
1672 5062 1816 5119 nullo
1838 5066 1997 5122 modo
2018 5083 2116 5123 vo-

532 5145 651 5221 hit)
689 5150 742 5204 in
769 5148 917 5206 Ostia
937 5151 1144 5222 positus
1167 5160 1525 5223 exspectaret.

606 5241 809 5309 Tertio,
833 5243 957 5313 quia
982 5258 1103 5299 cum
1124 5246 1313 5302 eadem
1339 5261 1460 5318 quae
1502 5234 1885 5318 superfuerunt
1913 5249 1967 5304 in
1998 5250 2117 5321 ipsa

534 5334 781 5404 epistola,
802 5334 870 5389 ad
898 5351 1017 5407 quae
1043 5337 1177 5392 nihil
1202 5338 1601 5409 respondimus,
1625 5340 1720 5396 sed
1736 5340 1916 5411 potius
1938 5343 2115 5413 philo-

535 5428 814 5499 sophando
828 5430 1275 5498 contempsimus,
1296 5430 1456 5500 plena
1482 5443 1663 5487 essent
1679 5433 1825 5487 omni
1851 5435 2119 5503 pravitate

532 5529 697 5589 atque
745 5517 1103 5584 blasphemia,
1132 5527 1188 5574 et
1239 5528 1427 5576 contra
1474 5521 1649 5591 ipsam
1697 5522 2109 5594 dispositionem

533 5610 648 5680 Dei,
691 5607 747 5663 in
785 5625 893 5683 qua
944 5608 1200 5666 Ecclesiae
1228 5610 1482 5682 sedisque
1537 5613 1795 5671 Romana:
1829 5616 2111 5688 privilegia

418 5718 431 5727 ι
526 5708 841 5779 (iunctarum
879 5700 1243 5757 Ecclesiarum
1272 5702 1566 5775 privilegiis
1592 5706 1961 5763 suaineil'abili
1983 5723 2112 5779 pro-

532 5776 769 5847 videntia
815 5792 1072 5862 praetulit,
1128 5809 1332 5851 venena
1378 5796 1760 5865 diﬁ‘uuderent,
1802 5816 1908 5858 non
1932 5776 2115 5859 vestra

609 5918 633 5945 ιι
664 5907 881 5963 Ausuus
911 5919 1113 5965 inclusa
1150 5919 1349 5967 dantur
1376 5928 1440 5968 ex
1465 5916 1594 5970 edit.
1626 5915 1811 5971 Rom.’

2224 4718 2369 4767 sunt.
2403 4708 2533 4774 Quae
2562 4711 2689 4760 ante
2712 4701 2997 4772 imperium
3024 4702 3262 4753 vestrum
3289 4695 3529 4757 fuerunt,
3582 4700 3641 4745 et
3686 4702 3815 4759 per-

2226 4809 2467 4868 manent,
2491 4801 2604 4855 Deo
2633 4795 2856 4868 gratias,
2890 4794 3153 4848 hactenus
3198 4788 3429 4854 illibata,
3484 4785 3808 4840 manebunt-

2224 4904 2328 4965 que
2353 4898 2475 4963 post
2501 4900 2619 4953 vos,
2641 4894 2698 4942 et
2722 4894 3004 4956 quousque
3028 4879 3401 4935 Christianum
3428 4887 3631 4930 nomen
3673 4886 3809 4943 prae-

2223 4984 2461 5041 dicatum
2490 4979 2673 5044 fuerit,
2698 4976 2788 5033 illa
2813 4974 3113 5031 subsistere
3133 4984 3243 5026 non
3270 4967 3563 5024 cessabat
3612 4966 3806 5020 immu-

2224 5074 2396 5130 tilata.

2292 5162 2402 5220 Ista
2430 5162 2611 5234 igitur.
2624 5158 2902 5232 privilegia
2918 5159 3053 5215 huic
3078 5167 3285 5214 sanctae
3316 5153 3575 5210 Ecclesiae
3600 5166 3634 5205 a
3659 5150 3810 5206 Chri-

2222 5266 2306 5314 sto
2334 5258 2555 5318 donata,
2584 5268 2614 5308 a
2636 5252 2861 5331 synoqis
2914 5266 3024 5308 non
3076 5251 3298 5312 donata,
3328 5248 3423 5303 sed
3451 5247 3563 5317 jam
3611 5245 3801 5300 solum.

2224 5350 2383 5406 modo
2411 5345 2683 5405 celebrata
2702 5353 2761 5401 et
2781 5352 3076 5414 venerata;
3104 5356 3203 5413 per
3252 5355 3377 5413 qua
3410 5352 3522 5396 non
3559 5338 3671 5394 ta'm
3715 5340 3808 5393 ho-

2225 5456 2327 5497 nor
2352 5454 2517 5510 quam
2536 5452 2676 5494 onus
2692 5435 2855 5491 nobis
2876 5433 3163 5500 incumbit,
3188 5433 3315 5489 licet
3341 5433 3518 5504 ipsum
3549 5432 3807 5486 honorem

2222 5549 2330 5589 non
2361 5531 2574 5588 meritis
2597 5530 2818 5596 nostris,
2842 5529 2938 5586 sed
2961 5528 3304 5584 ordinatione
3330 5526 3523 5598 gratia:
3571 5524 3668 5579 Dei
3716 5536 3809 5593 per

2220 5626 2439 5681 beatum
2470 5626 2690 5680 Petrum
2712 5630 2769 5678 et
2798 5623 2855 5678 in
2878 5622 3040 5678 beato
3092 5619 3257 5677 Petro
3284 5619 3456 5674 simus
3484 5617 3692 5687 adepti,
3717 5629 3808 5668 nos

2220 5727 2420 5789 cogunt
2444 5731 2650 5774 nosoue
2664 5715 3001 5791 compellunt
3023 5715 3267 5772 omnium
3296 5713 3500 5770 habere
3542 5713 3807 5769 sollicitu-

2223 5813 2401 5877 dinem
2454 5810 2821 5870 Ecciesiarum
2863 5811 3000 5880 Dei;
3028 5811 3115 5869 cui
3143 5819 3334 5870 sancto
3383 5809 3597 5868 scilicet
3648 5810 3803 5866 Petro
