4050 6324
342 380 446 435 949

1541 390 1896 448 EPISTOluE
1934 395 2021 451 ET
2062 387 2400 459 DECRETA.

3501 415 3606 473 930

342 492 522 546 addita
544 500 626 547 est
655 494 884 550 societas
902 495 1199 553 beatissimi
1229 499 1400 566 Pauli,
1445 501 1590 558 vasis
1617 503 1922 573 electionis,
1953 515 2003 574 Α
2030 513 2294 568 consistit.
2347 517 2423 571 Ex
2459 519 2571 589 eius
2622 523 2764 578 enim
2798 525 3164 582 ecclesiastica
3193 527 3473 599 disciplina
3506 549 3604 604 per

342 584 590 654 magistri
653 587 922 655 veritatis,
972 589 1058 644 cui
1105 588 1308 662 jugiter
1336 593 1655 651 imminebat
1681 598 1920 674 omnium

342 676 705 733 Ecclesiarum
729 679 1035 738 sollicitudo
1063 681 1149 754 (11
1169 682 1294 740 Cor.
1328 686 1439 756 xv).

410 767 476 822 Hi
503 783 653 840 ergo,
691 781 952 844 tanquam
997 775 1102 831 duo
1147 777 1432 833 luminaria
1483 794 1677 852 magna
1708 782 1833 837 cali
1864 784 1920 838 in

338 859 578 936 Ecclesia
619 863 862 922 Romana
890 867 1150 926 divinitus
1181 872 1485 936 constituti,
1515 881 1687 928 totum
1730 874 1918 930 orbem

339 927 627 1020 splendore
677 955 905 1028 fulgoris
951 961 1034 1015 sui
1089 962 1408 1018 mirabiliter
1458 964 1816 1031 illustrarunt,
1866 974 1920 1022 et

336 1045 606 1103 Occidens
627 1061 817 1104 eorum
839 1054 1146 1121 prasentia,
1172 1055 1336 1110 veluti
1369 1056 1626 1112 rutilante
1649 1059 1782 1124 sole,
1809 1067 1917 1113 tam

336 1153 434 1208 per
481 1153 541 1194 se
577 1139 809 1196 nitorem
856 1145 1021 1201 dante
1066 1161 1226 1218 quam
1281 1163 1378 1218 per
1417 1149 1706 1218 discipulos
1757 1164 1908 1218 suos,

337 1230 491 1300 quasi
550 1234 809 1302 quosdam
853 1237 1032 1293 radios
1081 1237 1236 1305 lucis,
1288 1240 1562 1307 micante,
1622 1239 1798 1299 factus
1823 1249 1910 1298 est

334 1320 580 1390 Oriens;
635 1327 833 1397 quique
879 1344 985 1384 non
1033 1340 1318 1402 postquam
1375 1334 1574 1388 mortui
1623 1343 1769 1399 sunt,
1801 1333 1916 1390 Ro-

332 1430 479 1471 mam
512 1433 544 1472 a
589 1419 923 1490 principibus
965 1432 1094 1478 sunt
1128 1424 1312 1490 delati,
1347 1434 1405 1478 ut
1434 1425 1692 1481 Romana
1732 1425 1914 1483 Eccle-

332 1507 427 1563 sia
452 1509 728 1581 majorem.
750 1513 1062 1570 conferrent
1090 1516 1490 1587 privilegiorum
1522 1519 1806 1585 honorem,
1844 1520 1917 1576 si-

331 1603 582 1672 cutapud
629 1618 726 1660 vos
781 1622 889 1661 non
939 1609 1355 1674 rationabiliter,
1406 1611 1499 1665 sed
1547 1612 1916 1682 potentialiter

330 1701 512 1749 actum
535 1704 638 1760 est,
663 1696 918 1755 videlicet
943 1708 1004 1755 ut
1028 1699 1286 1756 Ecclesia
1309 1711 1518 1758 catera
1538 1705 1780 1774 patronis
1805 1707 1915 1762 suis

328 1785 695 1854 privarentur,
733 1798 789 1844 et
817 1789 932 1846 sola
963 1791 1458 1865 Constantinopolis
1494 1797 1678 1866 spoliis
1709 1808 1764 1854 et
1794 1790 1943 1871 opi-'

2026 618 2214 659 omnes
2240 605 2528 665 Ecclesias.
2584 613 2854 685 religionis
2887 617 2999 686 jam
3049 631 3324 676 crescente
3361 623 3596 691 cultura,

2028 692 2146 750 fons
2167 702 2457 756 emanavit.
2503 702 2730 761 Ficana
2768 710 2956 780 synodi
2999 725 3103 766 non
3153 711 3295 768 aliud
3334 728 3605 790 pracepta

2025 795 2332 856 testantur;
2361 793 2496 850 adeo
2521 807 2578 850 ut
2611 813 2716 853 non
2765 799 2964 869 aliquid
3003 818 3165 874 super
3200 820 3319 860 eam
3371 822 3501 863 ausa
3531 809 3603 866 sit

2023 884 2373 953 constituere,
2402 903 2522 943 cum
2570 891 2777 948 videret
2800 894 2932 950 nihil
2964 912 3125 967 supra
3158 899 3407 954 meritum
3437 918 3594 956 suum

2022 988 2176 1042 posse
2206 976 2462 1033 conferri.
2493 979 2684 1037 Omnia
2711 982 2944 1056 denique
2972 988 3097 1042 huic
3128 998 3353 1046 noverat
3381 991 3599 1047 Domini

2022 1082 2271 1125 sermone
2299 1086 2579 1129 concessa.
2632 1075 2688 1131 Si
2711 1080 2910 1147 omnia,
2944 1096 3075 1150 ergo
3109 1083 3277 1138 deluit
3308 1075 3439 1140 nihil
3464 1088 3607 1158 quod

2020 1177 2126 1218 non
2150 1163 2226 1219 illi
2255 1169 2603 1223 concesserit.

2093 1255 2336 1329 Denique
2363 1260 2407 1314 si
2438 1261 2687 1318 instituta
2725 1263 2952 1321 Nicana
2973 1269 3176 1338 synodi
3215 1270 3500 1342 diligenter
3521 1263 3618 1326 in?

2019 1343 2335 1414 spiciant‘ur,
2375 1349 2686 1406 invenietur
2707 1354 2949 1423 profeCto
2980 1359 3104 1427 quia
3129 1357 3386 1415 Romana
3421 1351 3608 1416 Eccle-

2019 1432 2113 1488 sia
2133 1433 2337 1491 nullum
2379 1437 2567 1508 eadem
2621 1445 2858 1516 synodus
2891 1447 3120 1509 contulit
3151 1448 3545 1508 incrementum
3581 1472 3594 1508 :

2019 1519 2316 1597 sed'pot‘ius
2342 1541 2406 1585 ex
2434 1533 2550 1603 ejus
2579 1533 2774 1601 forma,
2818 1539 2962 1608 quod
3008 1537 3388 1598 Alexandrina
3414 1542 3605 1599 Eccle-

2019 1616 2112 1671 sia
2140 1618 2402 1676 tribueret
2424 1624 2847 1693 particulariter,
2878 1629 3107 1700 stuupsit
3129 1633 3456 1702 exemplum.
3481 1633 3608 1690 Hac

2020 1708 2202 1778 igitur,
2230 1720 2284 1766 et
2307 1702 2394 1768 his
2424 1715 2641 1782 similia,
2673 1731 2772 1774 nos
2796 1735 2896 1790 pro
2925 1723 3138 1778 cunctis
3161 1724 3419 1780 Ecclesils
3454 1725 3605 1780 solli-

2019 1801 2156 1857 citos
2205 1803 2482 1873 reddunt;
2525 1808 2640 1864 hac
2687 1811 2850 1865 etiam
2896 1813 2962 1868 de
3011 1814 3606 1889 Constantinopolitana

328 1875 451 1943 bus,
489 1891 622 1949 quas
659 1880 922 1940 violenter
952 1885 1194 1952 abstulit,
1222 1887 1484 1944 ditaretur
1517 1908 1530 1956 ;
1561 1891 1654 1948 sed
1681 1887 1914 1950 Romam
1945 1883 1993 1946 B
2023 1893 2261 1950 Ecclesia
2290 1897 2574 1969 impigram
2599 1916 2786 1958 curam
2826 1905 3068 1976 arripere
3097 1908 3452 1964 vehementer
3479 1911 3606 1966 bor-

329 1969 382 2024 in
408 1981 574 2028 carne
607 1975 909 2043 venientes,
939 1979 1064 2034 vita
1084 1981 1308 2037 verbum
1340 1983 1796 2056 evangelizantcs,
1837 1992 1906 2045 ab

326 2074 390 2116 ea
437 2065 641 2121 erroris
683 2069 969 2139 caliginem
1021 2082 1366 2140 amoventes,
1417 2077 1662 2134 veritatis
1707 2077 1913 2138 lumine

324 2167 538 2215 mentes
579 2161 857 2218 hominum
889 2164 1245 2233 illustrantes,
1296 2171 1430 2223 et'in
1455 2185 1518 2225 ea
1553 2189 1661 2228 uno
1688 2176 1904 2231 eodem-

327 2265 436 2320 que
466 2252 552 2306 die
579 2255 901 2324 martyrium
941 2267 1399 2325 c0nsummantes,
1443 2272 1684 2318 sanctam
1713 2265 1913 2321 Roma—

323 2356 448 2395 nam
488 2342 784 2399 Ecclesiam
834 2361 991 2403 roseo
1031 2363 1224 2405 cruore
1265 2365 1362 2406 suo
1404 2366 1861 2411 consecraverunt
1893 2376 1907 2425 ;

323 2442 376 2488 et
407 2437 544 2491 hanc
585 2453 691 2493 non
738 2439 1028 2498 habentem
1075 2446 1370 2510 maculam,
1430 2460 1522 2503 aut
1560 2467 1778 2520 rugam,
1816 2462 1910 2510 aut

325 2525 528 2594 aliquid
574 2528 880 2598 hujusmodi
916 2533 1255 2608 exhibentes,
1285 2539 1398 2597 Deo
1433 2539 1661 2597 Domino
1689 2545 1908 2600 dedica-

320 2629 536 2675 verunt.
594 2620 794 2693 Sicque
845 2626 1063 2683 demum
1133 2629 1554 2689 Alexandrinam
1615 2633 1909 2710 Ecclesium

320 2725 474 2766 suam
515 2711 777 2779 fecerunt,
823 2733 920 2788 per
960 2717 1182 2778 beatum
1212 2726 1420 2782 scilicet
1447 2719 1706 2796 Marcum,
1749 2731 1909 2787 unius

320 2799 512 2893 horum
539 2803 722 2872 .ﬁlium
759 2819 823 2862 ac
865 2809 1214 2883 discipulum.
1239 2815 1540 2875 Hareditas
1585 2822 1784 2893 quippe
1815 2815 1910 2877 lilii

320 2889 375 2944 in
401 2899 671 2961 potestate
727 2900 967 2967 parentis
1015 2904 1221 2971 existit,
1267 2913 1320 2962 et
1367 2902 1535 2980 gloria
1567 2889 1811 2982 discipuli
1842 2913 1908 2968 ad

322 2987 639 3056 magistrum
673 2990 789 3046 sine
817 2993 1163 3052 cunctatione
1202 2997 1452 3057 refertur.

393 3074 617 3132 Fecerat
642 3084 1204 3144 autem-beatissimus
1245 3089 1438 3148 Petrus
1463 3097 1756 3163 prasentia
1785 3112 1908 3152 cor-

319 3167 488 3258 porali
519 3178 572 3222 et
621 3171 917 3229 Ecclesiam
970 3177 1368 3237 Antiochenam
1401 3183 1513 3252 j‘am
1555 3201 1730 3253 suam,
1761 3199 1902 3258 qua,

317 3257 459 3352 sicut
506 3260 698 3352 beatus
747 3278 885 3334 papa
937 3268 1068 3324 dicit
1124 3247 1468 3332 Innocentius
1504 3278 1583 3348 (in
1605 3247 1757 3348 epist.
1780 3247 1902 3352 .21),
1930 3247 1978 3311 Ε

321 3349 472 3403 urbis
518 3349 703 3407 Roma
743 3355 863 3410 sedi
895 3372 1006 3414 non
1052 3365 1316 3429 cederet,
1355 3365 1462 3421 nisi
1510 3369 1654 3438 quod
1701 3369 1790 3424 illa
1850 3349 1907 3427 in

319 3442 548 3496 transitu
575 3447 794 3512 memit,
826 3449 929 3504 ista
968 3461 1280 3523 susceptum
1311 3459 1508 3528 quippe
1549 3459 1765 3516 beatum
1794 3461 1897 3517 Pe-

319 3541 463 3587 trum
494 3535 634 3615 apud
665 3552 723 3593 se
765 3553 1310 3618 consummatumque
1350 3551 1623 3620 gauderet.
1667 3553 1771 3608 Per
1801 3554 1904 3611 has

317 3624 484 3692 igitur
525 3637 639 3682 tres
682 3632 986 3701 pracipuas
1025 3629 1316 3703 Ecclesias,
1351 3642 1591 3696 omnium
1636 3645 1906 3700 Ecclesia-

317 3733 437 3771 rum
489 3717 798 3777 sollicitudo
859 3721 1147 3784 beatorum
1194 3733 1563 3801 apostolorum
1595 3738 1901 3808 principum

315 3813 465 3869 Petri
493 3832 556 3872 ac
585 3818 735 3875 Pauli
776 3825 965 3891 procul
1003 3826 1170 3883 dubio
1220 3831 1567 3889 moderamen
1602 3843 1902 3906 exspectat.

316 3904 423 3961 Pro
451 3909 647 3977 quibus
673 3915 918 3982 patribus
959 3931 1059 3974 nos
1085 3920 1364 3988 divinitus,
1409 3904 1747 3983 incremento
1775 3945 1904 4000 gra-

319 3997 407 4052 tia
437 3999 771 4071 mi-nistrato,
823 4008 938 4064 nati
987 4025 1174 4066 sumus
1202 4013 1300 4069 lilii
1339 4024 1394 4069 et
1433 4019 1731 4084 constituti,
1780 3997 1907 4077 licet

315 4087 470 4182 {licet
497 4092 721 4165 indigni,
745 4095 888 4163 licet,
925 4102 1058 4174 etc.]
1103 4104 1184 4158 eis
1209 4104 1367 4178 longe
1397 4108 1607 4164 meritis
1645 4090 1904 4182 impares,

313 4180 589 4254 principes
633 4201 796 4258 super
836 4207 1056 4249 omnem
1089 4203 1312 4264 terram,
1353 4199 1407 4254 id
1446 4208 1530 4256 est
1581 4180 1750 4273 super
1784 4206 1904 4260 uni»

314 4286 526 4330 versam
568 4276 884 4336 Ecclesiam.
923 4282 1090 4340 Terra
1111 4287 1261 4343 enim
1298 4289 1544 4347 Ecclesia
1585 4292 1803 4361 dicitur,
1835 4297 1903 4350 si-

311 4372 407 4421 cut
437 4367 700 4438 scriptum
733 4381 858 4428 est:
905 4373 1027 4430 Non
1069 4379 1145 4432 sic
1183 4380 1355 4451 impii,
1395 4397 1499 4436 non
1524 4385 1600 4438 sic
1627 4399 1646 4439 :
1671 4386 1762 4439 sed
1786 4395 1903 4441 tan-

313 4473 472 4527 quam
522 4461 720 4530 pulvis,
777 4482 929 4536 quem
991 4471 1200 4540 proﬁcit
1257 4483 1436 4529 ventus
1479 4492 1512 4529 a
1568 4475 1704 4546 facie
1751 4488 1904 4534 terra:

309 4551 489 4622 (Paul.
524 4559 589 4628 t).
630 4559 782 4626 Qua,
834 4563 975 4619 sicut
1017 4575 1240 4623 sanctus
1268 4569 1601 4642 Augustinus
1655 4575 1899 4645 exponit,

316 4645 555 4703 Ecclesia
587 4650 923 4723 intelligitur.
965 4655 1222 4715 iiaredes
1260 4663 1457 4734 quippe
1479 4664 1676 4722 homin
1693 4667 1897 4736 effecti,

314 4737 623 4795 facultatem
653 4741 956 4812 potestatis,
986 4761 1148 4817 quam
1179 4763 1208 4804 a
1242 4751 1472 4810 Domino
1511 4767 1896 4830 perceperunt,

314 4840 371 4885 et
410 4846 549 4888 onus
579 4833 969 4892 sollicitudinis
1014 4841 1182 4897 nihilo
1232 4843 1411 4900 minus
1456 4858 1744 4918 capessere
1800 4867 1899 4908 nos

311 4933 545 4996 oportet.

384 5018 617 5076 Proinde
663 5022 1203 5084 animadvertendum
1232 5039 1314 5086 est
1357 5034 1484 5102 quia
1513 5049 1621 5090 non
1650 5036 1892 5105 Nlcana,

315 5129 419 5169 non
450 5115 684 5187 denique
713 5119 821 5176 ulla
845 5123 1109 5194 synodus,
1139 5127 1446 5198 quodquam
1479 5130 1737 5188 Romana
1761 5149 1896 5190 con-

314 5206 436 5260 tulit
460 5206 718 5267 Ecclesia
745 5211 1089 5285 privilegium
1116 5256 1130 5283 ,
1167 5233 1288 5287 qua
1323 5220 1381 5274 in
1422 5220 1588 5277 Petro
1627 5234 1895 5294 noverat,

312 5312 430 5352 eam
459 5301 620 5357 totius
641 5302 766 5373 jura
787 5301 1070 5376 potestatis
1105 5307 1336 5378 pleniter
1365 5312 1651 5379 meruisse,
1682 5324 1737 5370 et
1763 5319 1896 5370 cun-

314 5399 523 5447 clarum
553 5392 756 5452 Christi
771 5397 956 5452 ovium
981 5400 1220 5470 regimen
1250 5403 1559 5472 accepisse;
1599 5405 1740 5461 sicut
1765 5407 1895 5462 bea-

315 5490 400 5538 tus
421 5487 613 5554 prasul
644 5487 950 5548 Bonifacius
999 5501 1350 5560 attestatun,
1391 5497 1660 5553 universis
1683 5499 1893 5568 episco-

312 5576 396 5647 pis
416 5593 512 5647 per
552 5579 884 5639 Thessaliam
925 5588 1236 5644 constitutis
1279 5591 1529 5646 scribens
1564 5611 1576 5646 :
1626 5593 1897 5651 Institutio

2020 1995 2199 2040 tantur
2230 2004 2243 2052 ;
2293 1989 2406 2044 hac
2431 2032 2445 2055 ,
2484 1991 2728 2062 inquam,
2753 1993 3017 2065 lgnatium
3049 1997 3419 2068 patriarcham
3455 2000 3600 2055 nulla

2016 2080 2197 2150 regula
2232 2081 2481 2153 nulquue
2535 2087 2725 2142 ordine
2771 2087 3140 2145 ecclesiastico
3187 2091 3427 2146 dictante
3453 2091 3603 2162 deje-

2014 2178 2462 2241 ctum,tanquam
2507 2171 2732 2230 fratrem
2767 2175 3022 2248 adeVare
3069 2180 3419 2250 compellunt.
3465 2177 3604 2236 Nam

2015 2270 2069 2316 et
2099 2261 2243 2316 inter
2264 2271 2458 2318 caetera
2515 2267 2561 2321 is
2608 2281 2707 2336 per
2761 2276 2922 2338 quem
2979 2269 3135 2325 nobis
3183 2272 3456 2348 praecipue
3499 2274 3603 2328 ista

2015 2361 2138 2407 sunt
2163 2355 2443 2428 privilegia
2477 2357 2672 2412 collata
2697 2375 2711 2411 :
2742 2355 2819 2414 Tu
2849 2360 3135 2431 aiiquaudo
3178 2370 3478 2439 Conversus,
3508 2379 3606 2418 au-

2013 2443 2145 2499 divit
2181 2462 2210 2499 a
2239 2447 2485 2513 Domino,
2530 2450 2780 2518 conﬁrma
2811 2452 3002 2521 fratres
3044 2463 3160 2508 tuos
3184 2452 3335 2525 (Luc.
3369 2455 3525 2526 χχιι).

2086 2538 2140 2593 Si
2173 2542 2387 2609 quidem
2411 2551 2467 2598 et
2491 2544 2613 2599 ideo
2643 2543 2696 2600 in
2725 2543 2936 2615 culpam
2968 2546 3165 2600 cecidit
3195 2555 3254 2600 ut
3275 2547 3440 2602 sciret
3463 2564 3597 2620 qua-

2011 2631 2137 2688 liter
2192 2633 2419 2690 aliorum
2471 2621 3087 2692 inlir'rnit‘atismisereri
3133 2637 3428 2695 debuisset.
3469 2641 3599 2695 liae

2014 2723 2292 2795 privilegia
2317 2719 2587 2791 Photium,
2612 2727 2828 2783 vivente
2862 2726 3088 2799 lgnatio,
3122 2730 3174 2784 in
3203 2730 3385 2786 caulas
3417 2729 3601 2786 Domi~

2013 2807 2162 2869 nicas
2193 2830 2296 2869 non
2323 2831 2419 2884 per
2465 2817 2661 2872 ostium
2689 2859 2702 2883 ,
2733 2815 2826 2874 sed
2869 2819 3083 2875 aliunde
3110 2822 3514 2884 ascendentem,
3545 2830 3602 2876 et

2011 2915 2284 2976 pastorem
2314 2909 2711 2978 impellentem,
2759 2918 2812 2965 et
2859 2925 2987 2967 oves
3014 2911 3414 2982 'dispergentem
3445 2911 3602 2967 nobis

2011 3007 2066 3053 et
2101 2999 2168 3054 ab
2209 3000 2434 3068 honore,
2492 3011 2652 3072 quem
2702 2999 3077 3077 irregulariter
3127 3009 3425 3084 usurpavit,
3472 3017 3525 3064 et
3568 3025 3599 3064 a

2010 3093 2390 3148 communione
2432 3094 2863 3153 Christianorum
2913 3113 3166 3156 amovere
3218 3100 3474 3156 divinitus
3514 3103 3595 3156 in-

2012 3185 2212 3254 spirata
2255 3185 2551 3256 jusserunt.
2577 3186 2729 3255 Quod
2769 3197 2951 3244 autem
2992 3191 3243 3261 perhibet
3271 3191 3590 3248 excellentia

2009 3285 2192 3330 vestra
2225 3276 2464 3332 noluisse
2489 3292 2584 3333 vos
2603 3287 2715 3334 uta
2743 3279 2929 3336 missis
2959 3281 3160 3338 nostris
3187 3281 3427 3353 lgnatius
3447 3279 3597 3352 judi-

2009 3377 2258 3434 caretur,
2291 3384 2357 3425 eo
2385 3371 2528 3442 quod
2556 3369 2721 3428 fuerit
2754 3371 2869 3443 jam
2886 3373 3162 3442 judicatus
3185 3384 3240 3432 et
3265 3376 3597 3432 condemna-

2009 3469 2096 3515 tus
2127 3477 2140 3525 ;
2175 3458 2412 3516 fatemur
2445 3464 2714 3518 veraciter
2742 3463 2868 3535 quia
2905 3475 3011 3522 nec
3040 3465 3172 3522 illud
3205 3467 3310 3522 ulla
3350 3481 3416 3524 ex
3441 3477 3596 3539 parte

2007 3555 2225 3609 videtur
2252 3553 2418 3611 fuisse
2443 3558 2785 3620 canonicum,
2813 3569 2912 3613 nec
2935 3557 3041 3614 hoc
3065 3561 3307 3630 ipsorum
3325 3557 3592 3631 judicium

2008 3647 2124 3702 fieri
2175 3649 2548 3718 praecepimus,
2600 3664 2702 3705 nec
2752 3648 2953 3704 factum
2989 3650 3332 3707 admisimus.
3369 3649 3596 3708 Verum-

2009 3746 2189 3792 tamen
2223 3740 2309 3793 cui
2352 3740 2524 3812 magis
2545 3740 2749 3812 placuit
2789 3739 3073 3797 evidenter
3098 3739 3441 3814 intelligitur,
3465 3753 3593 3800 cum

2004 3839 2279 3902 patratum
2306 3847 2404 3889 vos
2425 3834 2712 3890 scribendo
2739 3836 3117 3900 roborassetis,
3146 3837 3289 3907 quod
3318 3847 3594 3908 nusquam

2003 3922 2295 3992 aliquando
2325 3921 2528 3979 factum
2553 3923 2622 3979 ab
2647 3927 2976 3996 imperatore
3000 3927 3285 3993 recolitur,
3310 3935 3372 3983 et
3402 3939 3594 3984 omnes

2005 4015 2062 4070 in
2085 4028 2149 4070 eo
2171 4013 2412 4071 scribere
2454 4015 2841 4086 imperassetis.
2895 4015 3004 4074 Nos
3055 4021 3236 4074 autem
3282 4028 3389 4076 non
3415 4018 3591 4075 solum

2003 4105 2209 4162 factum
2243 4107 2464 4162 minime
2509 4107 2836 4178 recepimus,
2868 4118 3058 4165 verum
3101 4111 3588 4176 etiam’doluimus,

2006 4207 2061 4254 et
2107 4214 2138 4253 a
2186 4207 2373 4255 nostro
2409 4213 2676 4254 consensu
2727 4200 2914 4270 procul
2965 4199 3306 4269 amovimus;
3345 4201 3591 4275 quinimo

2007 4291 2332 4348 auctoritate
2378 4301 2432 4347 ct
2468 4292 2717 4363 exemplo
2745 4302 3158 4352 antecesserunt
3184 4305 3500 4354 nostrorum
3531 4299 3588 4353 in

2007 4381 2221 4437 irritum
2246 4383 2517 4440 duximus.
2545 4383 2700 4451 Quod
2743 4385 2790 4440 si
2837 4393 3053 4458 tempus
3087 4383 3414 4459 induigeret,
3444 4389 3587 4457 quod

2008 4475 2238 4532 dicimus
2269 4475 2426 4532 facile
2475 4478 2704 4548 probare
2749 4489 2818 4534 ex
2866 4482 3236 4537 monumentis
3275 4489 3593 4551 poteramus

2005 4568 2406 4625 ecclesiasticis.
2458 4569 2769 4627 Patratores
2805 4580 2984 4628 autem
3021 4571 3338 4644 prasumpti
3376 4572 3588 4641 iudicii,

2001 4658 2205 4729 judicio
2232 4661 2285 4715 in
2311 4676 2419 4731 quo
2456 4660 2837 4730 iudicaverunt
2856 4663 3081 4735 iudicati
3109 4671 3261 4731 sunt,
3285 4664 3585 4720 secundum

2005 4752 2398 4824 Evangelium;
2440 4763 2493 4809 et
2519 4769 2771 4812 mensura
2798 4756 2856 4811 in
2884 4769 2986 4827 qua
3029 4757 3198 4812 mensi
3225 4757 3441 4815 fuerunt
3491 4759 3576 4815 di-

2003 4859 2251 4901 mensum
2283 4857 2367 4903 est
2414 4849 2493 4903 eis
2523 4848 2673 4920 (Luc.
2712 4849 2810 4919 v1).
2853 4847 2962 4904 Nos
2981 4849 3182 4919 quippe
3211 4847 3355 4915 illos,
3381 4865 3492 4906 non
3521 4860 3584 4905 ut

2005 4936 2193 5008 lgnatii
2237 4939 2303 4992 ad
2361 4938 2780 5008 patriarchalem
2827 4940 3447 5010 sedem-promotionem
3497 4941 3582 4997 vel

2004 5031 2305 5102 ingressum
2329 5032 2665 5102 inquirerent
2710 5041 2805 5088 aut
2832 5031 3141 5101 iudicarent
3168 5033 3581 5102 destinavimus,

2003 5125 2102 5178 sed
2129 5132 2188 5176 ut
2233 5124 2700 5179 circumstantiam
2741 5123 3059 5194 dejectionis
3107 5121 3224 5192 eius
3253 5125 3581 5193 ediscerent,

2004 5214 2266 5284 nobisque
2284 5215 2572 5271 veritatem
2593 5223 2866 5287 repertam
2891 5217 3211 5288 repedantes
3239 5217 3573 5283 intimarent,

1995 5306 2314 5362 direximus.

2074 5405 2228 5473 Quod
2257 5416 2479 5472 nostra,
2507 5407 2622 5463 Deo
2651 5409 2877 5479 gratias,
2928 5408 3130 5480 liquido
3171 5417 3440 5465 testantur
3463 5409 3566 5479 epi-

2005 5494 2172 5559 stolae,
2203 5510 2340 5565 quas
2381 5503 2569 5552 ternas
2611 5511 2711 5568 per
2741 5499 3058 5554 Zachariam
3083 5509 3142 5556 et
3170 5498 3390 5555 Petrum
3422 5507 3586 5568 atque

2004 5587 2259 5653 Leonem,
2294 5588 2406 5643 Deo
2439 5589 2700 5646 amabiles
2745 5592 3058 5647 scrinia'rios
3087 5599 3296 5648 sancta
3319 5591 3582 5645 Romanae

2004 5678 2278 5760 Ecclesia,
2336 5695 2444 5737 uno
2479 5690 2626 5737 textu
2674 5683 2838 5740 scribi
2885 5683 3240 5754 praecepimus
3291 5690 3348 5735 et
3395 5696 3582 5737 coram
3618 5700 3668 5724 ο·

2001 5782 2192 5830 sancta
2238 5774 2516 5840 Ecclesia,
2546 5791 2666 5846 qua
2709 5777 2851 5848 apud
2897 5789 2996 5832 nos
3033 5785 3137 5842 est,
3181 5774 3450 5844 dispertiti
3492 5789 3582 5829 su-

311 5669 635 5728 universalis
664 5677 937 5733 nascentis
959 5678 1211 5736 Ecclesia
1235 5681 1302 5737 de
1327 5682 1471 5738 beati
1498 5683 1644 5740 Petri
1671 5687 1901 5757 sumpsit

272 5787 276 5792 ι
315 5762 520 5819 honore
563 5766 907 5839 principium,
940 5773 995 5825 in
1035 5787 1141 5844 quo
1179 5775 1421 5845 regimen
1457 5775 1575 5846 ejus
1601 5785 1659 5833 et
1683 5793 1896 5834 summa

385 5886 410 5915 ιι
452 5873 510 5930 In
559 5877 786 5948 epistola
834 5897 953 5952 qua
992 5887 1252 5943 recitatur
1284 5887 1335 5942 in
1365 5889 1593 5945 concilio
1623 5888 1890 5953 Romano,
1930 5893 2072 5965 quod
2111 5890 2419 5948 Holstenius
2445 5894 2613 5948 edidit
2649 5896 2700 5950 in
2737 5893 3014 5964 Bonifacio
3044 5893 3130 5948 11.
3163 5891 3331 5950 Hann.
