4050 6324
483 337 582 396 951

1816 335 2090 396 ΝιοοιΑι
2125 335 2328 394 ΡΑΡᾸΕ
2364 337 2386 392 l

3663 348 3783 405 952

486 467 641 517 mus;
678 457 737 509 et
769 465 934 507 unam
954 451 1170 521 quidem
1198 450 1339 521 apud
1377 465 1476 506 nos
1514 449 1840 508 retinvimus
1863 464 1963 520 pro
1983 447 2070 504 fu-
2099 450 2157 514 Α
2180 447 2352 518 ipsius
2374 447 2520 504 vasis
2539 453 2748 505 cunctae
2774 445 2867 521 [f.,
2895 458 3167 518 cunctas,
3193 449 3395 527 lnam]
3418 453 3782 527 dignoseatur

484 554 610 600 tura
663 543 876 600 scilicet
903 542 1139 608 cautela,
1191 549 1248 596 et
1296 549 1519 612 propter
1565 541 1920 611 quaestionem
1950 555 2073 610 quae

484 637 618 693 oriri
643 643 859 707 poterat
897 635 953 691 in
1003 640 1300 705 posterum.
1334 632 1489 701 Quod
1522 647 1651 688 ecce
1680 630 2075 703 impraesentia-

482 745 630 796 rum,
678 729 816 800 proh
865 727 1048 784 dolor!
1100 726 1408 794 cernimus;
1467 725 1630 781 aliam
1675 740 1806 780 vero
1861 725 2076 782 dilecta:

482 821 807 877 sublimitati
836 829 1030 877 vestra:
1071 819 1390 875 direximus.
1427 819 1599 875 Porro
1621 819 1838 874 tertiam
1864 818 2076 874 eisdem

483 913 678 986 legatis
729 913 933 969 nostris
967 912 1294 979 tribuimus,
1344 919 1403 966 ut
1440 911 1590 966 illam
1633 910 1779 965 velut
1825 907 2078 980 specular

481 1021 595 1078 prae
624 1005 799 1063 oculis
827 1005 1115 1071 habentes,
1139 1005 1196 1062 in
1233 1019 1297 1060 ea
1328 1003 1726 1060 meditarentur
1759 1001 1888 1073 quid
1913 1013 2078 1072 agerc

485 1098 821 1165 debuissent,
870 1107 1038 1170 atque
1085 1098 1508 1153 recordarentur
1549 1094 1681 1166 quid
1726 1093 1832 1150 sibi
1863 1108 1895 1149 a
1917 1091 2076 1151 nobis

480 1188 808 1244 constiterat
828 1202 952 1244 esse
972 1196 1324 1260 praeceptum.

553 1281 623 1336 Et
642 1280 689 1336 si
719 1279 952 1338 fortasse
980 1288 1165 1338 vestra
1194 1280 1512 1352 magnitudo
1543 1280 1929 1352 dedignaretur
1973 1278 2078 1335 sibi

481 1374 708 1430 missam
738 1373 1029 1444 epistolam
1079 1373 1137 1429 in
1166 1373 1548 1445 episcoporum
1586 1371 1881 1429 ostendere
1905 1379 2075 1438 cmtu,

475 1464 745 1536 jussimus
772 1465 854 1525 eis
875 1473 938 1520 ut
972 1464 1147 1533 illam,
1174 1475 1340 1535 quam
1383 1465 1487 1522 sibi
1511 1463 1820 1536 specialiter
1847 1463 2079 1520 dedera-

483 1576 624 1626 mus,
653 1574 926 1630 quamque
977 1559 1140 1616 unius
1185 1558 1376 1616 formae
1424 1573 1548 1616 cum
1594 1557 1822 1628 reliquis
1865 1556 2078 1613 duabus

483 1665 601 1707 esse
628 1659 918 1718 noverant,
942 1651 999 1707 in
1022 1666 1090 1708 eo
1113 1661 1403 1720 conventu,
1453 1652 1510 1707 in
1536 1667 1646 1723 quo
1674 1665 1902 1707 causam
1925 1647 2076 1719 deje-

482 1745 681 1801 ctionis
706 1745 899 1817 lgnatii
926 1761 1359 1818 praeceperamus
1394 1745 1670 1816 inquirere
1691 1760 1758 1800 ae
1785 1743 2078 1815 diligenter

2176 539 2232 596 in
2262 554 2320 596 se
2350 541 2630 598 continere
2655 539 3037 598 universorum
3059 541 3377 600 animalium
3406 545 3551 618 (qua:
3589 548 3780 605 homi-

2177 647 2276 688 nes
2326 632 2700 705 intelliguntur
2749 632 3132 708 spiritualiter)
3187 635 3456 694 nationes.
3520 636 3783 710 Suscepit

2178 736 2310 794 ergo
2339 737 2404 778 ac
2430 723 2674 779 continet
2712 723 2766 778 in
2799 739 2859 780 se
2888 724 3134 781 Romana
3163 725 3428 795 Ecclesia,
3450 729 3598 801 quod
3626 728 3781 786 Deus

2180 815 2548 872 universalem
2587 815 2886 873 Ecclesiam
2934 819 3212 890 suscipere
3234 834 3301 876 ac
3325 821 3606 878 continere
3626 838 3780 892 pra:-

2180 907 2341 977 cepit.
2385 907 2833 964 Decentissimum
2858 909 3056 980 quippe
3083 917 3168 966 est
3215 918 3381 982 atque
3422 913 3766 968 convenien-

2180 1001 2453 1058 tissimum
2494 1009 2554 1056 ut
2603 1003 2744 1073 apud
2788 1017 2849 1058 se
2897 1002 3092 1060 Petrus
3134 1006 3278 1076 quod
3325 1005 3427 1061 sibi
3455 1005 3779 1078 specialiter

2180 1100 2459 1150 ostensum
2501 1100 2664 1163 atque
2708 1103 3039 1165 praeceptum
3084 1102 3190 1161 est,
3239 1095 3537 1162 exhibeat;
3583 1097 3780 1168 sicque

2181 1188 2399 1244 demum
2442 1189 2586 1260 quod
2628 1189 2685 1244 in
2730 1189 2968 1260 generali
3005 1191 3248 1248 Ecclesia
3291 1191 3506 1250 facilius
3534 1194 3778 1250 creden-

2182 1278 2309 1335 dum
2348 1279 2442 1345 sit,
2473 1279 2684 1334 innuat.
2721 1277 2863 1335 Sane
2904 1280 3223 1337 intuendum
3269 1291 3352 1338 est
3401 1284 3530 1354 quia
3578 1291 3637 1340 et
3665 1285 3780 1342 hoc

2183 1383 2298 1436 vas,
2323 1369 2377 1425 in
2411 1385 2519 1441 quo
2548 1369 2734 1426 omnia
2778 1385 2978 1442 genera
3013 1379 3173 1428 erant
3195 1373 3576 1441 animantium,
3607 1375 3779 1430 Petro

2183 1460 2489 1532 specialiter
2516 1471 2796 1518 ostensum
2824 1470 2909 1516 est
2937 1478 2952 1529 ;
2987 1469 3043 1518 et
3066 1471 3126 1516 ut
3155 1477 3219 1518 ea
3243 1472 3510 1520 rnactaret
3535 1473 3593 1520 et
3619 1481 3782 1519 man-

2184 1553 2432 1619 ducaret,
2487 1551 2565 1607 illi
2613 1551 2713 1608 soli
2759 1552 2975 1624 jussum
3006 1560 3111 1610 est.
3153 1552 3222 1608 Et
3250 1563 3373 1625 post
3416 1556 3784 1611 resurrectio.

2183 1660 2308 1700 nem
2330 1653 2392 1700 ut
2411 1653 2528 1700 rete
2552 1643 2773 1714 plenum
2800 1643 3031 1700 diversis
3057 1645 3298 1716 piscibus
3317 1646 3385 1701 ad
3405 1645 3558 1703 littus
3583 1648 3780 1704 trabe-

2184 1742 2288 1801 ret,
2331 1750 2363 1790 a
2411 1733 2641 1790 Domino
2686 1735 2788 1806 ipsi
2843 1736 3061 1807 proprie
3121 1736 3222 1792 soli
3272 1747 3603 1808 praeceptum
3668 1749 3778 1796 est.

484 1813 835 1908 investigare,
889 1813 1332 1909 impraetcrmisse
1375 1813 1640 1910 legerent,
1690 1844 1745 1892 et
1775 1836 1831 1892 in
1856 1813 2082 1891 auribus

2187 1824 2370 1898 (Joan.
2402 1823 2542 1898 xxx).
2574 1825 2753 1896 Ipsum
2773 1826 2938 1894 enim,
2981 1827 3139 1898 cujus
3166 1843 3286 1895 nos,
3325 1827 3452 1884 licet
3491 1830 3780 1897 immeriu,

485 1925 730 1981 omnium
763 1927 1081 1995 recitarent,
1109 1928 1240 1984 licet
1265 1928 1368 1999 ipsi
1395 1928 1658 1985 contrarii
1678 1927 1810 1984 facti
1849 1928 1960 1984 sint
1983 1942 2078 1984 eo-

485 2031 608 2070 rum
650 2019 895 2074 omnium
953 2034 1074 2089 quae
1133 2019 1238 2076 sibi
1280 2018 1501 2075 fuerant
1544 2019 1830 2090 imperata.
1880 2018 2083 2087 Quam-

485 2107 674 2162 obrem
704 2117 761 2164 et
788 2124 954 2176 nunc,
982 2111 1109 2181 quia
1158 2111 1407 2182 quaedam
1434 2109 1636 2180 scripta
1659 2097 1915 2166 dicuntur
1939 2109 2083 2181 apud

483 2212 586 2253 vos
613 2213 753 2265 esse,
789 2206 1046 2271 tanquam
1068 2215 1136 2257 ex
1160 2202 1382 2258 nomine
1410 2210 1598 2259 nostro
1618 2203 1808 2270 missa,
1838 2217 1960 2273 quae
1983 2217 2084 2260 nos

485 2291 710 2346 omnino
738 2307 848 2348 non
877 2293 1158 2361 misimus,
1187 2294 1395 2352 idcirco
1423 2304 1479 2351 et
1504 2297 1646 2351 hanc
1669 2336 1684 2361 ,
1717 2311 1881 2366 quam
1927 2311 2085 2351 mau-

486 2382 762 2438 suetudini
814 2392 1011 2440 vestrae
1039 2384 1346 2457 dirigimus,
1395 2387 1452 2442 in
1506 2385 1682 2442 altero
1725 2395 1874 2441 tomo
1918 2385 2086 2442 scribi

487 2473 880 2545 praecepimus;
904 2483 962 2531 et
988 2475 1130 2532 hanc
1155 2477 1376 2548 quidem
1399 2477 1612 2544 Petrus,
1645 2477 1740 2549 qui
1763 2476 1924 2532 unius
1946 2491 2085 2546 prae-

488 2564 760 2621 dictarum
804 2566 970 2623 trium
1013 2568 1217 2640 sciptor
1251 2569 1505 2636 exstitit;
1553 2583 1719 2639 quam
1759 2582 1890 2624 vero
1916 2581 2086 2636 penes

489 2671 590 2712 nos
620 2649 1236 2730 retinemus,‘praefatus
1265 2661 1398 2726 Leo,
1426 2661 1538 2716 Deo
1557 2659 1822 2716 amabiles
1852 2657 2086 2714 scrinia-

488 2752 557 2808 rii
588 2761 813 2809 sanctae.
837 2752 1099 2810 Romanae
1149 2754 1428 2823 Ecclesiae,
1470 2770 1702 2827 quorum
1749 2752 1886 2809 ﬁdes
1925 2751 2085 2810 nobis

487 2845 716 2915 probata
739 2855 842 2914 est,
872 2846 1162 2919 scripsisse
1187 2855 1507 2904 noscuntur.

563 2936 735 2994 Porro
767 2939 990 3011 scripsit
1031 2941 1190 2996 nobis
1235 2941 1526 3012 imperium
1555 2951 1804 3000 vestrum
1830 2952 1892 3000 ut
1913 2943 2089 3001 Theo-

493 3040 766 3104 gnostum,
797 3033 893 3104 qui
922 3049 954 3088 a
996 3032 1172 3090 fratre
1205 3042 1265 3091 et
1292 3025 1618 3106 coepisEOpo
1645 3044 1837 3094 nostro
1877 3036 2087 3109 lgnatio

493 3139 658 3192 super
685 3124 954 3195 quasdam
997 3126 1310 3195 provincias
1361 3127 1692 3183 exarchatus
1740 3129 1953 3199 pondus
1997 3144 2088 3186 ac—

503 3217 718 3285 cepisse
758 3217 1113 3288 dignoscitur,
1146 3235 1357 3276 necnon
1399 3231 1455 3277 et
1485 3221 1621 3278 alios
1660 3223 1957 3279 monachos
1987 3223 2091 3279 sibi

507 3320 767 3381 tanquam
801 3322 998 3370 vestrae
1030 3316 1348 3387 augustialis
1372 3317 1723 3388 injuriatores
1748 3318 2084 3375 excellentiae

503 3404 862 3462 destinemus.
917 3407 978 3461 In
1025 3420 1132 3477 quo
1180 3422 1304 3464 cum
1359 3418 1540 3465 tamen
1587 3410 1691 3481 ipsi
1746 3409 2094 3479 injuriatores

496 3497 665 3551 vestri
711 3511 819 3554 non
863 3496 1083 3565 fuerint,
1131 3500 1260 3569 quid
1306 3501 1453 3558 aliud
1478 3503 1584 3560 nisi
1613 3509 1673 3557 ut
1697 3511 1901 3574 quanta
1929 3517 2093 3574 poena

498 3589 738 3662 [quantae
755 3589 1170 3663 poenaeJHutn.)
1191 3600 1249 3647 et
1267 3593 1464 3662 quibus
1487 3594 1774 3649 tormentis
1796 3591 2091 3664 subiician-

496 3691 588 3737 tur
609 3682 663 3738 bi
698 3683 790 3758 qui
817 3698 886 3738 ex
909 3690 1065 3753 parte
1105 3683 1300 3755 lgnatii
1348 3693 1497 3752 sunt,
1531 3694 1588 3742 et
1635 3687 1778 3758 apud
1806 3701 1904 3743 vos
1934 3687 1988 3743 in
2011 3689 2094 3744 di-

500 3776 648 3832 tione
699 3757 900 3833 'vestra
961 3779 1310 3846 consistunt,
1370 3779 1635 3851 liquidius
1705 3797 2088 3853 agnoscamus.

497 3867 726 3935 Quando
762 3869 821 3925 hi
871 3885 982 3926 non
1013 3869 1204 3940 utique
1253 3871 1321 3926 ad
1370 3872 1581 3942 epulas,
1628 3886 1738 3928 non
1769 3874 1838 3928 ad
1890 3872 2092 3931 infulas

499 3961 730 4030 alicujus
771 3963 998 4019 honoris
1047 3963 1428 4034 percipiendas
1478 3964 1724 4034 profecto
1751 3975 2089 4036 quaeruntur,

503 4055 598 4110 sed
617 4054 800 4125 potius
825 4055 895 4110 ad
932 4056 1290 4126 puniendum,
1340 4071 1477 4128 quos
1529 4056 1670 4114 forte
1707 4073 1808 4115 nec
1853 4059 2089 4129 vidistis,

499 4159 603 4200 nec
651 4143 804 4214 cujus
846 4147 1016 4203 moris
1061 4148 1172 4203 sint
1219 4149 1438 4218 penitus
1486 4149 1805 4221 agnovistis.
1848 4151 2093 4223 Denique

500 4236 722 4306 quidam
742 4251 934 4294 eorum
960 4238 1028 4295 ab
1057 4239 1280 4296 ineunte
1331 4248 1492 4295 aetate
1547 4239 1734 4296 Romae
1762 4241 1961 4297 divinis
1984 4242 2086 4298 ob-

507 4327 711 4399 sequiis
764 4326 1013 4384 famulati
1041 4338 1188 4397 sunt,
1225 4339 1282 4385 et
1322 4346 1430 4388 non
1454 4331 1666 4402 justum
1691 4333 1966 4390 credimus
1990 4335 2093 4390 hu-

495 4419 735 4490 jusmodi
789 4421 1074 4477 tormentis
1123 4421 1239 4478 fore
1294 4423 1622 4480 subdendos.
1681 4424 2090 4498 Theognostum

505 4526 688 4574 autem
711 4531 822 4573 non
857 4516 924 4574 de
949 4516 1104 4572 vobis
1127 4516 1369 4584 sinistra,
1412 4519 1509 4573 sed
1541 4518 1722 4588 potius
1752 4528 1907 4590 grata
1935 4535 2084 4590 prae-

499 4612 684 4667 dicare
727 4617 1013 4666 testamur.
1063 4607 1429 4678 Quamobrem
1481 4625 1611 4682 ergo
1657 4625 1783 4667 eum
1832 4615 2092 4685 quaeratis

499 4703 839 4774 ignoramus,
865 4701 970 4757 nisi
1002 4699 1146 4758 forte
1167 4701 1294 4773 quia
1327 4699 1476 4757 illine
1525 4701 1742 4774 fugatus
1767 4743 1782 4770 ,
1816 4705 1907 4762 hic
1945 4707 2090 4778 apud

499 4810 599 4851 nos
647 4796 911 4868 requiem,
949 4793 1409 4866 quemadmodum
1454 4793 1727 4851 innumeri
1768 4794 2089 4868 Christiani,

500 4887 892 4958 aliquantulam
920 4887 1144 4960 reperit.

501 4999 507 5008 ί
576 4977 858 5051 Siquidem
910 4989 1061 5038 tanta
1110 4980 1280 5038 millia
1331 4981 1614 5040 hominum
1660 4986 1986 5056 protectioni
2028 5002 2093 5045 ae

502 5077 884 5134 intercessioni
927 5079 1073 5135 beati
1103 5077 1474 5151 apostolorum
1521 5080 1792 5153 principis
1815 5081 1990 5151 Petri,
2019 5098 2090 5140 ex

500 5174 756 5232 omnibus
783 5173 986 5232 ﬁnibus
1033 5185 1193 5232 terrae
1230 5177 1667 5246 properantium,
1701 5191 1821 5235 sese
1848 5177 2093 5248 quotidie

501 5264 806 5334 conferunt,
843 5275 902 5324 et
939 5283 1111 5340 usque
1161 5270 1216 5325 in
1266 5268 1433 5326 ﬁnem
1477 5268 1604 5326 vitae
1645 5285 1758 5326 sua:
1791 5269 1932 5342 apud
1975 5269 2092 5341 ejus

503 5359 693 5415 limina
728 5371 902 5417 semet
952 5377 1210 5419 mansura
1248 5373 1582 5435 proponunt,
1624 5373 1686 5420 ut
1733 5373 1933 5436 praeter
1954 5363 2088 5421 illud

497 5467 610 5522 quo
630 5467 727 5509 vas
744 5466 776 5507 e
795 5451 934 5510 cmlo
951 5454 1302 5522 submissum,
1323 5457 1377 5511 in
1398 5470 1508 5527 quo
1525 5465 1848 5513 cunctorum
1869 5464 2092 5514 ostensa

506 5554 637 5600 sunt
678 5543 858 5602 eidem
909 5545 1070 5602 beato
1124 5545 1287 5604 Petro
1348 5550 1542 5605 horum
1594 5549 1840 5605 omnium
1892 5549 2094 5606 rectori

513 5636 872 5694 animantium
922 5653 1145 5710 genera,
1192 5640 1517 5696 catholicam
1545 5643 1724 5714 signat
1750 5643 2091 5699 Ecclesiam:

515 5731 681 5792 etiam
705 5731 821 5802 ipsa
851 5730 966 5788 sola
999 5730 1372 5788 Romanorum
1401 5735 1558 5801 urbs,
1609 5737 1752 5806 apud
1771 5751 1933 5806 quam
1957 5736 2098 5808 ejus-

514 5823 637 5876 dem
666 5823 896 5898 apostoli
937 5824 1238 5896 corporalis
1265 5825 1554 5894 praesentia
1583 5825 1766 5883 sedule
1808 5837 2098 5883 veneratur

2184 1916 2358 1972 vicem
2387 1915 2748 1987 suscepimus,
2795 1917 3170 1990 principaliter
3208 1934 3273 1976 ac
3312 1919 3628 1991 specialiter
3657 1924 3785 1978 uui-

2135 2026 2142 2034 ·
2183 2009 2413 2067 versatis
2459 2008 2715 2066 Ecclesiae
2762 2025 2949 2066 curam
2995 2011 3257 2068 divinitus
3285 2014 3588 2085 accepisse,
3609 2015 3782 2072 etiam

2184 2103 2340 2160 nobis
2391 2097 2748 2172 tacentibus,
2787 2103 3060 2161 credimus
3102 2105 3247 2176 quod
3287 2115 3470 2162 vestra
3509 2108 3782 2178 sapientia

2177 2198 2292 2270 jam
2346 2198 2768 2256 animadvertat.
2817 2198 3056 2256 Putasne
3099 2215 3253 2272 ergo,
3299 2200 3614 2273 imperator,
3665 2202 3784 2271 jus-

2186 2302 2296 2348 tum
2328 2306 2448 2348 esse
2474 2299 2533 2346 ut
2574 2291 2851 2348 tradamus
2890 2292 3128 2363 aliquem
3191 2307 3387 2348 eorum
3410 2333 3427 2361 ,
3476 2308 3616 2364 quos
3639 2310 3786 2352 nunc

2187 2383 2752 2448 commemoravimus,
2800 2382 3175 2454 principibus;
3211 2398 3439 2455 quorum
3490 2386 3670 2451 aulas,
3702 2387 3788 2442 di-

2188 2477 2439 2548 gnitates,
2485 2477 2722 2534 honores
2767 2484 2824 2533 et
2866 2477 3129 2533 beneficia
3176 2485 3647 2549 contempserunt,
3699 2479 3788 2536 vel

2187 2584 2416 2640 quorum
2450 2568 2592 2624 forte
2614 2568 3020 2640 indignationes
3042 2575 3137 2624 aut
3170 2569 3582 2638 persecutiones
3613 2573 3786 2629 susti-

2188 2659 2467 2715 nuerunt?
2492 2658 2670 2716 Absit.
2715 2657 2980 2714 Nolumus
3031 2659 3200 2726 enim,
3253 2658 3366 2716 Deo
3399 2670 3651 2730 auctore,
3676 2679 3781 2720 nec

2186 2752 2340 2810 Judae
2389 2752 2655 2825 proditori
2704 2751 2910 2808 similes
2967 2753 3236 2820 inveniri,
3297 2768 3398 2810 nec
3447 2770 3787 2826 paganorum

2185 2847 2453 2904 excedere
2493 2845 2740 2919 profecto
2788 2845 3106 2917 nequitiam.
3159 2846 3267 2918 lpsi
3312 2848 3458 2904 enim
3507 2850 3646 2905 nihil
3676 2851 3784 2908 tale

2191 2955 2357 3013 agere
2383 2938 2602 3012 penitus
2643 2938 2946 3011 patiuntur,
2988 2936 3149 3009 quale
3188 2953 3288 2996 nos
3335 2947 3658 3012 perpetrare
3695 2955 3789 2997 co-

2192 3033 2492 3090 hortamini
2523 3046 2639 3088 vos.

2266 3148 2510 3220 Denique
2557 3162 2681 3204 cum
2723 3147 2944 3218 quidam
3003 3155 3413 3204 antecessorum
3467 3154 3783 3203 vestrorum

2196 3240 2483 3313 quemdam
2523 3239 2891 3296 venerabilem
2917 3239 3097 3294 virum
3125 3239 3193 3294 ab
3222 3238 3600 3310 Agareuorum
3635 3238 3790 3310 prin-

2196 3336 2335 3408 cipe,
2362 3334 2545 3390 multis
2563 3333 2761 3390 oblatis
2787 3332 3120 3399 muneribus,
3157 3333 3261 3390 sibi
3283 3334 3426 3390 mitti
3454 3334 3780 3408 poposcerit,

2131 3479 2140 3488 _
2195 3441 2304 3481 non
2341 3425 2515 3481 solum
2560 3425 2784 3480 minime
2840 3423 3196 3496 impetravit,
3252 3438 3448 3480 verum
3490 3424 3668 3491 etiam,
3715 3431 3781 3479 ut

2195 3514 2392 3582 fertur,
2421 3515 2490 3570 ab
2515 3529 2580 3570 eo
2603 3528 2763 3584 quem
2793 3515 3094 3584 quaerebat,
3138 3513 3401 3586 pudorem
3451 3512 3786 3571 conferentia

2195 3607 2397 3677 scripta
2453 3605 2679 3675 recepit.
2713 3604 2999 3674 Quamvis,
3047 3605 3160 3662 Deo
3189 3606 3410 3678 gratias,
3439 3614 3497 3661 et
3519 3621 3620 3677 per
3641 3607 3785 3678 prin-

2195 3697 2421 3769 cipalem
2465 3699 2753 3754 beatorum
2798 3695 3164 3767 apostolorum
3213 3697 3362 3753 Petri
3404 3711 3474 3753 ac
3511 3696 3687 3760 Pauli,
3719 3696 3784 3752 de

2195 3806 2302 3864 qua
2358 3806 2522 3864 supra
2566 3791 2767 3862 partim
2805 3790 3176 3864 exposuimus,
3223 3799 3556 3864 potestatem
3607 3799 3664 3846 et
3699 3789 3788 3859 jus

2195 3884 2516 3953 habeamus,
2539 3899 2649 3941 non
2675 3884 2849 3941 solum
2874 3883 3193 3952 monachos,
3224 3899 3413 3941 verum
3432 3885 3606 3941 etiam
3634 3898 3787 3954 quos-

2196 3979 2329 4036 libet
2365 3979 2594 4035 clericos
2635 3978 2704 4035 de
2732 3993 3058 4050 quacunque
3101 3979 3348 4047 dimcesi,
3401 3995 3527 4037 cum
3563 3993 3786 4035 necesse

2195 4071 2361 4128 fuerit
2385 4071 2453 4127 ad
2480 4085 2580 4126 nos
2607 4085 2931 4137 convocare,
2955 4078 3121 4142 atque
3145 4070 3531 4128 ecclesiasticis
3559 4071 3783 4140 exigen-

2197 4165 2343 4220 tibus
2393 4163 2892 4236 opportunitatibus
2931 4161 3184 4219 invitare.
3239 4162 3354 4218 Hoe
3401 4162 3627 4233 quidem
3691 4177 3786 4217 no-

2194 4262 2401 4322 strum;
2440 4263 2684 4311 vestrum
2705 4261 2892 4313 autem
2925 4263 2980 4311 et
3009 4256 3226 4327 piorum
3249 4255 3646 4326 imperatorum
3677 4270 3782 4311 non

2194 4353 2278 4401 est
2305 4345 2474 4401 ullum
2499 4345 2719 4416 penitus
2747 4346 3025 4418 quaerendi
3062 4346 3358 4403 monachos
3392 4345 3783 4411 ministerium,

2195 4437 2297 4494 nisi
2340 4439 2406 4494 ad
2430 4437 2821 4506 miserendum,
2849 4447 2907 4495 et
2951 4438 3230 4494 orationes
3275 4451 3465 4493 eorum
3520 4437 3789 4492 submisse

2116 4561 2172 4623 υ
2195 4529 2548 4602 poscendum.
2585 4529 2740 4599 Quod
2785 4531 2831 4587 si
2887 4528 3118 4587 forsitan
3161 4527 3462 4623 opinamini
3500 4527 3788 4623 Theogno-

2196 4633 2341 4681 stum
2369 4625 2513 4697 apud
2542 4639 2643 4682 nos
2667 4623 2862 4681 Photio
2889 4623 3199 4691 detrahere,
3246 4621 3628 4694 lgnatiumque
3647 4621 3790 4693 jugi—

2195 4727 2281 4789 ter
2315 4717 2720 4783 commendare,
2767 4718 2962 4774 scitote
3013 4716 3288 4773 veraciter
3337 4716 3464 4786 quia
3503 4715 3644 4770 nihil
3672 4717 3789 4786 ipse

2195 4807 2264 4864 de
2291 4815 2526 4878 utroque
2546 4807 2788 4878 loquitur
2813 4806 2919 4862 nisi
2949 4805 3094 4878 quod
3142 4806 3198 4861 in
3231 4804 3516 4877 propatulo
3539 4813 3628 4861 est
3648 4803 3790 4876 quod

2196 4900 2429 4956 mundus
2453 4898 2621 4965 dicit,
2676 4899 2821 4970 quod
2850 4898 3031 4955 omnis
3075 4897 3321 4955 Ecclesia
3368 4897 3595 4964 clamat,
3646 4895 3789 4968 quod

2197 4995 2299 5066 ipsi
2330 5009 2434 5066 per
2457 4995 2771 5050 innumeros
2794 4992 3044 5050 homines
3076 4990 3304 5048 Romam
3345 4990 3415 5046 ab
3435 4990 3785 5055 Alexandria,

2195 5087 2263 5144 ab
2298 5086 2705 5160 Hierosolymis,
2758 5084 2791 5143 a
2837 5085 3326 5156 Constantinopoli,
3383 5100 3416 5140 a
3474 5083 3786 5140 conﬁnibus

2196 5179 2335 5250 ejus,
2362 5179 2432 5237 ab
2458 5179 2687 5252 Olympo
2714 5186 2922 5246 monte,
2953 5187 3117 5250 atque
3143 5193 3176 5235 a
3203 5177 3418 5235 caeteris
3443 5178 3633 5233 mundi
3656 5192 3786 5248 par-

2198 5275 2341 5330 tibus
2363 5275 2718 5330 adventantes
2742 5273 3061 5345 agnovimus
3085 5286 3102 5326 :
3131 5271 3200 5328 ad
3224 5279 3532 5329 extremum
3567 5285 3786 5341 quoque

2196 5367 2339 5440 quod
2360 5381 2459 5423 nos
2480 5381 2578 5439 per
2622 5367 2821 5424 missos
2858 5375 3073 5423 vestros
3101 5373 3158 5421 et
3193 5365 3409 5422 diversa
3457 5364 3665 5436 scripta
3687 5379 3781 5436 pa-

2203 5469 2382 5518 tenter
2431 5459 2815 5517 intelleximus.
2861 5459 3002 5528 Quid
3049 5474 3182 5531 ergo
3209 5459 3334 5530 quis
3376 5466 3592 5530 peccat,
3632 5459 3679 5514 si
3724 5473 3788 5515 ea

2205 5554 2336 5610 dicit
2383 5569 2504 5625 quae
2543 5568 2641 5610 vos
2687 5552 2890 5610 dixisse
2935 5551 3190 5610 constat?
3222 5551 3364 5608 Ecce
3408 5551 3557 5607 enim
3584 5552 3787 5622 scripta

2203 5653 2388 5703 vestra
2423 5645 2590 5701 missa
2619 5645 2688 5701 ad
2726 5653 3123 5700 antecessorem
3169 5653 3441 5709 nosmtm,
3469 5658 3592 5714 quae
3621 5656 3788 5714 penes

2205 5756 2307 5798 nos
2360 5739 2638 5796 recondita
2686 5737 3295 5810 servantur,.quosdam
3338 5737 3511 5809 partis
3537 5735 3786 5808 Gregorii

2207 5832 2562 5912 Syracusani,
2617 5831 2957 5903 congregatis
3003 5829 3296 5902 episcopis,
3354 5828 3518 5886 etiam
3561 5827 3798 5902 absente!
