4050 6324
296 385 403 444 955

1475 372 1833 430 EPISTOLAS
1871 373 1961 431 ΕΤ
2003 326 2353 429 DECRETA:

3451 371 3557 430 954

296 506 465 559 fratre
487 505 674 555 nostro
711 495 918 569 lgnatio
940 535 956 562 ,
996 466 1613 551 vosanathematiiasse
1664 496 1870 545 testam
1898 492 1951 554 Α
1974 488 2374 558 spensationem
2416 487 2570 544 nobis
2588 488 2851 544 creditam
2885 486 3278 556 exercebimus,
3307 497 3560 545 anteces-

296 605 403 653 tur.
442 592 581 662 Quid
610 606 741 663 ergo
779 590 1045 663 quispiam
1078 585 1385 656 delinquit?
1412 585 1498 641 vel
1525 600 1626 643 nos
1661 584 1714 639 in
1738 599 1870 656 quo,

298 700 572 759 rogamus,
601 684 923 741 offendimus
945 681 1093 755 (licet
1117 696 1215 738 vos
1256 694 1412 735 versa
1434 678 1553 734 vice
1582 693 1721 749 quos
1744 685 1876 734 tunc

298 777 574 843 laudastis,
623 790 767 831 nunc
817 774 1157 847 vituperetis,
1210 780 1267 829 et
1322 784 1457 841 quos
1488 777 1616 826 tunc
1660 784 1782 826 reos
1819 777 1877 826 et

298 872 582 926 damnatos
622 866 1036 939 pronuntiastis,
1077 881 1222 922 nunc
1265 863 1420 920 miris
1447 863 1713 935 praeconis
1740 862 1873 919 effe-

300 959 454 1031 ratis)
486 959 532 1015 si
553 959 698 1030 quod
720 958 1014 1028 scripsistis
1034 957 1382 1023 credidimus,
1407 964 1463 1012 et
1482 956 1627 1027 quod
1660 954 1875 1012 dixistis

300 1069 398 1109 nos
420 1067 633 1123 quoque
681 1066 825 1107 nunc
856 1050 1123 1107 dicimus?
1156 1049 1458 1113 Postremo,
1484 1048 1586 1104 nisi
1616 1063 1871 1105 correxe-

299 1144 469 1200 rimus
519 1143 804 1200 consilium
847 1151 1114 1208 nostrum,
1139 1141 1391 1198 videlicet
1437 1147 1498 1195 ut
1541 1139 1669 1195 illud
1717 1138 1873 1211 juxta

297 1236 579 1293 consilium
608 1243 851 1291 vestrum
884 1235 1202 1305 dirigamus,
1229 1233 1315 1291 vel
1340 1233 1388 1289 si
1434 1248 1542 1289 non
1579 1230 1757 1289 eﬂ‘ecti
1794 1233 1872 1305 si:

298 1328 453 1383 miles
481 1327 657 1395 vobis,
711 1327 851 1383 sicut
894 1327 995 1399 ipsi
1027 1334 1209 1399 caput,
1234 1326 1309 1381 ita
1334 1341 1548 1397 quoque
1584 1340 1683 1381 nos
1705 1340 1874 1381 mem-

296 1420 390 1475 bra
430 1420 727 1487 tradamus,
772 1421 1305 1477 interminationibus
1342 1421 1549 1477 crebris
1600 1420 1876 1475 deterrere

296 1528 415 1579 nos,
446 1520 500 1568 et
546 1513 784 1568 minitari
834 1513 1117 1579 videmini,
1148 1522 1402 1584 tanquam
1450 1512 1569 1567 sitis
1604 1510 1793 1583 patriae
1818 1518 1877 1567 et

294 1604 413 1659 urbi
449 1612 649 1660 nostrze
673 1604 928 1659 ultimum
954 1604 1339 1661 exterminium
1369 1602 1591 1659 illaturi.
1620 1603 1874 1671 Quarnos

294 1694 513 1750 Christo
536 1684 773 1764 propitio
795 1703 957 1766 atque
979 1695 1205 1752 custode
1229 1694 1317 1768 (de
1336 1708 1444 1765 quo
1467 1692 1729 1765 scriptum
1757 1701 1871 1750 est:

1975 596 2161 638 serum
2190 582 2413 653 vestigia
2457 589 2766 637 nostrorum
2810 581 3155 649 sectabimur,
3207 582 3560 641 ecclesiarum
3592 584 3629 597 “’

1974 683 2295 731 cunctarum
2328 675 2745 733 sollicitudinem
2769 674 3129 745 bajulabimus
3155 676 3210 733 in
3232 692 3318 744 eo,
3342 678 3435 748 qui
3462 693 3561 735 nos

1975 764 2302 825 confortabit
2338 756 2566 825 Domino
2609 778 2796 825 nostro
2824 766 2955 824 Jesu
2982 768 3217 824 Christo.
3278 769 3419 837 Quid
3455 786 3558 826 sa:-

1972 861 2126 917 viunt
2147 861 2427 917 homines?
2453 862 2583 932 quid
2613 861 2742 917 mali
2769 862 3000 918 fecimus
3048 862 3194 918 nos?
3244 862 3404 921 Certe
3450 879 3557 919 non

1973 951 2191 1009 Cretam
2234 952 2550 1018 invasimus,
2610 969 2718 1009 non
2779 951 3019 1009 Siciliam
3058 954 3557 1023 exterminavimus,

1974 1045 2411 1100 noninnumeras
2444 1043 2648 1100 Graecis
2670 1046 2941 1118 subjectas
2964 1046 3273 1118 provincias
3322 1048 3559 1103 obtinui-

1972 1152 2130 1193 mus:
2156 1145 2426 1209 postremo
2446 1150 2551 1192 non
2581 1138 2840 1196 ecclesias
2866 1148 3197 1207 sanctorum,
3254 1140 3561 1197 interfectis

1973 1230 2275 1286 numerosis
2305 1228 2633 1295 hominibus,
2658 1245 2721 1286 ac
2750 1232 3060 1288 suburbana
3109 1232 3564 1304 Constantinopo-

1973 1322 2110 1390 leos,
2133 1338 2253 1394 quae
2279 1332 2335 1379 et
2351 1326 2522 1381 muris
2550 1325 2667 1397 ejus
2702 1328 2851 1397 ‘pene
2906 1326 3160 1397 contigua
3186 1337 3331 1394 sunt,
3377 1329 3563 1383 inccn~

1973 1416 2172 1473 dimus.
2194 1417 2261 1473 Et
2289 1434 2418 1476 vere
2442 1419 2510 1476 de
2534 1420 2653 1476 istis
2675 1419 2820 1475 nulla
2846 1420 2905 1475 ﬁt
2927 1420 3061 1476 ultio
3083 1422 3175 1492 qui
3201 1424 3393 1495 pagani
3414 1435 3560 1491 sunt,

1973 1507 2066 1578 qui
2096 1508 2319 1565 alterius
2343 1508 2466 1565 fidei
2502 1518 2647 1577 sunt,
2671 1510 2764 1582 qui
2790 1510 2997 1566 inimici
3025 1509 3228 1567 Christi
3274 1524 3421 1580 sunt,
3470 1515 3562 1585 qui

1971 1601 2218 1657 veritatis
2240 1602 2505 1659 ministris
2525 1602 2729 1675 jugiter
2764 1605 3153 1672 adversantur;
3186 1614 3241 1663 et
3260 1607 3434 1673 nobis,
3470 1610 3562 1678 qui

1973 1692 2145 1764 gratia
2168 1692 2265 1749 Dei
2299 1692 2594 1756 Christiani
2624 1710 2831 1763 sumus,
2854 1696 2947 1767 qui
2973 1711 3044 1752 ex
3074 1698 3391 1767 parentibus
3412 1698 3564 1755 Chri-

295 1782 695 1840 Nisi-Dominus
716 1785 1021 1841 custodierit
1047 1786 1328 1851 civitatem,
1364 1784 1421 1840 in
1440 1800 1631 1840 vanum
1657 1783 1873 1855 vigilant
1974 1785 2165 1841 stianis
2196 1786 2500 1853 existimus,
2531 1794 2693 1858 atque
2716 1787 3021 1855 catholicis,
3068 1789 3159 1858 qui
3212 1790 3370 1845 unius
3417 1789 3561 1859 ejus-

291 1879 382 1948 qui
412 1878 711 1933 custodiunt
758 1894 874 1934 eam
926 1876 1098 1951 [PsaL
1128 1875 1313 1950 cxxvt]
1337 1876 1379 1949 ),
1422 1876 1563 1933 sicut
1605 1876 1869 1933 hactenus
1896 1864 1945 1925 Β
1970 1860 2201 1949 demque
2231 1877 2356 1934 fidei
2392 1879 2646 1950 dogmata
2698 1880 2992 1947 credimus,
3040 1880 3133 1950 qui
3175 1882 3318 1936 servi
3364 1881 3564 1937 Christi

293 1983 413 2024 non
428 1970 727 2038 timuimus,
770 1987 873 2028 nec
900 1971 1061 2028 modo
1084 1970 1358 2039 timemus,
1387 1970 1670 2027 credentes
1707 1984 1872 2042 super
1969 1985 2245 2037 vocamur,
2276 1971 2369 2043 qui
2398 1971 2644 2028 veritatis
2672 1971 2932 2038 cultores,
2964 1981 3228 2043 quantum
3277 1987 3565 2042 possumus

292 2077 477 2117 muros
497 2063 615 2133 ejus
643 2062 953 2135 angelorum
975 2064 1316 2130 custodiam;
1346 2063 1455 2119 imo
1476 2078 1605 2119 vero
1635 2064 1871 2121 scientes

289 2152 433 2222 quod
478 2152 727 2210 Salvator
769 2155 981 2225 positus
1013 2156 1085 2212 sit
1131 2156 1186 2212 in
1215 2169 1279 2211 ea
1316 2170 1504 2210 murus
1529 2162 1584 2211 et
1622 2164 1869 2212 antemu-

290 2242 400 2298 rale
450 2242 585 2315 (Isa.
637 2244 810 2313 xxvr),
844 2244 896 2299 id
940 2255 1027 2301 est
1069 2243 1433 2316 apostolontm
1476 2244 1869 2301 munimentum

288 2334 757 2391 intercessionum.
782 2335 968 2407 Neque
993 2336 1139 2392 enim
1170 2352 1277 2392 non
1302 2335 1554 2407 legimus,
1586 2344 1683 2391 aut
1711 2335 1869 2392 obliti

289 2443 478 2484 sumus
525 2428 795 2483 minarum
827 2427 1199 2484 Sennacherib
1234 2427 1378 2498 regis
1424 2426 1789 2501 Assyriorum,
1812 2434 1869 2484 et

287 2534 568 2576 servorum
593 2521 711 2592 ejus
751 2528 937 2576 contra
966 2520 1156 2576 urbem
1196 2520 1499 2576 Jerusalem
1526 2527 1583 2576 et
1610 2519 1866 2591 populum

286 2610 423 2681 ejus,
446 2627 567 2683 quae
610 2627 717 2667 non
770 2612 1007 2669 minores
1045 2626 1145 2669 nec
1172 2612 1456 2684 pauciores
1481 2611 1643 2666 minis
1669 2610 1869 2668 vestris

284 2702 524 2761 fuerunt.
577 2704 647 2760 Et
688 2688 881 2761 rursus
918 2704 1327 2760 miserationum
1370 2703 1584 2759 Domini
1615 2703 1868 2759 recorda-

285 2813 427 2865 mur,
478 2804 535 2853 et
577 2796 814 2868 qualiter
843 2805 1060 2853 centum
1095 2796 1373 2869 octoginta
1414 2795 1655 2866 quinque
1698 2795 1867 2851 millia

284 2890 562 2950 hominum
577 2889 646 2945 de
672 2889 865 2945 castris
890 2889 1240 2961 Assyriorum
1264 2887 1571 2945 interierint
1592 2884 1703 2957 (IV
1730 2885 1859 2959 Reg.

284 2981 421 3054 xix),
476 2990 531 3038 et
578 2982 709 3037 urbs
743 2996 866 3037 cum
909 2980 1306 3037 habitatoribus
1356 2979 1471 3037 suis
1498 2978 1753 3047 evaserit,
1808 2979 1865 3035 in

285 3083 467 3132 mente
499 3072 813 3141 recolimus,
839 3082 893 3130 et
923 3073 1126 3145 gratias
1152 3073 1384 3143 agimus,
1416 3079 1471 3127 et
1500 3085 1652 3142 spem
1697 3068 1867 3126 sumi-

283 3185 426 3237 mus,
450 3183 514 3225 ac
540 3167 865 3224 ﬁducialiter
910 3168 977 3224 de
1015 3167 1176 3223 domo
1224 3165 1461 3231 Domini,
1514 3164 1561 3219 si
1603 3163 1862 3219 virtutem

1969 2076 2091 2119 esse
2112 2062 2515 2130 desideramus;
2543 2064 2704 2120 minae
2725 2062 3154 2134 praetenduntur,
3179 2071 3415 2119 terrores
3437 2079 3564 2134 pro.

1970 2155 2282 2220 mittuntur,
2306 2155 2471 2211 etiam
2497 2154 2769 2211 nonnullae
2797 2154 3060 2211 molestiae
3081 2154 3412 2225 irrogantur.
3443 2155 3562 2212 Non

1967 2256 2052 2303 εει
2089 2246 2195 2303 iste
2236 2245 2371 2303 ordo
2426 2246 2732 2315 laudabilis,
2766 2262 2875 2303 non
2927 2256 3012 2304 est
3059 2248 3164 2304 ista
3211 2250 3564 2305 commutatio

1968 2336 2267 2405 imitabilis,
2294 2346 2354 2395 ut
2380 2340 2472 2410 qui
2504 2339 2791 2394 innumera
2820 2338 2962 2394 mala
2991 2339 3263 2411 ingerunt,
3309 2341 3560 2413 impuniti

1968 2427 2233 2493 evadant;
2264 2436 2321 2483 et
2349 2428 2443 2498 qui
2472 2428 2610 2484 nihil
2654 2428 2780 2483 mali
2811 2438 3115 2500 gesserunt,
3161 2444 3262 2500 pro
3312 2430 3397 2485 his
3436 2430 3563 2485 talia

1968 2516 2267 2589 recipiant;
2294 2526 2348 2573 et
2376 2517 2469 2588 qui
2493 2516 2771 2575 Christum
2824 2517 3218 2589 blasphemant,
3281 2518 3562 2574 dimittan-

1969 2617 2084 2675 tur;
2122 2617 2177 2664 et
2200 2609 2293 2680 qui
2341 2608 2620 2665 Christum
2685 2608 2984 2675 celebrant,
3044 2610 3351 2682 hujusmodi
3399 2611 3562 2667 minis

1967 2700 2344 2771 subjiciantur.
2377 2698 2485 2757 Sed
2506 2701 2768 2757 habemus
2790 2702 2859 2757 ad
2877 2716 3039 2772 quem
3060 2701 3415 2771 respiciamus
3438 2717 3559 2767 nos,

1967 2792 2233 2849 habemus
2262 2793 2318 2848 in
2348 2808 2457 2865 quo
2482 2792 2841 2850 consolemur.
2875 2792 3149 2849 Fecerunt
3195 2793 3341 2849 enim
3370 2793 3472 2848 hoc
3506 2802 3561 2849 et

1964 2885 2154 2953 Judaei,
2179 2886 2446 2944 latronem
2476 2887 2831 2953 dimittentes,
2887 2896 2943 2942 et
2972 2885 3309 2943 Salvaterem
3364 2896 3555 2943 tenen—

1967 2988 2080 3047 tes;
2110 2979 2414 3036 occisorem
2442 2977 2829 3049 justiﬁcantes,
2887 2988 2942 3034 et
2980 2977 3372 3035 viviﬁcatorem
3425 2994 3556 3035 con-

1966 3073 2312 3140 demnantes;
2334 3072 2638 3129 Barahbam
2660 3072 2975 3138 liberantes,
3001 3080 3056 3127 et
3083 3070 3360 3129 Christum
3382 3074 3545 3129 morti

1966 3165 2261 3222 subdentes
2290 3164 2508 3239 (Matth.
2540 3164 2699 3236 xvu).

282 3264 399 3335 ipse
446 3262 747 3327 donaverit,
778 3260 983 3317 cultum
1029 3258 1157 3315 Baal
1204 3271 1458 3314 amovere
1506 3255 1818 3312 curavimus
1847 3272 1861 3309 :
1892 3240 1941 3309 Ο
2042 3257 2149 3316 Sed
2178 3258 2264 3314 his
2288 3259 2505 3314 tandem
2528 3257 2750 3315 omissis
2777 3258 2847 3313 ad
2875 3273 2959 3325 ea,
2993 3272 3114 3329 quae
3140 3272 3263 3313 cum
3291 3258 3546 3315 universa

281 3353 542 3425 quoniam
584 3353 700 3425 ipse
726 3360 811 3410 est
836 3367 983 3409 nunc
1005 3351 1100 3424 qui
1135 3359 1263 3407 tunc
1303 3351 1419 3421 ipse
1449 3356 1505 3405 et
1539 3348 1595 3404 in
1630 3347 1861 3415 saecula;

280 3460 383 3501 nec
426 3444 605 3501 minor
646 3443 1020 3500 misericordia
1045 3483 1061 3509 ,
1091 3456 1194 3498 nec
1223 3440 1492 3496 infirmior
1522 3439 1867 3511 omnipoten-

284 3538 379 3593 tia.
399 3536 562 3608 Ergo,
593 3550 662 3591 ne
679 3534 812 3591 velit
841 3533 1036 3590 minari
1077 3532 1254 3604 pulvis
1275 3540 1333 3587 et
1354 3532 1559 3587 vermis
1596 3532 1866 3601 scriptum

281 3637 366 3686 est
395 3644 411 3683 :
446 3628 586 3696 Quid
610 3627 841 3698 superbit
866 3637 1008 3682 terra
1026 3633 1075 3680 et
1105 3626 1236 3680 ciuis
1259 3625 1285 3679 ?
1328 3622 1520 3695 (Eccli.
1555 3622 1637 3695 x.)
1665 3620 1743 3678 Ne
1770 3636 1867 3678 ve—

283 3722 347 3777 lit
371 3721 603 3793 ampulla
632 3720 688 3776 in
715 3719 873 3791 aquis
898 3716 1096 3785 inflari,
1150 3717 1278 3789 quia
1323 3724 1447 3787 post
1473 3714 1773 3786 pauxillum
1801 3721 1861 3771 et

282 3826 411 3870 ecce
455 3827 565 3867 non
605 3820 708 3867 est.
755 3809 896 3877 Quid
938 3808 1198 3881 gloriatur
1232 3809 1289 3863 in
1321 3806 1548 3874 malitia,
1572 3806 1663 3878 qui
1688 3817 1869 3877 potens

282 3912 360 3959 est
379 3904 435 3959 in
458 3902 775 3975 iniquitate?
796 3899 971 3975 (Psal.
1002 3900 1147 3973 XXI.)
1182 3898 1325 3968 Quid
1351 3897 1600 3954 facturus
1626 3906 1749 3954 est:
1776 3912 1870 3953 oc-

283 3995 497 4052 cisurus
542 4001 627 4050 est
678 3992 762 4066 (ut
802 3992 957 4050 verbi
1003 3990 1179 4063 gratia
1228 3990 1499 4063 dicamus)
1552 3989 1870 4047 hominem?

284 4087 534 4160 quoniam
575 4085 803 4157 amplius
848 4102 953 4140 non
995 4086 1148 4140 habet
1182 4085 1307 4157 quid
1335 4084 1496 4154 faciat
1526 4083 1677 4157 (Luc.
1717 4084 1818 4155 xu)
1848 4100 1865 4138 :

286 4182 388 4236 hoc
420 4188 476 4235 et
503 4194 641 4235 unus
669 4178 866 4251 fungus
887 4178 1017 4234 facit
1048 4178 1240 4235 malus.
1270 4178 1317 4237 Ο
1342 4179 1639 4249 imperator
1662 4179 1717 4234 in
1739 4179 1869 4235 hoc-

284 4275 405 4330 cine
428 4272 645 4328 redacta
678 4282 761 4329 est
793 4272 999 4329 malitia
1038 4273 1273 4331 hominis
1316 4274 1373 4331 in
1420 4274 1732 4344 iniquitate
1769 4288 1867 4346 po-

287 4364 468 4431 tentis,
496 4372 555 4420 ut
576 4362 743 4434 fungo
777 4365 920 4423 malo
944 4366 1334 4436 comparetur?
1360 4363 1668 4438 Heu-quam
1699 4366 1868 4423 inuti-

284 4458 389 4514 lem
420 4464 721 4529 potentem,
745 4459 850 4514 heu
881 4472 1216 4530 supervacue
1250 4457 1610 4531 gloriantem!

352 4547 524 4603 Porro
550 4554 731 4603 vestra
755 4555 947 4618 potens
983 4548 1160 4604 virtus
1180 4548 1237 4603 in
1262 4548 1494 4606 Domino
1528 4549 1707 4621 potius
1754 4549 1869 4623 glo-

1969 3364 2157 3412 sancta
2196 3352 2463 3420 Ecclesia,
2511 3367 2632 3422 quae
2678 3352 2820 3424 apud
2863 3366 2964 3407 nos
3010 3360 3114 3419 est,
3169 3352 3563 3424 dispensatorie

1968 3444 2457 3513 consideravimus,
2486 3442 2684 3515 stylum
2706 3440 2821 3511 jam
2843 3442 3158 3514 dirigemus,
3183 3450 3381 3499 etcum
3404 3442 3567 3499 beato

1969 3537 2186 3595 Gelasio
2215 3545 2418 3592 nostra:
2475 3534 2619 3593 sedis
2677 3533 2922 3589 antistite
2980 3533 3225 3589 consulte
3275 3533 3563 3591 dicemus:

1969 3627 2289 3685 Necessaria
2342 3641 2526 3681 rerum
2578 3624 2930 3694 dispositione
2977 3623 3403 3695 constringimur
3430 3664 3446 3690 ,
3511 3633 3568 3679 et

1970 3719 2279 3792 apostolicae
2308 3718 2453 3773 sedis
2476 3717 2845 3773 moderamine
2876 3717 3232 3773 convenimur
3270 3717 3349 3772 sic
3397 3731 3563 3772 cano.

1968 3833 2098 3873 num
2120 3823 2474 3887 paternorum
2502 3815 2719 3870 decreta
2748 3813 2969 3879 librare,
2993 3820 3051 3869 et
3080 3821 3230 3869 retro
3256 3814 3565 3885 praesulum,

1970 3910 2428 3979 decessorumque
2459 3915 2773 3963 nostrorum
2800 3914 3071 3979 praecepta
3094 3906 3299 3975 metiri,
3340 3916 3400 3962 ut
3445 3923 3568 3978 quae

1970 4000 2321 4073 praesentium
2353 3999 2653 4055 necessitas
2680 4006 2985 4070 temporum
3003 3998 3374 4054 restauraudis
3394 3998 3567 4055 eccle-

1971 4094 2066 4150 siis
2092 4093 2386 4149 relaxanda
2414 4092 2679 4164 deposcit,
2708 4092 2949 4148 adhibita
2972 4092 3409 4149 consideratione
3442 4092 3568 4149 dili-

1971 4186 2143 4259 genti,
2173 4193 2435 4256 quantum
2464 4192 2642 4256 potest
2674 4183 2813 4251 fieri,
2857 4191 3219 4255 temperemus
3272 4184 3441 4257 (epist.
3494 4185 3528 4241 6
3551 4227 3567 4252 ,

1972 4279 2042 4335 ad
2070 4279 2230 4350 episc.
2260 4294 2353 4350 per
2377 4276 2671 4333 Lucaniam
2713 4286 2762 4331 et
2801 4274 3060 4346 Brutios).
3127 4276 3194 4331 Et
3216 4278 3471 4349 quoniam
3503 4278 3571 4335 de

1974 4382 2210 4441 persona
2232 4366 2447 4441 lgnatii,
2472 4375 2635 4438 atque
2654 4365 2832 4422 Photii
2867 4365 3002 4422 nihil
3040 4366 3351 4434 discretius,
3408 4376 3569 4439 atque

1971 4461 2177 4529 mitius,
2213 4474 2423 4517 necnon
2479 4468 2535 4515 et
2580 4457 2850 4515 salubrius
2898 4457 3250 4526 arbitramur,
3296 4474 3464 4529 quam
3503 4466 3565 4515 ut

1971 4564 2202 4627 uterque
2245 4552 2474 4609 Romam
2516 4552 2587 4608 ad
2635 4550 3005 4608 renovandum
3062 4565 3289 4608 examen
3343 4550 3567 4620 veniat,

285 4644 473 4706 rietur,
503 4643 556 4696 in
588 4609 830 4699 bonitate
880 4642 1148 4710 laudetur,
1200 4644 1256 4700 in
1295 4645 1507 4717 justitia
1528 4609 1861 4703 .exaltet‘ur:
1893 4609 1947 4671 Β
1971 4649 2077 4705 hoc
2102 4609 2430 4719 magnopere
2452 4643 2721 4711 volumus,
2754 4650 2810 4699 et
2832 4649 2896 4697 ut
2920 4655 3018 4697 vos
3040 4641 3295 4696 annuatis
3335 4609 3568 4697 salubri;

284 4749 393 4789 non
431 4732 606 4787 minas
624 4731 798 4797 nobis,
827 4748 937 4789 non
962 4742 1198 4791 terrores
1216 4735 1347 4792 velit
1374 4737 1639 4794 incutere.
1681 4737 1867 4795 Nesci-

284 4826 353 4881 tis
388 4825 533 4881 enim
581 4824 873 4881 secundum
921 4825 1265 4884 Salomonem
1320 4829 1451 4899 quid
1477 4840 1868 4901 superventura

283 4917 460 4989 pariat
486 4917 600 4972 dies
624 4914 806 4987 (Prov.
831 4917 1003 4990 xxvn)
1028 4935 1042 4973 :
1067 4927 1124 4974 et
1146 4916 1304 4988 juxta
1352 4921 1865 4994 psalmographum:

283 5008 538 5063 Dominus
585 5008 807 5079 dissipat
848 5009 1068 5067 consilia
1110 5013 1358 5082 gentium,
1409 5015 1650 5085 reprobat
1694 5024 1869 5072 autem

284 5102 616 5174 cogitationes
644 5100 977 5173 papulorum,
1008 5112 1057 5158 et
1084 5103 1327 5175 reprobat
1352 5104 1571 5161 consilia
1580 5106 1877 5178 principum

287 5195 458 5269 (Psal.
490 5194 699 5268 xxxii);
731 5196 1036 5267 praesertim
1061 5212 1185 5253 cum
1215 5198 1357 5254 inter
1376 5213 1476 5256 nos
1523 5207 1579 5256 et
1630 5215 1726 5257 vos
1764 5217 1874 5259 non

286 5289 495 5345 modica
526 5289 598 5345 sit
645 5289 1019 5362 intercapedo,
1049 5304 1172 5361 quas
1212 5289 1453 5361 quotidie
1491 5292 1719 5363 populos
1763 5309 1874 5351 non

284 5382 551 5454 pauxillas
576 5382 730 5440 vobis
750 5380 999 5453 injurias,
1045 5382 1157 5439 imo
1204 5382 1522 5439 discrimina
1576 5383 1872 5441 inferentes

286 5478 552 5548 producit,
577 5477 724 5533 etde
751 5476 837 5533 his
879 5491 975 5533 vos
1027 5477 1315 5535 conveniat
1369 5477 1547 5548 potius
1593 5492 1758 5548 quam
1799 5477 1869 5534 de

287 5569 442 5624 nobis
494 5568 703 5626 ulcisci.
734 5568 847 5626 Nos
900 5569 1044 5626 enim
1100 5569 1241 5641 apici
1282 5569 1467 5641 gloriae
1514 5578 1712 5627 vestrae
1758 5586 1869 5627 non

288 5660 514 5727 damna,
543 5675 652 5717 non
680 5661 956 5731 convicia,
984 5677 1093 5720 non
1113 5677 1339 5734 prorsus
1358 5661 1517 5731 ullas,
1538 5663 1682 5735 quod
1705 5664 1867 5731 absit,

290 5748 517 5828 injurias
545 5757 922 5828 irrogavimus.
964 5758 1351 5817 Verumtamen
1402 5761 1641 5838 quandiu
1686 5760 1868 5818 subsi-

290 5862 511 5918 stcmus,
539 5851 900 5909 ministerium
947 5861 1191 5911 nostrum
1246 5854 1742 5922 honoriﬁcabimus,
1785 5855 1869 5911 di-

1975 4748 2058 4795 ter
2077 4738 2448 4795 admonemus.
2505 4734 2615 4792 Sed
2654 4734 2760 4789 hoc
2816 4729 3111 4787 secundum
3176 4729 3569 4801 indulgentiam

1974 4831 2346 4897 concedimus,
2371 4845 2481 4886 non
2520 4826 2797 4884 licentiam
2840 4824 2896 4881 id
2946 4821 3215 4881 alliciendi
3264 4838 3366 4896 pro
3416 4824 3571 4881 libito

1974 4925 2265 4997 cujuslibet
2288 4924 2597 4981 tribuimus.

2053 5020 2319 5090 Quoniam
2355 5034 2477 5075 cum
2505 5016 2803 5075 secundum
2824 5029 3083 5084 canones,
3139 5014 3232 5072 ubi
3271 5023 3358 5071 est
3396 5013 3572 5085 major

1980 5110 2301 5176 auctoritas,
2324 5108 2588 5179 judicium
2616 5107 2936 5164 inferiorum
2976 5107 3048 5163 sit
3072 5106 3443 5175 deferendum,
3501 5106 3571 5163 ad

1976 5203 2383 5261 dissolvendum
2431 5200 2657 5267 scilicet,
2706 5199 2789 5256 vel
2841 5200 2910 5255 ad
2962 5199 3374 5257 roborandum:
3419 5208 3571 5271 patet

1974 5295 2220 5368 profecto
2247 5296 2393 5353 sedis
2423 5293 2754 5366 apostolicae,
2812 5291 2967 5363 cujus
3019 5294 3349 5350 auctoritate
3394 5293 3570 5365 major

1974 5404 2084 5445 non
2106 5397 2210 5456 est,
2232 5387 2497 5459 judicium
2526 5400 2558 5441 a
2580 5385 2797 5442 nemine
2820 5384 2937 5442 fore
2980 5386 3419 5452 retractandum,
3473 5400 3571 5441 ne-

1973 5496 2082 5552 que
2103 5481 2357 5551 cuiquam
2392 5480 2459 5536 de
2486 5478 2607 5549 ejus
2631 5478 2793 5535 liceat
2813 5477 3063 5549 judicare
3108 5478 3334 5551 judicio.
3385 5477 3570 5549 Siqui-

1973 5578 2097 5633 dem
2128 5576 2197 5632 ad
2224 5574 2373 5631 illam
2397 5574 2466 5632 de
2492 5574 2731 5646 qualibet
2752 5573 2940 5630 mundi
2982 5582 3141 5646 parte
3185 5588 3423 5630 canones
3476 5587 3569 5644 ap—

1971 5668 2159 5741 pellari
2188 5667 2495 5733 voluerunt,
2527 5668 2595 5724 ab
2616 5667 2705 5724 illa
2757 5675 2936 5724 autem
2989 5681 3153 5723 nemo
3196 5666 3268 5721 sit
3296 5663 3571 5735 appellare

1974 5760 2294 5833 permissus.
2317 5758 2478 5815 Juxta
2504 5759 2650 5830 quod
2679 5767 2734 5816 et
2753 5756 3085 5826 Bonifacius,
3129 5766 3291 5828 atque
3317 5755 3566 5813 Gelasius

1974 5853 2301 5911 sanctissimi
2325 5854 2600 5925 praesules,
2634 5869 2744 5911 non
2774 5853 2887 5911 suis
2929 5850 3421 5919 adinventionibus,
3467 5850 3562 5908 sed
