4050 6324
1694 168 1721 221 it

501 284 604 341 955
1666 248 1691 269 ’

1849 270 2120 333 NICOLM
2158 270 2362 328 PAPE
2401 271 2424 327 Ι

3692 271 3827 327 955

501 399 757 459 Ecclesiae
801 398 1060 456 Romanis
1115 394 1561 454 consuetudinem
1612 408 1719 450 non
1777 391 2168 469 ignorantesA
2188 391 2333 448 sicut
2358 390 2432 447 ibi
2457 390 2681 462 legitur,
2708 389 2866 449 facile
2894 405 3051 446 suum
3079 403 3237 460 posse
3262 391 3382 463 capi
3408 393 3825 448 mendacium.

402 536 415 541 -
503 493 692 552 dicunt
724 512 737 549 :
768 492 1081 551 Bonifacius
1102 492 1322 564 quidem
1352 488 1515 558 Rufo,
1540 497 1596 545 et
1617 489 1829 547 caeteris
1850 488 2086 559 (piscopi

502 601 602 659 per
626 587 987 657 Thessaliam,
1013 593 1070 645 et
1095 585 1233 643 alias
1257 584 1570 657 provincias
1594 582 1910 641 constitutis
1946 582 2086 641 scri-

503 677 641 735 bens
667 694 681 732 :
712 675 900 742 Nemo,
945 676 1043 743 ait,
1104 690 1344 746 unquam
1401 674 1698 746 apostolico
1740 673 1987 742 culmini,
2020 674 2090 730 de

505 765 662 838 cujus
685 767 893 839 judicio
918 783 1025 826 non
1054 766 1183 826 licet
1203 777 1521 836 retractare,
1549 783 1744 826 manus
1761 768 1953 829 obvias
1992 782 2091 827 au-

506 860 697 917 dacter
717 858 919 927 intulit.
949 858 1123 919 Nemo
1176 862 1232 918 in
1286 863 1392 920 hoc
1443 862 1661 929 rebellis
1712 862 1944 930 exstitit,
1987 861 2092 919 nisi

504 952 597 1020 qui
616 952 683 1008 de
717 967 777 1009 se
805 951 1241 1025 voluitjudicari.
1270 952 1520 1013 Gelasius
1545 962 1728 1012 autem
1767 954 1824 1012 in
1852 969 2094 1012 comma-

467 1084 474 1093 .
505 1043 705 1100 nitorio
726 1042 930 1104 Fausto
952 1047 1221 1121 magistro
1246 1046 1495 1120 fungenti
1523 1049 1797 1122 legatione
1830 1048 2093 1108 Constan-

505 1136 788 1209 tinopolim
836 1141 965 1200 dato
1009 1160 1024 1201 :
1067 1140 1256 1213 Nobis,
1306 1145 1501 1216 inquit,
1537 1153 1816 1216 opponunt
1857 1159 2094 1202 cenares

506 1226 633 1284 dum
659 1232 907 1291 nesciunt
934 1234 1064 1307 quid
1088 1234 1410 1307 loquantur;
1433 1244 1624 1294 contra
1643 1251 1780 1308 quos
1829 1237 1934 1295 hoc
1976 1237 2095 1307 ipso

505 1321 693 1378 venire
716 1338 776 1380 se
799 1327 1052 1397 produnt,
1077 1327 1223 1401 quod
1249 1328 1440 1399 primae
1464 1328 1581 1386 sedi
1625 1344 1780 1400 sana,
1836 1336 2095 1399 rectaque

507 1414 752 1470 suadenti
782 1432 977 1488 parere
1004 1419 1237 1494 fugiunt.
1286 1421 1393 1492 Ipsi
1426 1429 1555 1480 sunt
1576 1434 1837 1489 canones,
1880 1423 1975 1494 qui
2000 1437 2096 1496 ap-

505 1504 826 1574 pellationes
856 1502 1022 1568 totius
1043 1511 1304 1570 Ecclesiae
1328 1513 1401 1569 ad
1454 1512 1617 1583 hujus
1670 1514 1817 1572 sedis
1860 1529 2095 1573 examen

507 1595 726 1656 voluere
752 1597 972 1657 deferri.
1005 1601 1088 1659 Ab
1110 1604 1225 1674 ipsa
1246 1619 1378 1661 vero
1427 1618 1696 1682 nusquam
1726 1616 1951 1676 prorsus
1996 1621 2096 1678 sp-

509 1687 696 1757 pellari
724 1690 922 1750 debere
947 1704 1266 1763 sanxerunt,
1290 1712 1357 1753 ac
1385 1713 1483 1769 per
1523 1698 1624 1755 hoc
1670 1696 1822 1757 illam
1871 1698 1938 1757 de
1984 1708 2095 1756 tota

508 1778 749 1836 Ecclesia
767 1782 1036 1855 judicare,
1067 1786 1239 1858 ipsam
1262 1788 1330 1843 ad
1361 1787 1558 1847 nullius
1595 1777 2094 1863 commeare'fjudi-

507 1870 673 1939 cium.
704 1864 813 1930 Nec
843 1874 910 1932 de
938 1873 1054 1947 ejus
1074 1893 1311 1949 unquam
1338 1889 1709 1952 praeceperunt
1727 1880 1935 1953 judicio
1948 1881 2097 1957 judi-

509 1974 654 2030 care,
688 1966 1118 2039 sententiamque
1144 1969 1288 2027 illius
1329 1972 1728 2030 constituerunt
1774 1988 1883 2032 non
1935 1989 2097 2045 opor-

510 2059 626 2111 tere
656 2054 877 2115 dissolvi
900 2060 1054 2132 cujus
1081 2063 1260 2134 potius
1281 2065 1556 2136 sequenda
1603 2067 1823 2129 decreta
1868 2068 2095 2126 manda-

510 2154 657 2202 runt.
688 2147 834 2222 Ergo
866 2151 935 2209 de
954 2149 1163 2223 judicio
1186 2153 1419 2212 Romani
1460 2157 1709 2229 pmsulis
1758 2173 1868 2216 non
1918 2166 2096 2216 reua-

510 2238 728 2329 ctando,
767 2241 891 2329 quia
920 2258 1022 2301 nec
1048 2260 1167 2305 mos
1196 2247 1385 2317 exigit,
1408 2249 1555 2319 quod
1578 2249 1816 2312 diximus
1842 2262 2097 2323 compro-

428 2386 444 2403 ,
506 2327 638 2387 hato
658 2349 676 2386 ι
704 2347 812 2390 non
834 2349 1096 2406 negamus
1126 2337 1370 2410 ejusdem
1394 2341 1540 2398 sedis
1559 2341 1888 2401 sententiam
1931 2354 2098 2413 posse

511 2418 567 2477 in
597 2423 790 2481 melius
820 2429 1172 2499 commutari;
1199 2445 1323 2491 cum
1347 2438 1447 2489 aut
1475 2433 1580 2490 sibi
1627 2432 1944 2505 subreptum
1996 2433 2098 2491 ali-

510 2513 640 2586 quid
677 2513 862 2585 fuer‘it,
888 2526 984 2575 aut
1010 2519 1127 2597 ipsa
1154 2536 1255 2595 pro
1280 2523 1717 2582 consideratione
1743 2533 1965 2582 aetatum
2011 2524 2099 2583 vel

510 2611 813 2676 temporum
842 2622 937 2667 seu
980 2610 1228 2680 gravium
1272 2614 1660 2675 necessitatum
1704 2614 2100 2686 dispensatorie

510 2697 767 2768 quiddam
796 2700 1053 2760 ordinare
1074 2703 1396 2779 decreverit.
1437 2705 1705 2775 Quoniam
1725 2715 1782 2765 et
1821 2708 2098 2780 egregium

510 2789 809 2858 apostolum
831 2792 1059 2851 Paulum
1087 2797 1333 2867 quaedam
1367 2797 1565 2857 fecisse
1602 2800 1991 2872 dispensatoris
2022 2801 2100 2858 le-

511 2880 706 2952 gimus,
735 2898 857 2954 quae
882 2896 1072 2959 postea
1098 2890 1421 2962 reprobasse
1467 2892 1822 2964 dignoscitur.
1871 2883 2109 2961 Quando.

512 2976 690 3026 tamen
713 2971 806 3028 illa
833 2974 1077 3034 Romana
1120 2978 1372 3038 videlicet
1418 2980 1661 3039 Ecclesia
1705 2984 2098 3045 discretissima

510 3062 945 3124 consideratione
975 3071 1091 3127 fieri
1113 3072 1392 3144 delegerit,
1414 3091 1525 3135 non
1576 3079 1796 3149 quando
1822 3079 1943 3151 ipsa
1976 3089 2099 3150 illm

511 3164 651 3222 pene
680 3151 864 3230 [bene]
886 3168 1013 3215 sunt
1042 3160 1269 3220 difﬁnita
1298 3173 1596 3224 retractare
1619 3168 1867 3231 voluerit.

584 3240 757 3333 Porro
792 3260 860 3303 ne
887 3248 1081 3305 dicatis
1104 3262 1303 3324 praeter
1320 3255 1578 3315 Ecclesiae
1607 3258 1775 3331 legem
1808 3260 2095 3333 lgnatium,

512 3330 599 3386 vel
624 3329 877 3391 Photinm
900 3333 1131 3411 Romam
1179 3345 1366 3403 venire
1421 3329 1709 3416 sanxisset;
1758 3329 1955 3409 scitote
2000 3329 2099 3412 no.

515 3422 724 3495 antiqui
769 3428 942 3496 patris
972 3438 1027 3485 et
1056 3432 1476 3503 praedecessoris
1514 3439 1686 3495 nostri
1732 3439 1856 3499 Julii
1898 3443 1951 3499 in
1996 3444 2101 3503 hoc

512 3520 633 3569 ‘esse
660 3526 874 3574 secutos
896 3522 1224 3593 exemplum,
1276 3526 1371 3598 qui
1399 3528 1559 3600 juxta
1592 3532 1734 3602 quod
1760 3532 1814 3588 in
1873 3533 2099 3605 epistola

513 3618 611 3660 sua
640 3608 910 3677 reperitur
930 3606 1102 3685 (epist.
1132 3616 1211 3687 1),
1236 3616 1338 3683 his,
1369 3621 1463 3691 qui
1502 3632 1870 3683 convenerant
1912 3626 2102 3684 Antio-

512 3697 670 3765 chiae,
711 3700 814 3756 hoc
862 3705 1185 3777 praecepisse
1241 3709 1696 3781 dignoscitur:et
1740 3715 2101 3777 Theodoritus

510 3788 981 3888 historiograolius
1011 3797 1069 3888 in
1090 3799 1177 3856 bis
1198 3800 1303 3888 hoc
1323 3804 1501 3877 ipsum
1525 3808 1707 3866 verbis
1726 3811 1963 3871 ostendit
1980 3812 2097 3888 (lib.

498 3896 572 3947 ιιι,
602 3898 651 3936 c.
679 3883 777 3957 4):
813 3882 1032 3956 Verum,
1064 3884 1336 3963 inquiens,
1381 3895 1647 3956 Eusebius
1700 3899 1924 3973 ejusque
1970 3882 2101 3961 con-

513 3982 690 4031 sortes
720 3976 1020 4038 calumnias
1058 3976 1116 4038 in
1174 3984 1535 4048 Athanasium
1581 3990 1759 4049 factas
1794 3993 1939 4052 Julio
1994 3996 2100 4051 Ro—

511 4076 676 4121 mano
726 4068 969 4138 pontilici
1032 4072 1484 4147 destinaverunt,
1535 4082 1627 4152 qui
1668 4082 2099 4143 ecclesiasticam

492 4168 753 4248 sequens
780 4157 979 4231 legem,
1037 4163 1205 4222 etiam
1246 4168 1393 4240 ipsos
1420 4160 1863 4231 Romamvenire
1901 4192 2102 4248 prince-

512 4247 610 4318 pit,
645 4256 701 4305 et
726 4254 1093 4314 venerabilem
1112 4258 1470 4321 Athanasium
1492 4265 1561 4322 ad
1579 4264 1845 4337 judicium
1870 4247 2089 4340 regula-

511 4340 650 4437 riter
694 4346 974 4415 evocavit;
1030 4344 1123 4409 ille
1175 4355 1433 4415 continuo
1481 4359 1795 4416 evocatione
1844 4373 2101 4437 suscepta

509 4434 677 4490 venit.

582 4520 735 4596 Quod
770 4528 816 4585 si
855 4545 935 4587 ac-
950 4528 1058 4588 hoc
1095 4532 1276 4591 dicitis
1303 4577 1319 4605 ,
1353 4537 1447 4596 Ille
1475 4540 1693 4611 quidem
1732 4546 1962 4615 vocavit,
2000 4548 2097 4605 sed

512 4620 612 4693 ipsi
663 4624 845 4680 venire
886 4634 1370 4701 contempserunt,
1433 4633 1627 4691 Audite
1672 4639 1987 4708 sequentia,
2043 4651 2104 4697 et

515 4715 760 4773 videbitis
795 4727 975 4775 utrum
1012 4712 1068 4775 in
1099 4720 1335 4790 laudem,
1365 4738 1433 4779 an
1461 4724 1515 4781 in
1540 4727 1869 4797 vituperium
1896 4730 1999 4787 ista
2027 4732 2101 4787 sit

513 4803 618 4859 illis
641 4808 888 4878 reputate
914 4813 1260 4884 contemptio.
1285 4811 1575 4886 Subjunxit
1593 4817 1737 4875 enim
1767 4819 1908 4877 idem
1928 4821 2101 4879 histo-

514 4893 835 4966 riograpbus
873 4899 1057 4958 dicens
1088 4920 1100 4956 :
1144 4901 1550 4961 Calumniarum
1581 4921 1710 4964 vero
1739 4910 2099 4969 sarcinatores

515 4982 739 5043 Romam
784 4986 1003 5061 quidem
1048 4986 1275 5066 proiecti
1322 5013 1431 5054 non
1479 5010 1628 5067 sunt,
1668 5002 1900 5060 scientes
1938 5004 2099 5064 facile

513 5090 671 5135 suum
714 5088 876 5151 posse
906 5085 1024 5156 capi
1067 5087 1428 5145 mendacium.
1472 5088 1551 5146 Ne
1600 5107 1729 5163 ergo
1763 5094 1956 5152 dicatis
2000 5114 2100 5158 nos

513 5177 708 5239 praeter
736 5168 993 5227 Ecclesiae
1024 5172 1197 5247 legem
1224 5178 1478 5250 praefatos
1505 5180 1732 5239 Romam
1761 5186 1946 5242 venire
1974 5203 2099 5245 san-

516 5258 660 5315 irisse
688 5278 701 5312 :
728 5264 982 5331 quoniam
1024 5266 1184 5337 (sicut
1206 5284 1279 5327 ex
1306 5271 1744 5346 historiographo
1771 5292 1904 5335 ecce
1940 5281 2094 5337 audi-

515 5351 635 5425 stis)
666 5353 855 5411 beatus
877 5348 1050 5415 Julius
1083 5368 1137 5416 et
1173 5376 1481 5420 accusatum
1520 5375 1576 5422 et
1611 5377 1957 5426 accusatores
1985 5370 2098 5430 Ro-

516 5454 659 5504 mam
699 5446 887 5506 venire
926 5453 1211 5529 praecepit,
1257 5466 1313 5511 et
1352 5461 1716 5519 venerabilem
1741 5462 2100 5525 Athanasium

516 5540 584 5596 ad
625 5540 890 5615 judicium
935 5542 1259 5627 regulariter
1292 5554 1557 5610 evocavit.
1597 5554 1705 5611 Sed
1746 5555 1855 5624 ille,
1885 5558 1978 5627 qui
2007 5558 2121 5617 bo—.

516 5636 641 5689 nam
674 5624 1062 5694 conscientiam
1091 5640 1333 5712 gerebat,
1363 5642 1497 5701 nihil
1526 5647 1798 5704 reluctans
1823 5624 2000 5706 venit:
2026 5650 2099 5706 illi

517 5738 672 5799 Vero,
698 5728 791 5805 qui
815 5731 1037 5803 malam,
1065 5743 1536 5813 contempserunt;
1575 5742 1811 5800 scientes
1834 5743 2100 5816 profecto,

2164 485 2347 553 ,Quod
2385 500 2484 553 nos
2519 497 2736 555 quoque
2774 483 2829 539 in
2864 482 3091 555 lgnatio,
3136 498 3203 541 ac
3231 482 3423 541 Photio
3452 485 3631 540 modo
3660 500 3823 555 pro—-

2160 575 2463 641 .babimus,
2508 575 2635 647 quia
2673 575 3008 637 conscientia
3050 588 3113 630 se
3148 575 3519 640 remordente,
3546 575 3659 645 qui
3700 591 3829 645 pa-

2193 675 2304 736 vet,
2346 668 2509 724 nobis
2550 666 2769 723 obedire
2804 674 3133 727 contemnet.
3170 663 3244 727 ,ὃί
3284 676 3469 723 ωηιξη
3514 666 3824 738 lgnatius,

2191 759 2286 830 qui
2318 758 2467 817 omni
2502 766 2590 817 est
2628 759 2867 817 humano
2903 758 3197 825 destitutus
3224 757 3504 830 prasidio,
3538 767 3821 813 vestrum

2191 867 2301 909 non
2345 851 2789 923 impedimentum
2820 865 3045 923 passus,
3100 851 3201 909 sed
3239 851 3418 921 potius
3458 849 3645 907 fuerit
3690 838 3820 905 mi-

2170 946 2542 1006 sericorditer
2577 955 2761 1004 vestro
2803 947 3039 1017 qualiter
3075 946 3265 1003 venire
3312 946 3522 1016 possit,
3564 941 3823 1011 adiutus

2193 1042 2416 1099 auxilio.

2264 1135 2455 1201 Porro,
2486 1138 2530 1192 si
2562 1135 2746 1193 venire
2776 1135 2858 1192 illi
2891 1150 2993 1207 per
3023 1149 3089 1192 se
3115 1142 3417 1206 nequeunt,
3448 1136 3641 1207 primo
3670 1136 3819 1206 qui—

2194 1228 2315 1284 dem
2356 1228 2478 1298 ipsi,
2521 1228 2677 1299 cujus
2719 1229 2799 1285 rei
2840 1243 3007 1287 causa
3034 1230 3225 1287 venire
3258 1244 3365 1286 non
3393 1230 3605 1299 valent,
3638 1232 3819 1287 nobis

2190 1335 2291 1391 per
2319 1318 2711 1381 satisfactoriss
2742 1336 2873 1380 suas
2902 1321 3112 1378 litteras
3138 1322 3418 1389 iudicent;
3455 1323 3670 1379 deinde
3704 1339 3817 1378 ve-

2196 1409 2348 1468 niant
2385 1413 2453 1469 de
2497 1414 2600 1479 bis,
2644 1415 2740 1484 qui
2787 1429 2912 1471 cum
2958 1415 3305 1488 Syracusano
3346 1415 3621 1488 Gregorio
3672 1426 3815 1471 sum

2194 1512 2465 1577 quotquot
2504 1505 2799 1574 voluerint,
2839 1507 2989 1565 vicos
3027 1516 3353 1565 caeteros-um
3394 1516 3681 1573 tenentes,
3708 1510 3814 1578 qui

2198 1596 2367 1667 ipsius
2404 1606 2533 1655 sunt
2570 1598 2762 1670 partis.
2795 1599 3079 1657 unum:
3108 1602 3278 1659 etiam
3305 1584 3381 1659 de.
3405 1603 3814 1675 parte‘lgnatii

2198 1692 2590 1764 archiepiscopi
2662 1694 2882 1764 quidam
2938 1692 3210 1752 Antonius
3256 1695 3439 1769 cyzici
3467 1739 3483 1763 ,
3558 1697 3825 1769 Basilius

2124 1765 2172 1829 Β
2200 1780 2633 1848 Thessalonice.
2687 1782 3081 1841 ominum
3136 1765 3408 1852 unde,
3468 1785 3811 1844 Theodorus

2192 1872 2685 1946 Syracusanorum,
2735 1872 3115 1945 Metrophanes
3164 1875 3434 1949 Smyrna,
3485 1887 3547 1934 et
3591 1871 3810 1935 Paulus

2192 1963 2479 2035 episcopus
2513 1962 2672 2023 Ponti
2712 1964 3003 2033 Heraclia,
3044 1964 3346 2039 Hegumeni
3381 1976 3571 2025 sum
3600 1968 3807 2025 Hiceta

2188 2058 2613 2131 Chrysopolcos,
2642 2056 2897 2116 Nicolaus
2928 2057 3128 2124 Studii,
3164 2059 3453 2117 Dositbeus
3479 2054 3682 2118 Oelidﬂ
3710 2071 3807 2116 as-

2191 2165 2303 2222 que
2324 2149 2570 2209 Laurus
2594 2150 2898 2222 presbyter,
2920 2159 2980 2208 et
3003 2151 3302 2207 mouaclms
3327 2151 3424 2222 qui
3457 2152 3667 2208 dicitur
3686 2153 3807 2210 (Ξε-
3916 2180 3923 2184 ε

2190 2245 2368 2312 laris;
2402 2244 2496 2315 qui
2522 2243 2627 2301 nisi
2655 2242 2858 2301 fuerint
2885 2244 3060 2311 missi,
3086 2254 3371 2315 suspectos
3391 2260 3492 2302 vos
3515 2246 3801 2302 reductis:

2191 2337 2323 2407 quia
2360 2336 2459 2393 hos
2494 2336 2552 2392 in
2585 2334 2782 2406 quibus
2827 2334 3119 2392 certiﬁcari
3158 2335 3463 2407 possimus,
3511 2350 3549 2391 a
3590 2338 3807 2393 nostris

2192 2426 2474 2485 abmtibus
2512 2426 2834 2484 subtrahere
2874 2427 3115 2485 studiose
3158 2428 3386 2485 curatis.
3424 2427 3496 2486 Et
3528 2429 3657 2486 ideo
3700 2444 3805 2484 ne-

2194 2519 2398 2576 minem
2446 2528 2767 2576 ceterarum
2814 2518 3052 2591 partium
3092 2518 3465 2585 admittentia,
3502 2519 3625 2591 Ital,
3652 2518 3807 2575 tunc

2193 2626 2334 2684 quos
2354 2626 2427 2669 ex
2453 2612 2622 2669 latere
2650 2620 2836 2669 vestro
2855 2612 3154 2669 destinatos
3192 2626 3322 2669 esse
3375 2613 3652 2669 veraciter
3705 2628 3806 2668 va-

2197 2706 2406 2763 leamus
2426 2721 2746 2777 agnoscam.
2773 2705 2985 2776 Quibus
3004 2722 3075 2764 es
3097 2716 3328 2779 utraque
3378 2717 3539 2781 parte
3591 2720 3806 2765 conve-

2197 2796 2493 2865 nientibus,
2519 2805 2578 2855 et
2602 2806 2792 2854 ceram
2819 2806 3005 2855 nostra
3026 2799 3333 2871 timentia,
3358 2813 3426 2856 ac
3451 2796 3685 2855 fratr-uta
3738 2809 3798 2855 et

2196 2888 2639 2960 coepiscoporum
2678 2895 2989 2945 nostrorum
3032 2888 3255 2956 auditis,
3303 2888 3434 2960 quid
3474 2890 3805 2960 quastiossis

2198 2980 2343 3037 inter
2372 2988 2658 3049 utramque
2678 2987 2887 3050 partem
2913 2981 3220 3047 ernerserit,
3264 2979 3481 3036 hcilius
3526 2994 3801 3051 musca»

2201 3087 2344 3139 IIIS,
2376 3081 2436 3130 et
2477 3072 2738 3130 canonice
2796 3071 3069 3129 ﬁniamus.
3119 3072 3298 3129 littat
3340 3073 3694 3129 nihilominus
3744 3083 3802 3129 et

2124 3139 2172 3204 ο
2202 3163 2428 3223 Photius
2445 3180 2515 3221 ex
2546 3179 2644 3221 sua
2678 3171 2835 3237 parte
2881 3174 3021 3236 quos
3074 3164 3398 3231 decreverit,
3438 3165 3536 3236 qui
3571 3165 3801 3221 modum

2202 3254 2560 3326 promotionis
2576 3270 2692 3311 suae
2712 3254 3246 3325 irrepreheuibilern
3268 3263 3331 3312 et
3355 3255 3692 3318 canui-ru,
3742 3256 3799 3311 si

2201 3355 2447 3418 possunt,
2475 3347 2758 3404 edoceant.
2786 3345 3006 3404 Necnon
3031 3354 3087 3404 et
3108 3346 3410 3419 imperialis
3428 3362 3556 3419 apes
3582 3356 3795 3415 vester,

2202 3437 2249 3498 si
2282 3436 2435 3503 libet,
2460 3450 2589 3495 suos
2612 3451 2644 3493 e
2667 3436 2838 3493 latere
2866 3438 3048 3494 mittat
3070 3438 3302 3505 aulicos,
3324 3439 3421 3510 qui
3445 3438 3501 3493 in
3548 3451 3797 3509 praea-

2203 3527 2278 3583 tia
2306 3527 2490 3599 positi,
2516 3525 2904 3598 quemjustitia
2924 3534 2983 3584 et
3006 3528 3276 3584 rectitude
3328 3527 3579 3598 utrisque
3630 3530 3794 3599 parti.

2201 3621 2304 3683 bus
2334 3619 2499 3681 lim
2538 3619 2768 3684 dederit,
2829 3629 3080 3690 patenter
3128 3629 3449 3691 aguosmnt,
3500 3631 3796 3692 susumque

2200 3711 2388 3782 pietati
2424 3711 2757 3771 renuntient»
2790 3709 2856 3769 Hi
2884 3726 3036 3778 vero,
3055 3712 3151 3782 qui
3173 3724 3237 3768 es
3260 3711 3434 3769 latere
3459 3723 3648 3770 vestro
3674 3714 3798 3768 mito

2203 3804 2349 3865 tendi
2380 3812 2531 3869 sunt,
2556 3803 2695 3861 tales
2724 3804 2856 3869 sint,
2893 3805 2986 3874 qui
3012 3814 3071 3862 et
3098 3805 3265 3861 Deum
3288 3805 3540 3873 amcam,
3586 3803 3655 3862 et‘
3686 3821 3794 3861 non

2199 3898 2310 3955 sint
2332 3895 2827 3955 ecclesiasticarum
2856 3891 3165 3967 iriespertes
3206 3895 3583 3963 traditionem,
3636 3906 3798 3968 atque

2199 3988 2417 4044 veritati
2440 3986 2756 4044 obedienter
2780 3995 2840 4045 et
2864 3985 3027 4044 facile
3049 3988 3415 4057 acquiescant.

2271 4078 2470 4137 Verum
2491 4079 2620 4150 quia
2644 4088 2773 4137 sunt
2790 4079 3012 4149 quidam
3047 4092 3115 4136 ex
3140 4080 3247 4145 his,
3270 4092 3408 4151 quos
3438 4078 3671 4135 Romam
3710 4094 3799 4134 ve-

2199 4172 2320 4231 nire
2339 4172 2700 4244 praecipimus,
2730 4174 2827 4244 qui
2859 4172 3003 4231 nulla
3028 4189 3127 4230 sua
3153 4174 3413 4231 habentes
3440 4173 3661 4239 solatia,
3688 4175 3792 4229 nisi

2199 4262 2428 4323 alienun
2454 4260 2583 4333 freti
2609 4263 2893 4331 subsidiis,
2910 4264 3137 4323 omnino
3168 4270 3380 4319 tantum
3406 4263 3513 4320 iter
3550 4265 3797 4335 srripere

2200 4363 2506 4425 nequeant,
2536 4352 2744 4413 ideirco
2784 4356 2945 4427 quasi
2980 4353 3406 4426 prmeentialiter
3446 4354 3796 4412 clementiam

2199 4454 2438 4507 vestram
2464 4462 2779 4527 exoramus,
2804 4456 2867 4505 ut
2887 4447 3085 4519 quibus
3108 4455 3267 4520 egeat
3292 4448 3363 4504 ad
3402 4457 3519 4504 tam
3582 4447 3797 4505 diﬁcile

2205 4550 2369 4613 atque
2390 4542 2659 4614 prolixum
2696 4544 2819 4609 iter,
2846 4541 3267 4614 pro‘dilsctione
3290 4542 3385 4600 Dei
3428 4543 3799 4600 misericordi-

2209 4642 2290 4690 ter
2314 4643 2576 4706 praestare
2620 4633 2931 4707 dignemini.
2992 4632 3276 4692 Credimus
3318 4633 3468 4690 enim
3513 4643 3796 4705 acceptum

2205 4740 2327 4784 esse
2348 4726 2504 4783 vobis
2532 4726 2673 4785 istud
2692 4725 2997 4791 consilium,
3044 4739 3151 4783 nec
3195 4724 3419 4783 moleste
3438 4724 3581 4782 feret
3620 4726 3799 4783 honor

2206 4821 2388 4894 regius
2416 4829 2616 4886 vester,
2648 4818 2739 4890 qui
2761 4818 3029 4889 justitiam
3050 4818 3246 4889 diligit.
3272 4832 3371 4888 pro
3398 4816 3489 4873 his
3526 4833 3652 4888 qua:
3678 4817 3797 4873 tali-

2207 4921 2291 4969 ter
2317 4911 2600 4969 efﬁcienda
2627 4910 2968 4968 decrevimus
2996 4926 3008 4964 :
3038 4909 3307 4978 Quoniam
3355 4908 3571 4979 iustitia
3600 4911 3797 4981 sapius

2203 5007 2465 5064 ventilata
2491 5006 2691 5062 clarius
2716 5003 3045 5075 splendescit
3062 5004 3117 5061 in
3141 5002 3340 5061 lucem.
3389 5003 3631 5061 Proinde
3674 5020 3793 5060 ma-

2204 5100 2422 5167 teriam,
2442 5113 2540 5170 per
2556 5113 2718 5168 quam
2745 5097 2948 5157 veritas
2970 5097 3144 5169 possit
3158 5097 3279 5155 ﬁeri
3296 5096 3609 5165 manifesta,
3628 5097 3795 5155 conﬁ-

2206 5191 2405 5258 dimus,
2426 5189 2574 5261 quod
2594 5189 2770 5260 pietas
2797 5198 2981 5247 vestra
2998 5190 3236 5260 benigne
3270 5189 3458 5259 cupiat
3510 5189 3789 5260 adjuvare.

2206 5280 2342 5343 Cum
2356 5290 2541 5339 autem
2567 5280 2922 5353 legativestri
2952 5281 3220 5348 venerint.
3256 5282 3458 5339 mittite
3474 5296 3792 5353 (munies

2206 5382 2260 5431 et
2286 5373 2544 5444 epistolas
2569 5373 2934 5441 authenticas,
2954 5388 3095 5445 quas
3132 5387 3243 5444 per
3294 5372 3692 5438 Blndoaldum,
3738 5382 3793 5429 et

2205 5466 2527 5537 Zachariam
2549 5465 2752 5522 dudum
2770 5463 3326 5541 episcoposmisinurs
3348 5472 3550 5521 vestra
3580 5465 3789 5521 scilicet

2206 5558 2512 5615 eminentiae
2534 5565 2703 5635 atque
2730 5556 2963 5629 synodo,
2992 5571 3114 5628 quas
3143 5564 3274 5623 tunc
3294 5570 3400 5626 pro
3432 5556 3607 5614 sacris
3654 5558 3787 5612 ima-

2205 5650 2419 5723 ginibus
2445 5665 2567 5706 esse
2587 5646 2889 5722 colligenda
2920 5650 3236 5721 putabatur,
3264 5657 3539 5720 quatenus
3569 5650 3619 5705 si
3658 5650 3789 5705 tales

2207 5746 2558 5819 permaneant
2580 5744 2723 5817 apud
2751 5759 2865 5807 vos.
2895 5743 3084 5817 quales
3103 5760 3140 5803 a
3159 5745 3316 5811 nobis
3356 5752 3576 5803 constat
3626 5743 3790 5803 fuisse

2125 4507 2177 4568 D
