4050 6324
189 376 195 387 ’
298 393 402 455 957

297 524 645 570 tranetutssas
683 551 695 573 ,

299 613 496 660 (ξωιθτο
545 600 678 654 falso
703 599 1019 664 dicentium,
1075 596 1180 651 alia
1213 611 1314 650 nos
1354 593 1638 663 scripsisse
1683 600 1881 664 prarter

297 709 418 764 qua!
455 691 719 753 misimus,
754 689 892 744 labia
917 688 1304 744 conticescant.
1367 683 1423 740 Si
1457 697 1586 740 vero
1630 685 1879 754 quaedam

300 786 352 839 in
383 783 463 840 eis
489 783 758 836 habentur
780 782 1000 844 inserta,
1026 795 1149 849 quae
1169 794 1269 834 nos
1291 777 1457 833 scribi
1484 776 1882 847 noniussimus,

299 891 402 930 nec
423 873 560 928 mitti
589 871 870 935 voluimus,
911 871 1199 942 diligenter
1252 879 1574 934 scrutemur,
1627 875 1686 923 et
1730 866 1878 936 cujut

299 968 455 1036 culpa
487 967 556 1021 sit
589 973 791 1030 artum,
814 965 1167 1035 reperiamus.
1198 964 1294 1019 Est
1312 964 1454 1019 enim
1487 963 1628 1032 apud
1655 975 1755 1016 nes
1793 975 1884 1016 sot-

300 1060 381 1114 cia
413 1057 620 1111 illarum
648 1057 895 1121 duarum,
923 1071 1086 1127 quam
1113 1043 1255 1126 apud
1287 1069 1386 1111 nos
1437 1053 1604 1125 (sicut
1628 1054 1742 1124 jam
1795 1067 1884 1107 sus

301 1166 397 1220 pra
433 1148 686 1220 diximus)
729 1149 1050 1205 retinuimus
1075 1164 1175 1220 pro
1195 1147 1377 1202 futuro
1400 1146 1607 1202 scilicet
1635 1146 1882 1200 testim

300 1240 412 1305 nio,
439 1255 545 1294 uno
581 1250 766 1294 tenore
790 1249 914 1295 cum
942 1241 1074 1310 ipsis
1103 1240 1312 1295 duabus
1351 1239 1626 1310 exposita,
1653 1242 1733 1294 'et
1775 1238 1884 1294 eis»

300 1334 422 1387 dent
455 1331 674 1402 syllabis
696 1340 949 1387 contexta
975 1339 1075 1403 per
1099 1332 1300 1388 omnia.

1470 382 1826 441 EPISTOLIE
1862 382 1949 438 ET
1991 383 2326 439 DECllETA.

760 509 898 578 apud
942 521 1040 560 nos
1087 502 1483 575 investigatur
1523 518 1539 556 :
1589 503 1773 573 sicque
1817 501 1885 555 de
1912 505 1964 564 Α
1989 501 2154 570 Igitur
2180 502 2432 572 dignetur
2449 501 2670 556 credere
2700 501 2872 571 pietas
2915 507 3113 566 vestra,
3168 515 3422 571 quoniam
3463 513 3565 558 nec

2289 237 2321 308 δ

3457 376 3562 443 938

1986 593 2074 648 isti
2100 593 2349 649 volumus
2398 593 2450 647 in
2479 607 2574 647 sua
2605 590 2818 660 iustitia
2855 591 3147 659 contraire,
3189 605 3290 646 nec
3334 591 3562 664 lgnatio,

1983 687 2092 740 non
2122 683 2538 756 suifragantibus
2565 685 2884 750 canonibus,
2923 693 2978 739 et
3009 684 3393 741 ecclesiasticis
3444 694 3562 740 tra-

1980 774 2299 845 ditionibus,
2321 780 2591 835 auxiliari.

2052 869 2336 928 Credimus
2366 883 2544 928 autem
2575 874 2628 928 in
2659 874 2908 939 Domino,
2945 875 3039 945 qui
3062 874 3200 928 dixit
3229 874 3296 930 de
3326 872 3568 931 tenebris

1983 963 2157 1018 lucetn
2185 964 2582 1032 splendescere,
2624 975 2679 1020 et
2701 966 2793 1036 qui
2829 966 2924 1020 dat
2977 966 3184 1020 homini
3233 965 3514 1020 scientiam
3547 984 3563 1022 ε

1985 1055 2240 1125 quoniam
2267 1055 2314 1110 si
2339 1065 2539 1126 partes,
2585 1066 2724 1126 quas
2771 1057 3026 1122 diximus,
3083 1057 3148 1111 ad
3195 1055 3338 1111 illius
3377 1055 3566 1112 limina

1985 1149 2352 1218 pervenerint,
2383 1150 2474 1218 qui
2501 1150 2827 1205 mentientes
2856 1149 3119 1204 Ananiam
3145 1157 3200 1204 et
3244 1149 3566 1220 Sapphiram

1983 1241 2164 1313 gladio
2185 1243 2359 1298 sancti
2387 1242 2626 1312 Spiritus
2652 1242 2930 1298 interemit
2951 1241 3096 1314 (Act.
3129 1241 3209 1313 v),
3234 1242 3280 1297 si
3307 1253 3414 1312 qua
3443 1249 3571 1296 sunt

1983 1332 2195 1387 incerta
2217 1340 2276 1387 et
2303 1332 2508 1398 abdita,
2536 1332 2939 1397 revelabuntur,
2969 1341 3028 1387 et
3068 1330 3358 1387 manifesta
3385 1331 3517 1386 fient
3551 1347 3566 1386 :

374 1425 666 1479 Precamur
705 1425 869 1480 etiam
921 1424 1263 1481 dilectionem
1310 1428 1566 1491 vestram,
1613 1431 1680 1479 'ut
1731 1423 1888 1480 nobis
1979 1422 2114 1492 quia
2145 1437 2247 1478 nos
2273 1437 2488 1493 semper
2515 1423 2620 1478 hoc
2649 1424 2703 1477 in
2729 1431 2856 1478 voto
2878 1421 3161 1486 habemus,
3188 1427 3246 1476 et
3295 1420 3571 1476 inhianter

301 1514 571 1568 actionum
603 1515 935 1580 authentica,
967 1515 1020 1569 in
1043 1515 1242 1585 quibus
1289 1515 1620 1580 ccutinetur,
1657 1513 1887 1584 qualiter
1982 1515 2382 1584 desideramus,
2415 1527 2476 1573 ut
2498 1518 2862 1589 aequalitatem
2880 1517 3130 1588 utrisque
3155 1517 3402 1588 partibus
3447 1531 3566 1573 ser-

301 1608 538 1677 lguatius
573 1608 822 1688 primitus
877 1609 950 1664 sit
997 1608 1337 1664 existimatus
1369 1608 1666 1678 depOsitus,
1725 1609 1888 1664 destia-
1983 1622 2198 1680 rantes,
2229 1614 2361 1670 nihil
2389 1616 2492 1671 nisi
2515 1615 2656 1687 quod
2681 1615 2819 1670 sacri
2843 1628 3100 1680 canones,
3123 1613 3226 1668 nisi
3246 1611 3569 1684 quoquui-

299 1714 430 1752 nare
454 1698 744 1768 dignemini
783 1715 799 1754 :
829 1707 886 1753 et
907 1708 1256 1754 monumenta
1276 1704 1573 1769 gesturum,
1621 1714 1740 1768 quae
1790 1713 1888 1769 per
1984 1716 2075 1763 tas
2097 1709 2402 1776 dictaverit,
2423 1710 2712 1782 adiuvante
2732 1709 2982 1776 Domino,
3017 1715 3342 1772 statuamus,
3369 1705 3568 1760 nullius

299 1789 534 1843 Leonem
565 1805 594 1842 a
622 1789 851 1845 secretis
903 1791 1149 1854 misistis.
1201 1805 1512 1860 quaesumus
1571 1791 1686 1860 ipsa
1730 1790 1884 1846 nobis
1912 1868 1943 1870 κ
1989 1801 2371 1856 detrimentum
2392 1802 2652 1866 'volentes,
2683 1810 2886 1870 quanio
2908 1799 3086 1854 minus
3127 1797 3422 1868 periculum
3471 1809 3570 1850 an-

297 1880 609 1934 authentica
634 1875 998 1946 transmittite,
1035 1890 1145 1935 tam
1178 1881 1266 1936 illa
1295 1881 1563 1947 videlicet,
1583 1881 1678 1937 ubi
1699 1881 1768 1936 de
1795 1890 1876 1952 ty—-
1909 1868 1957 1928 Β
1986 1895 2266 1951 beantes?
2301 1894 2660 1962 Quamobrem
2685 1868 2817 1963 ergo
2838 1892 2951 1962 jam
2977 1890 3104 1960 quia
3135 1889 3214 1945 sic
3257 1901 3317 1944 se
3364 1886 3568 1942 veritas

299 1973 520 2028 raunica
546 1972 936 2041 exspoliatione
959 1972 1152 2042 lgnatii
1181 1972 1434 2038 refertur,
1472 1982 1634 2043 quam
1689 1973 1779 2028 illa
1828 1974 1881 2029 in

297 2064 493 2130 quibus
521 2064 930 2134 deimaginibus
956 2072 1042 2120 est
1065 2065 1346 2135 agitatum,
1387 2064 1512 2119 licet
1549 2073 1690 2133 pene
1727 2065 1880 2131 nihil,

294 2164 351 2210 et
375 2169 409 2208 a
445 2156 790 2224 paucioribus
819 2157 1160 2226 praesulibus,
1188 2167 1356 2226 quam
1391 2157 1449 2211 in
1473 2155 1666 2228 {gnatii
1696 2167 1882 2226 putata

296 2245 636 2313 depositione
656 2244 884 2301 fuissent
913 2246 1136 2300 inventi.
1185 2246 1243 2300 in
1287 2260 1395 2315 quo
1429 2245 1594 2300 datur
1633 2246 1882 2317 intelligi,

293 2339 437 2406 quod
475 2336 648 2407 majus
665 2338 907 2394 studium
925 2337 1089 2394 fuerit
1117 2346 1395 2408 arreptum
1421 2339 1476 2394 in
1525 2338 1742 2396 iussione
1786 2340 1884 2396 lto—

295 2430 474 2495 minis,
508 2445 669 2499 quam
700 2431 754 2484 in
785 2430 942 2487 laude
971 2431 1084 2504 Dei.

366 2518 484 2575 Jam
505 2535 636 2575 vero
663 2521 707 2576 si
737 2522 960 2578 monitis
981 2522 1188 2579 nostris
1214 2523 1546 2589 obedieritis,
1567 2533 1625 2579 et
1651 2534 1772 2594 qua:
1799 2526 1882 2580 in-

294 2616 611 2672 timavimus
637 2617 936 2687 adimplere
985 2616 1326 2684 studueritis,
1376 2617 1588 2672 favente
1636 2617 1884 2684 Domino,

300 2709 733 2778 auctoritateque
795 2717 1110 2764 sanctorum
1172 2708 1474 2779 principum
1521 2708 1887 2780 apostolorum

295 2798 477 2868 potiti,
510 2797 779 2854 licentiam
800 2798 1306 2865 Christianissimte,
1347 2812 1410 2855 ac
1436 2800 1888 2856 mansuetissimus

299 2891 619 2947 sublimitati
643 2901 840 2948 vestrae
867 2893 1246 2960 conoedemus,
1279 2907 1406 2949 cum
1459 2903 1644 2950 sancta
1695 2895 1887 2951 cathoo

300 2986 405 3042 lica
417 2994 474 3040 et
485 2986 781 3056 apostolica
795 2986 1055 3052 Ecclesia,
1071 2987 1379 3058 specialiter
1391 2995 1572 3044 autem
1586 2988 1886 3056 nobiscum,

299 3086 358 3134 et
381 3091 505 3133 cum
525 3080 912 3135 consacerdote
941 3087 1126 3135 nostro
1175 3079 1403 3150 lgnatio,
1457 3088 1514 3135 et
1564 3093 1688 3136 cum
1733 3088 1888 3151 parte

302 3168 509 3237 ipsius,
562 3171 956 3226 communionis
1007 3170 1197 3241 gratia:
1245 3171 1623 3242 partieipandi,
1661 3180 1888 3242 excepta

299 3235 681 3317 communione
723 3261 970 3333 Gregorii
1009 3235 1374 3332 Syracusani,
1421 3235 1480 3316 et
1529 3235 1696 3331 partis
1746 3235 1884 3329 eius,
1917 3235 1964 3301 θ

301 3360 464 3421 atque
493 3360 983 3408 consentaneon
1027 3353 1198 3424 ipsius
1247 3352 1646 3408 communione.
1696 3352 1885 3420 Porro,

299 3444 344 3498 si
367 3442 614 3499 fortassis
636 3444 971 3500 excellentiae
991 3452 1187 3500 vestra:
1205 3459 1316 3500 non
1351 3443 1544 3514 placet,
1591 3444 1735 3514 quod
1793 3460 1887 3500 su-

296 3535 484 3605 perius
513 3537 829 3606 scripsimus
861 3554 959 3608 pro
991 3539 1270 3593 mittendis
1316 3553 1387 3593 ex
1437 3538 1682 3607 utrisque
1711 3539 1886 3608 parti-

300 3627 402 3681 bus
430 3627 651 3699 legatis,
683 3629 877 3684 scitote
895 3645 997 3685 nos
1020 3629 1094 3684 nil
1125 3630 1558 3696 conveniendus,
1587 3639 1689 3686 aut
1731 3641 1886 3687 coin-

299 3721 532 3785 modius,
565 3737 728 3790 quam
756 3723 860 3777 hoc
877 3722 996 3778 fieri
1017 3738 1173 3792 posse
1207 3724 1424 3793 penitus
1448 3723 1740 3779 invenisse.

371 3815 630 3880 Quamvis
653 3823 710 3869 et
749 3814 822 3869 ad
862 3816 966 3871 hoc
1009 3815 1185 3884 ipsum
1235 3817 1335 3886 prb
1386 3824 1569 3872 vestro
1619 3817 1887 3888 imperiali

299 3917 502 3966 amore,
548 3919 617 3958 ne
662 3902 817 3958 vobis
865 3903 1239 3959 existimemur
1277 3905 1330 3958 in
1371 3905 1518 3960 nullo
1567 3905 1889 3963 satisfacere

299 3993 453 4058 velle,
478 3993 1002 4049 condescendamus:
1029 3985 1208 4064 Atqite
1229 4010 1300 4049 ne
1323 3994 1501 4049 minus
1544 4011 1732 4058 pacem
1777 3997 1887 4052 Eoo

301 4084 480 4139 clesite
499 4097 596 4139 nos
624 4083 761 4139 velle
785 4085 1005 4150 sectari,
1035 4084 1438 4156 quam‘semper
1460 4087 1749 4154 voluimus,
1767 4089 1888 4160 opi-

301 4176 526 4232 nemini.
552 4175 828 4247 Siquidem
849 4180 931 4249 (ut
953 4177 1304 4250 praetulimus)
1342 4177 1484 4234 nulla
1508 4180 1712 4250 regula,
1764 4181 1887 4237 nul-

301 4267 459 4337 laque
491 4267 826 4324 consuetudo
852 4268 1206 4335 demonstrat,
1264 4269 1412 4324 sedis
1449 4271 1759 4340 apostolica:
1803 4287 1890 4329 se-

301 4362 407 4418 mel
431 4362 694 4433 prolatam
715 4363 1068 4429 sententiam,
1111 4363 1227 4434 ipsa
1254 4378 1360 4419 non
1392 4375 1688 4431 annuente,
1743 4366 1888 4422 ultm

300 4470 457 4526 posse
488 4456 702 4510 mutari.
745 4454 886 4512 Nihil
914 4465 1177 4527 praeterea
1196 4466 1299 4522 est,
1349 4457 1491 4527 quod
1520 4472 1616 4514 vos
1641 4467 1889 4516 avertere

301 4548 514 4614 debeat,
538 4548 582 4604 si
613 4548 805 4618 placet,
837 4549 1063 4616 credite,
1105 4550 1396 4619 quominus
1439 4549 1693 4620 praefatos
1736 4551 1885 4606 viros

302 4638 355 4694 in
411 4648 651 4694 nostram
706 4641 1046 4708 praesentiam
1099 4639 1343 4711 dirigatis
1395 4642 1462 4696 ad
1511 4641 1884 4711 inquirendam

300 4732 507 4788 scilicet
528 4732 796 4801 justitiam
823 4740 880 4786 et
898 4731 1206 4786 veritatem.
1239 4730 1415 4786 Testis
1444 4733 1590 4786 enim
1621 4742 1705 4788 est
1729 4733 1884 4789 nobis

299 4822 641 4890 omnipotens
665 4819 806 4874 Deus
833 4837 846 4873 :
873 4820 998 4889 quia
1015 4835 1120 4874 non
1139 4819 1296 4874 estin
1322 4830 1502 4875 mente
1525 4831 1708 4877 nostra
1731 4838 1881 4892 quae-

301 4913 431 4967 libet
460 4911 689 4983 intenu'o
717 4911 803 4967 vel
825 4911 1173 4978 desiderium,
1197 4912 1304 4966 nisi
1350 4912 1638 4981 diligenter
1663 4915 1882 4970 investi-

301 5004 464 5076 gandi
497 5011 551 5057 et
581 5004 885 5060 inveniendi
943 5005 1071 5074 quid
1120 5006 1348 5075 aequitas
1399 5007 1690 5077 unicuique
1737 5011 1878 5079 parti

303 5097 525 5161 tribuat,
556 5099 757 5167 etquid
789 5098 1044 5153 Ecclesiae
1087 5098 1339 5167 praesenti
1387 5100 1554 5154 statui
1599 5110 1654 5156 et
1702 5099 1884 5156 hituro

302 5189 607 5246 conveniat.
645 5188 763 5243 Non
785 5203 918 5259 ergo
955 5189 1154 5258 putetis
1201 5205 1300 5245 nos
1353 5199 1450 5244 aut
1492 5190 1699 5261 lgnatio
1749 5192 1888 5248 velle

306 5283 487 5337 favere
546 5289 734 5336 contra
780 5279 1072 5349 justitiam,
1119 5290 1216 5335 aut
1268 5281 1521 5336 Photium
1570 5283 1889 5354 impugnare

305 5375 604 5432 canonibus
631 5374 732 5429 sibi
755 5389 863 5428 non
894 5373 1294 5430 resistentibus.
1328 5374 1489 5430 Certe
1523 5373 1888 5444 perfectorum

304 5466 734 5521 Christianorum
781 5473 879 5527 est,
939 5480 1044 5520 nou
1088 5463 1265 5519 solum
1305 5464 1434 5518 nulli
1477 5465 1611 5521 velle
1668 5481 1886 5532 nocere,

308 5576 488 5614 verum
516 5561 679 5615 etiam
707 5560 918 5615 laedenti
949 5576 1007 5617 se
1032 5560 1231 5616 malum
1265 5575 1368 5631 pro
1409 5559 1550 5616 malo
1606 5575 1714 5616 non
1769 5561 1888 5615 red-

307 5655 432 5707 dere
455 5652 759 5726 (Matth.v;
795 5651 948 5707 Rom.
977 5656 1097 5723 xu).
1137 5651 1194 5709 ln
1250 5668 1360 5724 quo
1398 5668 1526 5724 ergo
1558 5667 1741 5708 coram
1778 5651 1888 5707 Deo

310 5746 441 5810 loco,
471 5745 552 5800 vel
585 5746 723 5799 inter
749 5761 886 5815 quos
911 5758 1373 5824 computarentur,
1393 5747 1442 5800 si
1472 5747 1546 5801 nil
1578 5747 1732 5802 nobis
1756 5762 1887 5802 con-

311 5837 602 5896 trarietatis
626 5836 1218 5910 irroganttjnimicitias
1239 5837 1443 5894 inferre
1472 5830 1882 5911 appeteremus?

1984 1987 2167 2053 habet,
2236 1993 2424 2042 contra
2465 1995 2676 2057 partem
2729 1984 2975 2058 Gregorii
3029 1983 3353 2056 Syracusani
3402 1981 3570 2036 simus

1981 2079 2262 2144 commoti,
2290 2090 2342 2135 et
2369 2080 2422 2134 in
2445 2079 2656 2151 ﬂagello
2677 2077 2934 2148 profecti,
2963 2079 3009 2133 Si
3037 2077 3199 2131 vultis
3251 2083 3568 2147 agnoscere,

1985 2171 2269 2242 dignanter
2299 2171 2480 2225 audite
2513 2189 2525 2225 :
2566 2169 2832 2223 Videlicet
2859 2169 3117 2238 quoniam
3144 2181 3251 2220 non
3283 2164 3431 2220 surdi
3458 2163 3565 2217 fui-

1983 2272 2104 2316 tuus
2131 2262 2407 2316 auditores
2437 2261 2608 2316 sancti
2641 2249 3008 2331 evangelista,
3059 2256 3332 2329 qui'ntibis
3379 2253 3567 2320 refert,

1983 2356 2127 2424 quod
2159 2354 2490 2426 Retletnptor
2519 2363 2708 2410 noster
2735 2353 3004 2425 ﬂagellum
3047 2352 3249 2408 fecerit
3297 2351 3362 2405 de
3407 2349 3568 2404 resti-

1981 2448 2144 2512 culis,
2168 2456 2226 2502 et
2250 2447 2508 2516 templum
2562 2447 2838 2517 ingressus
2892 2455 3085 2499 omnes
3129 2443 3183 2497 in
3238 2449 3304 2497 eo
3349 2441 3570 2496 'divers‘o

1982 2538 2146 2592 modo
2184 2536 2323 2591 male
2348 2546 2634 2608 oper-antes
2663 2551 2730 2590 ex
2761 2536 2875 2606 ipso
2899 2532 3190 2603 proiecerit
3222 2531 3406 2603 (Joun.
3428 2531 3568 2600 xxi).

1984 2625 2137 2693 Quod
2167 2631 2452 2681 cernentes
2479 2623 2730 2696 apostoli,
2794 2631 3089 2694 potuerunt
3143 2623 3332 2692 utique
3389 2621 3572 2676 minus

1986 2719 2164 2772 adhuc
2189 2716 2415 2789 perfecti
2479 2717 2689 2783 mirari,
2744 2716 2909 2771 veluti
2961 2713 3189 2771 forsitan
3251 2727 3397 2767 nunc
3452 2727 3572 2776 vos,

1983 2810 2255 2881 quomodo
2279 2817 2429 2864 tanta
2458 2808 2718 2863 facilitate
2743 2805 3062 2861 sacerdotes
3089 2811 3146 2860 et
3191 2809 3418 2858 cunctos
3461 2815 3576 2856 ma.

1985 2903 2068 2957 los
2093 2901 2370 2970 operarios
2413 2899 2562 2955 foras
2597 2915 2628 2955 e
2656 2898 2855 2968 templo
2886 2896 3173 2968 impulerit.
3228 2894 3336 2950 Sed
3385 2901 3574 2966 postea

1989 2994 2260 3049 recordati
2279 2993 2416 3048 {sunt
2439 2993 2566 3062 quia
2587 2980 2850 3062 scriptum
2875 2997 2995 3045 erat
3021 3008 3037 3045 ;
3068 2987 3230 3043 Zelus
3255 2988 3440 3042 domus
3468 2996 3576 3039 tute

1988 3089 2216 3143 comedit
2239 3104 2320 3142 me
2349 3085 2526 3158 (Paul.
2556 3084 2770 3156 vatn).
2804 3084 2988 3152 Neque
3017 3081 3204 3153 itaque
3253 3075 3574 3143 inimicitiae,

1991 3194 2100 3234 non
2127 3179 2420 3233 humanum
2453 3177 2662 3243 odium,
2686 3190 2794 3231 non
2817 3173 2987 3230 ullum
3035 3175 3170 3245 (Dee
3184 3172 3414 3245 gratias)
3469 3185 3580 3225 mae

1995 3269 2200 3340 lignum
2225 3269 2554 3324 desiderium
2586 3282 2686 3322 nos
2713 3277 2904 3322 contra
2931 3264 3175 3336 praefata
3191 3263 3366 3334 partis
3393 3262 3573 3317 homi-

1989 3378 2087 3420 nes
2111 3363 2346 3433 impulit,
2377 3361 2470 3418 sed
2502 3368 2650 3417 zelus
2679 3361 2872 3416 demus
2903 3358 3021 3425 Dei,
3055 3357 3202 3413 zelus
3223 3365 3576 3428 paternarum

1988 3454 2360 3519 'traditionum,
2377 3454 2512 3509 ordo
2531 3451 2957 3514 ecclesiasticus,
2981 3450 3202 3520 antiqua
3220 3447 3576 3511 consuetudo,

1985 3555 2149 3618 atque
2173 3547 2505 3611 sollicitudo,
2535 3560 2701 3617 quam
2751 3522 3214 3608 circumferimus,
3255 3551 3575 3597 cunctarum

1987 3637 2335 3693 ecclesiarum
2370 3637 2465 3691 Dei
2495 3653 2509 3690 :
2542 3649 2755 3691 necnon
2789 3643 2844 3688 et
2881 3633 3163 3705 privilegia
3209 3632 3443 3702 prepriae
3492 3639 3578 3686 se-

1987 3728 2096 3793 dis,
2124 3742 2248 3798 quae
2268 3727 2321 3781 in
2350 3727 2510 3782 beato
2529 3725 2690 3780 Petro
2715 3732 2965 3793 suscepta
2993 3722 3274 3787 divinitus,
3297 3729 3354 3776 et
3387 3720 3442 3774 iu
3473 3719 3574 3774 Ec-

1987 3819 2211 3875 clesiam
2235 3819 2536 3873 Romanam
2573 3818 2837 3883 derivata,
2864 3813 3186 3870 universalis
3235 3812 3476 3868 celebrat
3521 3817 3578 3866 et

1989 3918 2278 3965 veneratur
2313 3907 2574 3973 Ecclesia,
2611 3907 2752 3962 sicut
2801 3905 3177 3976 praediximus,
3235 3917 3337 3957 nos
3384 3916 3576 3956 accen—

1990 4001 2142 4067 dunt,
2175 4008 2235 4056 et
2257 3999 2443 4065 silere,
2476 4015 2542 4054 ac
2573 3997 2788 4054 desides
2817 4009 2936 4053 esse
2975 4009 3320 4066 nequaquam
3359 3993 3581 4065 permit-

1990 4099 2130 4147 tunt.

2065 4183 2204 4254 Ergo
2234 4197 2354 4237 cum
2378 4183 2453 4238 ita
2485 4182 2575 4249 sit,
2605 4181 2880 4253 quoniam,
2907 4189 2968 4237 ut
2993 4180 3280 4236 veritatem
3307 4178 3575 4244 dicamus,

1989 4293 2090 4349 per
2110 4277 2293 4332 omnia
2320 4277 2396 4332 ita
2419 4285 2525 4343 est,
2555 4284 2612 4331 et
2637 4276 2683 4330 si
2710 4285 2920 4347 tempus
2941 4260 3260 4346 indulgeret,
3293 4273 3437 4329 mille
3457 4287 3578 4342 quas

1991 4372 2222 4428 dicimus
2250 4370 2556 4426 valeremus
2584 4370 2912 4425 testimoniis
2932 4371 3329 4430 demonstrare,
3377 4376 3432 4421 et
3485 4379 3578 4418 vo-

1991 4461 2075 4518 bis
2097 4474 2171 4518 ex
2193 4460 2556 4532 probabilium
2587 4461 2806 4531 scriptis
2841 4460 3082 4517 virorum
3125 4457 3345 4529 iudieiis
3386 4464 3576 4510 osten-

1999 4554 2128 4609 dere
2156 4552 2579 4624 multiplicibus:
2611 4552 2778 4608 nolite
2801 4553 3095 4624 indignari,
3125 4550 3290 4604 nolite
3315 4549 3578 4604 adversus

1998 4662 2097 4702 nos
2133 4645 2330 4701 frustra
2379 4647 2616 4713 causari,
2670 4646 2836 4703 nolite
2881 4657 3256 4716 perversorum
3300 4642 3575 4698 hominum

1993 4737 2157 4793 Verba
2186 4735 2417 4791 libenter
2437 4736 2644 4800 audire,
2677 4736 2771 4792 sed
2801 4735 2984 4806 potius
3013 4749 3112 4790 nos
3137 4733 3338 4788 audite.
3397 4730 3573 4786 Nolite

1992 4828 2148 4883 nobis
2177 4828 2350 4883 minas
2369 4828 2730 4898 praetendere,
2759 4826 3010 4896 quoniam
3033 4839 3139 4880 nec
3160 4824 3295 4890 illas,
3350 4823 3580 4878 Domino

1989 4927 2323 4990 protegente,
2358 4920 2669 4983 metuimus,
2711 4932 2810 4973 nec
2835 4933 2934 4986 per
2956 4917 3052 4971 has
3073 4923 3342 4985 praecepta
3374 4923 3574 4979 vestra,

1987 5010 2092 5065 nisi
2113 5011 2312 5066 divinis
2339 5009 2541 5065 fuerint
2582 5009 2748 5080 jussis
2799 5016 3013 5074 ornata,
3063 5006 3342 5063 faciemus.
3392 5007 3572 5065 Parati

1990 5109 2173 5154 autem
2197 5116 2384 5156 sumus
2402 5110 2624 5172 propter
2651 5101 2959 5167 veritatem,
2990 5101 3307 5170 sanguinem
3331 5109 3572 5155 nostrum

1988 5189 2288 5255 effundere,
2319 5201 2374 5247 et
2395 5191 2661 5261 siquidem
2690 5192 2901 5263 plebem
2929 5192 3188 5246 divinitus
3237 5191 3392 5247 nobis
3422 5209 3570 5246 com-

1991 5284 2232 5349 missam,
2260 5299 2362 5339 nec
2385 5284 2554 5351 vobis,
2580 5299 2682 5341 nec
2709 5284 2801 5341 ulli
2827 5293 3093 5352 vestrum,
3138 5285 3369 5357 propitio
3417 5285 3572 5341 Chri-

1989 5385 2096 5441 sto,
2125 5375 2418 5431 trademus.

2070 5468 2316 5524 Vestrum
2345 5478 2524 5524 autem
2551 5477 2634 5526 est
2655 5470 3021 5536 considerare,
3050 5479 3228 5525 utrum
3280 5471 3423 5541 quod
3464 5484 3572 5522 me-

1991 5558 2236 5614 ditamini
2259 5557 2483 5614 valeatis
2497 5573 2668 5615 necne
2689 5560 2971 5630 perlicere.
2987 5559 3228 5632 Cogitate
3259 5560 3436 5628 itaque
3459 5552 3572 5612 dies

1991 5654 2266 5722 antiquos,
2299 5660 2352 5706 et
2383 5667 2553 5714 annm
2573 5662 2804 5710 aeternos
2833 5655 2886 5709 in
2915 5664 3096 5710 mente
3118 5654 3368 5707 habetote
3396 5649 3566 5722 (Psal.

1988 5743 2173 5815 LXXV!)
2201 5762 2214 5797 :
2245 5743 2450 5814 etquid
2481 5744 2855 5816 imperatores,
2885 5748 2972 5816 qui
3002 5745 3267 5816 persecuti
3309 5752 3434 5798 sunt
3468 5744 3569 5798 Ec—

1987 5836 2206 5894 clesiam
2249 5836 2361 5905 Dei,
2420 5832 2492 5892 et’
2526 5837 2761 5893 maxime
2812 5837 3101 5894 Ecclesiam
3144 5835 3486 5891 Romanam:
3519 5834 3570 5890 id
