4050 6324
1718 147 1745 212 t

469 298 575 355 959

1787 284 2059 343 NlCOLAl
2096 284 2302 341 ΡΑΡᾹζ
2341 285 2363 339 l

3657 288 3776 345 $0

468 419 556 468 est
603 407 766 473 Nero,
822 405 1203 470 Diocletianus,
1244 400 1652 470 Constantinus,
1711 401 2055 469 Anastasius,
2082 403 2138 466 Α
2160 398 2432 456 ctantibus
2468 384 2707 457 fidelium
2735 388 2987 457 convenit
3015 401 3180 458 corda
3218 403 3502 470 submitti;
3548 416 3774 474 quanto

469 510 528 559 et
547 499 730 556 caeteri
755 498 923 554 moris
947 512 1134 554 eorum
1165 497 1523 566 pertulerunt,
1577 503 1632 551 ct
1651 494 1741 550 ubi
1768 495 1927 550 modo
1952 494 2062 550 sint

473 593 736 649 attendite
761 590 1069 662 diligenter,
1103 597 1158 643 et
1185 597 1445 658 quantum
1498 589 1570 644 sit
1594 589 1650 643 in
1677 587 1920 643 Ecclesia
1963 586 2061 643 Dei

470 681 826 740 exsecrabilis
851 679 1001 736 fama
1021 694 1231 745 eorum,
1275 687 1329 735 et
1357 693 1555 735 nomen
1607 676 1925 734 detestabile
1975 689 2062 732 sa.

470 777 685 847 pienter
703 772 984 829 advertite.
1027 770 1240 840 Quanta
1286 778 1466 827 autem
1510 770 1607 826 Dei
1641 770 1910 827 cultorum
1953 769 2063 824 Au-

472 876 773 940 gustorum,
805 863 900 934 qui
933 863 1234 919 Ecclesiam
1263 861 1361 919 Dei
1382 862 1760 919 exaltaverunt
1807 870 1865 918 et
1917 877 2060 932 prae-

472 958 630 1028 cipue
654 955 977 1023 Romanam,
1006 954 1352 1012 Constantini
1377 955 1631 1011 videlicet
1650 963 1708 1010 et
1723 954 2055 1022 Constantis,

473 1047 762 1104 Theodosii
790 1062 1005 1118 quoque
1031 1047 1254 1118 majoris
1281 1055 1338 1103 et
1355 1045 1743 1112 Valentiniani,
1789 1054 1847 1102 et
1895 1053 2061 1101 caete-

471 1159 654 1202 rorum
684 1143 803 1199 laus
831 1143 886 1198 in
915 1142 1210 1199 universali
1233 1141 1476 1198 Ecclesia
1506 1141 1724 1212 polleat,
1773 1148 1830 1196 et
1873 1154 2064 1196 eorum

471 1235 743 1306 praeconia
781 1235 982 1306 uhique
1009 1244 1322 1305 personent,
1363 1242 1419 1290 et
1442 1249 1642 1290 nomen
1686 1248 1876 1290 eorum
1919 1233 2064 1290 inter

473 1347 629 1389 sacra
680 1332 942 1404 mysteria
988 1330 1424 1403 imprtetermisse
1467 1338 1939 1397 commemoretur,
1982 1336 2065 1385 at-

471 1423 678 1480 tentius
710 1431 768 1478 et
811 1421 996 1478 sedule
1045 1421 1408 1479 recordamini
1441 1439 1454 1474 :
1490 1421 1676 1492 sicque
1722 1435 1822 1476 nos
1875 1420 2064 1478 audire

472 1515 595 1572 illos
616 1515 892 1581 imitantes
922 1512 1154 1584 satagite
1193 1532 1205 1567 :
1238 1512 1430 1568 Patres
1463 1511 1609 1568 enim
1635 1512 1804 1567 vestri
1826 1524 1924 1583 per
1943 1526 2065 1584 gra-

473 1606 851 1675 tiam;Christi
902 1621 1111 1674 sumus,
1161 1614 1215 1662 et
1263 1621 1360 1662 vos
1411 1615 1667 1676 tanquam
1718 1603 2064 1662 charissimos

471 1697 746 1770 diligimus
785 1696 922 1754 filios
951 1712 966 1752 :
998 1712 1099 1754 nec
1118 1711 1408 1768 possumus
1438 1696 1594 1752 vobis
1623 1695 1728 1752 nisi
1774 1695 1919 1752 viam
1966 1711 2062 1752 ve-

2160 492 2338 564 potius
2361 492 2505 548 sedis
2529 492 2672 548 illius
2691 493 2932 564 pontifici
2961 509 3260 551 consensus
3285 505 3369 552 est
3390 497 3769 567 adhibendus,

2162 601 2323 656 quem
2347 593 2558 642 cuncta:
2578 585 2832 642 Ecclesiae
2867 588 3134 660 generalis
3151 589 3356 662 iugiter
3385 591 3564 660 pietas
3612 593 3775 650 cele-

2159 678 2373 734 bravit?
2433 677 2538 735 Ubi
2585 677 2873 734 clementia
2925 689 3109 736 vestra
3163 681 3443 737 evidenter
3497 684 3768 751 advertit,

2161 784 2436 839 nunquam
2463 769 2654 839 quovis
2685 770 2901 840 penitus
2928 771 3166 829 humano
3193 774 3422 830 consilio
3447 775 3671 831 elevare
3706 793 3773 833 se

2163 875 2488 932 quemquam
2517 875 2677 931 posse
2702 870 2890 917 contra
2917 862 3058 919 illius
3080 864 3442 936 privilegium,
3492 866 3580 921 vel
3627 884 3774 923 con-

2163 952 2458 1009 fessionem
2488 993 2504 1020 ,
2559 967 2722 1024 quem
2774 953 2978 1011 Christi
3037 972 3143 1012 vox
3185 958 3418 1028 praztulit
3460 959 3770 1027 universis,

2162 1063 2324 1118 quem
2374 1047 2614 1104 Ecclesia
2667 1050 2975 1106 veneranda
3023 1050 3270 1107 confessa
3315 1067 3535 1122 semper
3563 1062 3671 1118 est,
3713 1064 3776 1108 et

2162 1139 2330 1196 habet
2365 1140 2556 1195 devota
2580 1139 2868 1210 primatem
2898 1159 2910 1194 :
2953 1141 3156 1211 impelli
3186 1158 3297 1197 non
3340 1144 3526 1198 valent
3566 1145 3775 1199 huma.

2164 1234 2250 1290 nis
2274 1233 2784 1304 praesumptionibus
2813 1250 2935 1306 qua:
2969 1235 3153 1291 divino
3189 1245 3317 1292 sunt
3359 1236 3571 1306 judicio
3627 1255 3771 1295 con-

2166 1328 2375 1384 stituta.
2419 1325 2680 1383 Desinant
2701 1341 2832 1398 ergo
2861 1343 3138 1402 rogamus,
3184 1331 3516 1400 temporibus
3560 1334 3775 1388 vestris

2165 1419 2388 1491 quidam
2408 1433 2507 1489 per
2524 1419 2870 1475 occasionem
2918 1421 3383 1490 perturbationem
3427 1423 3777 1480 ecclesiasti-

2166 1525 2286 1566 cam
2351 1511 2752 1583 przecipitanter
2798 1519 3068 1583 appetere,
3132 1521 3188 1568 et
3240 1529 3363 1584 quae
3417 1531 3527 1570 non
3601 1515 3777 1572 liceat

2167 1601 2418 1658 ambire:
2450 1601 2690 1674 alioquin
2739 1612 2794 1660 et
2842 1605 2986 1674 quod
3023 1603 3164 1660 male
3217 1606 3602 1676 appetiverint,
3655 1623 3774 1662 non

2165 1695 2531 1767 perfruentur,
2571 1705 2628 1753 et
2657 1697 2831 1768 ipsam
2851 1712 3067 1770 quoque
3114 1695 3612 1764 Christianitatem,
3659 1701 3773 1756 nisi

473 1789 653 1845 ritatis
684 1787 968 1844 ostendere
999 1807 1012 1842 :
1038 1795 1310 1844 terrenam
1333 1787 1561 1856 gloriam
1607 1797 1847 1842 vestram
1877 1786 2066 1859 augeri
2091 1775 2141 1837 Β
2169 1787 2517 1860 resipuerint,
2540 1803 2770 1859 prorsus
2805 1788 3076 1844 amittent.
3131 1788 3245 1844 Vos
3287 1797 3492 1856 autem,
3541 1804 3771 1859 quaesu-

474 1878 735 1935 divinitus
762 1887 1104 1949 exoptamus.
1135 1877 1242 1935 Sed
1264 1877 1395 1950 quid
1442 1891 1755 1948 peccamus,
1801 1877 1846 1933 si
1895 1877 2092 1934 ciale-

473 1976 641 2035 stem,
669 1983 736 2025 ac
762 1977 1022 2024 aternam
1064 1982 1165 2024 vos
1213 1983 1499 2040 capessere
1546 1967 1897 2025 nihilominus
1938 1983 2066 2026 exo-

474 2061 698 2118 ramus?
927 2137 932 2141 η
1026 2133 1035 2137 _

487 2213 490 2216 ,
545 2152 888 2226 Quapropter
933 2154 1178 2212 attendat
1227 2153 1516 2210 clementia
1562 2163 1767 2224 vestra,
1831 2165 2066 2229 quantus

473 2247 656 2303 fuerat
701 2262 832 2320 erga
871 2247 1016 2304 sedis
1061 2246 1369 2318 apostolica:
1402 2249 1762 2305 reverentiam
1815 2259 2065 2307 anteces-

472 2354 658 2396 serum
690 2346 995 2395 vestrorum
1021 2338 1236 2410 piorum
1264 2339 1532 2395 duntaxat
1567 2340 1980 2412 imperatorum,
2012 2351 2069 2399 et

471 2434 743 2506 praecipue
771 2449 910 2505 quos
934 2434 1092 2507 longe
1133 2434 1386 2507 superius
1429 2437 1875 2504 memoravimus,
1913 2452 2068 2494 amor

471 2533 526 2582 et
557 2527 798 2582 studium
831 2545 844 2582 :
877 2526 1111 2598 qualiter
1138 2541 1260 2582 eam
1302 2527 1532 2584 diversis
1560 2528 1862 2600 privilegiis
1911 2511 2068 2586 extu-

474 2617 652 2683 lerint,
727 2619 884 2675 donis
944 2617 1254 2684 ditaverint,
1311 2617 1592 2676 beneficiis
1640 2620 2065 2692 ampliaverint:

470 2709 706 2781 qualiter
732 2709 880 2766 illam
908 2708 1108 2766 litteris
1132 2710 1246 2766 suis
1291 2710 1684 2767 honoraverint
1739 2710 1878 2784 (ejus
1926 2711 2068 2767 votis

471 2801 785 2869 annuerint,
823 2801 1071 2857 instituta
1099 2801 1430 2873 perficienda
1475 2802 1905 2876 mandaverint),
1944 2819 2068 2861 ora-

471 2892 646 2949 tiones
700 2893 994 2964 petiverint
1018 2935 1034 2962 ,
1077 2893 1242 2950 fidem
1296 2895 1614 2950 sectandam
1670 2895 2064 2953 decreverint:

470 2984 701 3055 qualiter
725 2985 893 3041 etiam
914 2984 1122 3057 legibus
1147 2986 1261 3043 suis
1283 3001 1384 3057 pro
1407 2987 1712 3044 adunandis
1740 2988 1792 3044 ei
1816 2987 2066 3045 ecclesiis

468 3075 952 3147 promulgaverint,
980 3091 1079 3146 pro
1099 3077 1416 3150 colligendis
1449 3079 1718 3145 conciliis,
1776 3095 1842 3135 ac
1883 3080 2066 3152 profe-

471 3144 656 3224 rendis
693 3144 995 3226 sententiis
1019 3185 1127 3225 non
1156 3144 1582 3242 imperaverint:
1617 3144 1712 3229 sed
1746 3144 1953 3242 precati
2009 3182 2064 3230 et
2090 3144 2136 3209 C

470 3264 676 3320 hortati
705 3263 878 3320 solum
901 3262 1234 3331 exstiterint,
1274 3271 1331 3319 et
1383 3279 1504 3335 quae
1565 3264 1641 3319 illi
1684 3263 2062 3333 decreverunt,

470 3354 574 3426 ipsi
632 3355 1040 3422 consenserint,
1101 3362 1158 3410 et
1199 3370 1321 3427 quae
1371 3354 1449 3411 illi
1495 3355 1908 3423 damnaverunt,
1961 3356 2066 3428 ipsi

469 3447 797 3519 respuerint.
830 3446 924 3505 Sic
940 3464 1095 3520 ergo,
1147 3448 1225 3505 fili
1272 3449 1613 3517 charissime,
1644 3451 1724 3506 sic
1757 3458 1811 3506 et
1839 3459 1930 3506 tua
1976 3465 2066 3506 su-

467 3542 708 3599 blimitas
754 3559 861 3600 non
888 3559 957 3599 ex
985 3553 1137 3616 parte
1173 3544 1505 3616 ingratorum
1539 3552 1611 3600 et.
1632 3543 2064 3600 inobedientium

417 3625 431 3629 ’
470 3635 704 3691 filiorum
733 3636 997 3704 existens,
1026 3636 1172 3708 quod
1201 3635 1363 3702 absit,
1395 3637 1491 3693 sed
1520 3635 1622 3691 hos
1645 3636 1788 3691 inter
1835 3645 2064 3694 caeteros

467 3727 563 3785 Dei
589 3729 828 3785 cultores
856 3729 1130 3801 Augustos
1183 3729 1416 3796 imitata,
1466 3745 1587 3800 qua:
1627 3729 1970 3786 decrevimus
1995 3729 2064 3788 de

465 3819 1067 3890 Constantinopolitana
1104 3818 1364 3884 Ecclesia,
1421 3819 1742 3876 obedienter
1794 3821 2060 3877 attendat.

467 3913 573 3969 lsta
593 3928 906 3983 quaesumus
926 3912 1282 3970 suadentibus
1311 3914 1509 3986 saepius
1548 3914 1706 3973 nobis
1752 3915 1928 3986 pietas
1969 3931 2065 3972 ve-

467 4015 580 4062 stra
603 4021 703 4062 nos
731 4005 957 4062 minime
979 4015 1222 4076 spernat,
1255 4022 1367 4079 pra:
1390 4006 1563 4063 oculis
1588 4007 1796 4064 habitis
1845 4007 2061 4064 Domini

466 4100 666 4166 verbis,
698 4099 928 4156 dicentis
958 4119 971 4154 :
999 4099 1105 4168 Qui
1124 4101 1275 4156 audit
1302 4118 1416 4168 vos,
1445 4119 1529 4157 me
1550 4101 1721 4168 audit,
1745 4110 1795 4158 et
1834 4101 1926 4171 qui
1972 4117 2061 4157 vos

467 4189 686 4262 spernit,
709 4206 792 4244 me
815 4191 1029 4260 spernit,
1062 4201 1109 4246 et
1135 4189 1226 4263 qui
1262 4209 1345 4248 me
1394 4193 1594 4264 spernit
1637 4191 1789 4264 (Luc.
1816 4190 1897 4262 x),
1949 4199 2058 4248 etc.

468 4282 707 4352 Denique
741 4290 798 4338 et
820 4283 1156 4340 concordans
1198 4284 1492 4358 Apostolus
1539 4284 1771 4341 Domino
1821 4292 2058 4341 nostro:

469 4375 822 4444 Quapropter,
859 4373 1058 4446 inquit,
1097 4378 1188 4446 qui
1227 4378 1341 4434 hare
1389 4378 1602 4449 spernit,
1648 4394 1754 4433 non
1797 4378 2062 4435 hominem

466 4471 684 4542 spernit,
717 4473 808 4526 sed
829 4468 1022 4536 Deum,
1045 4469 1136 4541 qui
1160 4469 1302 4525 dedit
1329 4468 1586 4541 Spiritum
1624 4485 1783 4524 suum
1820 4480 2059 4526 sanctum

467 4564 523 4618 in
549 4565 698 4620 nobis
726 4565 776 4639 (I
801 4564 983 4621 Thess.
1010 4563 1109 4635 tv).
1139 4562 1340 4619 Verum
1364 4563 1410 4618 si
1445 4578 1541 4617 vos
1580 4577 1682 4618 nos
1726 4563 2060 4633 spernendos

465 4672 586 4714 esse
616 4656 843 4726 ducitis,
871 4672 971 4714 nos
997 4665 1181 4712 tamen
1211 4671 1317 4711 non
1342 4669 1629 4726 possumus
1661 4669 1750 4722 ea,
1800 4670 1921 4726 quae
1963 4655 2059 4712 Dei

468 4758 612 4816 sunt,
639 4764 899 4821 spernere
925 4757 980 4806 et
1011 4748 1306 4821 negligere,
1332 4761 1440 4818 quo
1474 4745 1655 4802 minus
1675 4753 1733 4803 et
1763 4746 1922 4802 saluti
1961 4762 2058 4804 ve-

467 4848 593 4896 strae
621 4840 986 4908 consulamus,
1008 4847 1064 4894 et
1085 4841 1152 4896 de
1171 4837 1482 4910 acceptione
1512 4835 1699 4892 talenti
1742 4835 1935 4893 crediti
1962 4853 2062 4894 no-

469 4940 644 4988 strum
695 4933 996 5004 periculum
1045 4932 1398 4998 declinemus,
1456 4929 1857 5002 dispensatione
1900 4930 2060 4987 nobis

469 5023 706 5080 caelestis
734 5025 956 5082 seminis
976 5023 1256 5094 injuncta:
1286 5022 1380 5079 Vae
1407 5022 1453 5079 si
1500 5036 1608 5078 non
1650 5022 2009 5093 sparserimus
2036 5024 2050 5078 !

473 5131 549 5169 va:
569 5115 615 5170 si
639 5117 993 5174 tacuerimus!
1017 5115 1071 5190 (1
1097 5116 1221 5172 Cor.
1245 5117 1348 5189 ιχ.)

542 5210 693 5278 Quod
749 5227 872 5268 cum
925 5213 1206 5271 electionis
1257 5229 1352 5270 vas
1405 5212 1659 5273 formidet
1721 5225 1777 5273 et
1839 5215 2056 5284 clamet,

470 5313 672 5377 quanto
703 5305 876 5377 magis
897 5307 1120 5363 cuilibet
1145 5308 1340 5380 exiguo
1369 5312 1717 5366 metuendum
1745 5311 1867 5366 est?
1920 5310 2059 5368 Pro-

470 5400 613 5465 inde,
651 5399 790 5454 sicut
814 5415 915 5455 non
948 5401 1066 5456 leve
1093 5401 1385 5458 discrimen
1416 5403 1682 5460 incumbit
1708 5403 2054 5475 pontificibus

469 5494 682 5550 siluisse
711 5510 809 5567 pro
833 5494 1128 5551 divinitatis
1157 5495 1303 5551 cultu
1332 5505 1388 5553 et
1412 5496 1668 5553 Ecclesiae
1718 5497 2056 5555 correctione

471 5585 611 5658 quod
638 5587 908 5660 congruit,
947 5587 1019 5643 ita
1058 5588 1162 5656 his,
1204 5588 1346 5660 quod
1399 5588 1562 5654 absit,
1619 5604 1726 5645 non
1781 5589 2054 5647 mediocre

473 5681 764 5751 periculum
793 5691 897 5748 est,
923 5681 1014 5754 qui
1042 5698 1164 5739 cum
1189 5683 1422 5738 debeant
1467 5696 1680 5752 parere,
1729 5683 2049 5754 despiciunt.

470 5771 536 5826 Et
570 5774 614 5828 si
645 5775 856 5830 cunctis
895 5775 1219 5845 generaliter
1271 5773 1644 5830 sacerdotibus
1694 5774 1875 5830 divina
1937 5784 2049 5830 tra-

2088 4525 2139 4588 D

2169 1895 2310 1947 mus,
2340 1881 2505 1937 nolite
2524 1879 2897 1952 praeiudicium
2918 1879 3016 1936 Dei
3039 1879 3299 1936 Ecclesia:
3350 1880 3603 1953 irrogare
3630 1898 3644 1935 :
3675 1881 3771 1937 illa

2169 1974 2367 2046 quippe
2394 1971 2599 2028 nullum
2645 1972 2873 2044 imperio
2923 1981 3108 2029 vestro
3147 1970 3523 2043 praajudicium
3571 1972 3764 2040 infert,

2167 2083 2292 2123 cum
2321 2066 2496 2138 magis
2515 2080 2616 2136 pro
2641 2065 2937 2130 stabilitate
2975 2066 3148 2137 ipsius
3195 2075 3451 2122 aeternam
3510 2066 3768 2122 divinita-

2167 2169 2276 2216 tem
2296 2149 2505 2226 exoret,
2531 2167 2586 2215 et
2608 2173 2708 2229 pro
2742 2158 3114 2215 incolumitate
3154 2166 3337 2215 vestra
3385 2169 3442 2217 et
3498 2169 3764 2232 perpetua

2167 2250 2471 2323 salutejugi
2489 2249 2776 2307 devotione
2805 2259 3078 2321 precetur.
3106 2251 3284 2308 Nolite
3320 2266 3442 2322 qua:
3489 2269 3587 2308 sua
3638 2263 3767 2309 sunt

2166 2357 2432 2415 usurpare
2463 2361 2477 2398 :
2507 2341 2676 2398 nolite
2702 2356 2824 2413 quae
2845 2343 2949 2415 ipsi
2977 2343 3078 2399 soli
3107 2344 3399 2400 commissa
3441 2354 3573 2400 sunt
3621 2346 3763 2402 velle

2167 2435 2488 2508 surripere:
2539 2435 2796 2502 scientes,
2854 2434 2981 2505 quia
3043 2442 3196 2491 tanto
3241 2434 3500 2490 nimirum
3526 2451 3558 2490 a
3588 2438 3765 2493 sacris

2167 2529 2326 2586 debet
2353 2529 2531 2586 omnis
2561 2528 2962 2584 mundauarum
2992 2542 3176 2583 rerum
3208 2526 3619 2583 administrator
3641 2544 3766 2585 esse

2168 2631 2428 2687 remotus,
2460 2631 2665 2694 quanto
2688 2621 2986 2694 quemlibet
3013 2635 3080 2677 ex
3111 2620 3359 2693 catalogo
3408 2619 3760 2688 clericorum,

2167 2720 2220 2768 et
2247 2711 2597 2768 militantium
2624 2713 2737 2768 Deo
2761 2711 2924 2768 nullis
2945 2711 3202 2767 convenit
3223 2711 3452 2782 negotiis
3481 2713 3764 2768 saeculari-

2166 2807 2268 2862 bus
2291 2805 2576 2878 implicari.
2609 2805 2851 2877 Denique
2877 2805 2955 2872 hi,
2985 2805 3185 2877 quibus
3242 2812 3447 2859 tantum
3501 2805 3764 2862 humanis

2166 2899 2331 2955 rebus
2369 2907 2426 2957 et
2461 2914 2568 2954 non
2605 2897 2803 2954 divinis
2824 2912 3060 2969 praeesse
3108 2896 3434 2969 permissum
3481 2905 3584 2959 est,
3629 2912 3766 2967 quo-

2166 2991 2329 3048 modo
2356 2991 2422 3048 de
2447 2991 2552 3058 his,
2577 3007 2678 3063 per
2705 3005 2842 3062 quos
2868 2991 3048 3046 divina
3075 2989 3478 3048 ministrantur.
3518 2987 3764 3045 ’udicare

2167 3091 2520 3156 praesumant,
2551 3083 2765 3153 penitus
2785 3082 3114 3154 ignoramus.

2240 3175 2488 3233 Fuerunt
2539 3176 2656 3232 haec
2697 3185 2825 3231 ante
2862 3175 3152 3231 adventum
3189 3175 3419 3242 Christi,
3450 3183 3512 3230 ut
3540 3176 3760 3246 quidam

2167 3267 2347 3338 typice
2376 3280 2532 3337 reges
2577 3265 2738 3321 simul
2787 3273 2844 3321 et
2885 3265 3198 3322 sacerdotes
3247 3266 3542 3322 existerent
3573 3286 3585 3319 :
3611 3267 3756 3337 quod

2174 3367 2426 3416 sanctum
2457 3358 2853 3416 Melchisedech
2879 3358 3048 3414 fuisse
3072 3373 3230 3415 sacra
3256 3359 3443 3431 prodit
3481 3359 3701 3414 historia
3735 3378 3749 3413 :

2169 3451 2423 3522 quodque
2447 3451 2505 3506 in
2527 3451 2788 3508 membris
2809 3451 2921 3506 suis
2949 3450 3195 3508 diabolus
3244 3451 3511 3516 imitatus,
3536 3460 3599 3506 ut
3629 3461 3760 3523 pote

2165 3543 2257 3613 qui
2289 3557 2503 3613 semper
2538 3557 2660 3613 quae
2701 3542 2886 3598 divino
2927 3542 3094 3599 cultui
3139 3543 3496 3609 conveniunt,
3543 3542 3755 3599 sibimet

2166 3634 2448 3706 tyrannico
2471 3634 2663 3704 spiritu
2698 3633 2976 3690 vindicare
3002 3634 3300 3701 contendit,
3325 3643 3385 3689 ut
3404 3634 3605 3706 pagani
3658 3635 3758 3690 im-

2164 3734 2446 3797 peratores
2492 3726 2660 3782 iidem
2713 3737 2768 3783 et
2817 3727 3040 3782 maximi
3073 3728 3373 3799 pontifices
3423 3728 3756 3786 dicerentur.

2168 3818 2278 3875 Sed
2299 3834 2423 3875 cum
2443 3818 2514 3875 ad
2533 3834 2722 3875 verum
2756 3818 2980 3893 [nempe,
3027 3819 3328 3887 Christum,
3371 3821 3575 3895 Hum]
3632 3839 3762 3879 ven-

2164 3919 2284 3966 tum
2325 3919 2428 3978 est,
2476 3913 2729 3968 eumdem
2772 3927 2958 3984 regem
3009 3922 3173 3984 atque
3226 3915 3566 3985 pontificem,
3618 3917 3758 3971 ultra

2164 4005 2268 4063 sibi
2297 4021 2399 4062 nec
2439 4005 2734 4077 imperator
2779 4004 2908 4076 jura
2961 4008 3305 4078 pontificatus
3359 4011 3616 4082 arripuit,
3663 4028 3762 4067 nec

2163 4095 2404 4170 pontifex
2443 4111 2641 4152 nomen
2673 4097 3087 4168 imperatorium
3136 4101 3437 4172 usurpavit.
3493 4103 3756 4170 Quoniam

2163 4190 2309 4248 idem
2335 4190 2602 4246 mediator
2629 4189 2725 4244 Dei
2749 4200 2806 4245 et
2827 4191 3109 4249 hominum
3133 4193 3297 4249 homo
3320 4193 3575 4250 Christus
3604 4195 3759 4252 Iesus

2163 4284 2243 4341 sic
2260 4282 2469 4340 actibus
2499 4282 2757 4354 propriis,
2791 4291 2850 4341 et
2869 4283 3544 4356 dignitatibusdistinctis,
3584 4286 3758 4342 oﬂicia

2161 4375 2449 4449 potestatis
2471 4376 2757 4447 utriusque
2779 4376 3060 4444 discrevit,
3088 4377 3308 4448 propria
3330 4377 3519 4434 volens
3574 4381 3750 4434 medi-

2162 4469 2326 4526 cinali
2351 4468 2655 4526 humilitate
2684 4483 2905 4524 sursum
2948 4468 3155 4536 etl‘erri,
3205 4484 3315 4525 non
3368 4472 3610 4525 humana
3662 4488 3758 4524 su-

2163 4560 2349 4634 perbia
2375 4576 2565 4617 rursus
2592 4561 2648 4616 in
2675 4561 2888 4616 inferna
2937 4560 3199 4632 demergi,
3249 4568 3310 4616 ut
3345 4569 3403 4616 et
3458 4560 3753 4616 Christiani

2164 4655 2520 4724 imperatores
2545 4667 2645 4724 pro
2677 4661 2882 4709 aeterna
2908 4653 3022 4708 vita
3051 4651 3398 4724 pontificibus
3420 4651 3753 4725 indigerent,

2163 4755 2219 4805 et
2239 4746 2522 4818 pontifices
2576 4761 2678 4816 pro
2729 4735 2894 4801 Cursu
2945 4743 3325 4816 temporalium
3381 4745 3755 4799 tantummodo

2129 4833 2346 4899 'rerum
2399 4838 2773 4911 imperialibus
2822 4839 3033 4910 legibus
3084 4847 3432 4895 uterentur:
3488 4851 3754 4910 quatenus

2160 4932 2421 5006 spiritalis
2454 4931 2598 4988 actio
2623 4930 2932 4988 carnalibus
2959 4932 3190 4988 distaret
3216 4931 3547 4987 incursibus.

2230 5026 2300 5082 Et
2325 5025 2447 5082 ideo
2467 5023 2706 5081 militans
2732 5024 2849 5081 Deo
2875 5024 3097 5080 minime
3127 5039 3188 5081 se
3214 5024 3445 5096 negotiis
3481 5025 3752 5081 saeculari-

2162 5119 2263 5176 bus
2295 5116 2601 5189 implicaret
2628 5115 2717 5190 (II
2740 5115 2878 5172 Tim.
2909 5117 2990 5189 ιι),
3023 5131 3090 5173 ac
3117 5115 3361 5173 vicissim
3385 5130 3494 5172 non
3541 5116 3636 5172 ille
3666 5133 3748 5170 re-

2161 5214 2263 5269 bus
2291 5211 2489 5268 divinis
2509 5211 2805 5283 prmsidere
2824 5211 3123 5278 videretur,
3175 5210 3269 5282 qui
3319 5219 3466 5267 esset
3517 5211 3750 5283 negotiis

2164 5302 2515 5360 saecularibus
2536 5302 2867 5375 implicatus,
2918 5309 2979 5358 ut
3029 5313 3084 5359 et
3141 5302 3409 5358 modestia
3467 5304 3750 5374 utriusque

2163 5395 2370 5454 ordinis
2399 5404 2706 5463 curaretur,
2739 5410 2809 5453 ne
2831 5393 3189 5452 extolleretur
3208 5403 3442 5466 utroque
3472 5394 3746 5460 suffultus,

2163 5499 2218 5549 et
2243 5497 2556 5562 competens
2577 5489 2929 5560 qualitatibus
2957 5490 3235 5546 actionum
3273 5487 3583 5559 specialiter
3621 5503 3747 5558 pro-

2164 5584 2328 5642 fessio
2359 5591 2659 5655 aptaretur.
2689 5582 2896 5652 Quibus
2919 5583 3174 5639 omnibus
3201 5582 3308 5638 rite
3342 5580 3608 5647 collectis,
3659 5595 3746 5634 sa-

2161 5680 2232 5736 tis
2254 5678 2535 5734 evidenter
2557 5677 2867 5739 ostenditut;
2887 5693 2918 5732 a
2949 5675 3196 5734 saeculari
3225 5683 3497 5747 potestate
3543 5689 3649 5730 nec
3694 5673 3749 5728 lio

2161 5771 2276 5846 gari
2294 5786 2542 5843 prorsus,
2572 5785 2672 5828 nec
2692 5771 2826 5827 solvi
2851 5785 3010 5843 posse
3033 5770 3368 5842 pontiﬁcem,
3422 5783 3582 5841 quem
3615 5782 3741 5824 con-
