4050 6324
329 459 431 518 061

1455 451 1814 508 EPISTOME
1852 448 1940 505 ET
1979 447 2320 506 DECRETA.
2391 419 2403 428 ⁷

3503 443 3610 499 962

329 579 498 628 stata
529 569 620 641 pio
643 552 887 641 prin‘cipe
932 563 1310 630 Constantino,
1353 564 1499 634 quod
1549 562 1708 636 longe
1754 576 1908 633 supe-
1934 564 2101 624 Ater
2123 560 2252 617 illud
2273 558 2418 629 quod
2461 556 2662 614 idioma
2718 554 2921 612 Graecae
2974 551 3229 611 dictionis
3281 531 3468 624 exigit,
3519 551 3608 609 vel

330 665 446 721 rius
479 663 918 729 memoravimus,
987 661 1159 716 Deum
1201 657 1550 730 appellatum,
1591 671 1694 712 nec
1751 668 1914 728 posse

328 755 502 812 Deum
530 756 598 812 ab
635 753 946 812 hominibus
970 750 1228 823 judicari,
1253 747 1602 806 manifestum
1653 754 1756 802 est.
1807 744 1916 801 Sed

329 857 386 905 et
410 847 747 904 Theodosius
769 847 947 902 minor
974 853 1176 902 sanctae
1207 842 1412 917 synodo
1446 840 1690 898 scribens
1740 837 1917 908 Ephe-

328 941 461 996 sinae
489 940 697 1012 primae,
743 939 874 996 dicit
904 957 917 994 :
945 939 1248 1010 Deputatus
1296 944 1381 993 est
1432 934 1596 1006 igitur
1630 931 1918 989 Candidia-

329 1047 434 1087 nus
470 1031 1038 1104 magnificentissimus
1066 1044 1248 1087 comes
1273 1037 1620 1085 strenuorum
1666 1023 1918 1080 domesti-

328 1141 517 1182 corum
557 1125 794 1182 transire
843 1140 1016 1196 usque
1071 1124 1136 1180 ad
1191 1115 1592 1180 sanctissimam
1647 1117 1916 1192 synodum

327 1228 582 1284 vestram,
613 1226 669 1274 et
694 1219 750 1274 in
779 1217 926 1274 nullo
961 1217 1178 1289 quidem
1202 1232 1324 1289 quae
1361 1213 1626 1270 faciendae
1673 1221 1799 1267 sunt
1851 1211 1918 1266 de

326 1312 434 1384 piis
470 1312 814 1386 dogmatibus
839 1311 1190 1382 quaestiones,
1216 1325 1313 1367 seu
1344 1309 1524 1380 potius
1550 1306 1916 1378 expositiones

329 1407 750 1463 communicare.
779 1405 1032 1462 lllicitum
1058 1419 1298 1475 namque
1332 1411 1418 1459 est
1471 1417 1619 1467 eum,
1663 1399 1754 1471 qui
1810 1413 1918 1454 non

330 1501 403 1558 sit
422 1516 490 1556 ex
521 1501 710 1556 ordine
740 1500 1208 1556 sanctissimorum
1235 1497 1635 1568 episcoporum,
1662 1490 1921 1549 ecclesia-

328 1593 482 1650 sticis
510 1593 870 1649 intermisceri
900 1591 1239 1648 tractatibus.

399 1682 538 1751 Quid
577 1691 843 1754 przeterea
892 1682 1022 1738 hinc
1083 1679 1314 1737 Romani
1356 1680 1616 1752 praesules
1660 1680 1916 1747 sentiant,

325 1775 458 1847 quid
517 1773 716 1840 Latini,
772 1773 1055 1845 Graecique
1114 1773 1364 1830 doctores
1431 1772 1559 1828 hinc
1627 1781 1914 1843 exponant,

326 1865 458 1935 quid
518 1865 750 1935 denique
805 1863 1073 1920 Maximus
1120 1863 1448 1921 venerabilis
1499 1865 1816 1929 monachus,
1863 1873 1920 1920 et

328 1956 382 2010 in
408 1956 499 2012 illo
527 1932 770 2026 tempore
798 1955 941 2028 apud
986 1971 1083 2013 vos
1131 1971 1271 2027 pene
1316 1957 1466 2013 solus
1517 1956 1816 2013 catholicus
1862 1956 1917 2012 in
1947 1932 1995 1992 Β

328 2047 864 2118 disceptatione'sua
905 2048 1208 2119 perliiheat,
1265 2050 1519 2119 quoniam
1569 2049 1787 2121 longum
1835 2057 1920 2105 est

328 2139 606 2207 scribere,
635 2140 970 2211 interrogate
1008 2140 1271 2206 seniores,
1317 2141 1406 2210 qui
1455 2150 1640 2196 tamen
1678 2141 1919 2196 moribus

326 2231 570 2288 seniores
595 2242 743 2299 sunt,
776 2240 832 2287 et
859 2231 1044 2288 dicent
1067 2232 1241 2288 vobis.
1269 2231 1364 2288 His
1395 2234 1579 2303 itaque
1632 2232 1919 2290 manifeste

328 2324 580 2395 repertis,
612 2332 838 2395 apparet
889 2324 1323 2380 comministrum
1372 2333 1618 2380 nostrum
1654 2323 1919 2395 lgnatium

323 2429 424 2485 per
451 2414 786 2487 imperialem
817 2416 1190 2471 tantummodo
1218 2415 1549 2471 sententiam
1579 2415 1727 2471 nullo
1755 2417 1918 2473 modo

325 2509 566 2578 potuisse
595 2523 821 2580 prorsus
847 2508 1063 2580 expelli.
1097 2508 1154 2564 ln
1187 2507 1348 2579 cujus
1377 2509 1742 2575 damnatione,
1795 2509 1922 2578 quia

325 2601 620 2671 praesulum
645 2615 862 2673 quoque
887 2615 1142 2657 assensus
1175 2609 1264 2656 est
1307 2599 1648 2667 subsecutus,
1698 2609 1924 2671 apparet

328 2691 382 2748 id
416 2709 580 2750 causa
605 2693 774 2751 fuisse
807 2702 1081 2765 patratum
1118 2691 1464 2758 adulationis,
1511 2707 1619 2747 non
1670 2692 1923 2764 legitimae

330 2785 650 2842 sanctionis.
675 2785 955 2858 Siquidem
978 2785 1035 2841 in
1059 2793 1265 2841 tantum
1289 2791 1474 2840 vestra
1503 2783 1772 2840 sententia
1792 2799 1927 2855 pra:-

331 2879 511 2936 sulum
541 2879 824 2951 praecessit
849 2877 1197 2944 sententiam,
1220 2885 1281 2932 ut
1308 2891 1417 2932 non
1440 2876 1615 2932 solum
1643 2884 1826 2932 vestro
1854 2877 1928 2932 sit

325 2970 482 3042 jussu
524 2986 557 3026 a
597 2971 804 3028 credita
843 2970 946 3026 sibi
1003 2980 1128 3025 ante
1174 2984 1391 3026 omnem
1441 2967 1926 3039 interrogationem

330 3064 475 3122 idem
497 3065 726 3122 antistes
752 3063 940 3136 pulsus
986 3063 1234 3129 ecclesia,
1285 3078 1476 3119 verum
1525 3063 1690 3120 etiam
1736 3069 1925 3133 postea

331 3159 386 3215 in
411 3158 761 3214 damnatione
782 3156 952 3229 ipsius
975 3155 1142 3228 (sicut
1189 3164 1342 3228 gesta
1391 3155 1536 3212 illius
1591 3154 1926 3212 latrocinalis

333 3249 548 3322 synodi,
578 3265 700 3321 qua:
722 3248 882 3304 nobis
917 3263 1016 3319 per
1063 3246 1301 3303 Leonem
1352 3246 1619 3303 illustrem
1649 3261 1680 3301 a
1702 3245 1926 3302 secretis

331 3340 586 3407 misistis,
615 3338 879 3410 indicant)
901 3339 1044 3409 quod
1068 3353 1370 3409 nunquam,
1423 3338 1480 3394 ni
1523 3337 1782 3404 fallimur,
1821 3336 1924 3392 ali-

331 3429 686 3504 quando‘fuit
711 3440 916 3499 actum,
952 3431 1113 3502 primi
1138 3437 1195 3487 et
1232 3439 1359 3486 ante
1403 3445 1593 3486 omnes
1647 3429 1929 3501 scripseri-

333 3528 404 3583 tis
418 3527 762 3598 episcopum.
787 3524 883 3581 His
911 3524 987 3580 ita
1025 3525 1322 3595 praelibatis
1351 3525 1451 3579 sub
1487 3531 1778 3595 conSpectu
1807 3521 1925 3588 Dei,

332 3636 469 3693 pure
495 3660 512 3686 ,
577 3620 898 3689 sincereque
949 3617 1207 3689 pietatem
1262 3627 1498 3673 vestram
1551 3618 1926 3686 deprecamur,

331 3713 688 3776 obtestamur,
718 3709 1092 3775 exhortamur,
1123 3716 1181 3764 ut
1203 3708 1520 3779 petitionem
1545 3715 1788 3764 nostram
1816 3720 1927 3762 non

333 3806 678 3877 indignanter
701 3801 1003 3872 accipiatis.

396 3897 684 3967 Rogamus
699 3893 952 3964 denique,
982 3900 1043 3948 ut
1069 3908 1168 3949 nos
1195 3893 1250 3948 in
1275 3893 1377 3947 hac
1408 3892 1516 3946 vita
1540 3889 1719 3961 potius
1732 3888 1928 3962 laudia-

337 3993 406 4047 tis
429 3990 802 4060 deprecantes,
834 4000 1019 4056 quam,
1053 3986 1198 4056 quod
1218 3984 1380 4052 absit,
1417 3985 1472 4039 in
1501 3983 1686 4040 divino
1723 3981 1930 4053 judicio

335 4081 582 4140 sentiatis
608 4086 949 4136 accusantes.
980 4077 1050 4132 Et
1075 4076 1197 4132 ideo
1217 4077 1403 4145 nolite,
1432 4091 1742 4148 precamur,
1765 4076 1930 4130 irasci

337 4176 384 4232 si
412 4190 510 4231 vos
539 4181 748 4228 tantum
776 4169 1074 4240 diligimus,
1106 4177 1169 4224 ut
1195 4183 1445 4242 regnum,
1494 4167 1638 4239 quod
1662 4175 1931 4236 tempora-

337 4266 462 4322 liter
483 4262 718 4322 assecuti
746 4260 900 4326 estis,
931 4259 1164 4315 velimus
1184 4274 1282 4316 vos
1311 4259 1515 4314 habere
1560 4270 1840 4336 perenne:
1873 4265 1932 4312 et

337 4357 430 4427 qui
462 4352 740 4426 imperatis
766 4349 986 4417 saeculo,
1011 4350 1231 4422 possitis
1274 4363 1504 4422 regnare
1535 4363 1660 4404 cum
1688 4345 1926 4403 Christo.

339 4450 477 4507 Nam
497 4464 603 4521 qua
631 4445 852 4512 ﬁducia,
875 4461 1150 4520 rogamus,
1187 4444 1302 4502 illic
1321 4443 1418 4500 Dei
1439 4441 1663 4516 praemia
1703 4440 1931 4513 petituri

339 4545 490 4611 estis,
523 4544 677 4616 cujus
698 4544 788 4599 hic
815 4542 1071 4600 Ecclesiae
1097 4539 1420 4597 detrimenta
1448 4552 1559 4594 non
1599 4533 1932 4606 prohibetis?

343 4637 456 4693 Non
495 4637 605 4692 sint
640 4636 845 4708 gravia,
885 4647 1195 4705 quaesumus
1242 4646 1359 4696 vos,
1406 4643 1528 4701 quae
1579 4643 1680 4700 pro
1733 4634 1931 4683 vestrm
1963 4672 2016 4737 υ

345 4728 532 4786 salutis
578 4727 882 4784 aeternitate
924 4726 1200 4781 dicuntur.
1251 4720 1526 4793 Scriptum
1561 4718 1785 4792 legitis:
1824 4716 1937 4772 Me-

345 4823 478 4877 liora
505 4829 627 4876 um!
665 4817 880 4875 vulnera
929 4817 1109 4882 amici,
1165 4829 1326 4884 quam
1369 4809 1713 4882 fraudulenta
1757 4807 1938 4864 oscula

346 4917 542 4972 inimici
564 4915 745 4988 (Prov.
782 4911 978 4982 xxvn).
1007 4911 1150 4966 Deus
1188 4907 1532 4977 omnipotens
1577 4920 1674 4960 cor
1725 4900 1939 4972 imperii

348 5011 513 5067 vestri
545 5008 612 5064 ad
633 5006 977 5078 intelligenda
1014 5018 1135 5074 quae
1163 5000 1414 5066 dicimus,
1471 4997 1767 5054 clementer
1810 5008 1937 5065 ape-

347 5109 468 5171 riat,
492 5115 548 5163 et
568 5103 724 5161 nobis
747 5102 968 5160 obedire
1013 5101 1069 5156 in
1119 5099 1204 5154 his
1256 5097 1324 5153 de
1374 5094 1571 5167 quibus
1625 5090 1934 5154 scribimus,

349 5199 638 5270 impetrare
664 5203 799 5251 nutu
840 5192 1044 5249 intima:
1075 5186 1445 5262 inSpirationis
1494 5199 1607 5241 suae
1662 5183 1936 5254 dignetur,

348 5288 807 5348 Christianissime
825 5294 882 5342 et
901 5283 1249 5349 dilectissime
1272 5279 1368 5336 ﬁli.

368 5398 370 5400 '
420 5381 678 5453 Quisquis
695 5388 878 5436 autem
899 5377 1044 5433 hanc
1067 5372 1351 5447 epistolam
1380 5378 1620 5428 nostram
1667 5368 1938 5426 Constan-

267 5501 272 5506 -
351 5474 573 5546 tinopoli
599 5473 810 5546 legerit,
837 5477 893 5528 et
919 5467 1304 5542 augustissimo
1324 5465 1436 5522 ﬁlio
1463 5473 1650 5522 nostro
1705 5465 1940 5535 impera,-

354 5569 453 5622 tori
485 5565 728 5622 Michaeli
751 5565 1046 5637 quidquam
1092 5578 1159 5620 ex
1189 5561 1296 5628 his,
1338 5575 1458 5631 quae
1508 5560 1563 5616 in
1613 5573 1677 5615 ea
1735 5557 1941 5630 scripta

351 5668 479 5715 sunt
502 5657 872 5724 occultaverit,
899 5657 946 5713 si
971 5656 1147 5713 locum
1176 5653 1318 5727 apud
1356 5653 1508 5708 illum
1556 5659 1736 5724 potest
1786 5652 1946 5727 inve-
2006 5716 2008 5719 ι

355 5754 474 5809 nire
497 5750 866 5815 sulIicientem,
907 5749 1194 5806 anathema
1224 5747 1297 5804 sit
1323 5745 1497 5819 (epist.
1535 5745 1647 5818 10).
1682 5742 1941 5815 Quisquis

355 5845 518 5898 etiam
545 5843 930 5914 interpretatus
955 5857 1075 5897 eam
1112 5841 1277 5896 fuerit
1313 5847 1371 5896 et
1414 5853 1482 5895 ex
1533 5852 1599 5894 ea
1647 5835 1942 5908 quidquam

357 5935 663 6011 mutaverit,
694 5933 778 5989 vel
804 5932 1154 6004 subtraxerit,
1190 5943 1282 5988 aut
1311 5928 1759 6002 superaddiderit,
1805 5943 1944 5998 prae-

2021 652 2430 726 interpretantis
2457 649 2683 708 scientia
2713 648 2846 722 [lege
2865 657 2922 702 ut
2948 647 3002 701 in
3024 647 3173 718 epist.
3205 643 3312 700 ‘10:
3344 643 3609 716 interpre-

2019 746 2156 806 tanti
2183 744 2490 813 scientiam,
2524 751 2630 800 etc.
2655 739 2854 814 Hum]
2883 737 3210 810 intelligendi
3261 751 3370 794 non
3402 735 3610 805 tribuit,

2019 838 2315 895 anathema
2352 837 2442 892 sit.

2089 928 2217 985 Haec
2245 927 2482 1000 quidem,
2511 941 2630 999 quae
2650 925 2931 999 hucusque
2958 939 3056 997 per
3082 921 3367 996 periochas
3410 935 3606 978 novem

2019 1030 2146 1080 sunt
2168 1021 2394 1094 scripta,
2425 1020 2577 1090 prius
2602 1027 2745 1086 acta,
2778 1026 2834 1075 et
2853 1033 2885 1073 a
2909 1017 3066 1073 nobis
3085 1032 3183 1088 per
3211 1012 3472 1086 quosdam
3497 1010 3608 1067 fra-

2019 1121 2190 1170 terna:
2245 1112 2585 1184 generalitati
2643 1119 2841 1168 vestrae
2902 1109 3202 1166 intimanda
3249 1114 3379 1164 sunt
3419 1105 3608 1173 missa,

2019 1216 2218 1280 praeter
2272 1206 2559 1279 epistolam
2625 1205 2774 1290 illam
2823 1204 3159 1278 apostolatus
3210 1202 3406 1268 nostri,
3446 1216 3608 1273 quam

2019 1301 2269 1358 Michaeli
2309 1299 2768 1358 excellentissimo
2815 1298 3132 1369 imperatori
3181 1311 3281 1368 per
3323 1295 3612 1367 quemdam

2020 1397 2191 1468 ipsius
2236 1397 2494 1470 legatum,
2525 1395 2618 1467 qui
2652 1409 2712 1452 se
2737 1391 3238 1472 protospatharium
3287 1388 3612 1462 appellabat,

2021 1489 2240 1546 nomine
2275 1487 2614 1554 Michaelem,
2637 1485 3058 1542 transmisimus.
3111 1482 3304 1540 Postea
3334 1496 3464 1538 vero
3492 1495 3616 1537 cum

2021 1578 2486 1672 cognovissemus,
2516 1577 2643 1648 quia
2688 1591 2855 1648 penes
2901 1575 3022 1641 hos,
3077 1573 3170 1645 qui
3229 1570 3422 1628 nolunt
3469 1561 3617 1625 sanis

2022 1661 2370 1743 acquiescere
2402 1669 2645 1735 monitis,
2674 1668 2810 1724 nihil
2839 1667 3012 1724 solum
3038 1665 3327 1722 scribendo
3365 1661 3617 1734 proﬁcie-

2019 1764 2237 1832 bamus,
2259 1771 2437 1818 ratum
2465 1759 2740 1828 duximus,
2764 1774 2861 1833 per
2882 1759 3090 1831 legatos
3123 1766 3359 1820 nostros,
3402 1762 3457 1811 et
3513 1754 3614 1809 ite-

2022 1863 2170 1912 ratas
2218 1855 2429 1912 litteras
2463 1870 2528 1910 ea
2571 1867 2764 1909 rursus
2821 1866 2943 1922 quae
2993 1848 3318 1905 videbantur
3362 1843 3619 1900 Ecclesia:

2021 1948 2303 2021 profutura
2327 1947 2606 2012 mandare,
2637 1945 2798 2016 hujus
2822 1943 2902 1999 rei
2926 1940 3102 2014 gratia
3130 1937 3428 1994 direximus
3475 1933 3619 1990 Con-

2020 2042 2428 2114 stantinopolim
2453 2042 2722 2097 Donatum
2748 2035 3154 2094 sanctissimum
3202 2031 3541 2102 episcopum,
3565 2035 3621 2084 et

2019 2132 2256 2190 Leonem
2281 2128 2648 2188 venerabilem
2673 2129 3069 2198 presbyterum,
3099 2131 3263 2192 atque
3293 2119 3471 2175 ﬁlium
3526 2131 3624 2174 no-

2021 2233 2193 2279 strum
2219 2221 2487 2277 Marinum
2516 2219 2804 2274 diaconum
2839 2233 2853 2270 :
2891 2223 3161 2287 quatenus
3189 2212 3268 2278 hi,
3324 2209 3417 2281 qui
3473 2207 3620 2264 litte-

2021 2315 2099 2371 ris
2125 2313 2387 2370 admoniti
2414 2326 2608 2384 parere
2629 2309 2924 2382 refugiunt,
2951 2305 3190 2369 veritati,
3219 2303 3412 2360 saltem
3439 2296 3623 2357 verbis

2022 2406 2349 2463 salutaribus
2377 2402 2651 2470 conventi,
2680 2401 2894 2457 discant
2916 2398 3133 2454 tandem
3157 2395 3353 2452 divinis
3402 2393 3621 2448 institu-

2025 2498 2260 2554 tionibus
2283 2496 2508 2552 minime
2538 2491 2822 2550 resultare.
2859 2489 3067 2557 Quibus
3085 2487 3143 2543 in
3193 2484 3414 2556 scriptis
3468 2481 3619 2537 dedi-

2023 2611 2169 2661 mus,
2201 2609 2322 2666 quaa
2369 2593 2638 2649 habentur
2681 2589 2739 2645 in
2795 2585 3042 2653 subditis,
3085 2596 3314 2656 quaeque
3362 2593 3463 2652 per
3505 2585 3624 2658 tres

2023 2689 2313 2762 periochas
2336 2683 2716 2756 distinguenda
2736 2681 2854 2738 fore
2875 2677 3235 2736 decrevimus.
3290 2673 3472 2730 Prima
3517 2671 3624 2727 uti-

2025 2797 2132 2854 que
2165 2782 2358 2838 harum
2383 2787 2486 2845 est,
2511 2791 2634 2848 quae
2667 2783 2724 2832 et
2766 2773 2976 2831 decima
3027 2769 3190 2842 hujus
3227 2774 3312 2824 est
3365 2763 3624 2837 periocha

2025 2875 2337 2942 voluminis,
2362 2873 2647 2930 continens
2687 2867 2975 2940 epistolam
3003 2864 3073 2920 ad
3100 2863 3219 2936 jam
3259 2866 3622 2918 memoratum

2025 2971 2330 3042 Augustum
2355 2965 2754 3030 transmissam,
2794 2970 2852 3017 et
2879 2945 3105 3016 alteram
3135 2957 3202 3013 ad
3229 2954 3533 3026 episcopos,
3561 2967 3627 3008 ac

2026 3071 2254 3120 caeteros
2277 3058 2496 3117 ordines
2525 3051 2989 3125 ConstantinOpoli
3015 3049 3306 3120 subjectos.
3373 3043 3625 3100 Secunda

2026 3171 2158 3214 vero
2175 3154 2433 3226 periocha
2453 3159 2560 3219 est,
2591 3164 2712 3221 quae
2765 3145 2928 3218 hujus
2971 3143 3219 3215 corporis
3277 3137 3624 3196 undecimum

2036 3246 2271 3318 complet
2298 3244 2499 3310 locum,
2550 3241 2758 3298 habens
2785 3239 2842 3294 in
2867 3253 2927 3295 se
2952 3237 3086 3294 duas
3136 3231 3395 3306 epistolas
3419 3249 3433 3285 :
3456 3244 3622 3284 unam

1957 3305 2002 3370 Ο
2033 3305 2251 3402 Ριιοίὶο,
2281 3343 2338 3391 et
2371 3305 2600 3390 alteram
2621 3329 2810 3386 Bardaa
2858 3326 3062 3384 fautori
3100 3323 3218 3394 ejus
3271 3321 3622 3392 descriptam.

2028 3427 2201 3484 Porro
2228 3425 2388 3482 tertia
2409 3433 2517 3490 est,
2547 3438 2671 3495 quae
2694 3429 2752 3478 et
2777 3419 3097 3477 duodecima
3124 3415 3288 3473 istius
3312 3421 3398 3470 est
3423 3410 3627 3470 codicis

2027 3525 2307 3598 periocha,
2331 3519 2721 3579 circumferens
2747 3517 2802 3572 in
2831 3531 2891 3571 se
2916 3513 3074 3568 fratri
3097 3520 3154 3567 et
3180 3510 3502 3580 coepiscopo
3529 3520 3626 3561 no-

2029 3625 2145 3673 stro
2166 3613 2396 3687 lgnatio,
2417 3621 2474 3668 et
2501 3610 2662 3666 matri
2693 3605 3058 3678 imperatoris,
3092 3610 3256 3673 atque
3299 3598 3458 3654 uxori
3507 3597 3626 3669 ejus

2031 3705 2272 3778 singulas
2302 3704 2497 3759 missas
2524 3697 2782 3772 epistolas
2813 3716 2826 3752 :
2854 3710 3062 3752 necnon
3083 3701 3140 3750 et
3171 3689 3457 3763 epistolam
3504 3687 3627 3743 uni-

2029 3775 2286 3862 forinem,
2325 3807 2489 3864 quam
2517 3789 2841 3863 quibusdam
2862 3785 3028 3842 claris
3056 3782 3207 3839 urbis
3237 3775 3620 3836 Constantino-

2029 3887 2286 3960 politanae
2309 3883 2654 3941 senatoribus
2677 3877 2994 3951 singillatim
3041 3871 3409 3935 scribendam,
3454 3874 3618 3938 atque

2030 3977 2354 4035 mittendam
2377 3974 2495 4031 fore
2520 3970 2888 4045 praevidimus.

2667 4084 2976 4144 LXXXVII.

2072 4207 2140 4247 AD
2188 4200 2518 4246 “IBEBTUI
2569 4193 3020 4240 ABCBIEPISCOPUI
3068 4185 3588 4235 HANIABURGENSII.

2641 4295 2819 4369 (Anno
2870 4290 3023 4364 865.)

2500 4407 2666 4466 Pallii
2704 4421 2859 4463 usum
2905 4402 3158 4460 concedit.

2038 4531 2218 4607 [Apud
2251 4527 2629 4607 Lappepberg,
2673 4522 2882 4607 {lambit
2892 4518 3131 4607 νςιὶεςσιξιιξεδΔ
3149 4603 3161 4607 Α
3173 4509 3620 4607 grlrundenbuch,

2400 4584 2696 4667 Hamburgi
2742 4584 2982 4662 1842,p.
3013 4589 3083 4644 29
3108 4584 3275 4658 seqq.]

2113 4719 2385 4774 Nrcouus
2411 4712 2720 4784 episcopus,
2748 4721 2940 4764 servus
2992 4713 3274 4759 servorum
3323 4696 3446 4761 Dei,
3477 4710 3627 4750 revc-

2041 4811 2354 4870 rentissimo
2372 4818 2430 4866 et
2449 4803 2792 4865 sanctissimo
2803 4796 3063 4858 confratri
3097 4801 3287 4850 nostro
3317 4789 3626 4854 RIMBERTO,

2040 4904 2447 4974 archiepiscopo
2475 4892 2982 4966 Hammaburgensi.

2113 4994 2170 5050 Si
2199 4970 2446 5066 pastores
2489 4988 2670 5045 ovium
2712 4984 2881 5042 solem
2912 4981 3141 5056 geluque
3182 4993 3283 5053 pro
3334 4975 3514 5050 gregis
3544 4970 3627 5028 sui

2042 5087 2288 5145 custodia
2315 5086 2403 5142 die
2427 5098 2491 5139 ac
2530 5087 2690 5137 nocte
2732 5077 2873 5135 ferre
2919 5073 3160 5134 contenti
3199 5077 3345 5135 sunt,
3382 5075 3527 5124 etut
3561 5079 3627 5120 nc

2045 5196 2154 5254 qua
2178 5195 2247 5236 ex
2271 5179 2352 5235 eis
2379 5183 2474 5232 aut
2511 5171 2744 5229 errando
2794 5176 3004 5242 pereat,
3042 5175 3138 5222 aut
3185 5162 3376 5221 ferinis
3431 5158 3629 5214 laniata

2043 5249 2317 5330 morsibus
2351 5267 2614 5340 rapiatur,
2661 5261 2834 5320 oculis
2873 5274 3086 5332 semper
3132 5252 3479 5329 vigilantibus
3521 5249 3629 5305 cir-

2045 5370 2418 5436 cumspectant
2443 5378 2460 5417 :
2483 5368 2689 5433 quanto
2713 5357 2932 5424 sudore,
2955 5361 3265 5427 quantaque
3295 5360 3429 5405 cura
3461 5342 3626 5400 debe-

2043 5473 2166 5515 mus
2197 5470 2319 5514 esse
2346 5451 2656 5527 pervigiles,
2699 5465 2818 5516 nos,
2873 5447 2965 5519 qui
3027 5453 3273 5518 pastores
3325 5438 3630 5495 animarum

2046 5550 2300 5616 dicimur,
2324 5525 2668 5604 attendamus
2691 5551 2746 5598 et
2769 5547 3077 5612 susceptum
3104 5533 3340 5593 oilicium
3364 5525 3630 5586 exhibere

2044 5657 2174 5716 erga
2201 5639 2504 5698 custodiam
2529 5634 2933 5692 Dominicarum
2959 5630 3146 5688 ovium
3173 5643 3284 5683 non
3324 5629 3626 5679 cessemus,

2044 5711 2195 5794 ue'in
2226 5734 2315 5791 die
2343 5731 2511 5789 divini
2537 5727 2808 5787 examinis
2860 5741 2959 5797 pro
3007 5729 3192 5780 nostra
3244 5711 3450 5773 desidia
3502 5711 3631 5763 ante

2042 5843 2316 5886 summum
2370 5834 2645 5898 pastorem
2692 5817 3034 5894 negligentia:
3099 5821 3284 5869 reatus
3330 5801 3627 5864 excruciet.

2049 5920 2201 5979 Unde
2235 5921 2395 5979 modo
2426 5916 2644 5976 honoris
2665 5912 2972 5970 reverentia
2997 5902 3330 5965 sublimioris
3355 5900 3497 5956 inter
3527 5910 3632 5950 ca:~
