4050 6324
454 407 561 466 963

1818 399 2106 468 NICOLAI.
2126 398 2326 457 ΡΑΡιΕ
2363 399 2385 454 I

3627 407 3742 462 965

454 531 601 580 teros
623 521 948 593 judicamur.
994 521 1218 576 Pallium
1250 527 1427 576 autem
1465 517 1795 574 fraternitati
1833 527 1938 573 tuae
1965 519 2033 573 ad
2061 521 2113 581 Α
2138 525 2309 584 tuam,
2336 530 2498 586 quam
2529 515 2677 570 intus
2710 515 2955 586 epistolis
2979 516 3216 572 breviter
3267 517 3569 589 ascripsisti
3601 519 3742 575 licet

454 617 741 671 missarum
793 615 1051 672 solemnia
1101 612 1417 668 ceiebranda
1466 611 1832 678 concedimus,
1890 611 2032 682 quod

458 707 552 762 tibi
583 723 689 762 non
721 707 893 771 aliter,
919 704 1175 760 Ecclesiae
1206 713 1310 759 tute
1343 703 1639 776 privilegiis
1679 703 1736 758 in
1764 718 1862 758 suo
1888 710 2032 758 statu

455 799 815 864 manentibus,
871 797 948 852 uti
990 797 1267 866 largimur,
1318 797 1421 852 nisi
1479 796 1815 852 solummodo
1861 796 1916 851 in
1948 795 2034 851 die

455 900 655 948 sancta:
681 908 743 947 ac
768 891 1088 946 venerandae
1143 888 1559 946 resurrectionis
1603 887 1812 944 Domini
1863 887 2033 944 nostri

454 982 577 1039 Jesu
607 982 831 1048 Christi,
868 995 960 1038 seu
1005 981 1060 1036 in
1104 982 1363 1037 natalitiis
1412 988 1720 1037 sanctorum
1770 979 2036 1051 apostolo-

427 1089 595 1148 .rum,
625 1083 786 1144 atque
815 1075 962 1130 beati
994 1074 1248 1146 Baptistae
1275 1073 1521 1139 Joannis,
1580 1088 1791 1128 necnon
1836 1088 1890 1127 tn
1943 1086 2032 1127 as-

455 1167 759 1236 sumptione
790 1167 961 1222 beatae
994 1166 1089 1221 Dei
1121 1165 1399 1237 genitricis
1438 1164 1640 1232 Mariae,
1671 1163 1938 1234 simulque
1979 1162 2033 1218 in

452 1257 745 1314 Dominicae
767 1259 979 1314 Domini
1011 1260 1105 1314 Dei
1137 1259 1307 1316 nostri
1346 1258 1648 1314 nativitatis
1672 1259 1777 1323 die,
1808 1257 2036 1338 pariter-

454 1367 558 1422 que
597 1351 651 1406 in
680 1351 1039 1407 solemnitatis
1089 1351 1342 1407 Ecclesire
1369 1360 1478 1406 tum
1507 1351 1615 1418 die,
1652 1365 1838 1406 verum
1869 1350 2033 1405 etiam

456 1452 511 1498 et
536 1443 591 1497 in
615 1442 974 1498 ordinationis
1002 1454 1106 1497 tuae
1157 1444 1401 1498 natalitio
1432 1441 1777 1500 concedimus
1828 1442 1933 1508 die,
1964 1441 2036 1497 si—

453 1535 562 1590 cuti
594 1551 624 1589 a
662 1533 975 1590 beatissimo
1018 1534 1414 1604 praedecessore
1449 1543 1633 1590 nostro
1661 1532 1876 1600 domino
1905 1531 2038 1587 Gre-

452 1625 627 1696 gorio,
654 1624 814 1695 hujus
838 1625 992 1680 alma:
1021 1624 1166 1681 sedis
1193 1625 1428 1696 prmsuli,
1457 1626 1722 1680 sancitum
1756 1632 1858 1680 est.
1881 1623 1938 1678 In
1955 1639 2037 1678 sc-

455 1717 688 1774 cretario
713 1733 841 1773 vero
864 1717 1088 1774 induere
1117 1727 1208 1773 tua
1235 1717 1545 1773 fraternitas
1572 1716 1790 1788 pallium
1810 1717 2034 1782 debeat,

451 1819 506 1867 et
535 1811 608 1865 ita
643 1810 708 1865 ad
735 1811 1022 1866 missarum
1047 1810 1308 1866 solemnia
1333 1809 1626 1880 proﬁcisci,
1683 1816 1738 1864 et
1766 1807 1901 1862 nihil
1929 1807 2031 1863 sibi

453 1902 682 1971 amplius
711 1917 842 1957 ausu
865 1902 1166 1958 temerariae
1193 1901 1630 1973 praesumptionis
1659 1915 1939 1972 arrogare,
1963 1915 2030 1955 ne
2061 1889 2110 1951 B

453 1996 581 2051 dum
612 1997 663 2051 in
694 1995 952 2052 exteriori
1005 1996 1190 2051 habitu
1243 1995 1547 2051 inordinate
1577 1994 1776 2064 aliquid
1806 1993 2035 2064 arripia-

454 2096 565 2152 tur,
589 2086 833 2148 ordinate
857 2087 1042 2152 etiam,
1060 2102 1178 2157 quae
1205 2085 1372 2142 licere
1399 2095 1668 2156 poterant,
1695 2085 2031 2139 amittantur.

454 2175 622 2255 Cujus
649 2177 902 2248 quoniam
955 2175 1253 2232 indumenti
1307 2177 1482 2232 honor
1529 2178 1768 2232 modesta
1820 2185 2033 2230 actuum

452 2269 740 2325 vivacitate
772 2268 1069 2324 servandus
1107 2277 1214 2336 est,
1247 2269 1530 2323 hortamur
1553 2278 1612 2323 ut
1633 2277 1689 2323 et
1715 2276 1910 2323 cuncta
1936 2283 2034 2322 or-

452 2369 706 2416 namenta
755 2360 1100 2426 conveniant,
1152 2369 1418 2433 quatenus
1448 2368 1670 2416 auctore
1726 2362 1835 2415 Deo
1893 2368 2038 2414 recte

452 2452 738 2522 utrobique
764 2452 943 2522 possis
965 2466 1088 2508 esse
1114 2452 1455 2522 conspicuus.
1487 2451 1673 2521 Itaque
1721 2451 1828 2505 vita
1862 2459 1949 2505 tua
1985 2450 2039 2504 ﬁ-

450 2541 537 2596 liis
566 2541 670 2597 tuis
695 2541 768 2597 sit
815 2541 1037 2612 regula;
1068 2541 1122 2597 in
1159 2542 1297 2614 ipsa,
1323 2541 1368 2598 si
1402 2557 1506 2612 qua
1532 2541 1792 2597 fortitudo
1821 2541 1929 2597 illis
1958 2542 2040 2596 in-

443 2630 587 2702 jecta
611 2641 714 2700 est,
745 2633 1028 2704 dirigatur,
1056 2633 1110 2688 in
1137 2649 1222 2700 ea,
1245 2635 1390 2705 quod
1412 2635 1713 2701 imitentur,
1733 2636 2032 2706 aspiciant;

453 2721 506 2776 in
546 2722 662 2793 ipsa
693 2736 752 2777 se
778 2709 996 2794 semper
1028 2724 1423 2781 considerando
1451 2725 1751 2795 proﬁciant,
1783 2736 1842 2780 ut
1863 2734 2033 2794 tuum,

451 2826 571 2888 post
603 2815 909 2884 Dominum,
933 2818 1186 2874 videatur
1208 2835 1352 2885 esse,
1382 2819 1520 2875 bene
1577 2820 1720 2890 quod
1757 2819 1777 2893 [
1804 2821 1870 2890 νζ,
1907 2835 2032 2877 esse

449 2908 648 2964 bonum
677 2908 809 2982 quo}
836 2910 1091 2966 vixerint.
1120 2910 1227 2967 Cor
1249 2927 1380 2983 ergo
1407 2926 1584 2982 neque
1629 2927 1885 2984 prospera
1917 2929 2038 2984 qum

451 3000 821 3070 temporaliter
847 3001 1219 3070 blandiuntur,
1255 3003 1537 3070 extollant,
1583 3019 1758 3074 neque
1812 3006 2037 3061 adversa

448 3090 726 3157 deﬁciant,
755 3092 848 3146 sed
886 3093 1145 3163 quidquid
1173 3092 1307 3148 illud
1327 3091 1510 3158 fuerit,
1539 3095 1742 3150 virtute
1766 3096 2040 3166 patientia:

451 3184 788 3239 devincatur.
817 3182 1032 3239 Nullum
1061 3187 1201 3255 apud
1226 3193 1280 3240 te
1321 3185 1501 3241 locum
1529 3188 1676 3254 odia,
1707 3187 1915 3245 nullum
1955 3188 2036 3244 fa-

451 3291 548 3333 vor
577 3276 903 3333 indiscretus
946 3278 1262 3346 inveniant;
1291 3279 1596 3337 districtum
1650 3281 1777 3336 mall
1829 3298 2034 3354 cogno-
2062 3275 2108 3339 C

453 3376 642 3435 scant;
675 3368 945 3425 insontem
973 3370 1113 3442 apud
1141 3377 1191 3427 te
1220 3371 1544 3443 culpabilem
1595 3375 1870 3446 suggestio
1899 3375 2040 3430 mala

452 3475 557 3515 non
609 3458 794 3526 faciat,
833 3471 1121 3518 nocentem
1172 3464 1347 3536 gratia
1399 3480 1509 3521 non
1554 3476 1808 3534 excuset;
1839 3468 2036 3523 remis-

451 3565 568 3607 sum
605 3561 658 3607 te
687 3551 1124 3622 delinquentibus
1165 3571 1271 3611 non
1303 3557 1578 3623 ostendas,
1602 3571 1672 3613 ne
1707 3557 1850 3628 quod
1898 3557 2044 3614 ultus

449 3660 556 3701 non
586 3645 771 3714 fueris,
827 3649 1130 3720 perpetrari
1183 3650 1486 3719 permittas.
1519 3650 1603 3706 Sit
1647 3651 1701 3706 in
1731 3658 1784 3706 te
1831 3660 1884 3706 et
1912 3651 2044 3707 boni

451 3742 686 3812 pastoris
745 3741 993 3809 dulcedo,
1035 3741 1106 3798 sit
1159 3752 1214 3799 et
1251 3743 1449 3814 judicis
1499 3759 1687 3800 severa
1749 3744 2037 3812 districtio,

451 3849 616 3890 unum
643 3834 852 3891 scilicet
876 3836 1023 3906 quod
1052 3837 1369 3893 innocenter
1397 3837 1641 3895 viventes
1669 3835 1868 3904 foveat,
1895 3837 2041 3894 aliud

450 3927 593 3995 quod
619 3927 888 3996 inquietos
911 3927 1184 3982 feriendos
1213 3941 1242 3982 a
1278 3927 1552 3997 pravitate
1576 3939 1901 4000 compescat.
1933 3931 2040 3987 Sed

450 4017 704 4086 quoniam
735 4031 1122 4086 nonnunquam
1158 4018 1566 4088 prapositorum
1602 4020 1769 4086 zelus,
1801 4022 1928 4076 dum
1959 4022 2041 4078 di-

446 4108 670 4163 strictus
722 4104 985 4162 malorum
1017 4107 1135 4187 vult
1161 4108 1355 4164 vindex
1407 4110 1666 4178 existere,
1724 4112 1940 4170 transiit
1982 4113 2037 4168 in

450 4201 825 4258 crudelitatem
855 4201 1140 4271 correptio,
1183 4201 1318 4258 iram
1341 4201 1545 4272 judicio
1579 4203 1791 4260 refrena
1819 4215 1874 4260 et
1907 4221 2038 4262 cen—

450 4308 573 4348 sura
618 4289 914 4362 disciplinae
967 4290 1047 4354 sic
1098 4299 1272 4359 utere,
1300 4301 1358 4347 ut
1385 4301 1440 4348 et
1469 4293 1654 4364 culpas
1699 4294 1890 4362 ferias,
1926 4304 2037 4351 eta

449 4387 735 4444 dilectione
775 4402 1150 4457 personarum,
1175 4403 1310 4456 quas
1339 4387 1585 4459 corrigis,
1643 4406 1749 4446 non
1793 4390 2033 4448 recedas.

449 4479 850 4535 Misericordem
881 4487 954 4546 te,
998 4488 1158 4552 prout
1209 4480 1385 4535 virtus
1432 4482 1653 4551 patitur,
1713 4485 2040 4553 pauperibus

448 4572 675 4638 exhibe,
699 4571 973 4644 oppressis
999 4571 1240 4627 defensio
1270 4581 1360 4626 tua
1393 4573 1698 4638 subveniat,
1727 4575 2034 4645 Opprimen-

2136 606 2298 661 iatius
2327 605 2615 676 explanare
2656 605 2941 674 debueras,
2983 606 3332 679 Redemptori
3391 619 3574 667 tamen
3636 628 3741 666 no-

2135 708 2250 756 stro
2283 698 2483 772 gratias
2512 699 2742 768 agimus,
2770 700 2912 770 quod
2951 715 3070 755 eam
3102 701 3154 756 in
3181 701 3296 772 ipsa
3321 701 3434 772 jam
3459 703 3741 758 brevitate

2135 801 2342 848 rectam
2369 809 2488 850 esse
2517 795 2886 866 cognovimus.
2917 793 3114 850 Sancta
3167 795 3411 851 Trinitas
3468 795 3734 851 fraterni-

2137 893 2302 940 tatem
2331 893 2568 941 vestram
2623 886 2808 957 gratize
2861 900 2973 942 sua:
3017 887 3353 958 protectione
3400 887 3737 951 circumdet,

2138 993 2299 1055 atque
2320 985 2393 1040 ita
2423 987 2476 1040 in
2503 986 2710 1041 timoris
2741 986 2820 1042 sui
2841 986 2928 1040 via
2958 1001 3056 1040 nos
3085 985 3301 1056 dirigat,
3332 994 3390 1039 ut
3436 993 3562 1057 post
3608 987 3741 1039 vita:

2154 1074 2316 1145 hujus
2348 1077 2736 1135 amaritudines
2757 1079 2824 1134 ad
2849 1088 3106 1134 aeternam
3122 1078 3582 1149 simulpervenire
3612 1077 3743 1132 dul-

2137 1170 2384 1227 cedinem
2409 1186 2734 1226 mereamur.

2210 1267 2482 1337 Scriptum
2510 1281 2608 1336 per
2636 1282 2855 1323 manum
2901 1267 3201 1333 Zachariae,
3227 1269 3480 1325 scrinarii
3525 1277 3744 1324 sancta:

2137 1363 2395 1420 Romanae
2441 1361 2712 1427 Ecclesiae,
2765 1363 2818 1418 in
2868 1379 3054 1418 mense
3109 1363 3426 1430 Decembre,
3481 1363 3747 1419 indictio-

2137 1472 2206 1512 ne
2231 1471 2342 1511 XIV.

2767 1568 3096 1627 LXXXVIII.

2137 1703 2206 1742 ΔΙ)
2225 1702 2544 1743 BERNABDU!
2565 1701 2863 1745 ILLUS'I‘RRI
2885 1703 3054 1742 VIRUI
3079 1703 3260 1744 FILIU!‘
3285 1702 3556 1752 IERNAIRI
3568 1702 3748 1751 QUOS-

2526 1775 2635 1814 ΒΔΗ
2662 1774 3072 1815 BARCINONENSIS
3099 1774 3335 1815 COMITIS.

2488 1891 2891 1964 Fragmentum.
2920 1922 2991 1932 —
3010 1892 3189 1963 (Anno
3219 1891 3370 1963 865.)

2343 2022 2503 2077 Illum
2531 2022 2590 2077 ob
2625 2022 3037 2094 deprwdationes
3063 2021 3256 2077 multas
3281 2021 3518 2093 corripit.

2635 2159 2813 2232 [Apud
2846 2159 3040 2226 Mansi,
3067 2158 3224 2232 ibid.]

2211 2293 2366 2348 Curae
2393 2308 2554 2364 quam
2585 2307 2682 2363 pro
2708 2293 2915 2348 cunctis
2957 2291 3054 2347 Dei
3093 2291 3384 2348 Ecclessiis
3413 2292 3738 2348 circumdu-

2141 2386 2314 2442 cimus
2337 2384 2572 2440 ofﬁcium
2611 2401 2710 2441 nos
2741 2386 2886 2456 cogit
2906 2400 3007 2454 pro
3033 2384 3408 2441 universorum
3460 2384 3741 2440 Christia-

2141 2493 2333 2533 norum
2391 2477 2563 2533 salute
2608 2475 2726 2532 fore
2769 2476 3048 2533 sollicitos.
3082 2476 3444 2546 Quamobrem
3501 2485 3557 2532 et
3591 2477 3738 2533 dete

2140 2584 2356 2640 quoque
2414 2568 2810 2640 providentiam
2843 2554 3087 2641 agentes,
3118 2570 3387 2634 audimus,
3418 2568 3566 2639 quod
3625 2585 3738 2624 non

2141 2663 2476 2734 optabamus,
2504 2662 2576 2716 ita
2609 2671 2661 2716 te
2711 2670 2901 2717 contra
2951 2661 3120 2717 Deum
3163 2661 3342 2718 efferri
3375 2671 3434 2718 ut
3460 2662 3736 2720 Christia-

2143 2771 2270 2811 num
2297 2754 2550 2828 p0pulum
2584 2755 2898 2826 depraedans
2925 2755 2978 2811 in
3005 2772 3172 2827 regno
3201 2757 3296 2812 ﬁlii
3319 2758 3491 2813 nostri
3510 2756 3738 2830 gloriosi

2142 2848 2286 2921 regis
2308 2846 2486 2905 Caroli
2512 2863 2798 2904 numerosa
2831 2847 2969 2903 mala
2996 2863 3276 2916 exerceas,
3307 2850 3515 2906 adeo...

2795 2999 3084 3058 LXXXIX.

2285 3133 2374 3174 AD‘
2391 3132 2702 3174 HINCIIARUI
2740 3131 3190 3173 ARCHIEPISCOPUM

2762 3229 2940 3302 (Anno
2967 3228 3116 3301 866.)

3243 3131 3560 3173 IIIIEIIENSEI
3571 3159 3582 3171 .

2145 3365 2418 3438 Synodunt
2460 3381 2561 3439 pr_o
2579 3381 2744 3439 causa
2772 3365 2996 3436 Wtfadi,
3036 3375 3086 3420 et
3124 3368 3392 3422 sociorum
3422 3363 3549 3439 ejus,
3580 3372 3726 3438 apud

2500 3436 2834 3494 Suessionem
2890 3440 3165 3494 convocati
3200 3439 3366 3508 jubet.

2213 3553 2482 3611 Nrcouos
2524 3553 2831 3624 episcopus,
2863 3568 3050 3610 servus
3100 3569 3382 3610 servorum
3432 3555 3553 3620 Dei,
3584 3572 3733 3609 reve-

2144 3644 2454 3701 rentissimo
2477 3652 2534 3699 et
2565 3643 2914 3704 sanctissimo
2934 3641 3200 3705 confratri
3225 3655 3416 3702 nostro
3446 3647 3734 3702 Hiscnno

2143 3736 2548 3807 archiepiscopo
2573 3736 2889 3792 Ithemensi.
3221 3735 3223 3737 ’

2211 3827 2502 3885 Multorum
2539 3844 2572 3884 a
2618 3830 2864 3901 partibus
2914 3828 3214 3887 Galliarum
3273 3833 3343 3888 ad
3399 3832 3592 3889 limina
3647 3835 3728 3889 vel

2142 3921 2326 3978 sedem
2382 3921 2770 3978 continentium
2825 3923 3178 3994 apostolicam
3215 3924 3482 3981 relatione
3539 3927 3733 3981 didici-

2140 4031 2283 4083 mus,
2327 4016 2670 4073 sanctitatem
2720 4027 2869 4073 tuam
2923 4019 3186 4089 quosdam
3236 4020 3483 4085 clericos,
3538 4019 3629 4089 qui
3667 4021 3734 4074 de

2141 4109 2556 4166 consecratione
2584 4109 2800 4165 fuerant
2842 4109 3084 4166 Ebbonis
3106 4111 3379 4182 quondam
3407 4111 3733 4166 Rhemtmsis

2140 4199 2376 4266 antistis,
2421 4200 2660 4282 prepriis
2705 4201 2962 4272 gradibus
2988 4202 3279 4274 pepulisse.
3311 4203 3556 4272 Quorum
3587 4204 3732 4272 deje-

2140 4293 2371 4348 ctionem
2409 4293 2710 4361 audientes,
2745 4294 2871 4364 quia
2908 4296 3120 4350 etiamsi
3151 4296 3298 4352 nullo
3322 4296 3545 4367 speciali
3571 4298 3733 4366 privi-

2139 4381 2280 4453 legio
2325 4383 2394 4439 ad
2442 4384 2581 4440 hanc
2601 4387 2898 4440 curandam
2949 4387 3320 4458 principaliter
3353 4389 3728 4454 incitarentur,

2139 4473 2414 4544 Oppressis
2441 4482 2622 4531 tamen
2637 4475 2948 4542 subvenire,
2970 4487 3027 4532 et
3053 4479 3118 4533 ad
3144 4477 3453 4550 exemplum
3485 4480 3728 4535 Domini-

2141 4581 2263 4622 cum
2286 4568 2449 4626 elisos
2479 4571 2689 4642 erigere
2721 4579 2778 4626 et
2821 4572 3154 4644 compeditos
3197 4573 3414 4628 solvere
3439 4589 3541 4630 nos
3562 4589 3727 4646 apor-

451 4665 592 4720 tibus
622 4641 862 4720 mode—sta
911 4664 1177 4720 correctio
1202 4653 1555 4730 contradicat,
1590 4641 1813 4720 nullius
1838 4665 2030 4722 faciem
2057 4641 2113 4704 Ῑ)
2142 4667 2220 4715 tet
2250 4658 2424 4732 (Paul.
2454 4641 2637 4734 cxcv),
2661 4677 2841 4734 operae
2866 4641 3098 4735 pretium
3124 4665 3379 4721 duximus
3405 4666 3462 4720 in
3492 4641 3732 4722 arehivis

450 4755 924 4825 contraiustitiam
984 4757 1237 4827 aspicias,
1265 4755 1469 4812 nullum
1527 4766 1839 4827 querentem
1882 4757 2032 4829 justa

451 4847 735 4917 despicias.
791 4847 1049 4922 Custodia
1087 4849 1141 4904 in
1170 4857 1222 4904 te
1257 4848 1528 4920 aequitatis
1566 4849 1816 4916 excellat,
1845 4858 1906 4906 ut
1933 4867 2033 4908 nec

451 4939 670 4995 divitem
722 4936 960 5010 potentia
1013 4954 1110 4994 sua
1161 4939 1363 5010 aliquid
1390 4941 1531 5010 apud
1582 4955 1678 4996 vos
1703 4949 1855 4997 extra
1890 4943 2032 4998 viam

453 5031 674 5086 suadeat
704 5032 928 5109 rationis
950 5031 1172 5098 audere,
1202 5047 1302 5087 nec
1324 5047 1616 5104 pauperem
1645 5034 1711 5089 de
1738 5048 1797 5088 re
1831 5051 1926 5090 sua
1953 5035 2033 5090 fa-

453 5122 560 5177 ciat
611 5121 888 5176 humilitas
931 5123 1236 5193 desperare.
1286 5122 1564 5190 Quatenus
1605 5124 1715 5180 Deo
1746 5125 2038 5182 miserante

457 5213 578 5269 talis
598 5213 772 5283 possis
800 5212 1050 5279 existere,
1077 5214 1288 5287 qualem
1331 5230 1484 5272 sacra
1513 5215 1672 5272 lectio
1701 5219 1943 5292 praecipit
1964 5221 2039 5278 di-

455 5321 583 5362 cens
617 5322 630 5360 :
673 5301 883 5375 Oportet
914 5307 1204 5379 episcopum
1243 5307 1744 5378 irreprehensibilem
1765 5326 1894 5366 esse.
1929 5311 2035 5368 Sed

454 5399 539 5455 his
592 5397 840 5456 Omnibus
891 5401 968 5456 uti
1014 5401 1303 5458 salubriter
1352 5403 1574 5473 poteris,
1623 5404 1667 5460 si
1721 5405 2034 5477 magistram

454 5494 773 5551 charitatem
822 5495 1098 5561 habueris,
1153 5511 1315 5566 quam
1389 5497 1480 5568 qui
1529 5507 1745 5554 secutus
1793 5498 1954 5554 fuerit
2003 5514 2034 5553 a

455 5597 600 5644 recto
627 5587 915 5660 aliquando
965 5587 1184 5643 tramite
1230 5601 1338 5641 non
1384 5589 1606 5643 recedit.
1668 5590 1828 5657 Ecce,
1864 5590 2038 5646 frater

452 5679 792 5746 eharissime,
815 5681 958 5735 inter
978 5680 1143 5735 multa
1168 5677 1269 5732 alia
1303 5679 1401 5733 ista
1447 5689 1573 5735 sunt
1595 5682 1901 5748 sacerdotii,
1932 5683 2035 5738 ista

453 5782 578 5826 sunt
603 5771 766 5841 pallii,
807 5786 926 5837 quae
971 5771 1015 5824 si
1047 5770 1286 5824 studiose
1340 5773 1662 5835 servaveris,
1704 5775 1844 5842 quod
1902 5774 2036 5829 foris

456 5867 729 5930 acet-pisse
771 5865 1089 5930 ostenderis,
1145 5864 1286 5920 intus
1326 5865 1566 5919 habebis.
1619 5866 1799 5920 Fidem
1854 5879 2031 5923 autem

2141 4761 2344 4808 sanctae
2393 4753 2670 4821 Romanae,
2701 4755 2787 4811 cui
2833 4757 2944 4812 Deo
2978 4765 3203 4813 auctore
3245 4758 3603 4824 deservimus,
3632 4759 3730 4814 Ec-

2141 4845 2320 4902 clesiae
2346 4848 2638 4904 studiosius
2664 4863 2928 4919 quaerere,
2961 4858 3018 4905 et
3046 4849 3092 4905 si
3117 4850 3319 4919 scripto
3347 4849 3490 4907 forte
3518 4866 3728 4908 memo-

2142 4936 2226 4993 ria
2245 4938 2502 5008 qualibet
2551 4939 2690 5009 apud
2713 4955 2830 5006 nos,
2857 4939 2974 4996 sive
3001 4941 3067 4996 de
3092 4940 3215 5004 illis,
3247 4941 3365 4996 sive
3413 4941 3482 4998 de
3506 4942 3728 4998 ordina-

2144 5039 2262 5087 tore
2283 5032 2520 5103 ipsorum
2551 5042 2696 5088 esset
2726 5033 3021 5098 recondita,
3057 5034 3343 5105 diligenter
3373 5036 3719 5108 investigare,

2143 5121 2286 5192 quod
2336 5131 2392 5180 et
2435 5121 2680 5179 fecimus.
2737 5123 3017 5195 Siquidem
3049 5140 3118 5180 ex
3144 5125 3230 5180 his
3263 5126 3587 5196 quihusdam
3614 5129 3723 5183 Deo

2141 5217 2416 5273 revelante
2474 5220 2722 5290 repertis,
2762 5221 3114 5278 nihilominus
3140 5223 3304 5278 etiam
3581 5227 3724 5296 quod

2139 5312 2296 5368 nobis
2322 5313 2435 5384 ipse
2460 5314 2674 5382 misisti,
2699 5313 2953 5372 videlicet
2978 5316 3030 5371 in
3072 5331 3182 5387 quo
3203 5319 3510 5389 praisignati
3538 5318 3722 5375 clerici

2139 5405 2412 5477 degradati
2444 5416 2588 5475 sunt,
2613 5417 2735 5466 acta
2766 5409 3076 5483 relegimus.
3103 5410 3212 5466 Sed
3257 5411 3341 5466 his
3366 5415 3642 5481 omnibus,
3671 5416 3726 5471 id

2137 5506 2223 5554 est
2250 5508 2359 5555 tam
2407 5499 2514 5557 illis
2543 5505 2929 5570 monumentis,
2970 5519 3092 5574 quae
3119 5519 3282 5576 penes
3303 5521 3403 5563 nos
3429 5508 3722 5574 habentur,

2137 5605 2300 5662 quam
2348 5592 2434 5649 his
2481 5610 2602 5665 qua:
2641 5598 2901 5653 sanctitas
2941 5605 3032 5654 tua
3065 5599 3222 5654 nobis
3262 5599 3572 5666 destinavit,
3621 5603 3726 5657 rite

2139 5681 2400 5750 collectis,
2443 5685 2901 5759 enucleanterque
2928 5689 3229 5754 recensitis,
3260 5691 3496 5746 nondum
3517 5692 3724 5762 liquido

2139 5783 2287 5843 patet
2313 5777 2530 5833 eosdem
2560 5778 2791 5835 clericos
2832 5781 3156 5852 regulariter
3183 5784 3352 5854 gradu
3381 5785 3604 5854 proprio
3627 5801 3719 5839 ca-

2143 5871 2332 5926 ruisse.
2364 5870 2562 5928 Verum
2591 5888 2689 5929 nos
2719 5889 2817 5929 nec
2836 5876 2936 5931 hos
2971 5877 3183 5931 interim
3206 5876 3590 5945 justiﬁcamus,
3623 5894 3720 5932 nec
