4050 6324
241 439 350 498 965

1425 415 1786 491 Εριδτοιῖιε
1830 433 1917 489 nr
1955 433 2299 491 necne“.

3408 441 3510 496 96ῐί

241 567 348 625 pro
369 553 474 608 hoc
517 549 809 619 quemlth
832 547 1275 612 condemnemus,
1317 558 1417 601 nec
1439 545 1602 602 facile
1635 560 1824 609 vocem
1854 553 1901 612 Α
1929 557 2114 603 vocem
2170 558 2419 618 proterve
2463 549 2647 620 utique
2685 549 3050 619 clamantem,
3091 566 3196 608 non
3236 553 3508 607 humiliter

243 646 475 702 istorum
521 644 845 713 spernimus,
883 655 985 697 nec
1033 638 1390 695 reverentiam
1427 649 1572 693 tuam
1625 639 1824 708 impro-

244 738 369 793 vide
391 736 854 807 reprehendimus.
888 733 1023 792 illud
1049 732 1287 803 quidem,
1335 745 1406 786 ne
1439 732 1701 788 obturare
1731 747 1826 786 au-

244 840 336 883 res
352 826 422 882 ad
447 825 712 882 clamores
736 838 1054 896 pauperum,
1087 824 1144 878 id
1168 831 1251 880 est
1299 821 1604 888 humilium,
1640 823 1827 894 digno-

244 934 464 976 scamur
495 937 508 972 :
547 919 649 974 hoc
667 933 817 984 vero,
865 933 933 973 ne
961 916 1029 972 de
1050 915 1338 986 incognitis
1376 916 1665 970 immature
1686 914 1829 984 judi-

245 1024 375 1067 care
396 1008 672 1079 quippiam
692 1009 992 1080 videampr.
1008 1008 1242 1063 Proinde
1255 1007 1566 1066 necessario
1587 1023 1826 1078 pmsen-

246 1103 322 1160 tis
344 1101 586 1175 epistolae
613 1101 922 1158 salubribus
951 1100 1349 1157 fraternitatem
1369 1108 1517 1154 tuam
1547 1100 1830 1156 hortamur

247 1195 520 1262 affatibus,
567 1195 646 1250 uti
683 1203 1135 1251 commemoratos
1165 1194 1332 1260 viros,
1364 1191 1643 1248 Wlfadum
1681 1189 1828 1246 scili-

247 1298 354 1354 cet,
383 1288 725 1360 collegasque
748 1287 936 1358 ipsius,
961 1286 1216 1342 clementi
1247 1285 1428 1341 animo
1449 1293 1505 1342 et
1539 1281 1831 1354 tranquilla

247 1381 466 1436 studeat
516 1379 586 1435 ad
614 1394 676 1436 se
722 1379 1164 1452 magnanimitate
1207 1392 1433 1444 vocare,
1480 1377 1831 1448 depositaque

247 1471 396 1527 omni
443 1470 686 1527 funditus
713 1472 1081 1540 animositate,
1131 1472 1197 1526 de
1226 1471 1567 1526 restitutione
1593 1470 1830 1541 ipsorum

247 1579 433 1620 secum
467 1562 710 1620 fraterne
752 1570 1008 1629 tractare,
1041 1571 1205 1634 atque
1247 1561 1671 1619 misericorditer
1705 1575 1833 1616 con-

247 1663 532 1711 summare‘
551 1655 864 1712 contendat.
915 1653 1264 1711 Laudabilius
1312 1655 1513 1736 quippe
1558 1651 1829 1723 judicavi-

249 1762 390 1813 mus,
439 1761 506 1802 ac
553 1761 742 1802 coram
773 1746 886 1802 Deo
915 1746 1189 1817 acceptius
1227 1759 1350 1801 esse
1384 1743 1734 1809 credidimus,
1787 1743 1831 1798 si

249 1845 501 1908 respectu
533 1837 834 1896 divinitatis
858 1838 1193 1910 interrogata
1237 1836 1569 1894 conscientia
1594 1835 1742 1891 solus
1771 1834 1833 1890 il-

1927 648 2223 710 petentern,
2267 651 2389 712 post
2415 657 2615 697 annum
2645 657 2752 699 non
2779 643 3101 699 audiendam
3126 646 3370 716 quaedam
3423 661 3506 699 re-

1928 735 2052 806 gula
2095 735 2302 790 statuit.
2337 736 2471 802 Quia
2517 751 2648 802 vero
2685 736 2944 804 nonnulli,
2993 738 3326 794 Pharaonem
3358 737 3505 803 mini.

1930 835 2180 898 strosque
2245 827 2412 898 ipsius
2469 829 2785 897 imitantes,
2845 843 2986 901 saepe
3065 845 3186 886 cum
3249 831 3514 888 senserint

1930 934 2220 989 oppressos
2248 936 2491 992 quosque
2521 930 2686 991 atque
2702 917 2964 991 deiectos,
2993 919 3060 978 de
3087 923 3199 980 suis
3222 922 3515 979 necessita-

1930 1009 2100 1074 tibus,
2122 1011 2263 1065 sicut
2294 1009 2421 1064 olim
2469 1009 2635 1066 Israel
2671 1010 2833 1078 filios,
2861 1010 3168 1079 vociferari,
3200 1012 3400 1082 iniquis
3425 1027 3518 1068 eos

1932 1103 2183 1172 operibus
2203 1102 2534 1174 opprimunt,
2560 1111 2616 1158 et
2642 1104 2899 1160 oneribus
2925 1105 3210 1175 exquisitis
3243 1103 3514 1178 afﬂigunt:

1933 1193 2134 1249 idcirco
2169 1209 2352 1250 coram
2384 1196 2496 1250 Dco
2523 1195 2865 1250 sanctitatem
2889 1204 3036 1251 tuam
3063 1196 3436 1263 admonemus,
3460 1206 3520 1252 ut

1934 1303 2058 1344 cum
2087 1287 2336 1348 fortassis
2373 1290 2579 1346 nostris
2613 1290 2857 1360 apicibus
2881 1290 3126 1358 animati,
3169 1293 3366 1348 crebro
3391 1291 3518 1347 dicti

1933 1380 2036 1435 viri
2100 1380 2418 1451 dejectionis
2475 1396 2588 1437 suae
2652 1395 2872 1438 causam
2926 1381 3115 1438 venire
3178 1381 3245 1436 ad
3291 1396 3520 1438 examen

1934 1472 2289 1540 obtinuerint,
2337 1471 2539 1530 nullam
2586 1487 2654 1530 ex
2690 1473 2778 1532 liis
2821 1471 3047 1544 quilibet
3095 1473 3520 1545 indignationem

1935 1577 2084 1621 tuam
2141 1567 2422 1633 sustineat,
2463 1565 2666 1622 nullum
2721 1567 2790 1622 ad
2843 1575 3023 1639 empta
3069 1557 3375 1638 peragenda
3426 1583 3524 1637 per

1935 1643 2333 1732 suggestionEm
2359 1660 2678 1718 reverentia;
2706 1669 2811 1717 tuae
2830 1660 3069 1731 patiatur
3097 1659 3515 1716 incommodum.

1937 1752 2044 1809 Sed
2077 1754 2318 1810 dicturus
2347 1769 2427 1819 es,
2477 1753 2622 1809 sedis
2660 1752 2970 1824 apostolicae
3012 1761 3065 1808 te
3089 1751 3367 1823 privilegia
3396 1765 3525 1807 con-

1936 1845 2209 1902 ﬁrmantis
2259 1862 2378 1918 quae
2420 1847 2489 1902 de
2538 1845 2670 1917 ipsis
2717 1853 2923 1902 statuta
2970 1854 3094 1902 sunt
3117 1846 3252 1901 viris
3299 1845 3516 1900 habere.

249 1929 428 1986 lorum
466 1930 922 1987 restaurationem
962 1931 1082 1985 sine
1109 1929 1304 2000 quavis
1329 1929 1446 2000 ipse
1471 1927 1834 1998 refragatione
1862 1924 1909 1983 Β
1933 1935 2324 2010 Βεοθ,ει·ειιιθ,
2359 1937 2466 1993 Sed
2493 1937 2538 1992 si
2569 1952 2736 2008 penes
2765 1946 2836 2004 ιθ,
2870 1937 3011 1994 sicut
3046 1936 3375 2007 exemplaria
3406 1952 3529 2008 qua,

249 2024 572 2092 admiseris,
610 2040 773 2096 quam
822 2025 871 2079 si
913 2025 1064 2094 prius
1102 2025 1362 2090 renitens,
1399 2023 1610 2079 detecta
1653 2033 1831 2080 tamen

242 2111 455 2182 justitia
497 2128 626 2172 cum
669 2114 854 2169 multis
883 2115 1026 2169 hanc
1055 2120 1242 2186 postea
1267 2112 1438 2169 fueris
1473 2112 1832 2182 amplexatus.

247 2187 368 2262 lam
395 2219 522 2262 vero
542 2205 590 2262 si
638 2203 783 2262 ﬂecti
813 2206 882 2262 ad
919 2206 1024 2262 hoc
1054 2216 1105 2260 te
1134 2206 1333 2262 munda
1366 2205 1700 2262 conscientia
1727 2221 1834 2262 non

246 2292 534 2368 permittit,
579 2299 923 2369 praecipimus
984 2297 1184 2354 fratres
1228 2307 1464 2366 nostros,
1529 2298 1834 2372 Remigium

248 2389 688 2462 Lugdunensem,
742 2391 990 2448 Adonem
1047 2391 1438 2458 Viennensem,
1494 2391 1834 2448 Wenilcnem

251 2483 764 2555 Rothomagensem,
790 2501 897 2540 una
932 2502 1056 2542 cum
1095 2489 1306 2543 caeteris
1335 2489 1761 2560 archiepiscopis
1782 2497 1836 2544 et

250 2586 305 2632 et
356 2578 628 2649 episc0pis
661 2577 960 2635 Galliarum
987 2588 1043 2636 et
1085 2579 1368 2645 Neustriae,
1409 2582 1607 2653 quibus
1651 2589 1833 2636 tamen

250 2670 586 2743 possibilitas
623 2679 730 2738 est,
763 2671 817 2726 in
865 2672 1098 2743 idipsum
1126 2688 1248 2727 cum
1275 2673 1609 2729 beatitudine
1641 2683 1753 2739 tua,
1780 2682 1836 2729 et

251 2763 717 2835 suﬂ'raganeorum
768 2775 1004 2833 tuorum,
1055 2767 1197 2836 apud
1242 2767 1587 2824 Suessionem
1643 2770 1835 2824 urbem

252 2855 553 2912 dimceseos
577 2864 682 2912 tua:
707 2856 916 2927 pariter
947 2859 1257 2914 convenire.
1296 2859 1379 2914 Ad
1407 2874 1637 2929 quorum
1668 2875 1834 2916 vene-

253 2952 482 3008 randum
539 2961 866 3008 conventum
926 2951 1200 3008 Wlfadum
1257 2967 1496 3023 quoque,
1545 2968 1668 3008 cum
1719 2952 1834 3021 jam

249 3045 591 3117 praesignatis
613 3045 836 3115 paribus
871 3043 1009 3113 ejus,
1035 3059 1132 3100 vos
1160 3045 1428 3101 accersire
1457 3045 1643 3115 procul
1673 3045 1838 3100 dubio

250 3138 514 3194 volumus.
551 3137 830 3208 Siquidem
873 3138 1146 3205 omnibus,
1193 3138 1446 3194 videlicet
1501 3147 1607 3193 tam
1655 3138 1837 3193 archi-

251 3231 519 3304 episcopis
557 3239 612 3286 et
647 3231 934 3301 episcopis,
984 3246 1146 3301 quam
1188 3231 1290 3302 ipsi
1324 3229 1540 3285 Wlfado
1576 3238 1630 3285 et
1677 3229 1838 3286 sociis

1937 2031 2079 2101 apud
2105 2045 2207 2086 nos
2252 2028 2511 2099 rejacent,
2565 2029 2798 2086 ﬁdeliter
2832 2038 3201 2096 reservantur,
3231 2036 3286 2085 et
3315 2044 3392 2100 ea,
3405 2028 3526 2084 dili-

1937 2134 2126 2194 genter
2173 2123 2434 2195 relegeris
2453 2162 2470 2191 ,
2525 2122 2766 2193 profecto
2836 2124 3078 2194 reperies
3131 2121 3256 2194 quia
3315 2137 3525 2180 summa

1935 2215 2272 2286 ﬁrmitasque
2294 2216 2536 2286 ipsorum
2560 2215 2615 2271 in
2639 2215 2948 2287 apostolicae
2974 2216 3118 2274 sedis
3151 2225 3427 2272 reservata
3457 2215 3530 2273 sit

1936 2307 2166 2365 arbitrio
2198 2309 2503 2379 potestatis.
2538 2307 2804 2364 Nimirum
2844 2323 2966 2378 qum
2985 2307 3062 2364 sic
3091 2307 3265 2363 aliena
3280 2308 3407 2380 jura
3435 2323 3528 2364 cu-

1937 2399 2118 2464 stodit,
2150 2407 2208 2455 ut
2238 2415 2336 2456 sua
2356 2413 2464 2455 non
2491 2398 2737 2456 minuat:
2761 2400 2841 2455 sic
2861 2399 3125 2456 honorem
3147 2398 3384 2455 debitum
3411 2398 3525 2463 dat,

1935 2501 1998 2546 ut
2057 2506 2214 2548 suum
2271 2507 2376 2548 non
2435 2491 2641 2547 tribuat
2681 2490 2903 2547 alienis:
2951 2489 3140 2561 sicque
3183 2488 3526 2546 dilectionem

1935 2594 2084 2641 tuam
2126 2586 2269 2640 rexit
2298 2586 2366 2640 ab
2388 2586 2566 2651 hoste,
2589 2593 2650 2640 ut
2671 2584 2786 2654 ipsa
2813 2599 2872 2640 se
2890 2582 3249 2656 flagitantium
3275 2580 3530 2636 exhiberi

1937 2685 2171 2748 nequeat
2209 2677 2404 2734 hostis.
2432 2675 2590 2732 Unde
2635 2675 2777 2732 sicut
2821 2689 2922 2732 nos
2950 2683 3140 2738 contra
3186 2681 3412 2732 cunctos
3440 2673 3530 2728 sd-

1936 2782 2218 2829 versantes
2263 2769 2380 2837 tibi,
2438 2768 2551 2826 Deo
2589 2768 2834 2840 iuvante,
2883 2766 3139 2840 clypeum
3179 2765 3530 2837 protectionis

1939 2871 2138 2918 nostris
2165 2861 2343 2932 parati
2394 2875 2582 2917 sumus
2634 2870 2950 2930 opponere:
2991 2858 3066 2914 ita
3091 2856 3406 2914 fraternitas
3437 2864 3528 2912 tua

1939 2955 2154 3012 studeat
2179 2953 2264 3010 his
2285 2951 2376 3022 ‘qui
2417 2950 2786 3024 apostolorum
2826 2947 3081 3021 suffragia
3108 2947 3403 3022 postulant,
3431 2948 3527 3003 be-

1939 3047 2104 3117 nigno
2130 3059 2345 3114 semper
2365 3043 2552 3102 favore
2575 3055 2915 3107 succurrere,
2940 3049 2997 3099 et
3016 3055 3169 3100 arma
3190 3055 3312 3110 quin
3340 3045 3530 3096 contu-

1940 3138 2102 3198 limus
2143 3136 2222 3193 sic
2243 3151 2344 3208 pro
2366 3146 2417 3192 te
2444 3136 2554 3192 sint
2587 3134 2787 3201 valida,
2815 3144 2875 3190 ut
2906 3133 3073 3194 totius
3095 3147 3194 3202 pro
3225 3132 3402 3197 nobis,
3435 3131 3530 3188 ubi

1943 3243 2164 3288 necesse
2183 3236 2285 3294 est,
2312 3243 2421 3294 non
2466 3235 2656 3286 contra
2688 3243 2808 3293 nos,
2849 3225 3062 3284 roboris
3089 3225 3404 3296 firmitatem
3430 3222 3531 3280 ob-

250 3300 388 3396 ejus,
428 3300 642 3381 nostras
684 3300 793 3380 hoc
845 3325 1097 3396 jubentes
1157 3300 1368 3380 litteras
1420 3323 1832 3380 destinavimus.
1865 3300 1912 3365 (ἶ
1943 3321 2168 3378 tineant.
2202 3320 2342 3390 Agat
2368 3320 2611 3392 igiturin
2656 3319 2743 3377 his
2770 3319 3084 3377 fraternitas
3111 3327 3221 3384 tua,
3247 3327 3308 3374 ut
3334 3327 3533 3387 praeter

253 3419 356 3475 Ubi
380 3419 639 3475 canonice
668 3434 764 3490 per
794 3419 1040 3475 ordinem
1082 3425 1279 3474 cuncta
1305 3455 1320 3486 ,
1351 3434 1472 3489 qua:
1503 3420 1554 3473 in
1583 3418 1664 3474 eis
1691 3425 1840 3490 gesta

252 3521 400 3578 sunt,
443 3511 818 3570 examinantes
867 3520 922 3567 et
963 3511 1214 3567 subtilius
1243 3512 1650 3584 investigantes,
1679 3510 1726 3566 si
1773 3509 1840 3565 de

251 3604 464 3660 illorum
496 3603 883 3661 reformatione
900 3601 1106 3672 justum
1137 3604 1267 3674 quid
1293 3603 1378 3659 vel
1407 3607 1553 3673 pium
1597 3601 1840 3658 senseri-

251 3698 344 3764 tis,
372 3697 492 3753 sine
517 3695 950 3777 contradictione
971 3697 1235 3767 perticite,
1262 3705 1316 3752 et
1340 3711 1436 3752 eos
1465 3697 1518 3750 in
1545 3697 1659 3752 suis
1686 3696 1838 3753 ordi-

251 3787 412 3843 nibus
437 3787 724 3843 restituite.
762 3786 1032 3842 Praiterea
1063 3787 1108 3841 si
1135 3786 1591 3857 disceptantibus,
1622 3787 1709 3841 vel
1731 3786 1842 3841 for-

253 3883 417 3939 tassis
449 3883 554 3938 alia
603 3891 766 3954 atque
815 3881 918 3936 alia
960 3880 1375 3937 decernentibus
1420 3880 1601 3947 vobis,
1631 3879 1842 3952 praefati

186 4013 199 4026 .
253 3974 448 4046 dejecti
502 3975 686 4031 sedem
751 3973 1143 4046 appellaverint
1203 3972 1570 4042 apostolicam,
1627 3980 1682 4027 et
1725 3973 1841 4043 ejus

253 4069 472 4140 speciali
521 4083 581 4124 se
624 4067 828 4138 judicio
876 4067 1121 4121 damnari
1167 4065 1251 4121 vel
1307 4064 1510 4121 absolvi
1554 4064 1836 4136 petierint,

253 4163 597 4234 praecipimus
622 4170 681 4217 ut
719 4162 764 4216 si
795 4161 1060 4216 sanctitas
1091 4168 1203 4225 tua,
1234 4159 1318 4214 vel
1367 4159 1412 4214 si
1442 4157 1711 4225 Wlfadus,
1749 4168 1843 4214 aut

255 4257 388 4312 socii
415 4256 551 4327 ejus,
584 4256 650 4310 ad
688 4269 788 4310 nos
817 4253 1004 4308 venire
1048 4268 1146 4324 per
1171 4267 1230 4307 se
1273 4267 1380 4307 non
1416 4260 1662 4324 possunt,
1697 4253 1844 4308 vica-

255 4348 366 4403 rios
394 4355 602 4403 vestros
641 4347 710 4402 ad
737 4347 838 4402 hoc
867 4345 1142 4416 negotium
1172 4344 1544 4399 ventilandum
1570 4352 1627 4398 et
1650 4345 1845 4400 finien-

255 4443 404 4508 dum,
436 4456 558 4497 mox
611 4449 734 4511 post
761 4446 1193 4495 consummatum
1222 4436 1516 4494 concilium
1549 4452 1618 4490 xv
1649 4434 1844 4491 Kalen-

255 4534 350 4590 das
392 4530 741 4603 Septembres
788 4529 1073 4601 prtesentis
1103 4544 1195 4584 stv
1232 4528 1547 4584 indictionis
1593 4527 1846 4582 auctori-

257 4635 367 4680 tate
397 4632 581 4679 nostra
605 4621 912 4687 collectum,
957 4629 1168 4676 vestras
1191 4629 1608 4691 praesentaturos
1655 4635 1844 4690 perso-

257 4730 378 4782 nas,
453 4713 654 4768 nullam
697 4711 910 4783 penitus
958 4712 1359 4767 excusationem
1425 4712 1837 4782 praetendentes,

257 4809 476 4880 utrique
524 4806 593 4861 ad
649 4805 833 4861 sedem
879 4803 942 4858 Β.
991 4803 1139 4858 Petri
1189 4806 1471 4860 emittatis.
1522 4805 1579 4859 ln
1631 4821 1740 4875 quo
1773 4821 1841 4862 ne

257 4907 398 4961 forte
456 4902 674 4958 sinistra
724 4898 982 4972 cogitatio
1036 4899 1314 4968 subrepat,
1379 4899 1565 4954 dicens
1621 4899 1839 4953 eosdem

256 5004 495 5057 remotos
539 4994 766 5050 clericos
792 4992 992 5046 nullam
1017 4990 1128 5061 jam
1173 5005 1358 5047 vocem
1399 4991 1841 5062 proclamationis

256 5091 477 5154 habere,
503 5101 601 5158 pro
643 5099 708 5142 eo
750 5083 892 5155 quod
914 5081 1043 5164 ξιηηί
1083 5090 1256 5137 metas
1287 5091 1500 5152 tempus
1526 5081 1840 5152 dejectionis

257 5197 444 5239 eorum
473 5178 771 5236 excesserit
799 5195 810 5230 :
843 5176 1122 5232 sciendum
1152 5184 1254 5242 est,
1298 5175 1429 5229 nihil
1460 5174 1566 5229 tale
1595 5175 1645 5228 in
1675 5189 1838 5228 canc-

260 5279 438 5342 nibus,
461 5275 552 5330 ubi
578 5275 644 5330 de
691 5270 1140 5343 appellationibus
1183 5271 1250 5325 ad
1288 5269 1587 5324 Romanum
1641 5284 1838 5339 pracsu-

257 5373 363 5426 iem
415 5369 630 5440 legitur,
669 5365 1145 5439 penitusreperiri
1190 5383 1201 5418 :
1248 5364 1384 5418 alias
1411 5371 1588 5418 autem
1631 5371 1686 5416 et
1712 5366 1843 5418 istos

261 5462 486 5516 forsitan
515 5460 653 5515 intra
686 5473 884 5513 annum
932 5470 1255 5526 provocasse
1295 5454 1538 5509 clarcbit.
1580 5452 1837 5522 Denique,

257 5554 402 5610 sicut
441 5553 666 5624 epistola
705 5567 868 5623 penes
910 5565 1008 5606 nos
1052 5549 1267 5604 inventa
1327 5556 1526 5603 sancta:
1568 5545 1840 5602 memoriae

260 5648 437 5719 quarti
485 5660 637 5717 papae
667 5645 865 5700 Leonis
894 5643 1088 5709 innuit,
1134 5642 1317 5697 sedem
1368 5639 1716 5711 apostolicam
1747 5653 1841 5694 eos

263 5740 559 5811 appellasse
593 5739 705 5810 jam
720 5753 836 5806 non
871 5739 1246 5792 incunctanter
1272 5734 1608 5806 agnovimus.
1642 5733 1842 5801 Quam-

260 5835 341 5889 vis
370 5835 527 5905 longe
549 5833 691 5888 inter
717 5847 774 5887 sc
799 5832 1010 5887 diversa
1037 5831 1108 5887 sit
1129 5829 1438 5885 omnimoda
1462 5827 1747 5899 depositio,
1777 5827 1844 5883 de

263 5945 364 5997 qua
395 5944 536 5983 nunc
567 5928 764 5994 agitur,
791 5935 844 5981 et
865 5941 1123 5996 suspensa
1155 5924 1661 5992 excommunicatio,
1693 5921 1845 5993 cujus

1943 3414 2179 3473 debitam
2231 3412 2556 3472 obedientite
2607 3411 2991 3480 reverentiam,
3060 3417 3296 3481 quantus
3361 3408 3433 3464 sit
3476 3407 3529 3462 in
3605 3477 3610 3482 λ

1909 3576 1911 3578 η
1943 3514 2124 3568 mente
2149 3513 2238 3562 tua
2264 3506 2412 3565 circa
2440 3519 2542 3564 nos
2561 3519 2730 3568 amor,
2752 3502 2846 3574 qui
2870 3518 3006 3558 auro
3034 3510 3090 3560 et
3114 3501 3382 3570 lapidibus
3402 3513 3530 3574 pre-

1943 3599 2097 3656 tiosis
2146 3598 2325 3669 potior
2351 3604 2456 3664 est,
2487 3597 2608 3654 luce
2644 3596 2844 3654 clarius
2865 3596 3190 3664 innotescat,
3230 3604 3286 3648 et
3310 3608 3408 3663 per
3432 3591 3531 3650 ho-

1943 3703 2063 3742 rum
2107 3686 2494 3744 exbibitionem
2521 3686 2615 3746 det
2643 3685 2880 3756 speciale
2907 3700 3019 3744 sua;
3066 3683 3348 3742 charitatis
3392 3682 3532 3738 indi-

1943 3780 2084 3836 cium
2110 3797 2123 3833 :
2147 3789 2204 3834 et
2223 3779 2502 3849 quaeintus
2529 3793 2920 3848 nonnunquam
2949 3777 3290 3837 solummodo
3315 3775 3529 3847 ﬂagrat,

1943 3871 1997 3930 in
2053 3872 2138 3936 his
2188 3871 2420 3942 propriae
2477 3887 2624 3936 nunc
2673 3871 2855 3933 radios
2910 3885 3022 3928 suae
3071 3869 3338 3929 claritatis
3389 3868 3546 3927 foras.

1943 3966 2174 4026 emittat.
2224 3966 2398 4026 Porro
2421 3965 2558 4026 scito
2584 3980 2686 4022 nos
2714 3963 2870 4021 fratri
2913 3973 2971 4022 et
2997 3964 3319 4034 coepiscopo
3346 3969 3535 4020 nostro

1943 4057 2194 4130 Remigio
2213 4056 2560 4129 Lugdunensi
2584 4057 2815 4114 antistiti
2837 4055 3182 4128 praecepisse,
3213 4063 3272 4116 ut
3299 4063 3352 4108 te
3383 4053 3534 4125 prius

1945 4149 2131 4222 adiens
2156 4159 2373 4206 nostras
2394 4148 2667 4209 dilectioni
2696 4157 2798 4206 tuac
2824 4147 3038 4204 litteras
3064 4146 3302 4218 porrigat
3333 4163 3346 4200 :
3372 4153 3426 4202 ct
3454 4145 3534 4203 sic

1946 4240 2184 4306 demum,
2211 4239 2255 4296 si
2290 4239 2618 4304 restitutioni
2653 4237 2999 4309 praefatorum
3028 4238 3337 4298 consentire
3365 4237 3534 4298 solius

1948 4339 2051 4394 tua:
2077 4331 2420 4392 auctoritatis
2447 4345 2582 4390 ausu
2613 4329 2839 4396 vereris,
2869 4330 2938 4386 ad
2978 4328 3384 4392 convocandum
3417 4337 3532 4382 sta-

1947 4435 2120 4484 tutum
2169 4426 2434 4482 sententia
2468 4435 2653 4484 nostra
2697 4423 2811 4492 jam
2858 4423 3196 4494 designatum
3245 4419 3530 4476 concilium

1944 4517 2198 4588 epistolas
2226 4526 2443 4572 nostras
2464 4517 2566 4576 sibi
2597 4515 2803 4577 delatas
2820 4515 3016 4586 quibus
3045 4531 3075 4569 a
3107 4514 3265 4569 nobis
3293 4512 3532 4567 destina-

1949 4617 2014 4664 tae
2037 4617 2163 4664 sunt
2209 4609 2427 4665 mittere
2465 4617 2696 4678 satagat.
2725 4607 2996 4678 Quidquid
3046 4622 3176 4662 vero
3215 4605 3270 4660 in
3301 4603 3534 4660 concilio

1868 4699 2106 4758 Dfuerit
2151 4718 2181 4758 a
2233 4703 2386 4759 vobis
2438 4703 2808 4758 examinatum
2864 4711 3027 4772 atque
3087 4709 3382 4770 repertum,
3434 4698 3534 4752 sub

1949 4804 2221 4865 gestorum
2255 4799 2395 4850 serie
2426 4793 2741 4850 tliscretioni
2789 4801 3010 4857 nostrai,
3041 4791 3180 4846 sicut
3227 4789 3532 4846 veneranda

1948 4887 2163 4943 decreta
2229 4895 2501 4952 statuunt,
2567 4887 2806 4950 mittere,
2860 4895 2915 4940 et
2964 4892 3168 4940 nostra
3223 4883 3534 4940 auctoritati

1948 4993 2066 5047 quae
2088 4978 2324 5034 salubria
2364 4977 2689 5034 videbuntur
2717 4977 3040 5042 roboranda,
3085 4979 3242 5046 plena
3283 4975 3535 5045 fidelique

1949 5071 2210 5128 relatione
2261 5072 2512 5143 dirigere.
2548 5071 2630 5126 Ad
2678 5078 2980 5126 extremum
3029 5084 3160 5126 vero
3193 5069 3438 5140 provide,
3466 5085 3536 5124 ne

1949 5164 2056 5218 ullo
2079 5172 2235 5235 pacto
2251 5164 2394 5234 quod
2417 5163 2482 5219 de
2510 5161 2750 5234 praefatis
2771 5163 2995 5218 remotis
3013 5161 3231 5218 clericis
3251 5160 3537 5218 sanximus

1948 5256 2183 5312 aestimes
2206 5255 2585 5339 negligendum
2601 5270 2726 5312 cum
2749 5268 2779 5311 a
2793 5253 2948 5312 nobis
2973 5255 3351 5313 incunctanter
3373 5269 3534 5310 nosse

1948 5347 2170 5414 poteris,
2206 5347 2249 5400 si
2279 5353 2654 5416 contemptum
2694 5344 2876 5410 luerit,
2913 5345 3239 5401 omnimodis
3269 5343 3535 5399 ulciscen-

1949 5440 2096 5505 dum,
2121 5439 2318 5508 quippe
2371 5453 2505 5508 quos
2563 5453 2665 5494 nec
2701 5437 2938 5494 cli'aritas
2994 5435 3371 5502 fraternitatis,
3435 5450 3533 5490 nec

1949 5530 2278 5600 dispensatio
2313 5529 2442 5596 loci,
2475 5529 2560 5584 cui
2596 5528 2707 5585 Deo
2731 5537 2954 5586 auctore
3001 5529 3372 5599 praesidemus,
3401 5541 3533 5596 quo.

1946 5610 2118 5694 usque
2145 5622 2443 5692 regularem
2467 5621 2626 5678 linem
2653 5621 2947 5693 opitulante
2968 5622 3085 5692 ipso
3105 5621 3301 5691 capiat,
3327 5634 3357 5673 a
3377 5616 3533 5674 nobis

1948 5715 2152 5787 patitur
2198 5715 2580 5772 omittendum.
2613 5714 2874 5786 Optamus
2911 5715 3253 5771 sanctitatem
3283 5727 3377 5767 seu
3424 5709 3534 5767 fra-

1952 5806 2258 5863 ternitatem
2311 5814 2458 5860 tuam
2512 5806 2565 5862 in
2617 5803 2836 5861 Christo
2886 5806 3022 5872 [pne
3065 5803 3265 5860 valere.
3306 5800 3440 5858 Data
3466 5815 3530 5860 ιιι

1951 5901 2132 5959 Nonas
2160 5900 2379 5973 Aprilis,
2406 5900 2697 5956 indictione
2722 5915 2831 5953 xw.
