4050 6324
560 426 664 481 967

1285 539 1396 597 XC.

700 645 766 683 an
807 645 1092 688 HBBABDUI
1116 633 1584 690 'Ancamrtscoruu
1623 647 1996 694 TURONENSEI.

1175 741 1355 815 (Anno
1381 742 1532 816 866.)
1568 826 1571 829 _

560 849 808 933 Prmcipit
837 864 892 909 ut
932 856 1032 933 nisi
1063 856 1387 933 ﬂint-martis
1410 860 1688 933 Wlfadum
1720 872 1770 919 et
1817 864 1985 920 socios
2031 865 2140 920 suis

627 925 874 998 gradibus
918 927 1058 984 ultro
1097 930 1359 998 restituat,
1414 925 1697 989 concilium
1749 934 2031 992 Suessione
2071 935 2141 990 ad

625 992 695 1051 xv
730 992 959 1054 Kalend.
997 998 1320 1072 Septembres
1345 992 1683 1074 convocetur,
1707 1006 1765 1062 in
1791 1023 1954 1079 eoque
1991 1008 2139 1062 resti-

627 1075 834 1123 utatur.

1057 1162 1235 1238 [Apud
1261 1165 1454 1236 Mansi,
1483 1165 1639 1242 ibid.]

627 1277 898 1338 NICOLAIJS
922 1283 1226 1355 episcopus,
1263 1299 1452 1343 servus
1495 1300 1776 1344 servorum
1819 1287 1936 1356 Dei,
1987 1302 2141 1344 reve-

553 1371 868 1429 rentissimo
888 1381 943 1430 et
967 1376 1313 1434 sanctissimo
1352 1378 1612 1435 confratri
1656 1388 1843 1438 nostro
1879 1380 2141 1436 Hennae

552 1463 854 1523 Turonensi
884 1467 1310 1543 archiepiscopo,
1336 1487 1432 1529 seu
1461 1473 1713 1531 omnibus
1740 1473 2142 1532 venerabilibus

552 1555 822 1628 episcopis
857 1559 1154 1618 dioeceseos
1197 1571 1322 1620 tuae.

622 1645 912 1705 Multorum
946 1666 977 1706 a
1014 1652 1260 1722 partibus
1283 1654 1578 1712 Galliarum
1605 1661 1672 1714 ad
1710 1658 1896 1716 limina
1923 1659 2008 1717 vel
2055 1675 2139 1717 se-

551 1737 676 1794 dem
716 1740 1097 1800 conﬂuentiunt
1132 1748 1486 1818 apostolicam
1533 1751 1792 1810 relatione
1831 1753 2137 1822 didicimus,

548 1828 777 1888 fratrem
806 1844 1053 1892 nostrum
1097 1837 1450 1897 Hincmarum
1477 1841 1842 1901 Rhemensem
1871 1846 2139 1917 archiepi-

1881 377 2153 483 NICOLAI
2189 423 2393 482 ΡΔΡᾹΞ
2411 421 2447 479 1

2161 543 2218 605 Α
2241 536 2496 611 idipsum,
2531 552 2657 596 cum
2688 539 2948 610 praedicto
2989 540 3164 600 fratre
3194 551 3251 600 et
3276 545 3608 620 coepiscopo
3654 560 3877 611 nostro

3761 432 3880 489 968

2244 627 2536 687 Hincmaro
2566 639 2624 687 et
2658 630 3016 705 sufl‘raganeis
3057 635 3208 708 ejus,
3253 639 3402 711 apud
3427 640 3873 702 'Suessonicam

2244 726 2434 783 urbem
2483 728 2692 800 pariter
2718 729 3032 788 convenire.
3076 731 3162 789 Ad
3202 749 3435 806 quorum
3463 743 3870 800 venerandum

2244 828 2570 876 conventum
2611 819 2886 878 Wlfadum
2913 839 3134 897 quoque
3163 840 3290 882 cum
3332 827 3448 898 jam
3495 834 3873 906 prasignatis

2241 912 2467 983 paribus
2513 915 2631 987 ejus
2672 931 2771 973 vos
2824 932 3104 976 accessere
3151 922 3536 993 proculdubio
3565 926 3868 986 volumus.

2245 1002 2523 1075 Siquidem
2550 1007 2825 1076 omnibus,
2871 1009 3126 1068 videlicet
3155 1022 3264 1082 tam
3309 1014 3412 1086 ipsi
3441 1019 3639 1075 crebro
3667 1022 3870 1077 nomi-

2243 1105 2372 1152 nato
2394 1097 2643 1168 antistiti,
2667 1115 2735 1158 ac
2754 1101 2978 1174 reliquis
3009 1107 3435 1183 archiepiscopis
3463 1122 3521 1168 et
3545 1115 3864 1188 episcopis,

2243 1189 2645 1261 quamIWlfado
2685 1203 2742 1249 et
2787 1197 2952 1254 sociis
2997 1198 3135 1271 ejus,
3173 1211 3389 1260 nostras
3433 1205 3539 1262 hoc
3585 1207 3868 1279 jubentes

2242 1282 2451 1340 litteras
2503 1285 2911 1346 destinavimus.
2970 1291 3074 1348 Ubi
3139 1296 3399 1352 canonice
3442 1312 3544 1369 per
3592 1302 3864 1360 ordinem

2243 1378 2438 1426 cuncta
2465 1386 2584 1442 quae
2607 1372 2660 1428 in
2687 1373 2768 1430 eis
2794 1385 2946 1447 gesta
2975 1388 3105 1434 sunt
3131 1383 3529 1452 examinantes,
3570 1398 3628 1444 et
3671 1392 3866 1447 subti—

2243 1459 2348 1517 lius
2370 1460 2778 1535 investigantes,
2806 1467 2852 1525 si
2877 1468 2944 1524 de
2971 1468 3187 1528 illorum
3216 1475 3612 1536 reformatione
3632 1479 3864 1550 justum

2243 1554 2373 1624 quid
2395 1555 2480 1611 vel
2500 1556 2646 1628 pium
2664 1562 2967 1632 senseritis,
2982 1563 3101 1622 sine
3120 1571 3551 1630 contradictione
3570 1575 3861 1646 perficito,

2243 1656 2298 1702 et
2333 1663 2428 1704 eos
2452 1649 2508 1704 in
2536 1651 2648 1708 suis
2663 1653 2955 1732 ordinibus
2983 1659 3275 1719 restituite.
3308 1661 3649 1724 Praterea'si
3669 1669 3864 1727 disce-

2241 1739 2540 1810 ptantibus,
2557 1743 2642 1800 vel
2665 1743 2916 1805 fortassis
2945 1748 3050 1804 alia
3077 1759 3242 1824 atque
3275 1753 3383 1811 alia
3422 1757 3861 1819 decernentibus

2241 1831 2417 1899 vobis,
2431 1833 2639 1904 praefati
2656 1836 2849 1908 dejeeti
2865 1841 3048 1897 sedem
3061 1845 3451 1915 appellaverint
3461 1853 3856 1921 apostolicam,

549 1936 777 1994 scopum
814 1927 1076 1998 quosdam
1112 1929 1339 1988 clericos
1365 1973 1380 2000 ,
1445 1934 1540 2005 qui
1600 1935 1668 1992 de
1732 1939 2142 1995 consecratione
2173 1927 2224 1991 Β
2247 1924 2661 1996 etejusspeciali
2680 1929 2944 2001 sejudieio
2964 1934 3210 1992 damnari
3237 1939 3322 1994 vel
3336 1941 3544 1999 absolvi
3559 1946 3855 2016 petierint,

548 2014 767 2078 fuerant
799 2019 1039 2078 Ebbonis
1081 2029 1428 2096 praecessoris
1473 2030 1576 2097 sui,
1609 2033 1844 2104 propriis
1887 2033 2143 2104 gradibus

549 2106 840 2178 pepulisse.
904 2110 1144 2180 Quorum
1205 2116 1556 2186 dejectionem
1627 2123 1908 2181 audientes
1933 2164 1948 2190 ,
2015 2125 2142 2194 quia

550 2201 766 2259 etiamsi
797 2204 942 2262 nullo
981 2209 1201 2279 speciali
1244 2211 1526 2282 privilegio
1555 2215 1621 2270 ad
1669 2215 1813 2272 hanc
1849 2219 2142 2274 curandam

547 2292 920 2365 principaliter
941 2298 1313 2368 incitaremur,
1329 2305 1604 2374 oppressis
1626 2313 1806 2364 tamen
1829 2308 2138 2376 subvenire,

549 2393 606 2440 et
645 2386 717 2442 ad
741 2390 1048 2461 exemplum
1088 2395 1429 2453 Dominicum
1455 2397 1620 2455 elisos
1647 2400 1878 2472 erigere,
1909 2410 1965 2459 et
1993 2417 2143 2458 com-

545 2477 758 2547 peditos
783 2480 992 2539 solvere
1022 2499 1124 2540 nos
1147 2495 1362 2565 oportet
1390 2487 1565 2560 (Psal.
1591 2491 1784 2564 CXLV);
1811 2507 1991 2564 opera:
2011 2509 2141 2565 pre-

545 2567 680 2625 tium
708 2571 964 2630 duximus
989 2573 1043 2630 in
1071 2567 1310 2635 archivis
1344 2588 1547 2638 sanctae
1592 2581 1872 2650 Romanae,
1912 2585 1998 2640 cui
2028 2583 2142 2642 Deo

546 2672 768 2723 auctore
797 2665 1155 2737 deservimus,
1189 2671 1448 2729 Ecclesia:
1475 2675 1769 2733 studiosius
1795 2691 2057 2748 quaerere,
2085 2686 2144 2735 et

543 2755 592 2811 si
622 2756 826 2829 scripto
857 2757 1002 2816 forte
1025 2763 1289 2820 memoria
1323 2764 1578 2835 qualibet
1604 2768 1747 2840 apud
1781 2783 1900 2837 nos,
1933 2770 2048 2826 sive
2074 2770 2141 2826 de

543 2846 673 2915 illis,
703 2849 818 2907 sive
845 2851 912 2908 de
938 2851 1253 2912 ordinatore
1279 2855 1666 2933 [ordinatione]
1694 2862 1960 2932 ipsorum,
1992 2872 2139 2920 esset

541 2942 848 3010 recondita,
883 2944 1170 3017 diligenter
1215 2948 1561 3023 investigare,
1610 2955 1753 3024 quod
1787 2964 1842 3012 et
1887 2957 2134 3017 fecimus.

543 3029 826 3122 Siquidem
852 3051 920 3092 ex
949 3037 1038 3094 his
1063 3039 1385 3109 quibusdam
1415 3043 1530 3100 Deo
1563 3046 1838 3105 revelante
1882 3054 2136 3122 repertis,

541 3121 894 3213 nihilominus
933 3129 1098 3186 etiam
1146 3133 1381 3201 concilii,
1429 3139 1572 3207 quod
1624 3137 1784 3197 nobis
1830 3121 1955 3213 ipse,
1991 3121 2142 3203 misit

541 3212 716 3272 frater
741 3226 798 3273 et
820 3221 1176 3292 coepiscopus
1201 3234 1388 3282 noster
1415 3226 1762 3298 Hincmarus,
1789 3212 2045 3292 videlicet
2083 3235 2136 3292 in

2245 2019 2622 2092 praecepimus,
2657 2022 2703 2079 si
2729 2026 3051 2096 saepedietus
3075 2027 3252 2087 frater
3273 2041 3330 2089 et
3355 2037 3728 2110 coepiscopus
3757 2057 3858 2098 no-

2245 2120 2362 2202 ster
2397 2111 2744 2185 Hincmarus,
2775 2119 2861 2175 vel
2882 2119 3131 2180 Wlfadus
3158 2134 3253 2182 aut
3291 2129 3425 2185 socii
3453 2129 3595 2202 ejus,
3629 2133 3699 2188 ad
3753 2152 3854 2193 nos

2247 2201 2433 2260 venire
2460 2219 2560 2276 per
2586 2221 2646 2263 se
2675 2223 2784 2265 non
2808 2222 3058 2281 possunt,
3081 2215 3316 2275 vicarios
3343 2201 3572 2278 suosiad
3612 2223 3725 2281 hoc
3757 2243 3854 2283 ne-

2243 2295 2452 2367 gotium
2474 2299 2841 2357 ventilandum
2863 2312 2920 2360 et
2940 2303 3254 2376 finiendum,
3279 2327 3405 2368 mox
3431 2323 3556 2384 post
3588 2331 3852 2375 consum-

2243 2397 2451 2444 matum
2478 2393 2770 2449 concilium
2797 2411 2869 2450 xv
2896 2395 3171 2457 Kalendas
3191 2400 3528 2474 Septembris
3554 2412 3851 2480 pressantis

2241 2493 2336 2535 xiv
2363 2480 2678 2541 indictionis
2716 2489 3040 2547 auctoritate
3076 2502 3262 2550 nostra
3295 2497 3609 2567 collectum,
3652 2517 3849 2559 eorum

2241 2582 2668 2642 praesentaturos
2696 2578 2855 2637 nobis
2883 2595 3165 2654 personas,
3194 2587 3394 2644 nullam
3429 2593 3654 2662 penitus
3675 2609 3849 2651 excu-

2242 2664 2508 2721 sationem
2535 2671 2958 2739 przetendentes,
2984 2675 3199 2746 utrique
3229 2679 3294 2733 ad
3330 2681 3517 2737 sedem
3551 2683 3702 2740 beati
3748 2685 3847 2741 Pe-

2243 2754 2312 2809 tri
2349 2759 2738 2816 transmittant.
2784 2761 2842 2818 In
2885 2780 2993 2835 quo
3030 2782 3099 2824 ne
3145 2767 3284 2826 forte
3330 2773 3554 2831 sinistra
3582 2778 3846 2848 cogitatio

2241 2847 2527 2920 subrepat,
2571 2851 2756 2909 dicens
2799 2856 3018 2912 eosdem
3064 2871 3304 2918 remotos
3351 2865 3583 2924 clericos
3636 2847 3844 2926 nullam

2237 2938 2352 3011 jam
2382 2957 2570 2998 vocem
2596 2947 3038 3017 proclamationis
3067 2952 3287 3022 habere,
3315 2972 3415 3038 pro
3443 2974 3508 3014 eo
3543 2962 3691 3030 quod
3712 2964 3844 3018 anni

2242 3041 2418 3090 metas
2470 3044 2684 3108 tempus
2717 3039 3034 3110 dejectionis
3079 3059 3269 3103 eorum
3311 3054 3634 3122 excesserit,
3663 3058 3845 3114 scien-

2243 3124 2370 3180 dum
2393 3135 2479 3182 est
2505 3129 2581 3184 nil
2611 3130 2716 3187 tale
2739 3132 2791 3187 in
2821 3135 3139 3205 canonibus,
3169 3140 3258 3196 ubi
3285 3140 3352 3198 de
3381 3144 3842 3216 appellationibus

2244 3218 2313 3272 ad
2357 3216 2662 3278 Romanum
2710 3226 2997 3296 praesulem
3047 3228 3266 3302 legitur,
3319 3236 3538 3306 penitus
3582 3239 3837 3297 inveniri.

544 3322 656 3377 quo
683 3312 998 3383 praesignati
1028 3313 1215 3371 clerici
1256 3315 1536 3390 degradati
1588 3331 1736 3389 sunt,
1783 3332 1907 3380 acta
1943 3326 2140 3400 relegi-
2166 3301 2214 3366 C
2242 3308 2393 3367 Alias
2421 3311 2605 3368 autem
2628 3323 2686 3371 et
2708 3316 2842 3373 istos
2863 3317 3091 3376 forsitan
3116 3331 3244 3380 ante
3270 3341 3471 3383 annum
3512 3345 3842 3401 provocasse

543 3415 683 3457 mus.
718 3401 826 3460 Sed
866 3405 954 3462 his
981 3407 1254 3476 omnibus,
1279 3410 1334 3467 id
1357 3420 1445 3469 est
1483 3423 1596 3470 tam
1622 3415 1732 3472 illis
1772 3422 2140 3479 monumentis

541 3508 664 3563 qua:
687 3509 852 3566 penes
872 3512 971 3556 nos
999 3498 1288 3570 habentur,
1314 3517 1482 3574 quam
1506 3507 1575 3561 iis
1597 3521 1722 3578 quae
1745 3509 1890 3566 idem
1911 3513 2140 3571 antistes

541 3585 1042 3660 nobis‘destinavit,
1069 3593 1174 3650 rite
1196 3595 1463 3665 collectis,
1495 3600 1955 3676 enucleanterque
1985 3605 2142 3680 [enu-

541 3677 737 3753 cleate]
769 3686 1072 3754 recensitis,
1104 3690 1344 3746 nondum
1384 3691 1590 3764 liquido
1613 3704 1764 3766 patet
1786 3677 2005 3756 eosdem
2027 3701 2152 3758 cle-'

541 3771 686 3830 ricos
714 3776 1037 3848 regulariter
1057 3783 1230 3854 gradu
1258 3786 1479 3856 proprio
1506 3789 1768 3846 caruisse.
1799 3793 1999 3850 Verum
2041 3811 2140 3853 nos

541 3879 644 3922 nec
665 3866 765 3922 hos
793 3868 1013 3927 interim
1044 3871 1432 3944 justifiesmus,
1462 3893 1566 3935 nec
1590 3894 1690 3950 pro
1716 3881 1820 3938 hoc
1845 3885 2141 3954 quemlibet

540 3959 969 4020 condemnamus
992 3983 1006 4020 :
1033 3981 1135 4023 nec
1161 3967 1319 4024 facile
1338 3984 1527 4026 vocem
1555 3970 1784 4029 istorum
1809 3977 2136 4046 spernimus,

540 4066 646 4108 nec
668 4057 1030 4112 reverentiam
1055 4056 1168 4127 jam
1205 4059 1337 4116 dicti
1379 4060 1565 4120 fratris
1605 4063 1907 4138 improvide
1954 4083 2140 4141 repre-

541 4137 849 4197 hendimus.
878 4142 1016 4201 Illud
1044 4148 1286 4218 quidem,
1325 4164 1396 4207 ne
1427 4152 1686 4213 obturare
1726 4149 1889 4214 aures
1917 4158 1985 4214 ad
2016 4137 2140 4222 ela-

541 4245 724 4289 mores
753 4249 1073 4308 pauperum,
1126 4241 1179 4297 id
1232 4251 1318 4299 est
1365 4244 1670 4315 humilium,
1713 4249 2135 4323 dignoscamur:

542 4323 649 4380 hoc
674 4339 828 4395 vero,
870 4343 941 4385 ne
967 4329 1037 4386 de
1063 4330 1352 4405 incognitis
1390 4336 1684 4397 immature
1705 4339 1956 4412 judicare
1984 4344 2141 4415 quid-

539 4417 684 4488 piam
727 4417 1030 4476 videamur.
1059 4420 1292 4482 Proinde
1329 4429 1644 4486 necessario
1670 4431 1916 4502 epistolae
1942 4443 2142 4491 nostra:

541 4509 850 4568 salubribus
905 4513 1156 4570 eumdem
1214 4533 1558 4576 communem
1610 4520 1838 4580 fratrem
1894 4535 2138 4582 nostrum

542 4600 745 4656 hortati
784 4617 971 4660 sumus
1019 4603 1292 4674 affatibus,
1336 4610 1416 4666 uti
1460 4623 1917 4672 commemoratos
1967 4616 2135 4683 viros,

545 4692 832 4750 Vulfadum
859 4695 1070 4753 scilicet
1089 4698 1434 4772 collegasque
1461 4703 1652 4774 ipsius,
1678 4705 1928 4763 clementi
1955 4709 2137 4766 animo

542 4792 595 4839 et
625 4785 915 4858 tranquilla
959 4790 1202 4846 studeret
1233 4791 1301 4847 ad
1327 4808 1387 4848 se
1419 4797 1870 4866 magnanimitate
1913 4815 2133 4870 vocare,

543 4875 900 4950 depositaque
920 4882 1068 4938 omni
1109 4881 1353 4942 funditus
1389 4886 1757 4956 animositate,
1787 4901 1842 4946 et
1881 4891 1946 4948 de
1977 4894 2133 4949 resti-

546 4972 751 5028 tutione
773 4974 1014 5045 ipsorum
1057 4991 1242 5035 secum
1272 4979 1514 5040 fraterne
1543 4992 1802 5053 tractare,
1839 4995 2001 5060 atque
2041 4991 2137 5046 mi-

545 5062 892 5122 sericorditer
937 5083 1318 5130 consummare
1369 5077 1739 5133 contenderet.
1791 5077 2137 5139 Laudabilius

545 5157 742 5226 quippe
784 5157 1165 5232 judicavimus,
1213 5181 1278 5222 ac
1322 5182 1508 5225 coram
1556 5171 1668 5228 Deo
1712 5174 1988 5244 acceptius
2015 5190 2136 5233 esse

547 5249 896 5319 credidimus,
927 5254 972 5308 si
1007 5267 1258 5328 respectu
1304 5259 1607 5319 divinitatis
1651 5264 1981 5338 interrogata
2007 5283 2137 5325 con-

547 5342 795 5406 scicnlia,
843 5347 989 5402 solus
1014 5350 1229 5406 illorum
1280 5357 1728 5414 restaurationem
1784 5359 1902 5415 sine
1948 5362 2138 5431 quavis

551 5434 666 5503 ipse
693 5434 1054 5508 refragatione
1075 5441 1343 5516 benignus
1366 5449 1698 5519 admitteret,
1721 5469 1882 5524 quam
1907 5455 1951 5510 si
1987 5456 2138 5527 prius

546 5525 812 5592 renitens,
856 5528 1066 5587 detecta
1119 5543 1298 5592 tamen
1332 5535 1569 5609 justitia,
1600 5559 1720 5599 cum
1771 5545 1955 5602 multis
1990 5525 2139 5604 “hanc

546 5628 735 5690 postea
781 5633 1117 5692 sequeretur.
1149 5625 1268 5683 Jam
1297 5646 1451 5699 vero,
1482 5633 1526 5688 si
1561 5635 1704 5691 hunc
1746 5636 1885 5693 flecti
1918 5639 1984 5695 ad
2033 5639 2138 5697 hoc

545 5711 748 5765 munda
801 5714 1131 5772 conscientia
1165 5733 1269 5774 non
1301 5723 1586 5792 permittit,
1623 5729 1978 5798 praecepimus
2019 5747 2136 5798 vos,

549 5819 653 5857 una
688 5819 810 5860 cum
851 5810 1060 5865 caeteris
1101 5811 1524 5885 archiepiscopis
1551 5825 1606 5872 et
1649 5819 1914 5892 episcopis
1941 5819 2139 5879 Gallia-

550 5909 665 5948 rum
698 5903 749 5950 ct
782 5895 1063 5966 Neustrite,
1105 5901 1300 5970 quibus
1344 5912 1522 5959 tamen
1565 5909 1894 5977 possibilitas
1928 5921 2038 5980 est,
2084 5916 2135 5971 in

2170 4665 2217 4727 D

2244 3403 2492 3462 clarebit.
2521 3406 2798 3481 Denique,
2840 3411 2982 3468 sicut
3017 3414 3245 3485 epistola
3281 3433 3449 3488 penes
3480 3437 3574 3479 nos
3608 3424 3836 3481 inventa

2243 3505 2445 3554 sanctte
2471 3502 2752 3558 memoriae
2781 3507 2958 3574 quarti
3001 3522 3153 3579 papa:
3181 3509 3377 3568 Leonis
3409 3515 3599 3581 innuit,
3645 3519 3834 3575 sedem

2244 3590 2597 3659 apostolicam
2652 3608 2748 3650 eos
2794 3597 3093 3667 appellasse
3144 3601 3258 3670 jam
3312 3619 3412 3662 nos
3460 3607 3835 3666 incunctanter

2245 3686 2580 3757 agnovimus.
2635 3688 2896 3758 Quamvis
2946 3693 3106 3767 longe
3160 3697 3302 3754 inter
3352 3717 3410 3757 se
3457 3702 3676 3760 diversa
3733 3706 3834 3761 sint

2242 3779 2554 3836 omnimoda
2612 3781 2898 3853 depositio,
2939 3786 3009 3843 de
3045 3802 3152 3858 qua
3197 3806 3343 3848 nunc
3383 3793 3586 3866 agitur,
3625 3807 3681 3852 et
3725 3813 3835 3854 sus-

2242 3883 2406 3939 pensa
2451 3875 2940 3933 excommunicatio
2960 3917 2976 3945 ,
3009 3877 3163 3948 cujus
3185 3897 3400 3952 vocem,
3441 3896 3700 3957 proterve
3732 3891 3834 3945 uti-

2241 3977 2347 4033 que
2368 3963 2717 4036 elamantem,
2735 3984 2842 4025 non
2865 3969 3142 4028 humiliter
3164 3983 3460 4046 petentem,
3486 3989 3614 4050 post
3640 3997 3834 4036 annum

2242 4067 2352 4109 non
2378 4055 2700 4113 audiendam
2736 4061 2983 4132 quaedam
3012 4065 3195 4136 regula
3233 4070 3440 4125 statuit.
3477 4069 3585 4127 Sed
3611 4075 3681 4128 ad
3727 4075 3836 4130 bzec

2243 4147 2437 4204 crebro
2465 4147 2642 4206 dictus
2668 4151 2895 4209 antistes
2923 4154 3166 4213 dicturus
3203 4167 3304 4224 est,
3343 4160 3490 4216 sedis
3529 4165 3835 4234 apostolica:

2241 4254 2302 4296 se
2322 4240 2628 4314 privilegia,
2664 4243 3044 4303 conﬁrmantia
3067 4263 3188 4320 qua
3215 4249 3285 4307 de
3316 4251 3449 4323 ipsis
3473 4262 3680 4310 statuta
3716 4266 3838 4311 sunt

2241 4330 2396 4398 viris,
2431 4331 2652 4390 habere.
2706 4334 2854 4392 Bene
2880 4345 2937 4394 et
2985 4350 3196 4413 argute.
3230 4341 3338 4399 Sed
3390 4345 3437 4400 si
3490 4361 3659 4417 penes
3691 4348 3837 4403 illum

2243 4430 2371 4478 sunt
2398 4425 2753 4496 exemplaria,
2781 4428 2925 4485 sicut
2946 4429 3139 4500 jactat,
3160 4449 3282 4506 qua:
3309 4439 3454 4509 apud
3483 4455 3585 4495 nos
3610 4439 3837 4498 fideliter

2241 4525 2614 4585 reservantur,
2646 4527 2703 4574 et
2729 4535 2792 4576 ea
2820 4521 3106 4594 diligenter
3135 4526 3410 4601 relegerit,
3456 4530 3710 4601 profecto
3757 4551 3837 4590 re-

2241 4605 2434 4677 periet,
2461 4609 2586 4678 quia
2617 4624 2830 4666 summa
2875 4611 3217 4688 ﬁrmitasque
3245 4618 3488 4689 ipsorum
3527 4623 3584 4678 in
3622 4638 3837 4697 apostoo

2241 4700 2359 4758 licae
2383 4703 2529 4760 sedis
2555 4714 2830 4762 reservata
2857 4707 2930 4764 sit
2971 4709 3199 4768 arbitrio
3229 4717 3534 4784 potestatis.
3570 4716 3834 4778 Nimirum

2241 4808 2363 4863 quae
2407 4795 2488 4851 sic
2515 4795 2690 4854 aliena
2733 4797 2858 4870 jura
2895 4804 3154 4871 custodit,
3186 4815 3246 4861 ut
3287 4823 3385 4864 sua
3437 4825 3545 4866 non
3586 4814 3834 4870 minuat:

2240 4885 2320 4942 sic
2345 4886 2610 4945 honorem
2638 4890 2882 4948 debitum
2909 4893 3021 4962 dat,
3045 4904 3106 4951 ut
3135 4912 3294 4954 suum
3324 4915 3432 4956 non
3464 4902 3671 4962 tribuat
3721 4906 3838 4960 alie

2241 4979 2328 5035 nis
2353 4995 2366 5034 :
2409 4980 2599 5053 sicque
2625 4983 2970 5044 dilectionem
2997 4988 3115 5059 ejus
3150 4993 3287 5050 texit
3309 4995 3379 5051 ab
3407 4995 3588 5064 hoste,
3627 5011 3690 5058 ut
3729 5001 3836 5071 ipse

2242 5073 2385 5131 hanc
2426 5076 2788 5149 flagitantium
2831 5083 3072 5140 exhiberi
3108 5097 3342 5159 nequeat
3388 5091 3587 5150 hostis.
3621 5093 3757 5150 Nam
3785 5103 3837 5149 et

2245 5182 2398 5224 arma
2426 5169 2503 5226 illi
2533 5187 2563 5226 a
2593 5173 2751 5230 nobis
2773 5175 2971 5232 collata
3001 5177 3075 5233 ita
3103 5159 3352 5238 volumus
3386 5199 3488 5256 pro
3515 5201 3583 5243 eo
3609 5187 3722 5244 sint
3751 5205 3837 5243 va-

2243 5260 2373 5330 lida,
2399 5272 2458 5318 ut
2481 5266 2662 5336 potius
2684 5282 2785 5339 pro
2805 5269 2984 5336 nobis,
3007 5271 3100 5327 ubi
3129 5288 3355 5332 necesse
3375 5286 3482 5344 est,
3510 5294 3619 5335 non
3646 5291 3834 5338 contra

2243 5351 2344 5411 nos
2365 5355 2681 5414 firmitatem
2703 5358 3002 5417 obtineant.
3033 5360 3318 5434 Siquidem
3346 5368 3513 5424 etiam
3542 5370 3613 5426 ab
3637 5385 3707 5428 eo
3730 5372 3836 5442 pri-

2243 5446 2564 5520 vilegiorum
2590 5451 2900 5522 apostolicae
2934 5453 3078 5510 sedis
3104 5455 3325 5515 decreto
3346 5474 3453 5516 non
3484 5460 3694 5527 habito,
3721 5479 3836 5533 qua

2243 5542 2508 5599 sanctitas
2545 5541 2662 5612 ejus
2706 5546 2916 5614 statuit,
2963 5561 3066 5604 nos
3105 5547 3361 5610 vioianda
3407 5567 3515 5608 non
3566 5552 3835 5618 ducimus,

2242 5634 2347 5691 nisi
2373 5633 2553 5693 forsan
2577 5638 2750 5695 sacris
2773 5638 2983 5712 legibus
3008 5641 3360 5705 inveniantur
3382 5643 3630 5702 adversa.
3669 5645 3835 5704 Porro

2243 5729 2438 5786 scitote
2465 5746 2568 5788 nos
2590 5731 2753 5788 fratri
2783 5743 2839 5790 et
2874 5739 3204 5809 coepiscopo
3228 5747 3417 5796 nostro
3443 5739 3694 5812 Remigio
3734 5739 3836 5795 Lu-

2241 5821 2506 5892 gdunensi
2535 5823 2766 5880 antistiti
2809 5825 3151 5897 praecepisse,
3179 5838 3240 5885 ut
3270 5830 3315 5886 si
3345 5830 3674 5887 restitutioni
3706 5845 3835 5903 pne-

2242 5912 2478 5971 fatorum
2522 5911 2695 5974 frater
2730 5917 3087 5990 coepiscopus
3129 5931 3314 5982 01.5in
3355 5921 3679 5981 Bluemarus
3719 5938 3833 5982 ton-
