4050 6324
278 364 382 430 969

1463 362 1656 422 ΕΡ18Τ
1665 358 1826 420 01ιῶ
1863 357 1951 420 ET
1991 358 2304 420 DECRETA
2316 402 2328 417 .

3435 350 3546 415 9Ἰο

268 488 472 544 sentire
501 484 666 542 solius
692 490 802 543 sua:
831 482 1172 541 auctoritatis
1204 487 1340 534 ausit
1365 487 1599 539 veretur,
1633 477 1701 531 ad
1723 471 1860 531 'con-
1887 482 1934 540 Α
1965 489 2085 530 rere
2125 490 2232 529 non
2283 475 2608 535 detrectent,
2664 471 2805 524 sicut
2849 482 2909 523 se
2952 467 3155 523 habent
3195 476 3545 528 monumenta

270 577 572 634 vocandum
609 574 1180 633 statutum.sententia
1224 577 1410 626 nostra
1451 566 1563 636 jam
1609 567 1862 636 designa-

269 679 384 726 tum
417 669 726 733 concilium,
757 667 1014 738 epistolas
1054 673 1269 720 nostras
1303 661 1403 717 sibi
1435 659 1640 715 delatas
1685 659 1861 721 vobis,

270 764 468 833 quibus
493 778 523 816 a
550 763 707 816 nobis
735 761 1016 817 destinatae
1039 768 1184 824 sunt,
1204 758 1419 812 mittere
1443 763 1672 823 satagat.
1689 753 1861 820 Quid-

270 855 400 924 quid
426 869 558 908 vero
591 854 647 908 in
678 853 906 908 concilio
933 852 1097 906 fuerit
1126 867 1155 904 a
1195 849 1350 904 vobis
1383 847 1750 903 examinatum
1782 855 1864 898 at-

271 959 378 1011 que
403 953 696 1011 repertum,
716 943 816 996 sub
841 949 1114 1012 gestorum
1142 939 1282 993 serie
1303 934 1614 992 discretioni
1637 941 1858 996 nostrae,

273 1035 415 1088 sicut
446 1033 751 1088 veneranda
787 1032 1004 1086 decreta
1035 1039 1301 1093 statuunt,
1329 1027 1551 1092 mittite,
1581 1033 1636 1080 et
1663 1033 1864 1079 nostra}

273 1123 582 1178 auctoritati
607 1122 727 1192 quae
754 1123 996 1178 salubria
1017 1122 1345 1176 videbuntur
1371 1117 1674 1174 roboranda
1703 1115 1862 1185 plena

274 1214 527 1283 ﬁdelique
570 1213 832 1269 relatione
875 1213 1113 1283 dirigite.
1161 1210 1424 1282 Optamus
1464 1207 1863 1263 fraternitatem

274 1305 511 1359 vestram
559 1304 612 1358 in
650 1305 868 1359 Christo
916 1320 1060 1358 nunc
1106 1311 1162 1357 et
1213 1317 1428 1371 semper
1471 1301 1611 1355 bene
1659 1297 1856 1352 valere.

275 1394 407 1448 Data
439 1411 498 1448 Ill
534 1395 715 1449 Nonas
743 1394 975 1464 Apriles,
1005 1394 1298 1449 indictione
1323 1409 1435 1447 xrv.
1461 1391 1530 1445 Et
1558 1391 1657 1444 hoc
1686 1399 1865 1443 tenore

276 1494 573 1539 constantes
599 1486 776 1540 missa:
801 1496 921 1540 sunt
954 1485 1074 1539 aliis
1109 1485 1362 1555 episcopis
1387 1483 1711 1537 diversarum
1743 1498 1866 1551 pro-

276 1576 594 1631 vinciarum.

997 1665 1133 1724 XCI.

514 1774 582 1812 AD
612 1773 966 1815 FESTINIAI‘UM
998 1773 1291 1814 EPISCOPUM
1323 1771 1620 1813 DOLENSEI.

905 1879 1081 1950 (Anno
1106 1879 1256 1950 866.)

277 1983 568 2059 Redarguit
595 2003 715 2041 eum
761 1990 901 2059 quod
933 1989 1033 2043 sibi
1058 1989 1394 2059 cumgdebita
1433 1989 1717 2059 reverentia
1761 2006 1866 2044 non

346 2054 647 2128 scripserit,
704 2054 1022 2128 mandatque
1072 2069 1129 2112 ut
1173 2054 1524 2112 Turonensem
1577 2057 1866 2112 Ecclesium

345 2127 801 2197 metropolitanum
847 2127 1117 2196 agnoscat,
1158 2128 1259 2182 nisi
1290 2129 1615 2182 contrarium
1656 2128 1865 2197 scriptis

348 2196 664 2250 authenticis
692 2197 892 2266 probet.

771 2286 947 2358 [Apud
969 2286 1164 2353 Mausi,
1195 2287 1352 2360 ibid.'|

349 2393 672 2450 Dilectionis
723 2403 942 2460 vestrae,
973 2412 1286 2467 quanquam
1339 2396 1458 2452 sine
1512 2396 1870 2467 impressione

261 2487 539 2556 'signaculi
612 2489 846 2543 nominis
901 2488 1177 2558 alicujus,
1244 2491 1511 2561 susceptis
1582 2491 1864 2560 apicibus,

279 2580 449 2633 multo
487 2579 646 2635 aliter
687 2595 848 2650 quam
897 2581 1230 2650 apostolatus
1276 2583 1447 2636 nostri
1488 2596 1870 2646 monueramus

276 2670 499 2732 litteris,
531 2671 584 2723 in
614 2671 694 2725 eis
710 2686 806 2726 vos
834 2671 1136 2740 scripsisse,
1167 2671 1275 2727 imo
1295 2672 1470 2742 egisse
1495 2673 1865 2743 cognovimus.

279 2757 414 2811 Nam
466 2759 519 2812 in
563 2759 740 2812 I‘ronte
787 2761 996 2829 paginae
1042 2769 1240 2814 vestrae
1285 2769 1525 2814 vestrum
1573 2761 1870 2830 apostolico

277 2847 480 2900 nomini
507 2862 610 2901 non
641 2848 800 2901 veriti
825 2849 956 2903 estis
982 2863 1314 2919 prmponere,
1363 2851 1668 2905 temeritate
1691 2850 1871 2921 potius

277 2949 440 3005 quam
497 2938 846 3007 simplicitate
893 2955 1116 3008 prorsus
1163 2949 1396 2996 utentes.
1444 2942 1551 2997 Sed
1597 2957 1720 2996 cum
1755 2942 1870 3011 jam

279 3027 380 3095 pro
434 3027 538 3081 hoc
598 3028 714 3097 ipso
777 3026 982 3083 factum
1027 3039 1271 3083 vestrum
1317 3029 1867 3098 reprehenderimus,

279 3118 436 3172 valde
457 3119 720 3173 miramur
746 3134 845 3173 cur
873 3135 979 3173 non
1005 3119 1349 3188 resipiscitis,
1377 3119 1597 3174 modum
1629 3127 1869 3174 vestrum

280 3210 505 3264 minime
534 3212 999 3276 transcendentes,
1023 3220 1079 3266 et
1103 3227 1210 3281 quo
1232 3227 1336 3267 non
1356 3214 1624 3283 congruit,
1652 3229 1870 3284 gressus
1897 3193 1943 3254 C

279 3300 547 3355 ducentes
581 3317 593 3353 :
618 3315 718 3370 pro
745 3302 942 3370 quibus
971 3301 1089 3358 sine
1129 3318 1368 3373 congrua
1412 3304 1733 3370 invectione,
1762 3321 1869 3361 non

275 3391 394 3460 jam
423 3382 737 3458 e‘vaderitis,
765 3393 867 3448 nisi
893 3409 991 3448 nos
1019 3403 1201 3449 utrum
1229 3410 1258 3449 a
1285 3395 1454 3458 vobis,
1482 3411 1550 3450 an
1576 3412 1680 3450 non
1708 3396 1870 3452 iidem

282 3489 468 3559 apices
505 3487 758 3544 destinati
798 3497 1004 3554 essent,
1040 3490 1133 3559 qui
1183 3490 1337 3560 signo
1373 3500 1557 3546 vestro
1583 3505 1772 3545 carere
1795 3491 1874 3545 vi-

281 3581 574 3644 debantur,
623 3579 854 3634 intentio
909 3580 1102 3635 dubios
1148 3581 1418 3646 redderet,
1467 3589 1538 3646 et,
1574 3581 1872 3651 apostolica

282 3670 644 3725 mansuetudo
689 3669 1048 3725 correctionis
1088 3670 1264 3726 adhuc
1321 3680 1536 3740 tempus
1589 3686 1741 3726 more
1787 3686 1874 3726 so-

283 3757 384 3813 Iito
427 3759 764 3827 protelaret;
803 3759 946 3828 quod
1004 3767 1186 3814 tamen
1231 3760 1549 3823 evidenter,
1611 3770 1874 3829 quantum

283 3849 614 3904 correctioni
658 3849 1040 3904 ecclesiasticae
1085 3864 1185 3921 pro
1233 3858 1344 3904 tam
1391 3851 1769 3921 praesumptiva
1791 3851 1874 3905 fa-

285 3941 470 3994 ctione
514 3940 796 4010 suhjacere
831 3941 1142 4010 pavescitis.
1183 3940 1564 3997 Monueramus
1609 3942 1875 4012 siquidem

287 4045 426 4094 vos,
484 4031 576 4099 qui
634 4029 783 4101 pallii
833 4047 993 4086 usum
1039 4031 1286 4104 Quaeritis
1356 4031 1571 4087 Dolensi
1625 4031 1879 4088 Ecclesia

286 4119 591 4186 destinari,
640 4129 702 4174 ut
763 4120 962 4190 scripta
989 4119 1102 4176 .illa
1149 4135 1268 4190 qua:
1327 4119 1396 4176 ab
1431 4121 1728 4192 apostolica
1779 4139 1879 4178 no-

286 4220 403 4266 stra
426 4211 553 4266 sede
577 4212 1005 4282 praedecessores
1031 4213 1199 4268 vestri
1246 4213 1303 4268 in
1345 4216 1688 4286 susceptione
1729 4217 1878 4286 pallii

288 4312 664 4373 perceperant,
699 4304 852 4359 nobis
887 4303 1258 4372 direxissetis;
1299 4314 1569 4375 quatenus
1615 4321 1731 4371 nos,
1774 4309 1880 4364 eis-

291 4397 414 4451 dem
463 4397 745 4468 diligenter
793 4399 1074 4469 inspectis,
1127 4415 1224 4471 per
1275 4401 1620 4457 decessorum
1671 4418 1882 4458 nostro-

289 4503 415 4540 rum
467 4488 692 4560 vestigia
753 4491 1131 4560 gauderemus,
1181 4491 1605 4564 subjungentes,
1651 4503 1711 4551 ut
1761 4496 1878 4567 epi-

289 4579 466 4644 stolae,
516 4589 783 4649 quatenus
832 4584 1003 4654 magis
1044 4585 1247 4639 creduli
1302 4588 1697 4654 redderemur,
1751 4607 1873 4646 cum

289 4670 586 4738 episcopali
615 4679 670 4725 et
690 4672 834 4741 regia
881 4672 1023 4726 bulla
1065 4675 1308 4742 signatae,
1354 4689 1410 4731 et
1449 4680 1644 4735 missus
1699 4691 1878 4735 vester

294 4759 521 4814 idoneus
561 4761 765 4830 scripta
814 4763 929 4832 ipsa
977 4766 1468 4834 subsequerentur;
1521 4772 1613 4826 sed
1660 4788 1756 4828 vos
1802 4773 1879 4827 l‘a-

295 4865 358 4906 re
419 4851 470 4905 id
501 4852 807 4907 distulistis.
859 4853 1138 4910 Postremo
1180 4862 1525 4917 contentione
1576 4867 1719 4934 apud
1762 4866 1876 4922 Bri-

298 4953 533 5007 tannos,
594 4943 716 5012 quis
770 4942 932 4998 fuerit
981 4947 1450 5015 metropolitanus,
1504 4955 1713 5017 oborta,
1769 4965 1878 5010 sta-

297 5033 524 5095 tuimus,
549 5042 610 5086 ut
654 5033 720 5086 ad
763 5031 1085 5088 Turonicam
1115 5035 1316 5102 sedem,
1340 5053 1501 5107 quam
1542 5044 1883 5112 metropolim

299 5133 541 5180 vestram
571 5137 691 5179 esse
713 5124 947 5195 plurium
975 5123 1180 5194 judicia
1213 5129 1604 5198 demonstrant,
1640 5150 1883 5192 recurre-

297 5221 454 5283 retis,
474 5229 568 5274 aut
589 5221 656 5274 ad
691 5220 1050 5290 apostolatum
1073 5232 1321 5277 nostrum
1352 5225 1622 5282 destinare
1663 5239 1886 5284 conten-

299 5311 522 5377 deretis,
555 5321 820 5382 quatenus
842 5329 960 5382 qua:
981 5313 1144 5368 fuerit
1171 5317 1310 5384 apud
1340 5333 1435 5372 vos
1470 5321 1882 5391 metropolitana

299 5405 545 5463 Ecclesia
593 5416 896 5478 appareret.
937 5406 1043 5462 Sed
1094 5418 1345 5464 neutrum
1389 5411 1582 5466 horum
1622 5413 1884 5481 perficere

298 5498 565 5554 voluistis.
587 5499 921 5570 Quapropter
938 5501 1062 5570 quia
1088 5500 1419 5556 Turonensis
1435 5503 1690 5568 Ecclesia,
1715 5521 1886 5575 quan-

303 5600 418 5646 tum
446 5597 828 5662 comperimus,
853 5593 1163 5665 metropolis
1189 5605 1370 5649 vestra
1395 5606 1496 5661 est,
1547 5605 1738 5661 restat,
1790 5614 1885 5652 ne-

301 5697 460 5738 cesse
484 5676 654 5738 est'ut
673 5684 844 5754 ipsam
875 5687 1042 5740 vestri
1073 5695 1370 5756 sequantur
1396 5687 1652 5758 episcOpi,
1687 5688 1886 5758 ipsam-

306 5789 416 5845 que
439 5775 492 5832 in
516 5776 629 5832 suis
655 5777 885 5847 negotiis
906 5778 1122 5842 adeant,
1147 5789 1202 5834 et
1230 5779 1398 5850 ipsius
1418 5778 1678 5851 judicium
1702 5783 1890 5853 exqui-

665 5868 930 5928 ΡΑτιιοι..
975 5867 1209 5933 CXIX.

1964 566 2310 619 decessorum
2398 573 2708 618 nostrorum
2766 559 3101 630 pontiﬁcum
3179 567 3234 612 ct
3304 557 3547 628 priorum

1963 655 2212 725 exempla
2241 655 2525 711 evidenter
2551 651 2862 708 ostendunt.
2907 650 3042 717 Quia
3071 663 3190 717 vos,
3215 649 3307 718 qui
3339 656 3550 705 tantum

1964 756 2170 816 septem
2199 746 2482 816 episcopos
2531 744 2762 808 habetis,
2795 758 2916 814 quae
2951 758 3112 796 causa
3165 741 3552 797 ecclesiastica

1966 845 2272 900 traditionis
2296 859 2394 898 vos
2413 844 2555 897 sinat
2581 843 2784 896 habere
2811 838 3173 908 metropolim,
3201 838 3546 907 ignoramus;

1963 935 2234 1005 praecipue
2272 951 2394 989 cum
2435 934 2721 1004 episcopus
2757 947 2864 986 non
2894 948 2922 985 a
2953 939 3182 1001 septem,
3231 931 3326 984 sed
3352 945 3390 982 a'
3417 931 3553 984 duo-

1964 1024 2138 1078 decim
2186 1024 2359 1079 audiri
2394 1023 2776 1094 praecipiatur;
2811 1032 2865 1078 et
2901 1038 3023 1076 cum
3073 1019 3302 1090 alicujus
3352 1022 3554 1096 negotii

1965 1115 2112 1169 inter
2140 1131 2236 1170 vos
2286 1131 2452 1170 causa
2501 1114 2809 1168 ventilanda
2846 1115 3153 1176 emerserit,
3193 1128 3314 1182 qua:
3351 1113 3554 1166 duode-

1964 1205 2118 1258 nario
2147 1221 2376 1260 numero
2414 1205 2791 1275 episcoporum
2841 1203 3033 1258 debeat
3077 1203 3273 1267 audiri,
3325 1218 3448 1258 eum
3482 1203 3554 1257 ob

1965 1289 2282 1351 divisionem
2314 1297 2464 1367 regni
2504 1296 2666 1351 vicini
2710 1311 2816 1350 non
2863 1295 3074 1364 possint
3113 1293 3293 1348 vocari
3338 1292 3554 1348 antisti.-

1965 1388 2254 1453 tes;unde
2299 1387 2359 1441 tit
2407 1395 2468 1441 ut
2511 1389 2707 1442 damna
2735 1386 2991 1442 Ecclesiae
3037 1399 3138 1454 pro
3165 1384 3361 1440 talibus
3388 1397 3556 1451 gener

1965 1488 2177 1543 rentur,
2205 1479 2655 1547 quemadmodum
2689 1478 2889 1532 factum
2937 1477 2991 1531 in
3036 1476 3142 1530 illis
3181 1477 3249 1530 de
3273 1475 3559 1544 episcopo.-

1965 1585 2088 1622 rum
2134 1569 2434 1640 dejectione
2480 1570 2884 1624 reminiscimur
2922 1569 3253 1638 regionibus.
3307 1567 3417 1623 Vos
3472 1577 3556 1621 ta.

1966 1675 2091 1714 men
2138 1675 2210 1715 ne
2254 1661 2522 1716 vocemini
2573 1660 3042 1730 metropolitanus,
3083 1674 3370 1730 quousque
3423 1659 3555 1714 seri.-

1966 1760 2059 1820 pta
2098 1752 2442 1808 decessorum
2493 1761 2798 1808 vestrorum
2838 1752 3152 1822 praesulum,
3199 1766 3320 1821 quae
3359 1751 3413 1805 in
3460 1765 3552 1806 ac-

1892 1839 1940 1898 B
1969 1849 2218 1918 ceptione
2273 1849 2422 1920 pallii
2471 1849 2637 1904 vestri
2688 1855 3050 1918 perceperunt
3103 1847 3553 1916 praedecesSores.

1970 1941 2128 1995 nobis
2173 1940 2437 1994 mittatis:
2469 1939 2597 2010 quia
2638 1939 2681 1994 si
2710 1939 2859 2009 pallii
2908 1952 3103 1991 munus
3133 1937 3202 1991 ab
3224 1937 3327 1992 hac
3368 1943 3557 1991 sancta

1970 2033 2101 2088 sede
2159 2039 2340 2086 vestra
2391 2031 2693 2102 promeruit
2757 2027 3000 2085 Ecclesia
3030 2067 3045 2092 ,
3097 2029 3217 2083 sine
3263 2027 3557 2098 scriptione

1970 2121 2170 2191 aliqua,
2207 2137 2370 2191 quam
2417 2122 2472 2175 in
2508 2120 2745 2175 archivis
2787 2120 2987 2175 vestris
3038 2121 3333 2174 recondere
3369 2118 3559 2174 debui-

1968 2213 2067 2266 stis
2095 2253 2110 2275 ,
2177 2221 2338 2266 tantae
2379 2211 2657 2281 dignitatis
2699 2211 2899 2265 donum
2959 2225 3278 2266 concessum
3330 2210 3559 2265 minime

1967 2305 2125 2360 vobis
2147 2303 2266 2359 fuit.
2301 2305 2610 2374 Scripsistis
2648 2313 2910 2375 praeterea
2958 2304 3115 2359 nobis
3144 2311 3207 2358 ut
3254 2301 3415 2372 hujus
3443 2303 3557 2358 ῐῖοι-

1967 2412 2144 2453 manae
2165 2406 2364 2452 sanctae
2386 2396 2639 2452 Ecclesiae
2663 2396 2858 2465 prazsul
2881 2395 3173 2451 Severinus
3203 2393 3556 2450 Restoaldum

1970 2489 2310 2543 decessorem
2337 2497 2604 2554 vestrum,
2629 2488 2768 2543 sicut
2817 2488 2870 2542 in
2895 2487 3100 2543 nostris
3138 2487 3336 2556 legitur
3363 2486 3554 2558 gestis,

1971 2577 2024 2630 in
2059 2578 2526 2648 archiepiscopum
2551 2587 2948 2642 consecrasset,
2969 2587 3026 2632 et
3049 2578 3321 2632 Adrianus
3339 2576 3556 2632 cuidam

1969 2665 2278 2722 Juthinaleo
2325 2667 2545 2736 pallium
2595 2667 2853 2722 dedisset.
2904 2667 3012 2722 Sed
3055 2659 3171 2722 ιιοέ
3198 2651 3557 2735 utrorumque
3607 2722 3612 2728 ,

1961 2759 2136 2828 .gestis
2163 2758 2420 2813 revolutis
2445 2758 2576 2814 nihil
2613 2758 2669 2813 in
2707 2759 2786 2814 eis
2821 2774 2984 2828 super
3026 2759 3112 2814 bis
3133 2758 3350 2828 penitus
3382 2757 3558 2812 valui-

1970 2864 2094 2903 mus
2136 2851 2396 2918 reperire.
2427 2849 2630 2906 Tamen
2684 2863 2744 2905 ut
2789 2866 2988 2922 anceps
3039 2850 3265 2906 intentio
3317 2864 3350 2905 e
3378 2850 3560 2906 medio

1972 2937 2270 3003 auferatur,
2329 2940 2376 2994 si
2421 2941 2557 2994 adeo
2607 2941 3003 2996 contentiosius
3044 2955 3204 3012 agere
3251 2939 3446 3006 vultis,
3494 2949 3559 2994 ut

1972 3025 2340 3085 Turonensem
2386 3032 2568 3086 sedem
2613 3039 2851 3086 vestram
2881 3031 3225 3102 metropolim
3278 3046 3387 3086 non
3432 3045 3559 3087 esse

1972 3120 2196 3188 dicatis;
2244 3125 2539 3188 sancimus,
2567 3131 2628 3177 ut
2652 3124 2912 3188 diximus,
2955 3125 3276 3180 mandantes
3325 3123 3480 3180 fratri
3505 3123 3563 3180 et

1972 3212 2294 3282 coepiscopo
2329 3222 2516 3269 nostro
2563 3212 2822 3278 Heraldo,
2871 3213 2964 3285 qui
3010 3215 3058 3268 ei
3095 3213 3370 3285 praesidet,
3392 3222 3456 3268 ut
3487 3215 3560 3268 ad

1971 3313 2218 3360 nostrum
2269 3306 2609 3375 pontilicium
2667 3305 2904 3375 legatum
2957 3322 3113 3363 suum
3167 3307 3551 3371 transmittat;

1971 3413 2176 3455 cumeo
2196 3407 2446 3456 strenuos
2473 3409 2686 3456 vestros
2722 3400 2970 3471 dirigatis
2988 3400 3214 3471 legatos,
3245 3400 3559 3471 pariterque

1973 3490 2217 3559 scripta,
2266 3505 2389 3560 quae
2440 3491 2805 3562 protulimus,
2851 3491 3228 3555 destinantes,
3293 3498 3564 3560 quatenus

1973 3579 2257 3648 utriusque
2281 3579 2526 3648 partibus
2553 3594 2735 3634 coram
2765 3579 2922 3634 nobis
2953 3580 3172 3642 auditis,
3203 3594 3356 3648 aequa
3405 3579 3560 3633 lance

1974 3684 2140 3725 causa
2167 3669 2386 3735 librata,
2433 3685 2555 3739 qua:
2597 3670 2669 3724 sit
2696 3669 2838 3740 apud
2877 3685 2976 3725 vos
3021 3669 3434 3740 metropolitana
3463 3669 3562 3724 Ec-

1974 3761 2139 3818 clesia
2165 3761 2285 3817 luce
2309 3762 2510 3818 clarius
2551 3769 2898 3832 agnoscatur.
2941 3761 3137 3816 Datum
3174 3777 3264 3816 xvr
3289 3759 3562 3815 Kalendas

1975 3854 2186 3922 lunias,
2215 3855 2402 3912 indict.
2423 3871 2535 3910 Juv.

2676 3945 2836 4004 XCII.

2246 4050 2314 4094 ΑΒ
2336 4052 2649 4095 εΑιοιοΝειί
2681 4053 2858 4094 REGI-SI
2880 4051 3278 4094 BRITANNOBUI.

2585 4153 2764 4225 (Anno
2783 4149 2936 4222 866.)

1979 4262 2208 4318 Recusat
2243 4263 2448 4318 mittere
2493 4261 2714 4334 pallium
2764 4255 3325 4334 FestiniunoUDolensi
3361 4257 3566 4334 episco-

2049 4351 2139 4405 po,
2177 4335 2342 4390 donec
2363 4332 2677 4388 authenticis
2698 4334 2907 4403 scriptis
2946 4332 3012 4386 de
3044 4332 3190 4388 illius
3207 4333 3330 4404 jure
3351 4333 3568 4387 convin-

2049 4415 2221 4459 catur.

2479 4496 2656 4570 [Apud
2677 4497 2872 4565 Mansi,
2900 4497 3057 4570 ibid.]

2054 4589 2232 4648 Lectis
2273 4589 2456 4662 gloriae
2483 4599 2679 4647 vestrae
2724 4591 2940 4657 litteris,
2976 4606 3112 4660 quas
3149 4598 3335 4668 nostro
3361 4603 3569 4662 praesu-

1985 4679 2118 4736 latui
2165 4682 2284 4737 sine
2337 4679 2692 4752 impressione
2740 4682 3007 4754 signaculi
3065 4681 3293 4752 alicujus
3333 4683 3570 4756 dirigere

1985 4770 2087 4826 visi
2141 4772 2294 4837 estis,
2339 4773 2641 4842 reperimus
2685 4774 2738 4827 in
2787 4774 2867 4828 eis
2912 4787 3008 4826 vos
3054 4772 3214 4826 nobis
3254 4775 3569 4841 mandasse.

1987 4865 2129 4934 quod
2155 4874 2210 4919 et
2235 4874 2361 4920 ante
2381 4882 2479 4921 vos
2502 4881 2643 4934 saepe
2671 4865 2989 4928 mandastis,
3029 4864 3239 4920 scilicet
3265 4874 3324 4920 ut
3345 4867 3564 4935 pallium

1989 4957 2301 5014 Festiniano
2331 4959 2622 5013 venerabili
2649 4957 2863 5012 Dolensi
2901 4957 3131 5012 antistiti
3166 4959 3233 5014 ab
3271 4962 3568 5029 apostolica

1991 5049 2155 5114 sede,
2213 5049 2300 5104 cui
2354 5049 2614 5104 divinitus
2668 5064 3008 5119 praesumus,
3054 5051 3410 5108 mitteremus.
3462 5052 3570 5110 Sed

1987 5151 2275 5212 antequam
2326 5142 2393 5196 ad
2435 5142 2549 5196 haec
2595 5139 2836 5194 consulta
2892 5140 3072 5210 aliqua
3121 5143 3567 5207 rescriberemus.

1987 5242 2315 5289 convenerat
2377 5233 2534 5288 nobis
2592 5247 2693 5302 pro
2737 5233 2839 5286 hoc
2887 5232 3028 5300 quod
3089 5248 3284 5290 nomen
3327 5247 3572 5292 vestrum

1988 5325 2282 5395 apostolico
2313 5324 2516 5379 nomini
2542 5324 2828 5378 scribendo
2850 5325 3218 5395 praeposuistis
3269 5342 3364 5383 vos
3387 5331 3574 5384 mode-

1989 5423 2072 5468 sta
2103 5415 2472 5484 increpatione
2492 5414 2787 5484 corrigere.
2837 5416 3039 5470 Tamen
3096 5417 3221 5486 quia
3278 5419 3575 5487 apostolica

1991 5505 2346 5560 mansuetudo
2373 5505 2643 5560 neminem
2671 5507 2949 5576 repentina
2994 5523 3231 5578 unquam
3267 5509 3576 5566 invectione

1989 5600 2286 5670 redarguit,
2319 5608 2486 5668 etper
2531 5598 2913 5670 negligentiam
2961 5598 3103 5655 forte
3152 5603 3434 5672 scriptoris
3471 5603 3575 5656 hoc

1989 5689 2237 5744 evenisse
2271 5697 2546 5758 utcunque
2585 5690 2859 5760 cognovit,
2889 5691 3098 5746 distulit
3124 5708 3221 5747 vos
3265 5693 3426 5748 modo
3474 5707 3570 5763 pro

1991 5781 2200 5837 meritis
2241 5795 2515 5848 coercere,
2545 5780 2686 5850 quod
2727 5789 2933 5835 tantum
2964 5781 3213 5837 volumus
3247 5783 3571 5848 emendatis,

2977 5875 3130 5932 ’31
