4050 6324
556 321 655 379 θτι
1868 322 2136 381 NlCOLAl

2246 323 2378 378 thE
2420 325 2437 378 1
3735 329 3845 383 οη

557 448 818 512 quantum
843 437 1166 496 correctioni
1188 436 1564 493 ecclesiastica:
1584 450 1682 505 pro
1705 445 1813 491 tam
1834 453 2131 508 przesump-
2160 443 2205 498 Α
2236 453 2333 507 pro
2364 447 2516 494 tanto
2557 438 2757 494 scelere
2803 440 3128 498 sententiam
3157 441 3212 495 in
3249 456 3372 496 eam
3391 441 3552 510 iusta:
3580 449 3841 515 punitio.

551 533 674 588 Iiva
723 531 959 590 factione
995 529 1274 598 subjacere
1325 527 1651 584 formidatis.
1709 529 1784 583 De
1819 529 1966 598 pallii
2007 545 2136 584 vero
2238 531 2324 586 nis
2367 529 2631 599 proferre,
2691 531 2793 584 nisi
2849 531 3123 586 obstinato
3176 534 3362 589 animo
3407 538 3738 603 perenniter
3782 540 3841 596 in

546 621 882 685 directione,
916 634 1078 690 quam
1128 617 1323 680 dicitis,
1379 617 1647 687 simulque
1685 616 1982 672 Turonensi
2023 632 2138 672 me-
2237 621 2484 674 mmcliire
2513 619 2795 674 volutabro
2832 635 3150 689 permanere
3177 625 3568 694 proposuisset,
3601 635 3662 682 et
3712 629 3842 684 nul-

545 713 778 788 “tropoli,
821 712 1014 782 saepius
1043 711 1193 766 vobis
1221 726 1284 765 ea
1313 725 1433 781 quae
1483 711 1707 765 rationis
1743 719 1869 765 sunt
1917 711 2135 780 scripsi-
2237 709 2302 763 lis
2323 710 2494 765 sacris
2516 711 2755 776 monitis,
2793 711 2955 766 nullis
2980 715 3180 768 nostris
3201 730 3294 770 seu
3323 719 3520 772 vestris
3545 729 3658 773 tam
3705 737 3835 776 cre-

548 821 722 872 mus;
754 805 847 860 sed
879 804 1021 860 sicut
1046 804 1099 858 in
1129 803 1324 860 litteris
1346 803 1543 859 vestris
1569 803 1879 874 relegimus,
1903 803 1970 856 ad
1999 803 2136 857 scri-
2235 796 2350 851 bris
2393 799 2860 854 exhortationibus
2903 816 2963 856 se
3022 813 3266 872 paratam
3319 805 3599 862 exhibere.
3632 822 3658 850 α
3690 810 3836 878 Quia

542 906 650 966 “pta
703 904 885 951 nostra
918 895 1082 963 ,auris
1123 909 1229 950 non
1283 894 1465 950 cordis
1510 894 1812 949 inclinastis
1856 893 2132 948 intuitum.
2236 899 2416 946 tamen
2453 906 2556 944 non
2592 906 2687 945 sua
2726 892 3001 948 voluntate
3040 893 3241 948 factum
3289 897 3378 961 sit,
3423 898 3556 963 Deo,
3589 901 3688 969 qui
3739 918 3841 956 cor

542 989 747 1048 Restat
769 1002 900 1058 ergo
919 996 980 1042 ut
1003 987 1217 1042 tandem
1244 1003 1364 1057 quae
1401 987 1474 1041 sit
1511 986 1652 1056 apud
1697 1001 1795 1042 vos
1839 985 2136 1054 antiquitus
2236 981 2563 1044 considerat,
2593 988 2648 1035 et
2671 980 2918 1037 ﬁdelibus
2938 983 3056 1052 ejus
3085 999 3185 1052 per
3206 988 3387 1040 omnia
3413 997 3600 1044 manet
3629 992 3834 1047 certis.

543 1077 869 1148 metropolis
922 1076 1258 1132 intueamini.
1313 1075 1622 1144 Metmpolis
1649 1075 1791 1130 enim
1821 1083 1998 1128 vestra
2025 1083 2134 1138 est,
2237 1071 2433 1126 simum
2461 1089 2473 1126 :
2501 1087 2622 1127 cum
2655 1088 2749 1127 sua
2787 1083 2978 1142 sponte
3009 1075 3288 1142 hactenus,
3316 1077 3361 1133 si
3387 1081 3680 1149 potuisset,
3720 1083 3832 1138 imo

541 1171 702 1226 -sieut
744 1171 941 1225 dudum
973 1167 1127 1223 vobis
1173 1167 1620 1238 signiﬁcavimus,
1665 1165 1997 1220 Turonensis
2036 1165 2137 1220 Ec-
2235 1169 2496 1230 perpetuo
2525 1162 2578 1215 in
2611 1171 2762 1217 tanto
2801 1162 3005 1235 ﬂagitio
3045 1167 3456 1234 permansisset,
3488 1169 3595 1223 nisi
3635 1183 3830 1226 nostra

538 1261 748 1326 :clesia,
777 1260 839 1315 ut
887 1275 1006 1315 sese
1044 1259 1247 1314 habent
1297 1258 1628 1312 munimenta
1677 1257 2134 1326 praedecessorum
2236 1265 2398 1320 super
2427 1251 2530 1306 hoc
2560 1252 2823 1308 abolendo
2850 1252 3190 1311 fuissetcum
3215 1257 3416 1314 virtute
3443 1263 3646 1316 summi
3672 1264 3832 1332 opili-

555 1361 866 1408 nostrorum
891 1392 907 1418 ,
962 1360 1019 1406 et
1059 1351 1313 1420 priorum
1377 1349 1622 1420 exempla
1683 1349 2002 1413 ostendunt,
2067 1347 2136 1402 ad
2236 1341 2316 1397 cis
2347 1343 2684 1398 incessabilis
2710 1344 3006 1414 diligentia,
3029 1355 3085 1401 et
3118 1348 3250 1402 socii
3275 1347 3413 1415 ejus,
3457 1352 3597 1420 proh
3627 1353 3820 1409 nefas!

536 1458 718 1515 'quam
747 1452 943 1498 vestrae
989 1443 1226 1513 regionis
1261 1442 1546 1512 episcopos
1593 1449 1806 1511 oportet
1835 1455 2134 1505 recurrere,
2235 1431 2445 1487 scilicet
2473 1447 2658 1486 secum
2705 1433 3040 1491 admittentis
3065 1439 3554 1510 quomodocunque
3595 1443 3828 1498 inclina-

539 1545 610 1592 iet
646 1533 764 1604 ejus
806 1533 996 1603 judicii
1039 1533 1387 1598 sententiam,
1419 1541 1693 1588 reservata
1737 1531 1882 1588 sedis
1921 1540 2136 1600 aposto-

2237 1523 2342 1578 tior
2389 1524 2687 1579 exstitisset
2726 1526 3056 1581 obedientia.
3101 1527 3255 1583 Patet
3302 1529 3548 1599 profecto
3583 1534 3660 1587 ita
3703 1549 3823 1588 esse

550 1625 672 1681 lica!
699 1632 989 1695 potestate,
1008 1624 1293 1694 exquirere
1314 1623 1488 1678 modis
1519 1623 1788 1687 omnibus,
1815 1637 1922 1677 non
1951 1623 2132 1676 detre-
2234 1629 2354 1684 quae
2388 1616 2641 1682 diCimuS.
2669 1632 2793 1672 cum
2837 1619 3099 1674 haCleﬂUS
3148 1621 3361 1691 culpam
3391 1639 3545 1678 suam
3591 1627 3824 1682 necdum

548 1723 724 1770 ctare.
781 1712 1047 1779 Quoniam
1104 1713 1527 1782 reprehensibile
1571 1727 1688 1767 esse
1722 1711 1934 1766 videtur
1969 1718 2028 1765 ut
2064 1710 2134 1764 ob
2233 1706 2566 1774 cognoverit,
2612 1722 2710 1761 nec
2756 1707 3004 1764 confessa
3056 1709 3144 1776 sit,
3167 1709 3322 1778 juxta
3370 1714 3513 1781 quod
3555 1715 3823 1784 scriptum

549 1804 875 1861 divisionem
924 1804 1076 1873 regni
1130 1804 1253 1872 quis
1305 1804 1408 1858 sibi
1451 1802 1594 1862 talia,
1642 1801 1821 1871 qualia
1857 1803 1999 1856 inter
2033 1815 2129 1856 vos
2159 1790 2203 1849 Β
2231 1800 2354 1847 est:
2398 1793 2494 1847 Dic
2539 1803 2595 1848 tu
2639 1797 2943 1867 iniquitates
2993 1808 3112 1852 tuas
3156 1802 3378 1870 primus,
3415 1812 3472 1855 ut
3509 1803 3824 1872 justiﬁceris

547 1896 868 1959 audiuntur,
918 1894 1197 1950 vindicare
1242 1896 1466 1950 nitatur.
1497 1893 1977 1964 Quapropter,.ﬁli
2032 1893 2124 1956 mi,

2232 1884 2367 1956 (Isa.
2400 1902 2589 1951 XLVIII,
2619 1904 2722 1942 sec.
2759 1888 2930 1961 Sept.)
2961 1909 2975 1945 :
3008 1907 3108 1946 nec
3147 1895 3312 1948 missa
3357 1894 3535 1960 nobis,
3565 1899 3660 1966 qui
3700 1913 3826 1952 cau-

541 2000 622 2041 ne
647 1985 936 2056 prmbeatis
965 1985 1065 2038 ista
1110 1984 1416 2040 volentibus
1459 1999 1764 2047 assensum,
1795 1983 1968 2065 sedet
1996 1983 2129 2038 alios
2187 1989 2198 2000 ·
2231 1989 2348 2030 sam
2390 1977 2556 2047 ipsius
2595 1982 2994 2048 exsequendam
3032 1985 3321 2054 coepimus,
3366 1975 3823 2046 lamentationur’n

541 2076 621 2130 ad
649 2075 817 2132 verba
844 2083 1027 2130 vestra
1067 2088 1163 2144 per
1181 2073 1484 2142 exemplum
1519 2073 1838 2127 obedientiae
1865 2074 2127 2127 accenda-
2231 2066 2516 2138 legatione,
2548 2072 2762 2126 veniam
2800 2067 3174 2144 postulaverit,
3215 2081 3610 2151 praemissoque
3650 2088 3826 2155 paeni-

547 2165 664 2231 tis;
721 2173 777 2220 et
815 2164 958 2220 sicut
984 2163 1060 2218 ait
1088 2163 1394 2234 Apostolus,
1433 2162 1781 2216 humiliamini
1807 2161 1902 2214 sub
1935 2161 2129 2231 potenti
2233 2161 2415 2215 tentia:
2468 2165 2708 2219 remedio
2755 2181 3048 2236 congruam
3094 2174 3354 2226 meruerit
3399 2173 3826 2245 indulgentiam,

544 2275 710 2314 manu
761 2258 876 2325 Dei,
925 2266 983 2312 ut
1029 2273 1116 2312 vos
1167 2255 1356 2310 exaltet
1393 2257 1449 2310 in
1497 2263 1723 2324 tempore
1769 2253 2130 2308 tribulationis
2235 2248 2524 2306 Salomone
2549 2251 2802 2308 dicente:
2831 2255 2935 2321 Qui
2965 2258 3098 2312 celat
3136 2260 3346 2326 delicta,
3374 2279 3480 2316 non
3521 2264 3827 2334 dirigetur;

538 2347 603 2419 (Ι
627 2347 775 2402 Petr.
827 2363 882 2412 v,
924 2346 1001 2419 6).
1052 2345 1188 2413 Quia
1219 2346 1266 2399 si
1295 2344 1514 2399 monitis
1558 2344 1758 2399 nostris
1815 2343 2129 2398 obedientes
2228 2343 2319 2413 qui
2345 2352 2518 2398 autem
2546 2345 2815 2413 confessus
2844 2348 3024 2416 fuerit,
3055 2361 3102 2405 et
3129 2352 3385 2408 dimiserit
3415 2372 3502 2420 ea,
3525 2358 3830 2413 misericor-

534 2439 888 2512 rexstiteritis,
912 2438 1164 2495 omnibus
1184 2437 1341 2492 bonis
1355 2435 1716 2506 replebimini,
1739 2443 1794 2489 et
1821 2441 1942 2504 post
1967 2434 2126 2487 ﬁnem
2229 2435 2373 2488 diam
2411 2445 2752 2504 consequetur
2794 2437 2977 2505 (Prov.
3010 2448 3166 2510 xvu).
3196 2443 3482 2500 Postremo
3515 2462 3643 2501 cum
3675 2460 3829 2505 recto

542 2528 709 2598 hujus
727 2529 919 2585 seculi
949 2544 1171 2600 regnum
1204 2528 1347 2597 quod
1376 2528 1510 2581 vivit
1533 2528 1586 2582 in
1607 2535 1888 2591 aeternum,
1923 2526 2129 2582 oranti-
2229 2525 2423 2582 itinere
2447 2542 2546 2583 nos
2577 2528 2655 2582 illi
2686 2528 2861 2585 fuerat
2886 2533 3212 2600 adeundum,
3245 2546 3300 2592 et
3326 2539 3472 2592 sedis
3498 2539 3648 2594 beati
3676 2542 3826 2598 Petri

477 2683 487 2696 ,
539 2623 647 2680 bus
665 2620 869 2678 sanctis
893 2621 1169 2691 apostolis,
1195 2620 1439 2690 capietis.
1458 2619 1626 2674 Porro
1647 2619 1691 2674 si
1716 2619 1922 2688 aliquas
1944 2627 2129 2672 aucto—
2229 2614 2483 2685 suﬁ‘ragia
2528 2619 2871 2688 requirenda,
2904 2632 3168 2692 quatenus
3189 2623 3343 2693 juxta
3371 2630 3516 2696 quod
3556 2637 3825 2686 statutum

535 2713 735 2770 ritates
758 2713 974 2769 habetis
989 2728 1108 2783 qua:
1135 2712 1274 2782 apud
1302 2711 1588 2766 Britannos
1605 2708 2126 2780 metropolimfuisse
2226 2704 2424 2772 fuerat,
2465 2723 2562 2763 nos
2593 2710 2660 2764 de
2700 2709 2816 2779 ejus
2858 2714 3073 2780 negotio
3117 2714 3229 2770 Deo
3266 2716 3461 2786 placita
3511 2721 3825 2774 considera-

535 2804 852 2870 .declarent,
906 2813 1002 2858 aut
1052 2804 1399 2860 decessorum
1448 2810 1758 2856 nostrorum
1811 2799 2124 2870 pontiﬁcum
2224 2798 2373 2854 tione
2413 2799 2762 2857 deﬁniremus
2796 2813 3025 2873 :postea
3075 2815 3222 2861 retro
3264 2816 3348 2862 est
3393 2825 3660 2865 conversa
3705 2824 3823 2881 post

526 2911 876 2968 quaecunque
903 2896 1102 2966 scripta
1149 2895 1204 2950 id
1250 2893 1594 2949 ostendentia
1623 2892 1886 2955 retinetis,
1917 2891 1980 2944 ad
2027 2905 2126 2945 nos
2226 2899 2494 2957 satanam,
2536 2901 2592 2946 et
2636 2893 2689 2947 in
2733 2896 3067 2964 provinciam
3115 2905 3175 2951 ut
3218 2900 3628 2970 principaretur
3663 2904 3717 2957 in
3758 2921 3822 2959 ea

521 3005 604 3046 ea
632 2989 868 3060 dirigite.
891 2989 1250 3045 Mittatetiam
1273 2986 1678 3043 etTuronensis
1696 2985 1937 3040 Ecclesia
1969 2985 2125 3039 nobis
2222 2981 2332 3037 iter
2368 2980 2579 3037 reﬂexit
2609 3001 2624 3037 ε
2650 2984 2776 3040 licet
2821 2987 3086 3042 industria
3113 2988 3274 3060 legati
3310 2993 3484 3046 nostri
3507 2995 3576 3047 ad
3609 2995 3820 3050 ltaliam

538 3081 811 3148 similiter,
857 3082 905 3137 si
948 3081 1130 3146 habet,
1171 3081 1541 3160 auctoritates,
1594 3095 1713 3150 quae
1741 3079 1883 3133 illaut
1932 3078 2125 3133 suﬁ'ra-
2152 3147 2192 3160 Α
2226 3072 2404 3127 denuo
2446 3084 2698 3129 revocata
2747 3084 2837 3142 snt,
2885 3085 2941 3131 et
2984 3081 3138 3148 quasi
3181 3081 3314 3136 nihil
3368 3083 3534 3138 fuerit
3572 3097 3818 3154 operata,

525 3188 767 3243 _.8aneam
800 3147 969 3229 suam
1013 3173 1284 3228 exstitisse
1323 3147 1628 3237 .teslenlur;
1661 3181 1926 3242 quatenus
1959 3171 2122 3226 ull-is-
2145 3147 2194 3210 C
2224 3163 2366 3216 unde
2395 3163 2449 3216 in
2471 3163 2673 3220 Christi
2700 3165 2770 3220 Sit
2794 3166 3031 3223 ECCleSia
3059 3184 3167 3224 non
3197 3172 3466 3226 modicum
3497 3176 3817 3231 scandalum

539 3279 651 3334 que
693 3265 941 3334 panibus
987 3263 1207 3327 audiris,
1264 3263 1405 3318 inter
1451 3271 1740 3333 utramque
1764 3278 1886 3331 qua;
1914 3261 1985 3316 sit
2013 3276 2125 3316 me-
2220 3265 2558 3325 generatum,
2591 3258 2816 3328 gloriam
2848 3262 3035 3316 mundi
3077 3272 3340 3329 sectatur,
3369 3266 3558 3336 reique
3587 3267 3820 3337 publicae

527 3357 768 3426 .tropolis
815 3370 1230 3426 cognoscamus.
1287 3354 1423 3422 Quia
1485 3355 1626 3410 sicut
1675 3369 1772 3408 vos
1825 3354 2072 3409 clamatis
2106 3393 2122 3418 ,
2223 3347 2564 3413 dominatur.
2591 3364 2656 3405 ac
2683 3352 2827 3421 quod
2863 3359 2947 3407 est
2974 3354 3212 3424 gravius,
3243 3355 3411 3410 etiam
3439 3357 3542 3427 piis
3567 3357 3700 3412 locis
3729 3367 3818 3412 at-

525 3456 599 3504 .et
663 3447 754 3504 illa
813 3447 1033 3511 clamat,
1078 3447 1582 3520 metropolitanatus
1618 3443 1745 3513 jura
1811 3445 1952 3514 apud
2006 3444 2124 3498 Bri-
2223 3454 2327 3508 que
2386 3440 2652 3512 religiosis
2699 3445 2943 3513 personis
2985 3461 3220 3517 praeesse
3267 3449 3626 3518 dignoscitur;
3667 3458 3727 3504 et
3780 3467 3814 3505 a

534 3549 735 3595 tannos
792 3539 945 3611 regni
994 3538 1152 3595 istius
1191 3539 1427 3595 tenuisse
1475 3547 1636 3606 atque
1681 3546 1886 3592 tenere.
1929 3537 2037 3591 Aut
2077 3537 2122 3591 si

2225 3528 2582 3603 Theutbergae
2642 3535 2841 3606 regina:
2889 3547 3067 3608 coepta
3120 3539 3377 3595 interitus
3422 3539 3807 3605 meditatione,

519 3629 677 3686 .forte
727 3630 1017 3700 smpedicta
1064 3630 1308 3686 Ecclesia
1360 3630 1711 3685 auctoritates
1737 3668 1755 3694 ,
1803 3638 1897 3684 aut
1941 3638 2121 3684 vestra
2222 3621 2366 3676 sicut
2401 3625 2641 3679 nonnulli
2673 3634 2962 3694 testantur,
2990 3631 3211 3687 minime
3239 3640 3440 3697 cessat,
3477 3633 3608 3687 dum
3652 3649 3712 3688 ea
3737 3636 3808 3688 ni-

517 3738 672 3793 ηυεε
704 3723 896 3779 habui;
947 3723 1200 3794 perdidit,
1243 3724 1552 3786 “missionis
1592 3724 1736 3780 imus
1775 3723 1994 3779 modum
2038 3739 2121 3779 re.
2221 3715 2417 3768 mirum
2445 3714 2562 3769 loca
2590 3727 2834 3788 repetere
2858 3719 3097 3787 aﬁ‘ectat,
3130 3723 3184 3776 in
3215 3723 3412 3793 quibus
3439 3724 3621 3779 facilis
3645 3726 3807 3794 ipsius

533 3829 739 3878 serare,
799 3825 894 3870 aut
929 3831 996 3871 ex
1040 3815 1321 3884 utriusque
1369 3817 1614 3886 partibus
1663 3817 1888 3872 idoneos
1934 3818 2122 3888 praeci-

2223 3801 2289 3856 ad
2314 3819 2492 3873 regem
2522 3805 2860 3875 Lotharium,
2893 3819 2949 3865 et
2972 3810 3214 3880 ejusdem
3237 3815 3380 3884 regis
3399 3815 3466 3869 ad
3487 3832 3612 3872 eam
3643 3819 3805 3888 possit

517 3919 777 3976 imosque
837 3907 1066 3978 legatos,
1121 3907 1214 3976 qui
1262 3905 1438 3962 sciam
1491 3907 1704 3977 plenam
1750 3908 1818 3962 de
1868 3908 2121 3963 omnibus
2222 3907 2342 3948 esse
2379 3909 2650 3954 accessus.
2676 3898 2743 3954 Et
2767 3902 3085 3958 utbreviter
3118 3913 3312 3960 cuncta
3341 3906 3700 3976 complectar,
3744 3908 3806 3964 de

537 3996 769 4052 reddere
816 3999 976 4054 nobis
1020 3998 1248 4054 rationis
1305 3998 1696 4069 integritatem,
1735 3998 1893 4053 nobis
1935 4009 2118 4052 trans-

2221 3981 2307 4037 die
2334 3984 2388 4038 in
2413 3983 2579 4049 diem,
2612 3989 2846 4057 qualiter
2873 3991 2941 4046 ad
2974 3992 3234 4061 pristinas
3263 3993 3573 4064 voluptates
3602 3999 3804 4062 redeat,

535 4085 761 4150 mittite,
788 4095 868 4147 ut,
913 4087 1054 4142 sicut
1095 4086 1470 4156 praediximus,
1510 4087 1652 4141 inter
1685 4101 1804 4154 vos,
1831 4085 2120 4156 adjuvante
2221 4075 2392 4130 νέηίίδ
2448 4081 2780 4149 θνευιηεηιῖε
2826 4084 3086 4153 θιαυίνίι·
3145 4085 3530 4142 νθτιιωιειηιειι
3575 4098 3639 4143 ιη
3688 4104 3805 4144 Cum

520 4173 782 4242 ﬂamina,
810 4174 969 4231 ﬁnem
997 4191 1283 4247 ponamus,
2218 4167 2438 4237 egregio
2474 4171 2731 4240 Apostolo
2781 4174 3093 4229 summatim
3147 4175 3392 4231 dicamus
3438 4179 3583 4246 quod
3621 4188 3804 4234 contra

1216 4288 1394 4346 XCI“.
2219 4272 2340 4313 eam
2367 4268 2667 4332 contraque
2695 4261 2811 4331 ejus
2842 4264 3047 4320 similes
3076 4267 3274 4337 saepius
3303 4267 3678 4337 replicandum
3708 4279 3806 4332 est,

946 4396 1015 4436 η
1054 4397 1344 4439 UNIVERSOS
1390 4394 1687 4438 Ep‘scoms.
2219 4349 2347 4420 quia
2391 4353 2685 4407 secundum
2717 4354 2970 4410 duritiam
3028 4370 3181 4410 suam
3215 4363 3272 4411 et
3317 4371 3413 4411 cor
3459 4356 3807 4427 impmniteus

1137 4494 1316 4561 (Αηηο
1360 4492 1510 4564 εδδ.)
2139 4500 2194 4560 υ
2219 4444 3097 4564 esseesse:3:323:95:
3122 4446 3806 4564 Effice):

1471 4533 1510 4564 "
2139 4533 2194 4560 ν
2222 4550 2322 4590 nos
2350 4550 2492 4598 eam,
2525 4551 2803 4598 quousque
2845 4538 2912 4594 de
2941 4538 3100 4595 factis
3141 4541 3254 4595 suis
3293 4539 3553 4598 Ecclesia:
3580 4540 3780 4598 Christi

517 4589 522 4595 _
1143 4551 1153 4561 ν
1493 4551 1506 4564 ι
2139 4551 2186 4560 ⁷
2222 4551 2322 4590 nos
2350 4551 2492 4600 eam,
2525 4551 2803 4607 quousque
2845 4551 2912 4594 de
2941 4551 3100 4595 tactis
3141 4555 3254 4595 suis
3293 4551 3553 4598 hccteste
3580 4551 3804 4609 Christi,

523 4603 754 4701 "‘33:":
799 4603 1042 4701 fiﬂ‘lﬁfﬁ
1065 4601 2112 4701 ιὲίνῖυἷε.ηέξὲίῗ;..ῗὲεῗπὲζηέ.⁸ζ¹ἰξ1¹3⁰.ηἱξν
2222 4624 2488 4694 nobisque
2535 4628 2827 4698 praecipue.
2884 4630 2976 4699 qui
3025 4630 3144 4700 eius
3195 4630 3573 4701 principaliter
3619 4650 3801 4689 curam

597 4690 758 4744 quant
795 4676 1042 4730 adversus
1065 4672 1418 4727 Waldradam
1448 4673 1662 4744 ejusque
1687 4672 1963 4744 complices
1989 4689 2114 4744 pro—
2223 4672 2486 4728 ""7""
2535 4672 2827 4729 ³’ἶ““”¹’“””’
2885 4672 2976 4699 “¹““
3011 4672 3144 4734 ,“’¹“Ῐ“’
3195 4672 3564 4736 ¹’“⁸’¹“’¹’“ζ“⁵“’⁸
3587 4726 3600 4737 ,
3619 4672 3801 4739 “""‘_"

594 4744 878 4799 ,ηηιααηιι
2221 4731 2478 4786 gerimus,
2510 4733 2709 4788 quique
2751 4735 2971 4775 causam
3010 4737 3182 4791 ipsms
3218 4737 3443 4792 exsequt
3484 4740 3551 4779 ac
3587 4738 3802 4781 investi-

707 4761 878 4816 gara“
2221 4761 2478 4786 gmw“,
2511 4761 2708 4788 ,ιηημν
2752 4761 2971 4775 ww“...
3011 4761 3182 4791 ,νεηυσ
3218 4761 3443 4792 πων..
3484 4761 3551 4779 ..υ
3587 4761 3800 4781 ..ι-ω..-

1022 4856 1210 4908 fADud
1243 4854 1436 4908 manat
1461 4853 1614 4908 ibit“
2219 4808 2672 4908 gare-empimus,
2710 4809 3052 4908 satisfecerit,
3087 4812 3261 4908 donec
3297 4813 3465 4868 etiam
3511 4829 3734 4871 omnem
3771 4833 3800 4870 a

1060 4864 1063 4866 _
1468 4855 1480 4868 ,
1517 4854 1534 4868 ,
2220 4853 2346 4875 νη
2392 4853 2672 4878 “Tm”,
2710 4853 3052 4875 -.......w,....,
3088 4853 3261 4868 ..νηη
3297 4853 3465 4868 -.......
3512 4853 3734 4871 ν.....ι...
3771 4853 3800 4870 .

1022 4856 1210 4930 {Apud
1243 4854 1436 4921 nam"
1461 4853 1614 4926 ’ΜΗ
1799 4970 1830 4974 _
1878 4969 1890 4974 _
2219 4913 2280 4954 se
2328 4899 2603 4954 sinistram
2634 4902 2993 4974 suspicionem
3021 4904 3308 4959 consilium
3342 4915 3594 4961 nostrum
3635 4909 3801 4963 susci-

597 4966 866 5027 Ntcoutus
893 4971 1200 5042 episcopus,
1245 4985 1435 5025 servus
1476 4983 1755 5024 servorum
1799 4969 1914 5032 Dei,
1959 4983 2110 5024 reve-

2213 4992 2373 5062 piens
2404 4993 2627 5059 adimat,
2665 5009 2695 5049 a
2729 4966 2960 5066 pretiosi
2998 4997 3240 5067 corporis
3266 5006 3322 5053 et
3372 5000 3658 5068 sanguinis
3697 5002 3796 5055 Do-

526 5059 850 5116 rentissimis
904 5061 1271 5117 confratribus
1334 5061 1534 5115 nostris
1589 5061 2009 5157 archiepiscopis
2057 5069 2114 5113 et
2214 5059 2920 5157 ininipercepuone"alquc
2944 5087 3014 5143 ab
3035 5059 3346 5145 on'mimodo
3386 5059 3593 5147 8302,:
3619 5092 3798 5148 Bede.

525 5149 794 5221 episcopis
852 5165 952 5220 per
997 5153 1228 5218 italiam,
1286 5151 1655 5218 Germaniam,
1705 5151 2015 5207 Neustriam
2055 5160 2113 5206 et

2201 5176 2309 5242 site
2337 5179 2611 5233 consortio
2649 5181 2820 5235 sancti
2865 5181 3121 5251 Spiritus,
3153 5182 3551 5254 beatorumque
3577 5194 3795 5254 aposto-

525 5238 733 5295 Gamas
761 5242 1090 5299 οοηδίίῑυίίεο
2201 5239 2386 5323 lorum
2415 5265 2561 5325 Petri
2583 5279 2637 5326 et
2671 5271 2821 5326 Pauli
2843 5238 3066 5341 judicio,
3097 5281 3153 5327 et
3180 5282 3376 5328 nostrae
3405 5238 3797 5330 mediocritatis

597 5352 1021 5410 Decreveramus
1088 5355 1305 5427 quidem
1365 5357 1511 5412 circa
1571 5355 1920 5410 Waldradam
1981 5369 2110 5410 mm-
2215 5359 2559 5425 auctoritate,
2607 5361 2836 5417 fecimus
2874 5379 2996 5418 cum
3045 5365 3313 5420 universis
3356 5366 3716 5436 complicibus
3749 5379 3798 5422 et

523 5443 706 5511 citam,
730 5454 786 5503 et
811 5449 1159 5518 pertinaciter
1181 5449 1234 5503 in
1258 5450 1653 5520 impmnitentia
1679 5456 2106 5519 permanentem,
2212 5453 2762 5508 communicatoribus
2785 5453 3194 5524 fautoribusque
3219 5457 3330 5510 suis
3361 5471 3590 5525 prorsus
3620 5468 3796 5512 extor-

522 5537 776 5594 vindictaa
824 5540 1043 5594 modum
1075 5540 1254 5595 minus
1295 5541 1542 5596 dislricte
1595 5557 1754 5610 quam
1802 5539 2109 5595 misericor-
2213 5559 2346 5598 rem.
2378 5543 2528 5600 Ilanc
2561 5555 2738 5600 autem
2768 5547 3091 5602 sententiam
3116 5565 3167 5603 tv
3197 5547 3378 5604 Nonas
3409 5549 3739 5604 Februarias
3764 5564 3791 5602 a

521 5630 664 5688 diter
694 5639 1018 5700 temperare,
1052 5640 1106 5687 et
1142 5631 1297 5701 juxta
1327 5634 1468 5704 quod
1514 5634 1842 5699 merebatur,
1881 5648 1986 5688 non
2033 5633 2103 5687 ita
2157 5671 2166 5683 .
2212 5638 2365 5692 nobis
2418 5639 2810 5710 promulgatam
2858 5641 3242 5710 meminimus,
3297 5657 3530 5712 eamque
3595 5641 3794 5722 scripto

595 5753 624 5784 ι
652 5741 826 5798 Locus
850 5752 1156 5802 corruptus.
