4050 6324
278 352 388 410 97$

280 468 432 525 vobis
470 468 876 531 destinavimus.
906 475 1012 533 Sed
1053 479 1181 548 quia
1225 481 1540 552 ignoramus
1566 496 1746 542 utrum
1792 488 1857 542 ad
1887 494 1935 549 Α
1963 489 2195 547 voluisse
2244 493 2526 553 laudamus
2575 516 2589 554 :

274 569 515 617 vestram
540 564 786 622 notitiam
818 572 1153 638 pervenerit,
1194 573 1400 630 idcirco
1425 580 1741 634 reverentiae
1771 596 1857 636 ve-

271 659 404 706 strm
431 652 624 709 iterato
652 655 798 712 illam
825 661 1062 729 pandere
1098 663 1528 732 procuravimus.
1559 668 1694 724 Nam
1723 671 1852 728 dum

269 741 448 796 adhuc
488 747 761 816 negotium
791 751 1010 819 pendet,
1063 763 1120 810 et
1162 766 1400 827 cteptum
1443 759 1642 814 bonum
1677 764 1852 831 perfe-

266 832 504 888 ctionem
538 852 644 892 non
671 839 862 907 habet;
895 843 1004 899 imo
1029 845 1154 900 dum
1179 848 1410 904 diversis
1446 851 1659 906 indiciis
1689 854 1851 909 datur

264 920 514 996 intelligi,
545 929 691 996 quod
719 932 991 988 anhelitus
1018 950 1306 1005 pravorum
1345 940 1412 994 ad
1439 941 1619 1010 priora
1658 945 1848 1013 nequi-

263 1014 354 1069 tia:
381 1032 597 1088 semper
630 1020 894 1091 intendat,
924 1041 1223 1096 procurare
1265 1047 1590 1103 magnopere
1621 1052 1846 1093 necesse

260 1112 365 1170 est,
419 1120 488 1161 ne
534 1111 860 1169 novissimus
910 1131 1068 1173 error
1115 1120 1273 1176 no'bis
1319 1125 1652 1192 torpentibus
1694 1128 1846 1198 pejor

256 1195 440 1266 priore
483 1201 755 1256 succedat.
799 1204 1074 1275 Siquidem
1123 1219 1179 1265 et
1229 1210 1429 1269 frustra
1476 1195 1842 1284 speculatores

257 1283 506 1350 dicimur,
534 1289 581 1344 si
619 1293 924 1350 venientem
954 1295 1137 1367 lupum
1166 1315 1197 1354 a
1223 1300 1380 1374 longe
1413 1319 1518 1359 non
1543 1307 1836 1363 cernimus.

253 1372 480 1431 Frustra
506 1379 652 1434 enim
695 1382 957 1454 episcopi,
997 1387 1050 1442 id
1084 1401 1190 1455 est,
1226 1372 1720 1464 superinspectores
1746 1413 1839 1452 νου

249 1480 460 1532 camur,
505 1469 552 1524 si
591 1471 830 1528 futurum
874 1477 1079 1533 exitum
1121 1496 1220 1551 per
1267 1486 1643 1540 antecedentia
1687 1489 1836 1560 signa

248 1558 472 1615 minime
505 1563 934 1634 contemplamur
956 1585 972 1634 ;
998 1572 1267 1640 prmcipue
1296 1590 1418 1629 cum
1455 1575 1565 1646 jam
1594 1558 1835 1647 quodvi-

243 1647 436 1704 demus
494 1656 705 1722 experti
758 1657 948 1722 simus,
1000 1668 1054 1714 et
1097 1660 1403 1719 futurarum
1447 1669 1832 1727 certitudinem

239 1741 639 1812 praeteritarum
679 1744 863 1816 gignat
899 1749 1162 1807 exhibitio
1205 1769 1406 1809 rerum.
1448 1757 1598 1815 Unde
1637 1761 1827 1816 saltem

1464 367 1471 373 '
1499 371 1854 430 nemo”;
1893 375 1980 430 ET
2023 377 2366 440 DECRETA.
3447 389 3550 472 art

2638 501 2731 556 sed
2769 518 2954 560 rursus
3004 509 3069 563 ad
3121 510 3237 567 hch
3285 522 3547 583 portanda

1957 582 2213 640 humeros
2247 590 2446 646 mentis
2480 593 2798 651 obedientcr
2843 599 3153 658 incurvasse
3199 606 3546 666 nihilominus

1955 677 2341 744 approbamus.
2383 681 2666 754 Impletum
2714 697 2799 744 est
2827 692 2971 745 enim
3017 694 3068 748 in
3103 703 3153 750 te
3183 698 3410 756 duorum
3465 703 3546 778 fa:

1953 775 2118 829 ctum,
2145 767 2396 826 Jeremize
2425 776 2634 832 scilicet
2678 789 2734 834 et
2777 781 2926 838 Isaiae
2969 785 3259 844 illustrium
3306 796 3542 864 prophe-
3622 831 3626 834 -

1951 864 2151 913 tarum.
2185 861 2422 928 Quorum
2451 884 2592 924 unus
2628 873 2696 925 ad
2738 877 3178 942 prtedicalionem
3222 886 3402 954 pepuli
3448 905 3545 942 vo-

1948 949 2092 1007 lente
2121 953 2350 1014 Domino
2375 960 2614 1028 mittere,
2647 966 2712 1020 de
2742 967 3060 1025 infirmitate
3091 987 3187 1027 sua
3224 949 3540 1045 pavescens

1947 1043 2146 1117 refugit
2177 1064 2192 1101 :
2219 1049 2289 1115 Α,
2315 1069 2370 1117 a,
2403 1071 2457 1119 α,
2491 1056 2766 1125 inquiens,
2805 1060 3026 1117 Domine
3067 1063 3210 1120 Deus
3247 1071 3418 1124 nescio
3460 1073 3538 1124 lo-

1944 1137 2072 1206 qui,
2119 1142 2246 1208 quia
2273 1159 2403 1210 puer
2429 1135 2521 1215 ego
2547 1165 2664 1202 sum
2695 1149 2830 1221 (Jer.
2872 1153 2934 1224 ι).
2964 1155 3118 1210 Alter
3156 1174 3284 1214 vero
3325 1161 3392 1216 de
3438 1163 3534 1224 Dei

1944 1229 2316 1288 misericordia
2355 1251 2710 1306 praesumens,
2740 1246 3003 1311 qnterenti
3038 1262 3199 1316 quem
3223 1261 3368 1306 esset
3401 1239 3533 1308 mis;

1941 1313 2121 1387 surus,
2148 1326 2425 1394 respondit
2443 1328 2664 1385 (licens:
2692 1332 2829 1388 Ecce
2848 1352 2964 1406 ego,
2990 1338 3136 1392 mitte
3156 1357 3235 1394 mc
3266 1340 3402 1413 (Isa.
3428 1352 3525 1408 vr).

1939 1410 2094 1479 Quod
2146 1431 2278 1488 ergo
2323 1420 2510 1474 venire
2563 1423 2632 1477 ad
2681 1426 2816 1480 tanti
2853 1427 3102 1485 culminis
3134 1446 3271 1488 onus
3315 1436 3528 1490 renisus

1937 1518 2032 1569 es,
2076 1507 2403 1568 humilitatis
2429 1513 2650 1584 quidem
2682 1517 2856 1572 solum
2903 1519 3007 1575 fuit
3051 1523 3306 1581 indicium
3343 1547 3354 1580 :
3399 1531 3526 1598 quia

1935 1610 2066 1654 vero
2091 1603 2376 1668 pervenire
2403 1609 2754 1676 consensisti,
2797 1612 3036 1682 ejusdem
3071 1619 3281 1674 exstitit
3313 1621 3526 1677 humili»

1935 1690 2065 1746 tatis
2108 1690 2225 1759 ejus
2253 1703 2309 1748 et
2334 1697 2550 1753 comitis
2573 1699 2894 1758 obedientim
2935 1704 3231 1774 plenitudo.
3263 1708 3394 1776 Quae
3436 1727 3522 1768 res

1933 1793 2039 1834 una
2069 1795 2192 1836 cum
2223 1787 2531 1843 sanctitatis
2577 1796 2682 1844 tua:
2718 1795 2989 1861 przeconio
3039 1799 3374 1867 pontificium
3425 1819 3523 1857 ηον

235 1824 308 1880 de
359 1826 717 1904 Theuthergas
762 1836 961 1907 regina:
1014 1837 1176 1894 illatis
1223 1845 1553 1912 quotidianis
1617 1849 1797 1904 insidii

236 1927 416 1948 unae-nn
449 1922 684 1948 Αι.....ε.....
728 1928 893 1948 -1-1--.
966 1939 1002 1948 γ.
1062 1946 1074 1948 -
1126 1934 1138 1944 ο
1202 1934 1214 1946 ο
1281 1937 1319 1948 -χ
1422 1939 1432 1948 .
1481 1939 1491 1948 .
1534 1940 1544 1948 .
1779 1944 1788 1948 -

1935 1824 2039 1834 -..κ
2071 1824 2192 1836 ω...-
2223 1824 2531 1843 υιιιινιιιαιιο
2577 1824 2682 1844 eum
2719 1824 2989 1861 νιυευυιιιυ
3039 1824 3374 1867 pummuuut
3425 1824 3518 1857 ποτ

1889 1851 1904 1907 ί
1931 1880 2129 1936 strum,
2160 1872 2288 1930 licet
2313 1877 2603 1935 difﬁculter
2624 1921 2640 1948 ,
2670 1891 2731 1936 ut
2758 1891 2938 1940 tamen
2965 1887 3031 1942 ad
3051 1888 3518 1948 confirmationem

236 1927 418 1974 vestra
447 1922 686 1980 charitas
721 1928 917 1996 doleat,
951 1939 1006 1987 et
1052 1934 1253 1989 eximio
1280 1937 1547 1993 Dominici
1579 1944 1822 2012 corporis

232 2013 480 2067 membro
526 2018 692 2072 totius
735 2025 933 2078 mentis
984 2024 1178 2080 affectu
1227 2030 1703 2097 compatiaturzct
1751 2052 1821 2092 ne

226 2097 383 2156 labor
425 2112 608 2161 noster
650 2109 828 2167 inanis
868 2115 1254 2182 constituatur,
1296 2119 1594 2188 spiritualia
1629 2126 1816 2181 nobis.

222 2203 349 2245 cum
377 2202 552 2250 vestra
582 2195 895 2257 fraternitas
916 2203 1180 2260 adversus
1198 2206 1312 2276 jam
1345 2207 1512 2264 fatam
1545 2214 1813 2270 mmcham

223 2289 280 2335 et
306 2287 796 2349 commnnicatores
823 2295 960 2364 ejus,
987 2312 1137 2351 arma
1185 2301 1449 2366 sustollat,
1474 2311 1532 2358 et
1560 2303 1613 2358 in
1653 2322 1812 2376 paro-

219 2370 343 2426 cbia
372 2388 492 2441 sua,
545 2378 635 2432 ubi
675 2380 884 2449 plebem
910 2385 1245 2445 Dominicam
1287 2393 1570 2462 gubernat,
1598 2397 1682 2451 vel
1718 2399 1808 2455 ubi

215 2475 343 2517 eam
388 2462 506 2520 fore
543 2473 847 2543 contigerit,
881 2483 1404 2537 exeommunicatam
1443 2486 1581 2543 hanc
1630 2487 1808 2544 fauto-

216 2566 412 2622 resque
440 2571 568 2614 suos
594 2561 716 2617 viva
746 2579 879 2621 voce
912 2568 1228 2637 subsistere,
1265 2573 1438 2628 donec
1465 2587 1650 2632 nostro
1677 2595 1802 2649 spe-

212 2641 335 2696 ciali
359 2644 564 2714 judicio
593 2651 767 2722 dignae
808 2669 867 2709 se
893 2658 1227 2725 paenitentia:
1258 2665 1560 2729 submittat.
1589 2641 1801 2737 publice

211 2747 278 2788 ac
311 2737 568 2794 audacter
600 2757 897 2802 asseveret.
931 2748 1102 2806 Porro
1130 2753 1176 2807 si
1205 2755 1522 2827 cujusquam
1554 2759 1798 2817 fortassis

207 2825 608 2888 adinventionis
633 2835 1060 2910 intentionisque
1087 2841 1252 2898 fuerit
1275 2825 1480 2913 dicere,
1510 2852 1651 2920 quod
1686 2868 1793 2908 non

205 2917 380 2973 solum
411 2920 499 2976 illa
527 2924 740 2991 mulier,
763 2934 859 2984 sed
890 2940 948 2985 et
985 2931 1276 2991 Lotharius
1309 2953 1402 2992 rex
1431 2939 1484 2994 in
1528 2917 1636 2996 hoc
1669 2943 1795 2998 deli-

204 3009 432 3080 quisset,
463 3013 690 3087 ideoque
712 3075 717 3078 ,
739 3019 902 3076 simili
937 3025 1256 3094 poenitentia
1299 3029 1519 3089 deberet
1553 3036 1786 3101 arctari,

203 3109 387 3156 utrum
436 3103 756 3165 instruendo
804 3128 883 3177 se,
917 3130 986 3168 an
1013 3119 1388 3188 eXprobrando
1431 3124 1606 3190 nobis,
1659 3128 1787 3183 talia

199 3192 472 3262 loquatur,
506 3197 634 3254 licet
678 3203 810 3258 nulli
847 3205 1120 3276 jactanter
1142 3211 1258 3268 haec
1289 3215 1585 3284 proferenti
1629 3222 1786 3276 nobis
1815 3209 1860 3272 C

197 3299 421 3342 necesse
446 3290 517 3344 sit
560 3297 914 3366 respondere;
955 3304 1203 3372 congruit
1230 3313 1432 3371 tamen,
1459 3318 1519 3363 ut
1562 3327 1593 3366 a
1632 3313 1786 3381 cujus

193 3379 519 3436 auctoritate
547 3387 754 3442 sanctio
789 3389 890 3445 ista
920 3391 1241 3464 digreditur,
1269 3399 1320 3452 in
1361 3398 1476 3466 ejus
1506 3379 1779 3475 praeroga-

196 3465 318 3521 tivae
345 3467 640 3539 afﬂuentia,
677 3477 925 3548 quisquis
967 3481 1058 3536 ille
1093 3493 1197 3548 est,
1245 3465 1405 3554 hujus
1445 3465 1523 3544 rei
1556 3465 1779 3550 solutio-

190 3572 315 3613 nem
345 3573 574 3632 quzerat,
602 3580 667 3622 eo
693 3573 837 3639 quod
864 3576 1158 3632 auctoritas
1188 3581 1501 3647 apostolica,
1524 3586 1591 3639 ad
1612 3601 1774 3654 quam

189 3648 566 3708 universarum
591 3671 721 3712 cura
750 3658 974 3716 confluit
997 3664 1372 3733 ecclesiarum,
1407 3671 1617 3733 idonea.
1651 3677 1773 3745 qui-

187 3738 292 3794 bus
334 3745 589 3802 omnibus
635 3751 904 3818 consulat,
941 3757 1308 3815 moderamina
1353 3764 1486 3818 satis
1528 3767 1766 3823 haheat:

182 3842 283 3899 per
319 3846 440 3901 qum
479 3842 536 3889 et
571 3836 815 3898 indoctos
850 3857 1094 3917 quosque
1122 3849 1404 3920 disciplina
1438 3854 1630 3911 salutis
1679 3858 1765 3912 in-

181 3926 378 3987 struat,
405 3933 460 3979 et
490 3929 969 3996 exprobratoribus
1009 3937 1408 4008 dispensatorie
1435 3947 1652 4000 modum
1684 3949 1765 4002 di-

179 4029 298 4082 gna:
342 4016 686 4078 discretionis
737 4025 996 4096 imponat.
1033 4030 1255 4088 Interim
1309 4049 1476 4099 vero,
1516 4040 1762 4111 quisquis

177 4115 414 4163 vestrum
458 4111 618 4183 hujus
661 4119 960 4176 sanctionis
989 4123 1274 4193 epistolam
1320 4133 1643 4199 susceperit,
1689 4135 1756 4190 ad

170 4195 454 4268 episcopos
481 4207 926 4276 metropolitanos
955 4213 1230 4272 destinare
1267 4195 1609 4290 summopere
1632 4195 1754 4279 istu-

171 4286 318 4355 deat,
349 4300 406 4345 et
427 4296 758 4367 exemplaria
779 4299 895 4370 ejus
926 4317 1022 4374 per
1038 4305 1244 4362 vicinas
1275 4309 1524 4380 regiones
1550 4313 1755 4384 disper-

170 4386 282 4448 gat,
304 4389 359 4436 et
391 4382 552 4440 talem
581 4402 640 4442 se
665 4388 722 4444 in
750 4394 1002 4450 omnibus
1029 4395 1114 4451 his
1142 4399 1415 4467 exhibeat,
1444 4413 1502 4458 ut
1525 4382 1750 4463 alterius

168 4470 286 4527 zelo
305 4470 536 4532 Phincos
577 4477 716 4535 iram
748 4482 959 4540 Domini
989 4489 1306 4559 mitigantis,
1343 4509 1449 4549 non
1482 4496 1533 4552 in
1563 4498 1746 4554 defeno

165 4559 319 4616 sione
346 4565 536 4630 scorti,
559 4569 653 4622 sed
688 4569 742 4624 in
769 4571 973 4629 ultione
999 4580 1167 4646 stupri
1197 4595 1255 4635 se
1287 4579 1500 4639 fervere
1531 4589 1742 4645 cunctis

159 4651 426 4706 ostendat.
455 4651 718 4724 Optamus
737 4657 1134 4721 fraternitatem
1163 4678 1402 4726 vestram
1441 4674 1496 4728 in
1526 4675 1743 4734 Christo

159 4750 303 4794 nunc
348 4748 405 4796 et
454 4757 671 4814 semper
708 4746 850 4804 bene
894 4750 1095 4808 valere.
1154 4755 1286 4812 Data
1335 4761 1514 4818 Idibus
1565 4764 1742 4825 Junii;

156 4824 450 4888 indictione
475 4847 587 4894 xiv.

858 4950 1038 5010 XCIV.

313 5051 382 5091 ΔΙ)
419 5051 685 5096 MILONE!
719 5057 1171 5106 Αιιοπιενιεοορυι
1209 5067 1562 5113 δεκοκεκςευ.

763 5135 944 5206 (Anno
972 5137 1124 5210 866.)
1212 5201 1214 5204 ,

147 5233 382 5319 Pettium
421 5255 553 5296 novo
585 5245 993 5319 __arcltiepiscopo
1047 5254 1312 5319 concedit,
1351 5245 1565 5314 tametsi
1627 5280 1729 5319 non

212 5309 433 5391 probare
471 5327 526 5365 se
559 5313 700 5369 dicat
761 5309 902 5389 quod
927 5309 1004 5374 ἐπ
1037 5323 1212 5378 aliena
1264 5309 1481 5383 ecclesia
1522 5342 1568 5386 et
1612 5351 1727 5388 mo-

215 5387 443 5433 nasterio
467 5387 876 5456 assumptus'sit.

705 5487 881 5561 [Apud
908 5490 1100 5556 Mansi,
1129 5496 1284 5569 ibid.]

208 5566 476 5628 Nicouus
503 5576 807 5649 episcopus,
840 5597 1028 5637 servus
1053 5601 1336 5643 servorum
1367 5590 1481 5658 Dei,
1501 5595 1720 5654 EGll.0Nl

139 5658 440 5718 Senonensi
471 5671 743 5739 episcopo.

203 5750 494 5810 Pastoralis
519 5775 661 5818 cum
687 5765 923 5831 pondera
958 5780 1007 5823 te
1039 5771 1312 5830 humiliter
1344 5780 1714 5854 subterfugere

1930 1965 2008 2018 tui
2038 1965 2260 2034 pallium
2301 1971 2595 2038 mitterem,
2644 1975 2944 2032 inclinavit.
2995 1978 3253 2036 Perhibes
3287 1985 3430 2039 enim
3467 1997 3519 2040 te

1925 2072 2032 2112 non
2061 2059 2128 2115 de
2163 2059 2463 2118 Senonensi
2484 2064 2714 2122 ecclesia
2743 2069 3034 2134 exstitisse,
3065 2073 3159 2127 sed
3189 2074 3254 2128 de
3281 2078 3516 2144 quodam

1922 2152 2256 2206 monasterio
2299 2153 2366 2206 ad
2407 2157 2780 2227 episcopatum
2823 2159 3064 2228 ejusdem
3103 2164 3348 2222 ecclesia:
3393 2184 3516 2237 per.-

1917 2238 2154 2294 venisse.
2185 2239 2338 2308 Quod
2365 2259 2465 2300 nos
2490 2247 2798 2318 ubicunque
2826 2249 2943 2315 fiat,
2987 2268 3112 2307 cum
3146 2253 3227 2320 fit,
3262 2256 3510 2314 malefico

1916 2328 2164 2398 ferimus,
2212 2343 2268 2388 et
2302 2337 2544 2406 graviter
2570 2340 2898 2396 omnimodis
2921 2341 3193 2410 ducimus,
3241 2364 3342 2417 pro
3369 2364 3504 2405 con-

1912 2421 2216 2480 culcatione
2255 2427 2465 2483 scilicet
2505 2444 2787 2486 sacrorum
2815 2447 3107 2500 canonum,
3150 2445 3207 2491 et
3252 2453 3507 2509 asperna-

1912 2513 2060 2568 tione
2085 2513 2409 2572 clericorum
2437 2559 2452 2583 ,
2488 2519 2582 2589 qui
2622 2531 2928 2578 crescentes
2958 2524 3011 2577 in
3039 2540 3135 2579 sua
3166 2529 3417 2594 ecclesia,
3449 2543 3507 2588 et

1908 2603 2200 2660 virtutibus
2227 2622 2471 2676 operam,
2515 2619 2570 2665 et
2602 2611 2760 2667 bonis
2806 2614 3047 2670 moribus
3076 2616 3412 2678 honestatem
3437 2641 3502 2679 ac

1906 2694 2186 2765 sapientiae.
2214 2699 2406 2754 studiis
2433 2700 2766 2771 diligentiam
2809 2703 3136 2774 impendisse
3181 2725 3280 2779 per
3317 2713 3499 2784 singu-
3583 2707 3588 2710 ’

1905 2783 2080 2839 larum
2125 2795 2346 2842 :elatum
2390 2790 2726 2850 incrementa
2767 2795 3089 2864 probantur.
3136 2799 3276 2867 Quid
3313 2783 3496 2866 autem

1902 2874 2234 2947 suffragatur
2270 2894 2575 2938 consensus
2616 2885 2996 2954 episcoporum
3022 2929 3038 2954 ,
3087 2891 3178 2944 ubi
3235 2907 3343 2947 non
3395 2912 3494 2963 pro

1899 2965 2102 3034 regulis
2134 2971 2400 3037 paternis,
2424 2971 2518 3026 sed
2547 2981 2737 3028 contra
2783 2976 2994 3048 regulas
3017 2981 3306 3037 adunatur.
3355 2985 3492 3040 Tum

1900 3057 2102 3128 quippe
2145 3058 2285 3116 alter
2309 3061 2376 3117 de
2405 3061 2576 3119 altera
2611 3063 2893 3138 eligendus
2936 3078 3020 3124 est
3057 3071 3288 3130 ecclesia
3314 3115 3330 3141 ,
3363 3093 3488 3132 cum

1897 3151 1965 3206 de
1993 3152 2232 3207 civitatis
2261 3154 2430 3224 ipsius
2469 3155 2714 3222 clericis,
2765 3160 2853 3215 cui
2903 3170 2988 3217 est
3026 3164 3314 3236 episcopus
3341 3172 3486 3223 criti.

1891 3242 2124 3306 nandus,
2172 3244 2352 3301 nullus
2380 3247 2574 3316 dignus
2597 3251 2834 3317 potuerit
2863 3251 3116 3311 inveniri.
3165 3259 3319 3324 Quod
3355 3276 3481 3314 eve-

1887 3332 2006 3388 nire
2053 3333 2107 3388 in
2139 3343 2252 3389 tam
2294 3337 2472 3407 ampla
2504 3339 2724 3396 (Ιίωοθεί
2765 3356 2865 3398 nec
2890 3360 2990 3400 nos
3034 3348 3328 3414 credimus,
3382 3367 3482 3408 nec

1881 3423 2314 3492 praedecessores
2337 3436 2555 3501 nostros
2577 3431 2887 3498 apostolica:
2909 3435 3054 3490 sedis
3072 3441 3334 3507 prtesules
3359 3457 3480 3496 ere.

1879 3513 2081 3568 didisse
2113 3516 2430 3583 reperimus.
2459 3517 2848 3592 Cujuscunque
2870 3525 3052 3596 itaque
3074 3529 3144 3582 sit
3167 3533 3474 3588 sanctitatis

1876 3603 2019 3658 dono
2046 3606 2274 3674 quilibet
2317 3609 2597 3678 praeditus,
2654 3612 2859 3670 alienos
2905 3633 3013 3673 non
3065 3621 3225 3677 debet
3259 3624 3472 3680 labores

1872 3696 2165 3765 praeripere
2199 3716 2212 3753 :
2243 3701 2442 3770 quippe
2493 3703 2581 3757 cui
2630 3702 2852 3782 jubetur
2908 3709 3042 3763 nihil
3098 3727 3286 3768 eorum
3341 3731 3463 3786 qua:

1870 3788 2102 3856 proximi
2156 3799 2286 3844 sunt
2330 3792 2512 3862 aliquo
2552 3796 2713 3851 modo
2747 3800 3152 3870 concupiscere.
3195 3805 3273 3860 Eo
3321 3810 3466 3866 enim

1869 3876 1987 3946 ipso
2034 3893 2142 3948 quo
2182 3880 2410 3952 quisque
2455 3883 2608 3940 alteri
2662 3888 2986 3956 pertinentia
3030 3892 3154 3963 jura
3209 3897 3460 3970 subripit.

1865 3969 2172 4025 sanctitatis
2199 3972 2427 4041 gratiam
2461 3976 2656 4044 perdit.
2682 3976 2816 4032 Nam
2846 3995 2966 4051 quae
2995 3972 3255 4043 sanctitas
3286 3969 3462 4045 vindio

1863 4067 1952 4112 cat
1994 4063 2296 4117 mercedem
2345 4064 2500 4122 alteri
2557 4067 2840 4126 debitam?
2883 4087 3003 4142 qua:
3032 4079 3295 4136 sanctitas
3322 4082 3460 4138 alte-

1862 4149 1974 4202 rius
2021 4149 2237 4205 sibimet
2289 4150 2500 4210 fructus
2550 4161 2810 4227 usurpat?
2865 4161 3019 4220 Unde
3064 4167 3226 4223 etiam
3256 4211 3271 4236 ,
3325 4173 3454 4242 quia

1856 4252 2021 4307 super
2055 4241 2158 4296 hac
2198 4252 2354 4313 parte
2403 4245 2469 4300 ad
2514 4262 2702 4303 sacras
2754 4252 2970 4322 regulas
3007 4254 3227 4314 Patrum
3273 4241 3452 4318 minus

1854 4344 2018 4398 quam
2041 4336 2282 4402 oportuit
2309 4347 2395 4392 est
2421 4351 2749 4409 respectum,
2782 4345 2974 4402 saltem
3017 4350 3083 4403 ad
3108 4354 3449 4424 evangelicas

1852 4420 2046 4478 fuisset
2091 4427 2317 4497 paginas
2357 4443 2727 4501 properatum,
2759 4437 2812 4492 in
2845 4440 3041 4509 quibus
3070 4420 3286 4512 legitur,
3317 4448 3447 4516 quia

1851 4526 1974 4567 cum
2005 4515 2205 4572 milites
2231 4519 2359 4587 quid
2391 4519 2586 4578 facturi
2623 4537 2806 4582 essent
2852 4528 3113 4587 Joannem
3145 4515 3444 4603 Baptistam

1851 4602 2259 4675 interrogarent
2287 4609 2438 4680 (Luc.
2467 4612 2544 4678 v),
2573 4618 2823 4686 protinus
2851 4621 2919 4674 ab
2946 4636 3012 4676 eo
3041 4622 3184 4678 inter
3208 4602 3330 4688 alia,
3374 4640 3447 4682 ut
3466 4628 3488 4670 ἶ

1848 4697 2086 4750 contenti
2117 4709 2300 4754 essent
2349 4703 2633 4774 stipendiis
2683 4709 2796 4763 suis
2834 4711 3054 4767 audiere
3084 4725 3433 4785 praeceptum.

1847 4782 1948 4840 Ubi
1979 4788 2429 4848 considerandum
2467 4805 2572 4862 est,
2602 4797 2646 4852 si
2679 4799 2940 4855 militibus
2968 4803 3173 4871 saeculi,
3217 4815 3278 4860 ut
3322 4810 3435 4862 suis

1844 4875 1953 4928 sint
1988 4877 2271 4947 stipendiis
2296 4885 2537 4939 contenti
2567 4901 2598 4940 a
2627 4885 2835 4944 Joanne
2863 4889 3146 4962 plusquam
3167 4899 3432 4968 propheta

1833 4963 2074 5034 iubetur,
2102 4978 2303 5037 quanta
2332 4986 2492 5040 pinna
2527 4978 2779 5043 puniendi
2811 4989 2938 5035 sunt
2979 4963 3182 5039 milites
3202 4963 3427 5057 Christi,

1836 5057 1931 5126 qui
1965 5064 2346 5130 quoquomodo
2389 5065 2443 5119 in
2482 5067 2751 5137 stipendia
2792 5071 3060 5144 obrepunt
3087 5077 3284 5136 aliena.
3316 5081 3426 5138 Vcs

1836 5163 1956 5203 rum
1993 5152 2122 5221 quid
2155 5167 2291 5223 opus
2319 5165 2404 5211 est
2428 5173 2530 5213 nos
2559 5160 2674 5215 haec
2697 5160 2900 5219 affatim
2925 5182 3277 5241 exaggerare,
3301 5191 3424 5248 qua:

1833 5244 2097 5299 sanctitas
2128 5255 2218 5302 tua
2261 5263 2360 5304 nos
2387 5251 2530 5319 cogit
2581 5253 2798 5312 interim
2848 5259 3227 5323 dissimulem?
3253 5244 3421 5327 Porro

1833 5347 1954 5388 cum
1995 5335 2062 5389 ad
2095 5345 2146 5390 te
2175 5345 2401 5408 tuosque
2427 5345 2815 5412 compatriotas
2842 5359 2897 5405 et
2915 5358 3334 5417 consacerdotes
3364 5363 3417 5416 iu

1833 5424 2140 5493 regionibus
2185 5427 2289 5482 illis
2334 5431 2675 5499 constitutos,
2717 5438 2805 5492 ubi
2837 5443 3162 5510 peculiarius
3186 5448 3414 5505 habetur

1829 5517 1932 5571 ista
1975 5519 2293 5585 temeritas,
2354 5523 2564 5581 litteras
2607 5531 2940 5597 apostolatus
2986 5540 3158 5594 nostri
3208 5544 3411 5611 patrios

1827 5609 1979 5666 vobis
2025 5626 2260 5666 canones
2307 5631 2733 5677 rememorantes
2759 5661 2772 5688 ,
2805 5635 2859 5679 et
2888 5627 3014 5685 hinc
3039 5646 3135 5686 vos
3162 5647 3406 5689 commu-

1829 5702 1967 5756 niter
1995 5703 2349 5761 admonentes
2375 5748 2388 5772 ,
2438 5708 2548 5764 Deo
2588 5713 2722 5769 duce
2744 5715 3217 5786 destinaverimus,
3247 5740 3404 5798 θροις

1825 5793 1955 5846 tebit
1995 5795 2178 5866 utique
2217 5812 2245 5848 a
2282 5799 2464 5865 vobis,
2510 5801 2590 5856 vel
2623 5819 2653 5857 a
2681 5819 2976 5880 quoquam,
3019 5812 3151 5870 nihil
3192 5793 3400 5874 tale'da
