4050 6324
605 421 716 481 975
1930 409 1932 411 ’
1965 409 2204 469 NICOLA

2275 412 2354 466 PA
2364 411 2472 467 PE
2511 410 2529 465 Ι
3769 422 3851 482 ’τε

608 549 809 596 caetero
857 535 972 592 ﬁeri
1031 554 1040 587 :
1099 533 1332 602 alioquin
1395 539 1837 602 przesumptorem
1869 571 1882 593 ,
1940 538 1994 584 et
2041 531 2185 583 circa
2215 541 2260 594 Α
2296 528 2480 590 liatis;
2533 527 2747 582 aliunde
2797 527 2887 597 qui
2921 529 3004 584 eis
3048 527 3423 601 irregulariter
3475 548 3853 604 prmponeretur

593 638 799 685 sancta
841 629 1054 683 decreta
1098 637 1466 680 contumacem
1509 623 1820 678 eorumdem
1867 621 2065 676 involvi
2095 621 2189 676 de-
2294 619 2500 673 electus
2537 631 2654 678 est.
2694 628 2750 673 et
2776 621 2866 688 qui
2897 621 3127 676 aliorqu
3150 623 3386 677 fructum
3417 623 3663 680 laborum
3696 626 3850 683 come-

536 701 558 745 ‘7
598 730 882 774 mretorum
927 717 1051 786 jure
1100 716 1400 770 sententiis.
1453 713 1626 768 Tuum
1678 721 1974 783 praeterea,
2023 712 2192 766 frater
2295 713 2444 765 deret
2465 711 2804 765 adiuvemus.
2829 710 3092 766 Nimirum
3118 725 3239 768 cum
3269 716 3576 770 reverenda:
3607 721 3852 776 memoria:

605 811 950 874 charissime,
979 810 1311 879 propositum
1341 807 1569 862 observa
1604 825 1616 860 :
1653 815 1708 861 et
1737 807 1827 874 qui
1859 805 1949 859 ditt
1992 805 2044 859 in
2076 819 2192 858 mo-
2293 803 2548 857 decessor
2596 801 2756 870 hujus
2791 804 2958 858 tantis
2997 821 3026 857 a
3073 805 3228 860 vobis
3264 807 3550 875 przeconiis
3602 809 3851 875 elferatur,

605 903 848 958 nasterio
878 910 1117 956 moratus
1142 915 1201 954 es
1227 940 1241 962 ,
1275 915 1304 952 a
1337 900 1566 968 pristino
1589 907 1713 953 voto
1742 899 2010 952 divertere
2057 896 2184 951 noli.
2294 904 2356 948 ut
2381 895 2585 948 nullum
2617 894 2668 948 in
2715 895 2906 950 eadem
2952 897 3197 956 ecclesia.
3234 898 3320 953 cui
3370 916 3474 953 non
3505 902 3720 956 modico
3745 913 3852 956 tem-

604 992 764 1058 ρυοά
790 991 934 1045 enim
971 991 1068 1045 diu
1102 990 1154 1044 in
1187 989 1376 1043 humili
1412 990 1598 1044 habitu
1622 986 2192 1055 custodisti,prol‘ecto
2295 999 2426 1053 pore
2478 983 2733 1052 praefuit,
2781 987 2871 1054 qui
2917 999 2966 1039 et
3007 988 3269 1042 canonice
3313 989 3602 1061 subrogari
3658 1003 3849 1060 posset,

608 1081 865 1135 indecens
904 1088 988 1134 est
1027 1079 1070 1134 si
1117 1094 1259 1133 nunc
1313 1078 1365 1132 in
1415 1079 1610 1149 potiori
1666 1077 1874 1146 positus
1919 1076 2190 1130 dimiseris
2297 1075 2643 1144 relinqueret,
2682 1092 2905 1146 prorsus
2934 1079 3248 1135 incredibile
3262 1081 3562 1151 judicatur.
3601 1083 3729 1138 Cum
3748 1103 3851 1158 ergo

603 1173 818 1238 ordine,
859 1173 962 1228 hoc
993 1173 1165 1243 ipsum
1199 1180 1386 1226 sancta
1425 1185 1639 1241 quoque
1685 1169 1982 1238 Scriptura,
2029 1183 2192 1222 vene-
2295 1164 2614 1221 familiarius
2645 1167 2697 1221 in
2745 1169 3053 1238 regionibus
3093 1172 3293 1226 vestris
3319 1173 3390 1226 sit
3417 1172 3535 1227 hzec
3568 1177 3850 1244 temeritas,

611 1265 907 1333 randisque
952 1263 1188 1318 decretis
1227 1263 1462 1332 pleniter
1507 1260 1879 1317 cdocentibus.
1931 1257 2192 1328 Optamus
2295 1265 2350 1312 et
2373 1271 2652 1311 sacrorum
2696 1272 2858 1326 super
2906 1259 3010 1314 hoc
3055 1274 3321 1315 canonum
3365 1262 3594 1319 violatio
3635 1265 3849 1328 dilatata.

608 1357 956 1412 sanctitatem
989 1363 1134 1408 tuam
1163 1353 1217 1408 in
1245 1352 1458 1408 Christo
1498 1353 1634 1408 bene
1673 1350 1871 1407 valere.
2297 1364 2522 1403 necesse
2560 1357 2643 1403 est
2691 1358 2933 1405 nostram
2961 1351 3381 1407 sollicitudinem
3424 1369 3526 1424 pro
3557 1357 3660 1411 hac
3692 1373 3850 1427 ampu-

1318 1461 1479 1520 xcv.
2297 1440 2458 1493 lauda
2499 1441 2787 1510 specialius
2820 1441 3130 1512 impendere
3158 1444 3516 1515 diligentiam.
3547 1446 3850 1519 Quapropter

977 1571 1045 1610 an
1083 1571 1330 1612 cauomu
1369 1569 1578 1610 cmun
1612 1566 1810 1608 ascen.
2298 1529 2576 1585 ἀίίεειίοηε

2298 1529 2638 1585 dilectionem
2682 1539 2957 1596 vestram,
3010 1533 3164 1602 cujus
3194 1549 3357 1602 opera
3382 1552 3489 1590 non
3517 1539 3733 1606 partim,
3776 1541 3846 1594 sed

1226 1647 1402 1717 (Anno
1429 1644 1579 1716 366,)
2297 1637 2366 1717 ex
2411 1629 2560 1717 toto,
2609 1621 2825 1691 placere

2297 1637 2366 1675 ex
2411 1629 2524 1676 toto
2547 1662 2560 1684 ,
2609 1621 2825 1691 placere
2859 1637 3071 1679 summo
3109 1626 3318 1681 arbitro
3360 1629 3619 1698 cupimus
3644 1670 3657 1692 ,
3688 1631 3847 1686 obnixe

611 1737 738 1794 Non
765 1739 962 1809 probat
993 1737 1211 1792 abusum
1236 1713 1344 1808 ’φιὶ
1383 1713 1711 1809 inualuerat,
1756 1744 1819 1809 ut
1863 1735 2088 1809 episcopi
2129 1750 2194 1809 ea;

2298 1713 2660 1784 deposcimus,
2699 1724 2761 1769 ut.
2805 1715 2886 1771 sic
2915 1715 3086 1770 zelum
3111 1717 3337 1788 justitia:
3367 1720 3574 1776 haheat
3597 1762 3613 1788 ,
3640 1731 3702 1775 ut
3739 1723 3847 1776 hunc

579 1863 588 1876 ,
684 1805 870 1884 alienis
922 1808 1168 1884 Ecclesijs
1197 1805 1584 1884 assumerenmr
1616 1821 1634 1858 :
1665 1805 1876 1884 Egiloni
1905 1805 2080 1884 tamet;
2121 1806 2191 1860 ad
2299 1805 2591 1859 secundum
2617 1805 2897 1860 scientiam
2929 1816 3109 1864 teneat
3140 1826 3155 1862 :
3188 1810 3268 1864 sic
3299 1810 3489 1866 ocuios
3514 1826 3584 1865 ex
3612 1827 3712 1866 una
3732 1823 3847 1884 parte

685 1878 1036 1934 Senonemem
1080 1879 1370 1932 Ecclesiam
1410 1877 1672 1948 postulato
1689 1876 1916 1946 pallium
1942 1876 2120 1930 mittit.
2221 1891 2270 1951 Β

2246 1883 2583 1966 ἶνίεἰιαηῑθι·
2628 1898 2854 1966 aperiat,
2901 1906 2963 1952 ut
3011 1915 3077 1954 ex
3124 1899 3295 1956 altera
3336 1912 3496 1972 parte
3539 1876 3845 1959 nihilominus

1103 1987 1281 2060 [Apud
1311 1987 1499 2051 Mansi,
1531 1987 1686 2059 ibid.j
1815 2031 1836 2052 ,
2301 1984 2498 2039 videat.
2532 1984 2611 2038 Illi
2641 2000 2772 2040 vero
2794 1986 2890 2056 qui
2922 1986 2976 2041 in
3025 1990 3324 2044 sacrarium
3371 1993 3766 2060 provehantur,
3789 1995 3846 2048 sic

686 2082 955 2137 Nrcomus
993 2081 1309 2150 episcopus,
1339 2095 1526 2134 servus
1567 2093 1849 2134 servorum
1877 2078 2014 2144 Dei,
2062 2077 2197 2134 dile—
2301 2077 2367 2133 de
2399 2077 2610 2132 collatis
2634 2078 2738 2134 sibi
2782 2079 2939 2134 donis
2982 2080 3198 2136 caelitus
3245 2083 3447 2152 gratias
3497 2085 3761 2150 referant,
3803 2096 3846 2138 ut

601 2173 857 2230 ctisSimo
887 2171 996 2226 tilio
1024 2171 1238 2225 Cauoco
1267 2170 1397 2240 regi.
2300 2184 2408 2224 non
2427 2169 2568 2224 sicut
2590 2168 2898 2225 Pharisaeus
2924 2170 2978 2225 in
3007 2171 3228 2227 alterius
3257 2174 3668 2244 derogationem
3685 2184 3848 2229 temere

685 2262 820 2318 Cum
843 2271 1078 2331 acceptae
1097 2260 1606 2315 dilectionisvestrze
1632 2259 1932 2329 legeremus
1959 2259 2197 2329 epistolae
2300 2260 2512 2332 linguas
2537 2250 2828 2316 (exacuant
2863 2279 2878 2316 :
2914 2262 3278 2331 periculosum
3326 2271 3409 2318 est
3461 2265 3614 2318 enim
3643 2301 3658 2327 ,
3706 2264 3846 2317 taliter

605 2363 822 2410 textum
864 2362 920 2407 et
959 2367 1056 2422 per
1081 2368 1205 2408 eum
1238 2353 1289 2406 in
1321 2352 1615 2407 Senonensi
1667 2351 1949 2421 metropoli
1984 2351 2197 2422 delega-
2299 2365 2490 2407 omnes
2524 2351 2777 2408 Ecclesiae
2801 2351 3082 2406 ministros
3119 2367 3375 2421 spernere
3395 2393 3412 2417 ,
3441 2361 3504 2407 et
3527 2352 3606 2408 eis
3630 2352 3845 2422 impluvi-

605 2457 732 2501 ‘tum
776 2445 1074 2500 antistitem
1117 2443 1271 2498 miris
1309 2458 1406 2498 vos
1451 2443 1706 2513 praeferre
1755 2441 2000 2497 laudibus
2043 2456 2197 2496 com-
2301 2459 2444 2510 sum,
2471 2453 2526 2499 et
2555 2458 2662 2499 non
2702 2452 2942 2514 optatum
2971 2459 3304 2516 praeponere.
3354 2444 3516 2513 Quod
3549 2444 3670 2514 quia
3693 2443 3846 2499 crebro

606 2537 980 2608 'perissemus;
1017 2550 1123 2590 non
1162 2534 1334 2590 solum
1357 2535 1425 2590 de
1451 2535 1560 2598 illo,
1592 2550 1781 2590 verum
1831 2533 1994 2588 etiam
2033 2541 2087 2588 et
2130 2533 2198 2588 de
2298 2545 2687 2608 praesumptum
2716 2551 2838 2592 esse
2859 2536 3132 2591 nonnullis
3171 2537 3532 2606 querimoniis
3562 2552 3630 2592 ex
3670 2537 3759 2591 hoc
3779 2550 3846 2604 ge

615 2626 775 2682 vobis
803 2626 1006 2697 ingenti
1031 2640 1220 2679 sumus
1240 2624 1601 2680 exsultatione
1631 2625 1836 2680 referti.
1863 2625 1939 2679 De
1966 2625 2056 2680 illo
2083 2625 2199 2694 qui-
2301 2628 2562 2682 mentium
2609 2627 2894 2683 didicimus
2916 2668 2932 2694 ,
2977 2643 3076 2684 vos
3103 2629 3298 2684 merito
3338 2628 3632 2699 diligentes
3656 2668 3672 2690 ,
3717 2639 3764 2681 ut
3795 2625 3845 2679 ad

619 2721 766 2786 dem,
796 2721 1048 2789 quoniam
1097 2719 1258 2773 talem
1285 2717 1430 2772 hunc
1482 2717 1621 2772 fama
1667 2718 1939 2788 praedicat,
1984 2717 2197 2786 qualem
2303 2729 2506 2775 tantam
2537 2722 3025 2792 transgressionem
3072 2722 3343 2777 neminem
3392 2722 3681 2792 impellatis
3711 2734 3843 2788 expo-

615 2810 816 2864 debere
866 2807 1054 2880 [form
1084 2808 1280 2863 debere
1311 2821 1454 2872 esse,
1487 2807 1682 2879 "Ann-1
1720 2808 2030 2877 episcopum
2058 2807 2200 2876 Apo-
2301 2813 2517 2866 scimus.
2547 2811 2799 2880 Alioquin
2825 2827 2924 2867 nos
2963 2820 3273 2867 sanctarum
3317 2813 3547 2868 minime
3585 2810 3843 2883 regularum

603 2900 795 2956 rstolus
823 2899 1045 2964 indicat,
1079 2898 1170 2969 qui
1200 2898 1442 2954 scribens
1469 2897 1616 2952 illum
1659 2907 1908 2968 oportere
1953 2899 2198 2952 testimo-
2301 2901 2645 2957 immemores
2671 2941 2688 2967 ,
2734 2917 2835 2957 nec
2860 2917 3051 2973 segnes
3077 2911 3420 2958 exsecutores
3449 2904 3726 2958 admodum
3757 2901 3846 2954 exi-

592 2994 771 3047 mium
795 2993 1011 3047 habere
1050 2991 1251 3045 bonum
1276 3031 1294 3057 ,
1323 2999 1378 3045 et
1404 2990 1473 3045 ab
1499 2990 1582 3045 his
1623 2993 1714 3060 qui
1746 2991 1881 3046 foris
1905 3002 2031 3046 sunt
2058 3007 2196 3061 prte-
2304 3002 2530 3057 stentes,
2561 2993 2821 3048 adversus
2851 2995 3169 3049 temerarios
3211 2994 3506 3049 succinctis
3549 2993 3730 3048 lumbis
3754 2991 3845 3045 illas

609 3081 768 3136 dicat
794 3079 846 3152 (1
876 3080 1011 3134 Tim.
1058 3083 1162 3151 ιιι).
1195 3080 1272 3136 De
1307 3081 1460 3136 vobis
1503 3091 1681 3135 autem
1709 3123 1724 3148 ,
1761 3083 2015 3151 quoniam
2041 3122 2056 3145 ,
2090 3084 2200 3138 Dee
2304 3085 2594 3142 defendere
2628 3085 3065 3155 procurabimus,
3103 3094 3160 3140 et
3211 3085 3513 3140 auxiliante
3543 3086 3741 3140 Christo
3770 3095 3845 3135 uo-

607 3173 861 3243 gratias,
915 3186 1131 3240 semper
1181 3186 1244 3226 ea
1298 3187 1417 3241 quae.
1485 3173 1710 3228 meliora
1763 3183 1891 3228 sunt
1939 3175 2194 3246 diligitis;
2302 3177 2407 3243 bis,
2438 3185 2489 3232 et
2515 3176 2758 3232 ecclesia:
2781 3176 3124 3232 consulentes
3150 3176 3344 3246 ipsius,
3371 3177 3440 3231 de
3467 3186 3659 3231 czetero
3702 3186 3845 3242 aequ:-

619 3278 840 3333 semper
863 3278 982 3332 quae
1007 3263 1328 3333 pretiosiora
1357 3272 1501 3330 sunt,
1537 3265 1761 3327 Domino
1785 3266 1897 3321 Deo
1926 3269 2198 3324 acuuctis
2229 3256 2275 3320 C
2306 3266 2522 3321 nimiter
2561 3267 2854 3322 violatores
2887 3283 3072 3322 earum
3109 3267 3259 3321 nullo
3291 3267 3452 3322 modo
3479 3265 3842 3321 sustinebimus.

609 3352 810 3408 offerri
835 3352 1173 3408 desideratis.
1204 3352 1308 3408 Sed
1337 3355 1583 3423 quamvis
1622 3356 1737 3410 haec
1777 3370 1878 3410 nos
1925 3355 2077 3412 valde
2111 3356 2202 3412 lae.
2305 3354 2598 3426 Usquequo
2637 3365 2822 3410 tamen
2851 3356 3098 3410 eamdem
3129 3356 3625 3425 praevaricationem
3649 3352 3845 3421 incipia-

607 3443 850 3508 1iiicent,
880 3442 1108 3497 multum
1134 3450 1314 3497 tamen
1338 3443 1692 3509 contristant,
1720 3445 1846 3514 quia
1873 3444 2012 3499 idem
2037 3461 2203 3502 veue-
2305 3459 2430 3499 mus
2451 3443 2716 3514 generalis
2763 3443 2970 3499 decreti
3023 3444 3194 3499 nostri
3238 3444 3420 3515 ligone
3464 3445 3530 3499 de
3576 3440 3847 3511 regionibus

609 3532 815 3588 *rabilis
853 3533 939 3586 vir
968 3547 1075 3586 non
1118 3531 1186 3587 de
1227 3531 1343 3602 ipsa
1389 3531 1617 3587 ecclesia
1643 3573 1657 3596 ,
1689 3535 1783 3588 sed
1817 3545 1843 3574 ι
1871 3533 1939 3588 de
1970 3533 2205 3602 quodam
2307 3533 2503 3587 vestris
2522 3531 2784 3588 radicitus
2812 3533 3153 3601 exstirpare,
3194 3529 3528 3603 parcendum
3567 3531 3684 3586 huic
3719 3526 3843 3582 fratri

608 3624 955 3681 monasterio
1017 3623 1183 3678 fuisse
1234 3623 1568 3694 perhibetur.
1622 3625 1862 3695 Denique
1906 3639 2030 3680 cum
2073 3640 2206 3695 erga
2302 3621 2415 3691 jam
2458 3631 2514 3677 et
2541 3623 2859 3693 coepiscopo
2886 3631 3073 3678 nostro
3099 3623 3467 3692 prmvidimus.
3504 3621 3649 3678 Unde
3677 3628 3724 3674 et
3754 3616 3842 3686 pal-

617 3723 930 3779 monachos
949 3721 1137 3775 eadem
1169 3718 1410 3789 profecto
1437 3720 1643 3790 regula,
1671 3723 1790 3790 quae
1810 3722 1955 3776 circa
1981 3720 2209 3776 clericos
2309 3713 2440 3767 lium
2491 3712 2646 3781 juxla
2695 3711 3142 3767 consuetudinem
3206 3720 3610 3767 anlecessorum
3669 3719 3840 3764 suorum

609 3813 717 3884 qui
764 3810 1099 3883 provehendi
1131 3817 1276 3873 sunt,
1327 3810 1692 3864 conversanda
1743 3810 1844 3874 sit;
1896 3809 2206 3864 indecorum
2311 3803 2566 3857 utendum
2611 3802 2660 3858 ei
2715 3802 3009 3857 secundum
3048 3802 3468 3872 postulationem
3518 3812 3730 3858 vestram
3775 3797 3840 3852 die

616 3916 830 3969 tamen,
861 3903 990 3972 quin
1029 3901 1214 3972 potius
1257 3900 1502 3955 illicitum
1531 3909 1634 3966 est,
1666 3900 1719 3954 in
1743 3900 1916 3955 aliena
1943 3900 2206 3970 stipendia
2310 3895 2568 3949 reximus.
2603 3892 2707 3948 Sed
2741 3894 3012 3963 petimus,
3056 3893 3306 3956 utsicut
3346 3909 3447 3948 nos
3481 3909 3581 3948 vos
3615 3891 3843 3947 audientes

625 4007 950 4062 quemquam
987 3991 1276 4059 obrepere,
1303 3999 1356 4044 et
1383 4005 1452 4044 ex
1483 3997 1792 4044 transverso
1819 3989 2125 4043 venientem
2155 3989 2207 4042 in
2312 3983 2366 4039 id
2397 3984 2445 4038 ei
2482 3983 2888 4047 concessimus,
2933 3983 3004 4037 ita
3060 3983 3238 4054 pietas
3283 3991 3466 4039 vestra
3513 3998 3610 4055 pro
3644 3997 3700 4036 eo
3733 3975 3843 4048 quod

619 4083 1295 4149 eastra,-inter-~qu:e'non
1322 4079 1612 4144 militavit,
1645 4079 1902 4135 ducatum
1932 4081 2207 4150 arripere;
2312 4074 2588 4145 poscimus
2631 4073 2732 4142 ipsi
2767 4073 2952 4143 largiri
2990 4074 3245 4129 muniﬁca
3273 4074 3581 4144 dapsilitate
3607 4073 3843 4142 dignetur:

622 4174 946 4230 beatissimo
975 4172 1284 4243 apostolica
1314 4172 1460 4226 sedis
1487 4170 1716 4242 praesule
1755 4169 2041 4226 Carlestino
2070 4187 2209 4240 prae-
2313 4180 2403 4220 res
2424 4164 2694 4228 videlicet,
2725 4173 2780 4218 et
2798 4179 3026 4233 qumque
3049 4164 3118 4218 ab
3135 4164 3366 4238 ecclesia
3387 4163 3684 4219 Senonensi
3708 4158 3846 4214 ablata

627 4267 864 4336 cipiente
882 4305 897 4328 ,
936 4273 1098 4334 atque
1122 4263 1336 4318 dicente
1357 4263 1570 4329 (decret.
1595 4260 1683 4332 18)
1717 4279 1730 4315 :
1767 4280 1784 4312 ε
1811 4261 1962 4317 Tunc
1984 4261 2120 4317 alter
2146 4261 2216 4317 de
2315 4253 2692 4323 quoquomodo
2721 4254 3132 4338 dignoscuntur,
3175 4265 3444 4325 quatenus
3471 4255 3608 4311 sicut
3634 4254 3751 4307 idem
3774 4261 3847 4318 pet

629 4359 801 4414 altera
842 4357 1072 4424 eligatur
1097 4355 1346 4419 ecclesia,
1379 4354 1423 4408 si
1447 4354 1512 4410 de
1533 4353 1768 4410 civitatis
1789 4353 1955 4424 ipsius
1977 4352 2210 4415 clericis,
2315 4361 2416 4402 nos
2434 4361 2696 4402 concesso
2735 4354 2886 4401 tanto
2934 4361 3158 4402 munere
3204 4348 3449 4404 exterius
3487 4350 3768 4408 decoratur,
3792 4343 3845 4395 ita

616 4448 724 4502 --cui
753 4447 1039 4517 episcopus
1083 4452 1168 4498 est
1209 4443 1562 4508 ordinandus,
1606 4443 1784 4499 nullus
1817 4444 2042 4515 dignus,
2071 4443 2215 4513 quod
2317 4453 2533 4509 quoque
2559 4439 2624 4494 de
2653 4438 2879 4494 redditis
2902 4439 3143 4495 ecclesiae
3171 4440 3275 4495 sibi
3318 4443 3621 4496 commissae
3660 4435 3843 4508 perele-

621 4539 853 4595 evenire
900 4551 1006 4592 non
1047 4535 1358 4599 credimus,
1386 4537 1635 4605 potuerit
1679 4536 1928 4590 inveniri.
1975 4535 2213 4598 Primum
2317 4529 2576 4582 mentium
2607 4537 2844 4583 vestram
2886 4528 3116 4585 interius
3161 4529 3481 4602 gratuletur.
3504 4531 3651 4599 Quod
3676 4523 3846 4598 pientis

616 4632 779 4686 -enim
808 4630 887 4685 illi
927 4628 1250 4699 reprobandi
1282 4636 1427 4692 sunt,
1460 4636 1518 4681 ut
1546 4627 1710 4698 aliqui
1741 4629 1807 4683 de
1833 4627 2022 4683 alienis
2044 4627 2213 4683 eccle-
2242 4630 2293 4690 D
2319 4633 2454 4689 opus
2499 4618 2652 4672 vobis
2697 4620 2926 4674 suadere
2972 4621 3219 4690 cupimus
3265 4621 3432 4675 etiam
3482 4621 3622 4675 circa
3659 4617 3845 4684 reliquas

624 4725 732 4780 siis
785 4722 978 4778 merito
1020 4719 1394 4791 prazferantur.
1430 4719 1652 4774 'Haheat
1696 4719 2065 4788 unusquisque
2103 4733 2215 4773 suae
2325 4711 2476 4781 regni
2523 4711 2691 4768 vestri
2741 4711 3001 4767 ecclesias
3029 4712 3416 4768 exercendum.
3451 4712 3664 4766 Scilicet
3692 4717 3740 4761 ut
3771 4716 3843 4756 nec

617 4814 872 4867 'fructum
897 4810 1102 4865 militiae
1129 4810 1182 4866 iu
1206 4807 1457 4873 ecclesia,
1495 4807 1682 4878 inqua
1710 4822 1861 4862 suam
1900 4822 2001 4876 per
2032 4807 2215 4862 omnia
2325 4805 2426 4859 hoc
2467 4803 2762 4859 innumeris
2791 4805 3141 4874 mirillcisque
3177 4805 3484 4860 actionibus
3503 4803 3687 4858 vestris
3703 4799 3844 4852 deesse

623 4903 906 4974 transegit
938 4910 1152 4957 aetatem
1176 4941 1192 4968 ,
1231 4901 1285 4956 in
1324 4901 1495 4955 aliena
1531 4899 1796 4970 stipendia
1833 4899 2055 4956 minime
2080 4900 2216 4954 alter
2323 4892 2522 4948 bonum
2566 4902 2725 4963 pacto
2773 4893 3014 4965 quolibet
3056 4903 3403 4965 agnoscatur.
3454 4893 3586 4947 Nam
3638 4895 3844 4959 quantum

624 4998 895 5066 obrepat;
933 5010 1036 5050 nec
1077 4994 1199 5048 aliis
1252 4992 1488 5047 debitam
1533 4991 1670 5046 alter
1705 4992 1902 5046 audeat
1938 4992 2216 5047 vindicare
2324 4986 2398 5042 sit
2420 4986 2827 5053 detestandum,
2861 5002 2949 5041 res
2979 5002 3008 5039 a
3037 4986 3142 5057 piis
3173 4986 3394 5057 regibus
3421 4995 3475 5040 et
3500 4983 3693 5039 devotis
3717 4974 3848 5032 homi-

637 5087 968 5144 mercedem.
999 5105 1019 5139 ι
1034 5085 1102 5140 1η
1124 5085 1319 5155 quibus
1345 5084 1525 5139 verbis
1554 5085 1944 5154 perspicacitas
1967 5085 2212 5140 dilectio-
2322 5073 2482 5130 nibus
2505 5074 2619 5129 Deo
2639 5075 2880 5136 dentatas,
2903 5075 3169 5145 permissu
3193 5085 3372 5130 vestro
3394 5073 3652 5134 subtrahi,
3667 5079 3714 5124 et
3730 5079 3849 5120 mun-

625 5179 728 5234 1Iis
756 5185 946 5232 vestra:
972 5176 1264 5247 prudenter
1289 5175 1531 5229 attendat
1559 5215 1572 5239 ,
1620 5175 1875 5245 quoniam
1904 5184 1998 5228 aut
2025 5175 2092 5230 de
2127 5191 2216 5229 ec-
2325 5163 2556 5219 dialibus
2599 5165 2784 5219 usibus
2813 5165 3099 5236 deputare,
3128 5165 3252 5236 quia
3276 5165 3586 5236 epistolaris
3617 5157 3850 5216 locutionis

626 5267 818 5322 ~clesiae
869 5265 1196 5322 Senonensis
1244 5265 1475 5330 clericis,
1511 5265 1603 5334 qui
1659 5265 2003 5319 ordinaretur
2042 5265 2218 5320 nullus
2321 5260 2541 5314 modum
2567 5259 2917 5325 excessimus,
2961 5267 3155 5325 vestra:
3183 5259 3464 5333 sapientia:
3488 5256 3851 5315 subtilttcrcon-

633 5359 838 5429 dignus
877 5357 1132 5412 inventus
1152 5365 1280 5424 est,
1311 5357 1454 5428 quod
1482 5357 1728 5412 evenisse
1765 5371 1871 5410 non
1898 5356 2170 5411 credimus
2195 5396 2214 5422 ,
2319 5346 2668 5404 Siderandunl
2707 5346 3081 5419 relinquimus.

635 5448 880 5504 maxime
905 5463 1034 5503 cum
1052 5448 1130 5504 sit
1154 5447 1496 5518 metropolis,
1532 5456 1586 5502 et
1612 5445 1931 5502 clericorum
1961 5462 2217 5502 numero-

635 5545 806 5599 sitate
839 5559 946 5599 non
971 5551 1156 5600 careat
1190 5561 1204 5598 :
1232 5551 1328 5596 aut
1351 5542 1608 5598 certeJiis
1631 5542 1754 5613 jure
1783 5541 2004 5597 minime
2033 5556 2219 5612 repro-

711 5689 741 5716 -ο
788 5674 864 5756 De
907 5674 1148 5756 quadarn
1199 5675 1538 5756 trutinas-torio.
1583 5671 1916 5756 Flaviniaco,
1971 5675 2220 5756 dimcesis
2321 5677 2570 5756 martyris
2625 5674 2766 5744 apud
2802 5673 3169 5756 Elavinjacum
3195 5715 3210 5739 ,
3247 5673 3557 5756 president;
3594 5667 3701 5756 loco
3732 5653 3850 5756 Egi?

643 5741 1166 5866 Augustodunensis.
1195 5743 1522 5798 Chronicum
1572 5745 2217 5812 manuscriptum2Anno
2321 5741 2543 5812 abbat'e,
2589 5741 2925 5817 postmodum
2977 5741 3264 5803 Senonensi
3319 5744 3716 5812 archiepiscopo.
3760 5741 3848 5785 διε·

643 5816 724 5866 86.
776 5813 1087 5866 translatum
1116 5823 1190 5866 est
1231 5829 1416 5866 cornua
1449 5825 1644 5866 sancire
1680 5814 1892 5866 Reaimr
1928 5817 2140 5866 rirainis
2170 5828 2216 5866 el
2321 5818 2480 5866 Sina.
2681 5843 2684 5846 ~
2934 5851 2958 5864 ε.
3499 5831 3504 5836 ·

635 5813 742 5867 865
776 5813 1087 5866 translatum
1116 5823 1190 5866 est
1231 5829 1416 5883 corpus
1449 5825 1644 5869 sancire
1680 5814 1892 5884 Regium
1928 5817 2140 5886 rirginis
2170 5828 2216 5870 el
2321 5818 2480 5871 Sina.
2591 5813 2600 5817 ⁷
2681 5843 2684 5846 ~
2934 5851 2958 5864 κ
3499 5831 3504 5836 ‘
