  <div class='ocr_page' id='page_1' title='image "/cluster/home/n/w/nwhite01/storage/ocr_20150623/119/hvd.32044015466915/494.png"; bbox 0 0 4050 6324; ppageno 0'>
   <div class='ocr_carea' id='block_1_1' title="bbox 182 366 397 435">
    <p class='ocr_par' dir='ltr' id='par_1_1' title="bbox 182 366 397 435">
     <span class='ocr_line' id='line_1_1' title="bbox 182 366 397 435; baseline 0.005 -11"><span class='ocrx_word' id='word_1_1' title='bbox 182 432 185 435; x_wconf 96' lang='lat'><em>_</em></span> <span class='ocrx_word' id='word_1_2' title='bbox 279 366 397 426; x_wconf 67' lang='grc' dir='ltr'>απ</span> 
     </span>
    </p>
   </div>
   <div class='ocr_carea' id='block_1_2' title="bbox 982 488 1165 557">
    <p class='ocr_par' dir='ltr' id='par_1_2' title="bbox 982 488 1165 557">
     <span class='ocr_line' id='line_1_2' title="bbox 982 488 1165 557; baseline 0.005 -2"><span class='ocrx_word' id='word_1_3' title='bbox 982 488 1165 557; x_wconf 74' lang='lat' dir='ltr'><strong>XCVI.</strong></span> 
     </span>
    </p>
   </div>
   <div class='ocr_carea' id='block_1_3' title="bbox 779 625 1372 672">
    <p class='ocr_par' dir='ltr' id='par_1_3' title="bbox 779 625 1372 672">
     <span class='ocr_line' id='line_1_3' title="bbox 779 625 1372 672; baseline 0.002 -5"><span class='ocrx_word' id='word_1_4' title='bbox 779 625 848 667; x_wconf 70' lang='lat' dir='ltr'><strong>AD</strong></span> <span class='ocrx_word' id='word_1_5' title='bbox 882 628 1128 670; x_wconf 72' lang='lat' dir='ltr'><strong>CAHOLUI</strong></span> <span class='ocrx_word' id='word_1_6' title='bbox 1175 629 1372 672; x_wconf 73' lang='grc' dir='ltr'><strong>ιιεσειι.</strong></span> 
     </span>
    </p>
   </div>
   <div class='ocr_carea' id='block_1_4' title="bbox 889 726 1258 801">
    <p class='ocr_par' dir='ltr' id='par_1_4' title="bbox 889 726 1258 801">
     <span class='ocr_line' id='line_1_4' title="bbox 889 726 1258 801; baseline 0.003 -19"><span class='ocrx_word' id='word_1_7' title='bbox 889 726 1067 800; x_wconf 84' lang='lat' dir='ltr'><strong>(Anno</strong></span> <span class='ocrx_word' id='word_1_8' title='bbox 1096 728 1258 801; x_wconf 85' lang='grc'><strong>866.)</strong></span> 
     </span>
    </p>
   </div>
   <div class='ocr_carea' id='block_1_5' title="bbox 287 826 1872 913">
    <p class='ocr_par' dir='ltr' id='par_1_5' title="bbox 287 826 1872 913">
     <span class='ocr_line' id='line_1_5' title="bbox 287 826 1872 913; baseline 0.001 -22"><span class='ocrx_word' id='word_1_9' title='bbox 287 826 363 891; x_wconf 73' lang='grc' dir='ltr'><strong>υε</strong></span> <span class='ocrx_word' id='word_1_10' title='bbox 387 831 454 891; x_wconf 77' lang='lat' dir='ltr'><strong>de</strong></span> <span class='ocrx_word' id='word_1_11' title='bbox 478 833 694 907; x_wconf 78' lang='lat' dir='ltr'><strong>Wlfado</strong></span> <span class='ocrx_word' id='word_1_12' title='bbox 731 846 784 895; x_wconf 77' lang='lat' dir='ltr'><strong>et</strong></span> <span class='ocrx_word' id='word_1_13' title='bbox 820 841 985 913; x_wconf 69' lang='lat' dir='ltr'><strong>sociis</strong></span> <span class='ocrx_word' id='word_1_14' title='bbox 1004 841 1118 909; x_wconf 82' lang='lat' dir='ltr'><strong>ejus</strong></span> <span class='ocrx_word' id='word_1_15' title='bbox 1148 851 1270 897; x_wconf 81' lang='lat' dir='ltr'><strong>ante</strong></span> <span class='ocrx_word' id='word_1_16' title='bbox 1302 841 1489 913; x_wconf 77' lang='lat' dir='ltr'><strong>synodi</strong></span> <span class='ocrx_word' id='word_1_17' title='bbox 1519 839 1872 909; x_wconf 72' lang='lat' dir='ltr'><strong>deﬁnitionem</strong></span> 
     </span>
    </p>
   </div>
   <div class='ocr_carea' id='block_1_6' title="bbox 853 911 1310 967">
    <p class='ocr_par' dir='ltr' id='par_1_6' title="bbox 853 911 1310 967">
     <span class='ocr_line' id='line_1_6' title="bbox 853 911 1310 967; baseline 0.004 -2"><span class='ocrx_word' id='word_1_18' title='bbox 853 911 986 967; x_wconf 74' lang='lat' dir='ltr'><strong>nihil</strong></span> <span class='ocrx_word' id='word_1_19' title='bbox 1020 913 1310 967; x_wconf 75' lang='lat' dir='ltr'><strong>innovatur.</strong></span> 
     </span>
    </p>
   </div>
   <div class='ocr_carea' id='block_1_7' title="bbox 787 1022 1386 1099">
    <p class='ocr_par' dir='ltr' id='par_1_7' title="bbox 787 1022 1386 1099">
     <span class='ocr_line' id='line_1_7' title="bbox 787 1022 1386 1099; baseline 0.005 -21"><span class='ocrx_word' id='word_1_20' title='bbox 787 1022 964 1096; x_wconf 81' lang='lat' dir='ltr'><strong>[Apud</strong></span> <span class='ocrx_word' id='word_1_21' title='bbox 996 1024 1164 1081; x_wconf 69' lang='grc' dir='ltr'><strong>Μετιδί</strong></span> <span class='ocrx_word' id='word_1_22' title='bbox 1185 1066 1202 1094; x_wconf 88' lang='grc'><em>,</em></span> <span class='ocrx_word' id='word_1_23' title='bbox 1232 1026 1386 1099; x_wconf 80' lang='lat' dir='ltr'><strong>ibid.]</strong></span> 
     </span>
    </p>
   </div>
   <div class='ocr_carea' id='block_1_8' title="bbox 286 1127 1925 1205">
    <p class='ocr_par' dir='ltr' id='par_1_8' title="bbox 286 1127 1925 1205">
     <span class='ocr_line' id='line_1_8' title="bbox 286 1127 1925 1205; baseline 0.007 -21"><span class='ocrx_word' id='word_1_24' title='bbox 286 1135 293 1157; x_wconf 50' lang='grc' dir='ltr'><strong><em>ξ</em></strong></span> <span class='ocrx_word' id='word_1_25' title='bbox 365 1127 638 1188; x_wconf 64' lang='grc' dir='ltr'><strong>Νιοοιλυε</strong></span> <span class='ocrx_word' id='word_1_26' title='bbox 665 1135 969 1205; x_wconf 86' lang='lat' dir='ltr'><strong>episcopus,</strong></span> <span class='ocrx_word' id='word_1_27' title='bbox 999 1152 1187 1194; x_wconf 85' lang='lat' dir='ltr'><strong>servus</strong></span> <span class='ocrx_word' id='word_1_28' title='bbox 1212 1154 1491 1195; x_wconf 89' lang='lat' dir='ltr'><strong>servorum</strong></span> <span class='ocrx_word' id='word_1_29' title='bbox 1532 1140 1649 1205; x_wconf 83' lang='lat' dir='ltr'><strong>Dei,</strong></span> <span class='ocrx_word' id='word_1_30' title='bbox 1674 1136 1874 1195; x_wconf 90' lang='lat' dir='ltr'><strong>dilecto</strong></span> <span class='ocrx_word' id='word_1_31' title='bbox 1902 1174 1925 1199; x_wconf 87' lang='lat'><strong>.</strong></span> 
     </span>
    </p>
   </div>
   <div class='ocr_carea' id='block_1_9' title="bbox 288 1218 1084 1298">
    <p class='ocr_par' dir='ltr' id='par_1_9' title="bbox 288 1218 1084 1298">
     <span class='ocr_line' id='line_1_9' title="bbox 288 1218 1084 1298; baseline 0.013 -25"><span class='ocrx_word' id='word_1_32' title='bbox 288 1218 407 1274; x_wconf 70' lang='lat' dir='ltr'><strong>tilio</strong></span> <span class='ocrx_word' id='word_1_33' title='bbox 434 1221 653 1279; x_wconf 74' lang='lat' dir='ltr'><strong>CAROLO</strong></span> <span class='ocrx_word' id='word_1_34' title='bbox 678 1224 912 1295; x_wconf 90' lang='lat' dir='ltr'><strong>glorioso</strong></span> <span class='ocrx_word' id='word_1_35' title='bbox 947 1229 1084 1298; x_wconf 88' lang='lat' dir='ltr'><strong>regi.</strong></span> 
     </span>
    </p>
   </div>
   <div class='ocr_carea' id='block_1_10' title="bbox 364 1311 1874 1392">
    <p class='ocr_par' dir='ltr' id='par_1_10' title="bbox 364 1311 1874 1392">
     <span class='ocr_line' id='line_1_10' title="bbox 364 1311 1874 1392; baseline 0.008 -27"><span class='ocrx_word' id='word_1_36' title='bbox 364 1311 710 1370; x_wconf 80' lang='lat' dir='ltr'><strong>Excellentiae</strong></span> <span class='ocrx_word' id='word_1_37' title='bbox 735 1326 930 1374; x_wconf 63' lang='lat' dir='ltr'><strong>vestrae</strong></span> <span class='ocrx_word' id='word_1_38' title='bbox 958 1318 1189 1385; x_wconf 79' lang='lat' dir='ltr'><strong>litteras,</strong></span> <span class='ocrx_word' id='word_1_39' title='bbox 1218 1336 1338 1391; x_wconf 64' lang='lat' dir='ltr'><strong>quae</strong></span> <span class='ocrx_word' id='word_1_40' title='bbox 1360 1336 1460 1392; x_wconf 91' lang='lat' dir='ltr'><strong>pro</strong></span> <span class='ocrx_word' id='word_1_41' title='bbox 1492 1319 1676 1377; x_wconf 88' lang='lat' dir='ltr'><strong>verbis</strong></span> <span class='ocrx_word' id='word_1_42' title='bbox 1716 1322 1874 1377; x_wconf 80' lang='lat' dir='ltr'><strong>mella</strong></span> 
     </span>
    </p>
   </div>
   <div class='ocr_carea' id='block_1_11' title="bbox 282 1400 1874 1483">
    <p class='ocr_par' dir='ltr' id='par_1_11' title="bbox 282 1400 1874 1483">
     <span class='ocr_line' id='line_1_11' title="bbox 282 1400 1874 1483; baseline 0.008 -28"><span class='ocrx_word' id='word_1_43' title='bbox 282 1400 591 1469; x_wconf 65' lang='lat' dir='ltr'><strong>ttillabant,</strong></span> <span class='ocrx_word' id='word_1_44' title='bbox 622 1407 979 1477; x_wconf 87' lang='lat' dir='ltr'><strong>perlegentes,</strong></span> <span class='ocrx_word' id='word_1_45' title='bbox 1019 1411 1196 1466; x_wconf 89' lang='lat' dir='ltr'><strong>denuo</strong></span> <span class='ocrx_word' id='word_1_46' title='bbox 1225 1412 1371 1477; x_wconf 79' lang='lat' dir='ltr'><strong>ﬁdei,</strong></span> <span class='ocrx_word' id='word_1_47' title='bbox 1398 1428 1502 1483; x_wconf 89' lang='lat' dir='ltr'><strong>qua</strong></span> <span class='ocrx_word' id='word_1_48' title='bbox 1550 1413 1695 1468; x_wconf 91' lang='lat' dir='ltr'><strong>circa</strong></span> <span class='ocrx_word' id='word_1_49' title='bbox 1745 1430 1874 1468; x_wconf 88' lang='lat' dir='ltr'><strong>san-</strong></span> 
     </span>
    </p>
   </div>
   <div class='ocr_carea' id='block_1_12' title="bbox 282 1493 1876 1574">
    <p class='ocr_par' dir='ltr' id='par_1_12' title="bbox 282 1493 1876 1574">
     <span class='ocr_line' id='line_1_12' title="bbox 282 1493 1876 1574; baseline 0.009 -28"><span class='ocrx_word' id='word_1_50' title='bbox 282 1498 436 1547; x_wconf 81' lang='lat' dir='ltr'><strong>ctam</strong></span> <span class='ocrx_word' id='word_1_51' title='bbox 492 1493 794 1552; x_wconf 81' lang='lat' dir='ltr'><strong>Romanam</strong></span> <span class='ocrx_word' id='word_1_52' title='bbox 854 1499 1096 1572; x_wconf 81' lang='lat' dir='ltr'><strong>ﬂagratis</strong></span> <span class='ocrx_word' id='word_1_53' title='bbox 1137 1501 1468 1569; x_wconf 86' lang='lat' dir='ltr'><strong>Ecclesiam,</strong></span> <span class='ocrx_word' id='word_1_54' title='bbox 1516 1504 1876 1574; x_wconf 87' lang='lat' dir='ltr'><strong>comperimus</strong></span> 
     </span>
    </p>
   </div>
   <div class='ocr_carea' id='block_1_13' title="bbox 288 1590 1877 1666">
    <p class='ocr_par' dir='ltr' id='par_1_13' title="bbox 288 1590 1877 1666">
     <span class='ocr_line' id='line_1_13' title="bbox 288 1590 1877 1666; baseline 0.008 -26"><span class='ocrx_word' id='word_1_55' title='bbox 288 1594 542 1655; x_wconf 83' lang='lat' dir='ltr'><strong>patenter</strong></span> <span class='ocrx_word' id='word_1_56' title='bbox 563 1590 792 1659; x_wconf 78' lang='lat' dir='ltr'><strong>insignia</strong></span> <span class='ocrx_word' id='word_1_57' title='bbox 819 1605 835 1646; x_wconf 90' lang='lat'><strong>:</strong></span> <span class='ocrx_word' id='word_1_58' title='bbox 858 1593 1035 1648; x_wconf 86' lang='lat' dir='ltr'><strong>denuo</strong></span> <span class='ocrx_word' id='word_1_59' title='bbox 1055 1594 1376 1651; x_wconf 77' lang='lat' dir='ltr'><strong>humilitatis</strong></span> <span class='ocrx_word' id='word_1_60' title='bbox 1393 1605 1445 1651; x_wconf 90' lang='lat' dir='ltr'><strong>et</strong></span> <span class='ocrx_word' id='word_1_61' title='bbox 1466 1597 1877 1666; x_wconf 69' lang='lat' dir='ltr'><strong>promptissima:</strong></span> 
     </span>
    </p>
   </div>
   <div class='ocr_carea' id='block_1_14' title="bbox 283 1675 1875 1758">
    <p class='ocr_par' dir='ltr' id='par_1_14' title="bbox 283 1675 1875 1758">
     <span class='ocr_line' id='line_1_14' title="bbox 283 1675 1875 1758; baseline 0.009 -28"><span class='ocrx_word' id='word_1_62' title='bbox 283 1675 594 1735; x_wconf 72' lang='lat' dir='ltr'><strong>devotionis</strong></span> <span class='ocrx_word' id='word_1_63' title='bbox 621 1690 817 1736; x_wconf 69' lang='lat' dir='ltr'><strong>vestrm</strong></span> <span class='ocrx_word' id='word_1_64' title='bbox 842 1684 1142 1753; x_wconf 88' lang='lat' dir='ltr'><strong>reperimus</strong></span> <span class='ocrx_word' id='word_1_65' title='bbox 1165 1701 1289 1755; x_wconf 86' lang='lat' dir='ltr'><strong>erga</strong></span> <span class='ocrx_word' id='word_1_66' title='bbox 1313 1687 1497 1742; x_wconf 82' lang='lat' dir='ltr'><strong>sedem</strong></span> <span class='ocrx_word' id='word_1_67' title='bbox 1527 1688 1875 1758; x_wconf 83' lang='lat' dir='ltr'><strong>apostolicam</strong></span> 
     </span>
    </p>
   </div>
   <div class='ocr_carea' id='block_1_15' title="bbox 288 1764 1875 1848">
    <p class='ocr_par' dir='ltr' id='par_1_15' title="bbox 288 1764 1875 1848">
     <span class='ocr_line' id='line_1_15' title="bbox 288 1764 1875 1848; baseline 0.008 -26"><span class='ocrx_word' id='word_1_68' title='bbox 288 1764 580 1824; x_wconf 73' lang='lat' dir='ltr'><strong>dililculter</strong></span> <span class='ocrx_word' id='word_1_69' title='bbox 603 1773 918 1840; x_wconf 83' lang='lat' dir='ltr'><strong>exponenda</strong></span> <span class='ocrx_word' id='word_1_70' title='bbox 943 1773 1204 1829; x_wconf 90' lang='lat' dir='ltr'><strong>virtutum</strong></span> <span class='ocrx_word' id='word_1_71' title='bbox 1232 1774 1466 1848; x_wconf 79' lang='lat' dir='ltr'><strong>fastigia.</strong></span> <span class='ocrx_word' id='word_1_72' title='bbox 1491 1766 1875 1834; x_wconf 79' lang='lat' dir='ltr'><strong>Verumtamen</strong></span> 
     </span>
    </p>
   </div>
   <div class='ocr_carea' id='block_1_16' title="bbox 1500 376 2357 452">
    <p class='ocr_par' dir='ltr' id='par_1_16' title="bbox 1500 376 2357 452">
     <span class='ocr_line' id='line_1_16' title="bbox 1500 376 2357 452; baseline -0.005 -15"><span class='ocrx_word' id='word_1_73' title='bbox 1500 376 1856 437; x_wconf 68' lang='grc' dir='ltr'><strong>ιριετοιιε</strong></span> <span class='ocrx_word' id='word_1_74' title='bbox 1886 377 1982 452; x_wconf 52' lang='grc' dir='ltr'><strong>,ΕΤ</strong></span> <span class='ocrx_word' id='word_1_75' title='bbox 2019 377 2357 434; x_wconf 63' lang='lat' dir='ltr'><strong>oscus“.</strong></span> 
     </span>
    </p>
   </div>
   <div class='ocr_carea' id='block_1_17' title="bbox 1892 490 3548 567">
    <p class='ocr_par' dir='ltr' id='par_1_17' title="bbox 1892 490 3548 567">
     <span class='ocr_line' id='line_1_17' title="bbox 1892 490 3548 567; baseline 0.007 -26"><span class='ocrx_word' id='word_1_76' title='bbox 1892 496 1944 552; x_wconf 73' lang='grc' dir='ltr'><strong>Α</strong></span> <span class='ocrx_word' id='word_1_77' title='bbox 1972 490 2530 545; x_wconf 83' lang='lat' dir='ltr'><strong>reverentissimorum</strong></span> <span class='ocrx_word' id='word_1_78' title='bbox 2559 491 2931 561; x_wconf 88' lang='lat' dir='ltr'><strong>episcoporum</strong></span> <span class='ocrx_word' id='word_1_79' title='bbox 2962 491 3016 547; x_wconf 90' lang='lat' dir='ltr'><strong>in</strong></span> <span class='ocrx_word' id='word_1_80' title='bbox 3047 509 3212 563; x_wconf 85' lang='lat' dir='ltr'><strong>regno</strong></span> <span class='ocrx_word' id='word_1_81' title='bbox 3237 504 3413 551; x_wconf 89' lang='lat' dir='ltr'><strong>vestro</strong></span> <span class='ocrx_word' id='word_1_82' title='bbox 3437 496 3548 567; x_wconf 74' lang='lat' dir='ltr'><strong>jus-</strong></span> 
     </span>
    </p>
   </div>
   <div class='ocr_carea' id='block_1_18' title="bbox 3444 382 3548 439">
    <p class='ocr_par' dir='ltr' id='par_1_18' title="bbox 3444 382 3548 439">
     <span class='ocr_line' id='line_1_18' title="bbox 3444 382 3548 439; baseline -0.029 0"><span class='ocrx_word' id='word_1_83' title='bbox 3444 382 3548 439; x_wconf 82' lang='lat'><strong>978</strong></span> 
     </span>
    </p>
   </div>
   <div class='ocr_carea' id='block_1_19' title="bbox 1973 579 3556 654">
    <p class='ocr_par' dir='ltr' id='par_1_19' title="bbox 1973 579 3556 654">
     <span class='ocr_line' id='line_1_19' title="bbox 1973 579 3556 654; baseline 0.004 -20"><span class='ocrx_word' id='word_1_84' title='bbox 1973 580 2144 634; x_wconf 79' lang='lat' dir='ltr'><strong>simus</strong></span> <span class='ocrx_word' id='word_1_85' title='bbox 2164 579 2447 634; x_wconf 88' lang='lat' dir='ltr'><strong>celebrari.</strong></span> <span class='ocrx_word' id='word_1_86' title='bbox 2474 579 2713 647; x_wconf 83' lang='lat' dir='ltr'><strong>Quorum</strong></span> <span class='ocrx_word' id='word_1_87' title='bbox 2746 581 3003 636; x_wconf 82' lang='lat' dir='ltr'><strong>relatione</strong></span> <span class='ocrx_word' id='word_1_88' title='bbox 3030 584 3130 638; x_wconf 85' lang='lat' dir='ltr'><strong>sub</strong></span> <span class='ocrx_word' id='word_1_89' title='bbox 3158 593 3434 654; x_wconf 88' lang='lat' dir='ltr'><strong>gestorum</strong></span> <span class='ocrx_word' id='word_1_90' title='bbox 3462 601 3556 640; x_wconf 44' lang='lat' dir='ltr'><strong>sed</strong></span> 
     </span>
    </p>
   </div>
   <div class='ocr_carea' id='block_1_20' title="bbox 1974 669 3557 745">
    <p class='ocr_par' dir='ltr' id='par_1_20' title="bbox 1974 669 3557 745">
     <span class='ocr_line' id='line_1_20' title="bbox 1974 669 3557 745; baseline 0.005 -22"><span class='ocrx_word' id='word_1_91' title='bbox 1974 669 2075 732; x_wconf 89' lang='lat' dir='ltr'><strong>rie,</strong></span> <span class='ocrx_word' id='word_1_92' title='bbox 2103 684 2223 738; x_wconf 78' lang='lat' dir='ltr'><strong>qua:</strong></span> <span class='ocrx_word' id='word_1_93' title='bbox 2245 669 2300 724; x_wconf 92' lang='lat' dir='ltr'><strong>in</strong></span> <span class='ocrx_word' id='word_1_94' title='bbox 2323 685 2385 725; x_wconf 90' lang='lat' dir='ltr'><strong>ea</strong></span> <span class='ocrx_word' id='word_1_95' title='bbox 2406 669 2474 726; x_wconf 89' lang='lat' dir='ltr'><strong>de</strong></span> <span class='ocrx_word' id='word_1_96' title='bbox 2504 671 2807 741; x_wconf 88' lang='lat' dir='ltr'><strong>repulsione</strong></span> <span class='ocrx_word' id='word_1_97' title='bbox 2831 673 3288 745; x_wconf 63' lang='lat' dir='ltr'><strong>prasignatorunr</strong></span> <span class='ocrx_word' id='word_1_98' title='bbox 3306 676 3557 732; x_wconf 79' lang='lat' dir='ltr'><strong>virorum</strong></span> 
     </span>
    </p>
   </div>
   <div class='ocr_carea' id='block_1_21' title="bbox 1973 760 3607 835">
    <p class='ocr_par' dir='ltr' id='par_1_21' title="bbox 1973 760 3607 835">
     <span class='ocr_line' id='line_1_21' title="bbox 1973 760 3607 835; baseline 0.004 -18"><span class='ocrx_word' id='word_1_99' title='bbox 1973 770 2188 830; x_wconf 88' lang='lat' dir='ltr'><strong>reperta</strong></span> <span class='ocrx_word' id='word_1_100' title='bbox 2234 760 2456 827; x_wconf 81' lang='lat' dir='ltr'><strong>fuerint,</strong></span> <span class='ocrx_word' id='word_1_101' title='bbox 2490 764 2647 818; x_wconf 90' lang='lat' dir='ltr'><strong>nobis</strong></span> <span class='ocrx_word' id='word_1_102' title='bbox 2672 763 2940 830; x_wconf 91' lang='lat' dir='ltr'><strong>volumus,</strong></span> <span class='ocrx_word' id='word_1_103' title='bbox 2970 766 3423 835; x_wconf 78' lang='lat' dir='ltr'><strong>quemadmodum</strong></span> <span class='ocrx_word' id='word_1_104' title='bbox 3458 770 3561 823; x_wconf 73' lang='lat' dir='ltr'><strong>de-</strong></span> <span class='ocrx_word' id='word_1_105' title='bbox 3602 812 3607 815; x_wconf 87' lang='lat'><strong>.</strong></span> 
     </span>
    </p>
   </div>
   <div class='ocr_carea' id='block_1_22' title="bbox 1974 853 3550 928">
    <p class='ocr_par' dir='ltr' id='par_1_22' title="bbox 1974 853 3550 928">
     <span class='ocr_line' id='line_1_22' title="bbox 1974 853 3550 928; baseline 0.003 -20"><span class='ocrx_word' id='word_1_106' title='bbox 1974 853 2198 908; x_wconf 84' lang='lat' dir='ltr'><strong>cretalia</strong></span> <span class='ocrx_word' id='word_1_107' title='bbox 2229 853 2520 908; x_wconf 86' lang='lat' dir='ltr'><strong>constituta</strong></span> <span class='ocrx_word' id='word_1_108' title='bbox 2548 854 2895 924; x_wconf 66' lang='lat' dir='ltr'><strong>praecipiunt,</strong></span> <span class='ocrx_word' id='word_1_109' title='bbox 2940 857 3195 919; x_wconf 86' lang='lat' dir='ltr'><strong>reserati,</strong></span> <span class='ocrx_word' id='word_1_110' title='bbox 3239 858 3426 928; x_wconf 84' lang='lat' dir='ltr'><strong>sicque</strong></span> <span class='ocrx_word' id='word_1_111' title='bbox 3454 860 3550 913; x_wconf 87' lang='lat' dir='ltr'><strong>de-</strong></span> 
     </span>
    </p>
   </div>
   <div class='ocr_carea' id='block_1_23' title="bbox 1974 944 3549 1018">
    <p class='ocr_par' dir='ltr' id='par_1_23' title="bbox 1974 944 3549 1018">
     <span class='ocr_line' id='line_1_23' title="bbox 1974 944 3549 1018; baseline 0.004 -21"><span class='ocrx_word' id='word_1_112' title='bbox 1974 958 2122 998; x_wconf 86' lang='lat' dir='ltr'><strong>mum</strong></span> <span class='ocrx_word' id='word_1_113' title='bbox 2143 944 2558 1000; x_wconf 82' lang='lat' dir='ltr'><strong>decernentibus</strong></span> <span class='ocrx_word' id='word_1_114' title='bbox 2585 945 2741 1001; x_wconf 87' lang='lat' dir='ltr'><strong>nobis</strong></span> <span class='ocrx_word' id='word_1_115' title='bbox 2766 947 2911 1016; x_wconf 90' lang='lat' dir='ltr'><strong>quod</strong></span> <span class='ocrx_word' id='word_1_116' title='bbox 2939 948 3051 1004; x_wconf 88' lang='lat' dir='ltr'><strong>Deo</strong></span> <span class='ocrx_word' id='word_1_117' title='bbox 3089 948 3264 1018; x_wconf 87' lang='lat' dir='ltr'><strong>placet</strong></span> <span class='ocrx_word' id='word_1_118' title='bbox 3288 949 3549 1005; x_wconf 88' lang='lat' dir='ltr'><strong>ordinari.</strong></span> 
     </span>
    </p>
   </div>
   <div class='ocr_carea' id='block_1_24' title="bbox 1972 1034 3557 1112">
    <p class='ocr_par' dir='ltr' id='par_1_24' title="bbox 1972 1034 3557 1112">
     <span class='ocr_line' id='line_1_24' title="bbox 1972 1034 3557 1112; baseline 0.004 -20"><span class='ocrx_word' id='word_1_119' title='bbox 1972 1035 2111 1092; x_wconf 86' lang='lat' dir='ltr'><strong>Nam</strong></span> <span class='ocrx_word' id='word_1_120' title='bbox 2141 1053 2260 1103; x_wconf 89' lang='lat' dir='ltr'><strong>nos,</strong></span> <span class='ocrx_word' id='word_1_121' title='bbox 2309 1038 2400 1109; x_wconf 89' lang='lat' dir='ltr'><strong>qui</strong></span> <span class='ocrx_word' id='word_1_122' title='bbox 2447 1034 2764 1095; x_wconf 79' lang='lat' dir='ltr'><strong>cunctorum</strong></span> <span class='ocrx_word' id='word_1_123' title='bbox 2809 1041 3109 1106; x_wconf 83' lang='lat' dir='ltr'><strong>hominum,</strong></span> <span class='ocrx_word' id='word_1_124' title='bbox 3140 1042 3235 1096; x_wconf 90' lang='lat' dir='ltr'><strong>sed</strong></span> <span class='ocrx_word' id='word_1_125' title='bbox 3286 1042 3557 1112; x_wconf 68' lang='lat' dir='ltr'><strong>praecipuo</strong></span> 
     </span>
    </p>
   </div>
   <div class='ocr_carea' id='block_1_25' title="bbox 1975 1129 3552 1202">
    <p class='ocr_par' dir='ltr' id='par_1_25' title="bbox 1975 1129 3552 1202">
     <span class='ocr_line' id='line_1_25' title="bbox 1975 1129 3552 1202; baseline 0.002 -19"><span class='ocrx_word' id='word_1_126' title='bbox 1975 1129 2358 1194; x_wconf 76' lang='lat' dir='ltr'><strong>sacerdotum,</strong></span> <span class='ocrx_word' id='word_1_127' title='bbox 2416 1138 2685 1185; x_wconf 84' lang='lat' dir='ltr'><strong>maturam</strong></span> <span class='ocrx_word' id='word_1_128' title='bbox 2740 1131 2988 1202; x_wconf 89' lang='lat' dir='ltr'><strong>cupimus</strong></span> <span class='ocrx_word' id='word_1_129' title='bbox 3040 1130 3157 1186; x_wconf 76' lang='lat' dir='ltr'><strong>fore</strong></span> <span class='ocrx_word' id='word_1_130' title='bbox 3207 1132 3552 1198; x_wconf 89' lang='lat' dir='ltr'><strong>sententiam,</strong></span> 
     </span>
    </p>
   </div>
   <div class='ocr_carea' id='block_1_26' title="bbox 1976 1216 3554 1294">
    <p class='ocr_par' dir='ltr' id='par_1_26' title="bbox 1976 1216 3554 1294">
     <span class='ocr_line' id='line_1_26' title="bbox 1976 1216 3554 1294; baseline 0.006 -24"><span class='ocrx_word' id='word_1_131' title='bbox 1976 1216 2245 1286; x_wconf 85' lang='lat' dir='ltr'><strong>quomodo</strong></span> <span class='ocrx_word' id='word_1_132' title='bbox 2290 1217 2623 1274; x_wconf 80' lang='lat' dir='ltr'><strong>deﬁnitivqu</strong></span> <span class='ocrx_word' id='word_1_133' title='bbox 2668 1220 2737 1276; x_wconf 80' lang='lat' dir='ltr'><strong>de</strong></span> <span class='ocrx_word' id='word_1_134' title='bbox 2786 1222 2967 1277; x_wconf 79' lang='lat' dir='ltr'><strong>minus</strong></span> <span class='ocrx_word' id='word_1_135' title='bbox 3017 1223 3247 1294; x_wconf 78' lang='lat' dir='ltr'><strong>cognitis</strong></span> <span class='ocrx_word' id='word_1_136' title='bbox 3292 1223 3554 1294; x_wconf 86' lang='lat' dir='ltr'><strong>judicium</strong></span> 
     </span>
    </p>
   </div>
   <div class='ocr_carea' id='block_1_27' title="bbox 1976 1309 3555 1385">
    <p class='ocr_par' dir='ltr' id='par_1_27' title="bbox 1976 1309 3555 1385">
     <span class='ocr_line' id='line_1_27' title="bbox 1976 1309 3555 1385; baseline 0.005 -22"><span class='ocrx_word' id='word_1_137' title='bbox 1976 1309 2313 1381; x_wconf 73' lang='lat' dir='ltr'><strong>proferamus</strong></span> <span class='ocrx_word' id='word_1_138' title='bbox 2339 1313 2554 1381; x_wconf 82' lang='lat' dir='ltr'><strong>penitus</strong></span> <span class='ocrx_word' id='word_1_139' title='bbox 2593 1313 2926 1384; x_wconf 73' lang='lat' dir='ltr'><strong>ignoramus,</strong></span> <span class='ocrx_word' id='word_1_140' title='bbox 2954 1323 3243 1383; x_wconf 85' lang='lat' dir='ltr'><strong>antequam</strong></span> <span class='ocrx_word' id='word_1_141' title='bbox 3293 1330 3391 1385; x_wconf 90' lang='lat' dir='ltr'><strong>per</strong></span> <span class='ocrx_word' id='word_1_142' title='bbox 3434 1330 3555 1371; x_wconf 71' lang='grc' dir='ltr'><strong>[ηε-</strong></span> 
     </span>
    </p>
   </div>
   <div class='ocr_carea' id='block_1_28' title="bbox 1976 1405 3557 1476">
    <p class='ocr_par' dir='ltr' id='par_1_28' title="bbox 1976 1405 3557 1476">
     <span class='ocr_line' id='line_1_28' title="bbox 1976 1405 3557 1476; baseline 0.003 -18"><span class='ocrx_word' id='word_1_143' title='bbox 1976 1414 2220 1459; x_wconf 82' lang='lat' dir='ltr'><strong>moratos</strong></span> <span class='ocrx_word' id='word_1_144' title='bbox 2244 1405 2516 1460; x_wconf 71' lang='lat' dir='ltr'><strong>antistites</strong></span> <span class='ocrx_word' id='word_1_145' title='bbox 2538 1414 2731 1461; x_wconf 90' lang='lat' dir='ltr'><strong>cuncta</strong></span> <span class='ocrx_word' id='word_1_146' title='bbox 2754 1421 2876 1476; x_wconf 69' lang='lat' dir='ltr'><strong>quae</strong></span> <span class='ocrx_word' id='word_1_147' title='bbox 2899 1407 3207 1462; x_wconf 82' lang='lat' dir='ltr'><strong>ventilanda</strong></span> <span class='ocrx_word' id='word_1_148' title='bbox 3234 1423 3354 1464; x_wconf 88' lang='lat' dir='ltr'><strong>esse</strong></span> <span class='ocrx_word' id='word_1_149' title='bbox 3381 1408 3452 1465; x_wconf 80' lang='lat' dir='ltr'><strong>ab</strong></span> <span class='ocrx_word' id='word_1_150' title='bbox 3473 1408 3557 1462; x_wconf 86' lang='lat' dir='ltr'><strong>eis</strong></span> 
     </span>
    </p>
   </div>
   <div class='ocr_carea' id='block_1_29' title="bbox 1978 1495 3555 1568">
    <p class='ocr_par' dir='ltr' id='par_1_29' title="bbox 1978 1495 3555 1568">
     <span class='ocr_line' id='line_1_29' title="bbox 1978 1495 3555 1568; baseline 0.002 -18"><span class='ocrx_word' id='word_1_151' title='bbox 1978 1495 2337 1561; x_wconf 82' lang='lat' dir='ltr'><strong>decrevimus,</strong></span> <span class='ocrx_word' id='word_1_152' title='bbox 2362 1495 2592 1567; x_wconf 87' lang='lat' dir='ltr'><strong>pleniter</strong></span> <span class='ocrx_word' id='word_1_153' title='bbox 2612 1512 2710 1568; x_wconf 89' lang='lat' dir='ltr'><strong>per</strong></span> <span class='ocrx_word' id='word_1_154' title='bbox 2748 1498 2992 1553; x_wconf 83' lang='lat' dir='ltr'><strong>ordinem</strong></span> <span class='ocrx_word' id='word_1_155' title='bbox 3030 1514 3404 1568; x_wconf 74' lang='lat' dir='ltr'><strong>agnoscamus.</strong></span> <span class='ocrx_word' id='word_1_156' title='bbox 3432 1497 3555 1553; x_wconf 77' lang='lat' dir='ltr'><strong>Jattt</strong></span> 
     </span>
    </p>
   </div>
   <div class='ocr_carea' id='block_1_30' title="bbox 1977 1587 3559 1659">
    <p class='ocr_par' dir='ltr' id='par_1_30' title="bbox 1977 1587 3559 1659">
     <span class='ocr_line' id='line_1_30' title="bbox 1977 1587 3559 1659; baseline 0.004 -19"><span class='ocrx_word' id='word_1_157' title='bbox 1977 1602 2127 1652; x_wconf 85' lang='lat' dir='ltr'><strong>vero,</strong></span> <span class='ocrx_word' id='word_1_158' title='bbox 2159 1587 2205 1642; x_wconf 89' lang='lat' dir='ltr'><strong>si</strong></span> <span class='ocrx_word' id='word_1_159' title='bbox 2231 1587 2539 1659; x_wconf 82' lang='lat' dir='ltr'><strong>priusquam</strong></span> <span class='ocrx_word' id='word_1_160' title='bbox 2570 1589 2699 1659; x_wconf 87' lang='lat' dir='ltr'><strong>quid</strong></span> <span class='ocrx_word' id='word_1_161' title='bbox 2727 1590 2793 1645; x_wconf 91' lang='lat' dir='ltr'><strong>de</strong></span> <span class='ocrx_word' id='word_1_162' title='bbox 2818 1589 2923 1647; x_wconf 81' lang='lat' dir='ltr'><strong>illis</strong></span> <span class='ocrx_word' id='word_1_163' title='bbox 2964 1591 3237 1647; x_wconf 77' lang='lat' dir='ltr'><strong>inventum</strong></span> <span class='ocrx_word' id='word_1_164' title='bbox 3268 1590 3430 1647; x_wconf 81' lang='lat' dir='ltr'><strong>fuerit</strong></span> <span class='ocrx_word' id='word_1_165' title='bbox 3458 1608 3559 1647; x_wconf 68' lang='lat' dir='ltr'><strong>no-r</strong></span> 
     </span>
    </p>
   </div>
   <div class='ocr_carea' id='block_1_31' title="bbox 1977 1676 3557 1752">
    <p class='ocr_par' dir='ltr' id='par_1_31' title="bbox 1977 1676 3557 1752">
     <span class='ocr_line' id='line_1_31' title="bbox 1977 1676 3557 1752; baseline 0.003 -20"><span class='ocrx_word' id='word_1_166' title='bbox 1977 1676 2063 1733; x_wconf 88' lang='lat' dir='ltr'><strong>bis</strong></span> <span class='ocrx_word' id='word_1_167' title='bbox 2104 1677 2174 1732; x_wconf 87' lang='lat' dir='ltr'><strong>ab</strong></span> <span class='ocrx_word' id='word_1_168' title='bbox 2217 1679 2484 1749; x_wconf 88' lang='lat' dir='ltr'><strong>episcopis</strong></span> <span class='ocrx_word' id='word_1_169' title='bbox 2523 1680 2822 1747; x_wconf 74' lang='lat' dir='ltr'><strong>intimatur,</strong></span> <span class='ocrx_word' id='word_1_170' title='bbox 2856 1682 3188 1752; x_wconf 88' lang='lat' dir='ltr'><strong>dejectorum</strong></span> <span class='ocrx_word' id='word_1_171' title='bbox 3233 1682 3557 1738; x_wconf 86' lang='lat' dir='ltr'><strong>clericorum</strong></span> 
     </span>
    </p>
   </div>
   <div class='ocr_carea' id='block_1_32' title="bbox 1978 1767 3555 1844">
    <p class='ocr_par' dir='ltr' id='par_1_32' title="bbox 1978 1767 3555 1844">
     <span class='ocr_line' id='line_1_32' title="bbox 1978 1767 3555 1844; baseline 0.003 -23"><span class='ocrx_word' id='word_1_172' title='bbox 1978 1767 2215 1838; x_wconf 83' lang='lat' dir='ltr'><strong>aliquem</strong></span> <span class='ocrx_word' id='word_1_173' title='bbox 2246 1771 2615 1835; x_wconf 87' lang='lat' dir='ltr'><strong>restituamus,</strong></span> <span class='ocrx_word' id='word_1_174' title='bbox 2642 1780 2697 1826; x_wconf 86' lang='lat' dir='ltr'><strong>et</strong></span> <span class='ocrx_word' id='word_1_175' title='bbox 2726 1785 2950 1827; x_wconf 81' lang='lat' dir='ltr'><strong>examen</strong></span> <span class='ocrx_word' id='word_1_176' title='bbox 2979 1771 3049 1826; x_wconf 89' lang='lat' dir='ltr'><strong>ab</strong></span> <span class='ocrx_word' id='word_1_177' title='bbox 3071 1772 3151 1827; x_wconf 89' lang='lat' dir='ltr'><strong>eis</strong></span> <span class='ocrx_word' id='word_1_178' title='bbox 3179 1772 3432 1844; x_wconf 82' lang='lat' dir='ltr'><strong>synodice</strong></span> <span class='ocrx_word' id='word_1_179' title='bbox 3458 1786 3555 1842; x_wconf 86' lang='lat' dir='ltr'><strong>pa-</strong></span> 
     </span>
    </p>
   </div>
   <div class='ocr_carea' id='block_1_33' title="bbox 286 1857 1881 1941">
    <p class='ocr_par' dir='ltr' id='par_1_33' title="bbox 286 1858 1873 1941">
     <span class='ocr_line' id='line_1_33' title="bbox 286 1858 1873 1941; baseline 0.009 -29"><span class='ocrx_word' id='word_1_180' title='bbox 286 1858 427 1913; x_wconf 83' lang='lat' dir='ltr'><strong>nihil</strong></span> <span class='ocrx_word' id='word_1_181' title='bbox 454 1861 506 1913; x_wconf 91' lang='lat' dir='ltr'><strong>in</strong></span> <span class='ocrx_word' id='word_1_182' title='bbox 546 1860 652 1917; x_wconf 86' lang='lat' dir='ltr'><strong>illis</strong></span> <span class='ocrx_word' id='word_1_183' title='bbox 671 1864 851 1918; x_wconf 83' lang='lat' dir='ltr'><strong>verbis</strong></span> <span class='ocrx_word' id='word_1_184' title='bbox 879 1874 1055 1920; x_wconf 77' lang='lat' dir='ltr'><strong>vestra</strong></span> <span class='ocrx_word' id='word_1_185' title='bbox 1086 1866 1325 1923; x_wconf 86' lang='lat' dir='ltr'><strong>charitas</strong></span> <span class='ocrx_word' id='word_1_186' title='bbox 1349 1870 1562 1935; x_wconf 86' lang='lat' dir='ltr'><strong>asserit,</strong></span> <span class='ocrx_word' id='word_1_187' title='bbox 1589 1870 1691 1926; x_wconf 86' lang='lat' dir='ltr'><strong>nisi</strong></span> <span class='ocrx_word' id='word_1_188' title='bbox 1731 1873 1873 1941; x_wconf 88' lang='lat' dir='ltr'><strong>quod</strong></span> 
     </span>
    </p>
   </div>
   <div class='ocr_carea' id='block_1_34' title="bbox 1980 1857 3671 1941">
    <p class='ocr_par' dir='ltr' id='par_1_34' title="bbox 1980 1857 3671 1932">
     <span class='ocr_line' id='line_1_34' title="bbox 1980 1857 3671 1932; baseline 0.003 -19"><span class='ocrx_word' id='word_1_189' title='bbox 1980 1860 2229 1915; x_wconf 73' lang='lat' dir='ltr'><strong>trandum</strong></span> <span class='ocrx_word' id='word_1_190' title='bbox 2271 1858 2478 1928; x_wconf 86' lang='lat' dir='ltr'><strong>judicio</strong></span> <span class='ocrx_word' id='word_1_191' title='bbox 2532 1870 2720 1917; x_wconf 90' lang='lat' dir='ltr'><strong>nostro</strong></span> <span class='ocrx_word' id='word_1_192' title='bbox 2767 1862 3149 1932; x_wconf 73' lang='lat' dir='ltr'><strong>przevenimus,</strong></span> <span class='ocrx_word' id='word_1_193' title='bbox 3190 1871 3249 1917; x_wconf 92' lang='lat' dir='ltr'><strong>ut</strong></span> <span class='ocrx_word' id='word_1_194' title='bbox 3286 1862 3417 1931; x_wconf 90' lang='lat' dir='ltr'><strong>quid</strong></span> <span class='ocrx_word' id='word_1_195' title='bbox 3459 1877 3555 1917; x_wconf 84' lang='lat' dir='ltr'><strong>eos</strong></span> <span class='ocrx_word' id='word_1_196' title='bbox 3654 1857 3671 1867; x_wconf 82' lang='grc'><em>’</em></span> 
     </span>
    </p>
   </div>
   <div class='ocr_carea' id='block_1_35' title="bbox 289 1949 1876 2035">
    <p class='ocr_par' dir='ltr' id='par_1_35' title="bbox 289 1949 1876 2035">
     <span class='ocr_line' id='line_1_35' title="bbox 289 1949 1876 2035; baseline 0.008 -32"><span class='ocrx_word' id='word_1_197' title='bbox 289 1957 480 2004; x_wconf 79' lang='lat' dir='ltr'><strong>nostra</strong></span> <span class='ocrx_word' id='word_1_198' title='bbox 502 1949 819 2035; x_wconf 74' lang='lat' dir='ltr'><strong>jamdudum</strong></span> <span class='ocrx_word' id='word_1_199' title='bbox 845 1957 1218 2026; x_wconf 81' lang='lat' dir='ltr'><strong>experimento</strong></span> <span class='ocrx_word' id='word_1_200' title='bbox 1243 1957 1458 2014; x_wconf 86' lang='lat' dir='ltr'><strong>solertia</strong></span> <span class='ocrx_word' id='word_1_201' title='bbox 1488 1960 1711 2016; x_wconf 84' lang='lat' dir='ltr'><strong>didicit:</strong></span> <span class='ocrx_word' id='word_1_202' title='bbox 1741 1962 1876 2017; x_wconf 88' lang='lat' dir='ltr'><strong>nihil</strong></span> 
     </span>
    </p>
   </div>
   <div class='ocr_carea' id='block_1_36' title="bbox 286 2031 1878 2120">
    <p class='ocr_par' dir='ltr' id='par_1_36' title="bbox 286 2031 1878 2120">
     <span class='ocr_line' id='line_1_36' title="bbox 286 2031 1878 2120; baseline 0.009 -28"><span class='ocrx_word' id='word_1_203' title='bbox 286 2038 511 2106; x_wconf 76' lang='lat' dir='ltr'><strong>scriptis</strong></span> <span class='ocrx_word' id='word_1_204' title='bbox 527 2031 812 2099; x_wconf 74' lang='lat' dir='ltr'><strong>ostendere</strong></span> <span class='ocrx_word' id='word_1_205' title='bbox 830 2044 1042 2112; x_wconf 88' lang='lat' dir='ltr'><strong>nititur,</strong></span> <span class='ocrx_word' id='word_1_206' title='bbox 1066 2047 1168 2102; x_wconf 87' lang='lat' dir='ltr'><strong>nisi</strong></span> <span class='ocrx_word' id='word_1_207' title='bbox 1193 2050 1334 2118; x_wconf 91' lang='lat' dir='ltr'><strong>quod</strong></span> <span class='ocrx_word' id='word_1_208' title='bbox 1357 2064 1455 2104; x_wconf 88' lang='lat' dir='ltr'><strong>nes</strong></span> <span class='ocrx_word' id='word_1_209' title='bbox 1478 2064 1615 2119; x_wconf 88' lang='lat' dir='ltr'><strong>pene</strong></span> <span class='ocrx_word' id='word_1_210' title='bbox 1639 2052 1878 2120; x_wconf 92' lang='lat' dir='ltr'><strong>quotidie</strong></span> 
     </span>
    </p>
   </div>
   <div class='ocr_carea' id='block_1_37' title="bbox 280 2126 1876 2209">
    <p class='ocr_par' dir='ltr' id='par_1_37' title="bbox 280 2126 1876 2209">
     <span class='ocr_line' id='line_1_37' title="bbox 280 2126 1876 2209; baseline 0.009 -26"><span class='ocrx_word' id='word_1_211' title='bbox 280 2126 453 2185; x_wconf 66' lang='lat' dir='ltr'><strong>factis</strong></span> <span class='ocrx_word' id='word_1_212' title='bbox 480 2132 793 2201; x_wconf 83' lang='lat' dir='ltr'><strong>aspicimus.</strong></span> <span class='ocrx_word' id='word_1_213' title='bbox 832 2136 986 2203; x_wconf 84' lang='lat' dir='ltr'><strong>Quod</strong></span> <span class='ocrx_word' id='word_1_214' title='bbox 1013 2138 1157 2192; x_wconf 84' lang='lat' dir='ltr'><strong>enim</strong></span> <span class='ocrx_word' id='word_1_215' title='bbox 1184 2146 1361 2209; x_wconf 87' lang='lat' dir='ltr'><strong>potest</strong></span> <span class='ocrx_word' id='word_1_216' title='bbox 1386 2155 1507 2196; x_wconf 90' lang='lat' dir='ltr'><strong>esse</strong></span> <span class='ocrx_word' id='word_1_217' title='bbox 1537 2141 1876 2198; x_wconf 79' lang='lat' dir='ltr'><strong>manifestius</strong></span> 
     </span>
    </p>
   </div>
   <div class='ocr_carea' id='block_1_38' title="bbox 285 2220 1878 2291">
    <p class='ocr_par' dir='ltr' id='par_1_38' title="bbox 285 2220 1878 2291">
     <span class='ocr_line' id='line_1_38' title="bbox 285 2220 1878 2291; baseline 0.005 -14"><span class='ocrx_word' id='word_1_218' title='bbox 285 2232 525 2277; x_wconf 60' lang='lat' dir='ltr'><strong>summas</strong></span> <span class='ocrx_word' id='word_1_219' title='bbox 543 2220 844 2278; x_wconf 78' lang='lat' dir='ltr'><strong>devotionis</strong></span> <span class='ocrx_word' id='word_1_220' title='bbox 868 2232 1088 2291; x_wconf 72' lang='lat' dir='ltr'><strong>vestrae,</strong></span> <span class='ocrx_word' id='word_1_221' title='bbox 1114 2242 1180 2282; x_wconf 83' lang='lat' dir='ltr'><strong>ac</strong></span> <span class='ocrx_word' id='word_1_222' title='bbox 1226 2227 1509 2284; x_wconf 87' lang='lat' dir='ltr'><strong>laudabilis</strong></span> <span class='ocrx_word' id='word_1_223' title='bbox 1543 2228 1769 2286; x_wconf 73' lang='lat' dir='ltr'><strong>allectus</strong></span> <span class='ocrx_word' id='word_1_224' title='bbox 1795 2231 1878 2285; x_wconf 83' lang='lat' dir='ltr'><strong>in-</strong></span> 
     </span>
    </p>
   </div>
   <div class='ocr_carea' id='block_1_39' title="bbox 288 2309 1877 2384">
    <p class='ocr_par' dir='ltr' id='par_1_39' title="bbox 288 2309 1877 2384">
     <span class='ocr_line' id='line_1_39' title="bbox 288 2309 1877 2384; baseline 0.009 -22"><span class='ocrx_word' id='word_1_225' title='bbox 288 2309 516 2377; x_wconf 84' lang='lat' dir='ltr'><strong>dicium,</strong></span> <span class='ocrx_word' id='word_1_226' title='bbox 540 2325 704 2381; x_wconf 80' lang='lat' dir='ltr'><strong>quam</strong></span> <span class='ocrx_word' id='word_1_227' title='bbox 740 2313 794 2367; x_wconf 93' lang='lat' dir='ltr'><strong>id</strong></span> <span class='ocrx_word' id='word_1_228' title='bbox 822 2315 964 2384; x_wconf 82' lang='lat' dir='ltr'><strong>quod</strong></span> <span class='ocrx_word' id='word_1_229' title='bbox 1000 2316 1053 2370; x_wconf 80' lang='lat' dir='ltr'><strong>in</strong></span> <span class='ocrx_word' id='word_1_230' title='bbox 1099 2331 1262 2373; x_wconf 86' lang='lat' dir='ltr'><strong>causa</strong></span> <span class='ocrx_word' id='word_1_231' title='bbox 1298 2320 1624 2376; x_wconf 87' lang='lat' dir='ltr'><strong>venerabilis</strong></span> <span class='ocrx_word' id='word_1_232' title='bbox 1667 2319 1877 2376; x_wconf 86' lang='lat' dir='ltr'><strong>abbatis</strong></span> 
     </span>
    </p>
   </div>
   <div class='ocr_carea' id='block_1_40' title="bbox 288 2396 1878 2476">
    <p class='ocr_par' dir='ltr' id='par_1_40' title="bbox 288 2396 1878 2476">
     <span class='ocr_line' id='line_1_40' title="bbox 288 2396 1878 2476; baseline 0.012 -26"><span class='ocrx_word' id='word_1_233' title='bbox 288 2396 511 2463; x_wconf 82' lang='lat' dir='ltr'><strong>Wlt‘adi,</strong></span> <span class='ocrx_word' id='word_1_234' title='bbox 548 2400 634 2455; x_wconf 86' lang='lat' dir='ltr'><strong>vel</strong></span> <span class='ocrx_word' id='word_1_235' title='bbox 669 2402 941 2458; x_wconf 84' lang='lat' dir='ltr'><strong>sociorum</strong></span> <span class='ocrx_word' id='word_1_236' title='bbox 989 2405 1129 2476; x_wconf 87' lang='lat' dir='ltr'><strong>ejus,</strong></span> <span class='ocrx_word' id='word_1_237' title='bbox 1174 2416 1354 2464; x_wconf 86' lang='lat' dir='ltr'><strong>vestra</strong></span> <span class='ocrx_word' id='word_1_238' title='bbox 1417 2410 1597 2467; x_wconf 90' lang='lat' dir='ltr'><strong>studet</strong></span> <span class='ocrx_word' id='word_1_239' title='bbox 1621 2411 1878 2469; x_wconf 78' lang='lat' dir='ltr'><strong>exhibere</strong></span> 
     </span>
    </p>
   </div>
   <div class='ocr_carea' id='block_1_41' title="bbox 278 2487 1877 2566">
    <p class='ocr_par' dir='ltr' id='par_1_41' title="bbox 278 2487 1877 2566">
     <span class='ocr_line' id='line_1_41' title="bbox 278 2487 1877 2566; baseline 0.008 -23"><span class='ocrx_word' id='word_1_240' title='bbox 278 2487 632 2560; x_wconf 64' lang='lat' dir='ltr'><strong>benignitas?</strong></span> <span class='ocrx_word' id='word_1_241' title='bbox 680 2491 925 2563; x_wconf 80' lang='lat' dir='ltr'><strong>Denique</strong></span> <span class='ocrx_word' id='word_1_242' title='bbox 977 2510 1076 2551; x_wconf 91' lang='lat' dir='ltr'><strong>nos</strong></span> <span class='ocrx_word' id='word_1_243' title='bbox 1130 2497 1345 2566; x_wconf 85' lang='lat' dir='ltr'><strong>quidem</strong></span> <span class='ocrx_word' id='word_1_244' title='bbox 1399 2499 1465 2554; x_wconf 88' lang='lat' dir='ltr'><strong>ad</strong></span> <span class='ocrx_word' id='word_1_245' title='bbox 1499 2515 1685 2555; x_wconf 90' lang='lat' dir='ltr'><strong>eorum</strong></span> <span class='ocrx_word' id='word_1_246' title='bbox 1719 2502 1877 2556; x_wconf 61' lang='lat' dir='ltr'><strong>auxia</strong></span> 
     </span>
    </p>
   </div>
   <div class='ocr_carea' id='block_1_42' title="bbox 280 2579 1881 2664">
    <p class='ocr_par' dir='ltr' id='par_1_42' title="bbox 280 2579 1881 2664">
     <span class='ocr_line' id='line_1_42' title="bbox 280 2579 1881 2664; baseline 0.01 -31"><span class='ocrx_word' id='word_1_247' title='bbox 280 2579 423 2635; x_wconf 71' lang='lat' dir='ltr'><strong>lium</strong></span> <span class='ocrx_word' id='word_1_248' title='bbox 451 2597 550 2637; x_wconf 89' lang='lat' dir='ltr'><strong>vos</strong></span> <span class='ocrx_word' id='word_1_249' title='bbox 578 2583 831 2653; x_wconf 86' lang='lat' dir='ltr'><strong>primitus</strong></span> <span class='ocrx_word' id='word_1_250' title='bbox 872 2586 1213 2645; x_wconf 87' lang='lat' dir='ltr'><strong>incitavimus</strong></span> <span class='ocrx_word' id='word_1_251' title='bbox 1238 2607 1253 2645; x_wconf 89' lang='lat'><strong>:</strong></span> <span class='ocrx_word' id='word_1_252' title='bbox 1278 2590 1371 2646; x_wconf 89' lang='lat' dir='ltr'><strong>sed</strong></span> <span class='ocrx_word' id='word_1_253' title='bbox 1400 2600 1549 2648; x_wconf 89' lang='lat' dir='ltr'><strong>tanta</strong></span> <span class='ocrx_word' id='word_1_254' title='bbox 1591 2609 1737 2648; x_wconf 90' lang='lat' dir='ltr'><strong>nunc</strong></span> <span class='ocrx_word' id='word_1_255' title='bbox 1766 2592 1881 2664; x_wconf 88' lang='lat' dir='ltr'><strong>pie-</strong></span> 
     </span>
    </p>
   </div>
   <div class='ocr_carea' id='block_1_43' title="bbox 290 2674 1880 2753">
    <p class='ocr_par' dir='ltr' id='par_1_43' title="bbox 290 2674 1880 2753">
     <span class='ocr_line' id='line_1_43' title="bbox 290 2674 1880 2753; baseline 0.009 -28"><span class='ocrx_word' id='word_1_256' title='bbox 290 2679 377 2727; x_wconf 84' lang='lat' dir='ltr'><strong>tas</strong></span> <span class='ocrx_word' id='word_1_257' title='bbox 405 2680 585 2728; x_wconf 85' lang='lat' dir='ltr'><strong>vestra</strong></span> <span class='ocrx_word' id='word_1_258' title='bbox 632 2674 1018 2744; x_wconf 87' lang='lat' dir='ltr'><strong>sollicitudine,</strong></span> <span class='ocrx_word' id='word_1_259' title='bbox 1071 2680 1430 2736; x_wconf 84' lang='lat' dir='ltr'><strong>reverentiam</strong></span> <span class='ocrx_word' id='word_1_260' title='bbox 1481 2683 1625 2737; x_wconf 89' lang='lat' dir='ltr'><strong>circa</strong></span> <span class='ocrx_word' id='word_1_261' title='bbox 1674 2684 1880 2753; x_wconf 89' lang='lat' dir='ltr'><strong>primos</strong></span> 
     </span>
    </p>
   </div>
   <div class='ocr_carea' id='block_1_44' title="bbox 290 2762 1875 2842">
    <p class='ocr_par' dir='ltr' id='par_1_44' title="bbox 290 2762 1875 2842">
     <span class='ocr_line' id='line_1_44' title="bbox 290 2762 1875 2842; baseline 0.006 -26"><span class='ocrx_word' id='word_1_262' title='bbox 290 2762 661 2832; x_wconf 84' lang='lat' dir='ltr'><strong>apostolorum</strong></span> <span class='ocrx_word' id='word_1_263' title='bbox 695 2767 982 2833; x_wconf 87' lang='lat' dir='ltr'><strong>servando,</strong></span> <span class='ocrx_word' id='word_1_264' title='bbox 1022 2782 1251 2838; x_wconf 90' lang='lat' dir='ltr'><strong>quorum</strong></span> <span class='ocrx_word' id='word_1_265' title='bbox 1303 2771 1612 2841; x_wconf 68' lang='lat' dir='ltr'><strong>praesidium</strong></span> <span class='ocrx_word' id='word_1_266' title='bbox 1668 2781 1875 2842; x_wconf 89' lang='lat' dir='ltr'><strong>petunt,</strong></span> 
     </span>
    </p>
   </div>
   <div class='ocr_carea' id='block_1_45' title="bbox 284 2854 1880 2933">
    <p class='ocr_par' dir='ltr' id='par_1_45' title="bbox 284 2854 1880 2933">
     <span class='ocr_line' id='line_1_45' title="bbox 284 2854 1880 2933; baseline 0.005 -24"><span class='ocrx_word' id='word_1_267' title='bbox 284 2868 392 2926; x_wconf 83' lang='lat' dir='ltr'><strong>pro</strong></span> <span class='ocrx_word' id='word_1_268' title='bbox 438 2854 546 2911; x_wconf 90' lang='lat' dir='ltr'><strong>illis</strong></span> <span class='ocrx_word' id='word_1_269' title='bbox 575 2866 815 2927; x_wconf 75' lang='lat' dir='ltr'><strong>urgetur,</strong></span> <span class='ocrx_word' id='word_1_270' title='bbox 846 2866 907 2912; x_wconf 91' lang='lat' dir='ltr'><strong>ut</strong></span> <span class='ocrx_word' id='word_1_271' title='bbox 948 2858 1234 2929; x_wconf 87' lang='lat' dir='ltr'><strong>plusquam</strong></span> <span class='ocrx_word' id='word_1_272' title='bbox 1284 2866 1383 2916; x_wconf 86' lang='lat' dir='ltr'><strong>nos</strong></span> <span class='ocrx_word' id='word_1_273' title='bbox 1429 2863 1733 2933; x_wconf 87' lang='lat' dir='ltr'><strong>postulasse</strong></span> <span class='ocrx_word' id='word_1_274' title='bbox 1778 2863 1880 2918; x_wconf 92' lang='lat' dir='ltr'><strong>visi</strong></span> 
     </span>
    </p>
   </div>
   <div class='ocr_carea' id='block_1_46' title="bbox 291 2948 1881 3021">
    <p class='ocr_par' dir='ltr' id='par_1_46' title="bbox 291 2948 1881 3021">
     <span class='ocr_line' id='line_1_46' title="bbox 291 2948 1881 3021; baseline 0.006 -20"><span class='ocrx_word' id='word_1_275' title='bbox 291 2961 502 3011; x_wconf 82' lang='lat' dir='ltr'><strong>sumus,</strong></span> <span class='ocrx_word' id='word_1_276' title='bbox 549 2948 710 3003; x_wconf 90' lang='lat' dir='ltr'><strong>modo</strong></span> <span class='ocrx_word' id='word_1_277' title='bbox 747 2957 929 3004; x_wconf 86' lang='lat' dir='ltr'><strong>vestra</strong></span> <span class='ocrx_word' id='word_1_278' title='bbox 961 2950 1051 3021; x_wconf 90' lang='lat' dir='ltr'><strong>pia</strong></span> <span class='ocrx_word' id='word_1_279' title='bbox 1077 2960 1339 3007; x_wconf 86' lang='lat' dir='ltr'><strong>noscatur</strong></span> <span class='ocrx_word' id='word_1_280' title='bbox 1362 2968 1429 3008; x_wconf 80' lang='lat' dir='ltr'><strong>ex</strong></span> <span class='ocrx_word' id='word_1_281' title='bbox 1472 2953 1577 3010; x_wconf 88' lang='lat' dir='ltr'><strong>hac</strong></span> <span class='ocrx_word' id='word_1_282' title='bbox 1622 2954 1881 3010; x_wconf 88' lang='lat' dir='ltr'><strong>anhelare</strong></span> 
     </span>
    </p>
   </div>
   <div class='ocr_carea' id='block_1_47' title="bbox 278 3038 1882 3115">
    <p class='ocr_par' dir='ltr' id='par_1_47' title="bbox 278 3038 1882 3115">
     <span class='ocr_line' id='line_1_47' title="bbox 278 3038 1882 3115; baseline 0.007 -26"><span class='ocrx_word' id='word_1_283' title='bbox 278 3052 518 3107; x_wconf 80' lang='lat' dir='ltr'><strong>prorsus</strong></span> <span class='ocrx_word' id='word_1_284' title='bbox 546 3039 832 3095; x_wconf 89' lang='lat' dir='ltr'><strong>industria.</strong></span> <span class='ocrx_word' id='word_1_285' title='bbox 862 3038 1140 3111; x_wconf 89' lang='lat' dir='ltr'><strong>Siquidem</strong></span> <span class='ocrx_word' id='word_1_286' title='bbox 1189 3058 1288 3099; x_wconf 86' lang='lat' dir='ltr'><strong>nos</strong></span> <span class='ocrx_word' id='word_1_287' title='bbox 1335 3051 1591 3115; x_wconf 89' lang='lat' dir='ltr'><strong>tanquam</strong></span> <span class='ocrx_word' id='word_1_288' title='bbox 1646 3045 1882 3101; x_wconf 66' lang='lat' dir='ltr'><strong>clemeno</strong></span> 
     </span>
    </p>
   </div>
   <div class='ocr_carea' id='block_1_48' title="bbox 293 3129 1880 3202">
    <p class='ocr_par' dir='ltr' id='par_1_48' title="bbox 293 3129 1880 3202">
     <span class='ocr_line' id='line_1_48' title="bbox 293 3129 1880 3202; baseline 0.006 -20"><span class='ocrx_word' id='word_1_289' title='bbox 293 3129 564 3184; x_wconf 88' lang='lat' dir='ltr'><strong>tissimum</strong></span> <span class='ocrx_word' id='word_1_290' title='bbox 594 3130 918 3201; x_wconf 89' lang='lat' dir='ltr'><strong>principem,</strong></span> <span class='ocrx_word' id='word_1_291' title='bbox 945 3140 1000 3186; x_wconf 89' lang='lat' dir='ltr'><strong>et</strong></span> <span class='ocrx_word' id='word_1_292' title='bbox 1022 3132 1292 3202; x_wconf 87' lang='lat' dir='ltr'><strong>geminam</strong></span> <span class='ocrx_word' id='word_1_293' title='bbox 1318 3134 1637 3191; x_wconf 87' lang='lat' dir='ltr'><strong>charitatem</strong></span> <span class='ocrx_word' id='word_1_294' title='bbox 1678 3136 1880 3192; x_wconf 83' lang='lat' dir='ltr'><strong>haben-</strong></span> 
     </span>
    </p>
   </div>
   <div class='ocr_carea' id='block_1_49' title="bbox 1975 1950 3557 2025">
    <p class='ocr_par' dir='ltr' id='par_1_49' title="bbox 1975 1950 3557 2025">
     <span class='ocr_line' id='line_1_49' title="bbox 1975 1950 3557 2025; baseline 0.001 -19"><span class='ocrx_word' id='word_1_295' title='bbox 1975 1950 2179 2007; x_wconf 81' lang='lat' dir='ltr'><strong>frustra</strong></span> <span class='ocrx_word' id='word_1_296' title='bbox 2206 1953 2412 2018; x_wconf 84' lang='lat' dir='ltr'><strong>vexari,</strong></span> <span class='ocrx_word' id='word_1_297' title='bbox 2448 1962 2506 2007; x_wconf 91' lang='lat' dir='ltr'><strong>ut</strong></span> <span class='ocrx_word' id='word_1_298' title='bbox 2535 1953 2664 2023; x_wconf 92' lang='lat' dir='ltr'><strong>quid</strong></span> <span class='ocrx_word' id='word_1_299' title='bbox 2693 1968 3024 2025; x_wconf 85' lang='lat' dir='ltr'><strong>supervacue</strong></span> <span class='ocrx_word' id='word_1_300' title='bbox 3054 1963 3202 2010; x_wconf 89' lang='lat' dir='ltr'><strong>tanto</strong></span> <span class='ocrx_word' id='word_1_301' title='bbox 3243 1954 3438 2008; x_wconf 88' lang='lat' dir='ltr'><strong>itinere</strong></span> <span class='ocrx_word' id='word_1_302' title='bbox 3477 1951 3557 2007; x_wconf 35' lang='lat' dir='ltr'><strong>fas</strong></span> 
     </span>
    </p>
   </div>
   <div class='ocr_carea' id='block_1_50' title="bbox 1975 2045 3558 2117">
    <p class='ocr_par' dir='ltr' id='par_1_50' title="bbox 1975 2045 3558 2117">
     <span class='ocr_line' id='line_1_50' title="bbox 1975 2045 3558 2117; baseline 0.002 -19"><span class='ocrx_word' id='word_1_303' title='bbox 1975 2045 2134 2117; x_wconf 83' lang='lat' dir='ltr'><strong>ligari</strong></span> <span class='ocrx_word' id='word_1_304' title='bbox 2160 2045 2444 2103; x_wconf 75' lang='lat' dir='ltr'><strong>volumus?</strong></span> <span class='ocrx_word' id='word_1_305' title='bbox 2476 2053 2571 2100; x_wconf 92' lang='lat' dir='ltr'><strong>aut</strong></span> <span class='ocrx_word' id='word_1_306' title='bbox 2597 2046 2729 2116; x_wconf 88' lang='lat' dir='ltr'><strong>quid</strong></span> <span class='ocrx_word' id='word_1_307' title='bbox 2751 2062 2888 2116; x_wconf 85' lang='lat' dir='ltr'><strong>opus</strong></span> <span class='ocrx_word' id='word_1_308' title='bbox 2929 2046 3030 2102; x_wconf 86' lang='lat' dir='ltr'><strong>fuit</strong></span> <span class='ocrx_word' id='word_1_309' title='bbox 3068 2047 3149 2101; x_wconf 90' lang='lat' dir='ltr'><strong>eis</strong></span> <span class='ocrx_word' id='word_1_310' title='bbox 3184 2054 3387 2101; x_wconf 84' lang='lat' dir='ltr'><strong>tantam</strong></span> <span class='ocrx_word' id='word_1_311' title='bbox 3417 2046 3558 2115; x_wconf 86' lang='lat' dir='ltr'><strong>inju-</strong></span> 
     </span>
    </p>
   </div>
   <div class='ocr_carea' id='block_1_51' title="bbox 1968 2135 3563 2208">
    <p class='ocr_par' dir='ltr' id='par_1_51' title="bbox 1968 2135 3563 2208">
     <span class='ocr_line' id='line_1_51' title="bbox 1968 2135 3563 2208; baseline 0.001 -18"><span class='ocrx_word' id='word_1_312' title='bbox 1968 2137 2114 2190; x_wconf 23' lang='lat' dir='ltr'><strong>Ariam</strong></span> <span class='ocrx_word' id='word_1_313' title='bbox 2142 2136 2229 2191; x_wconf 82' lang='lat' dir='ltr'><strong>vel</strong></span> <span class='ocrx_word' id='word_1_314' title='bbox 2276 2135 2646 2192; x_wconf 80' lang='lat' dir='ltr'><strong>confusionem</strong></span> <span class='ocrx_word' id='word_1_315' title='bbox 2694 2137 2978 2208; x_wconf 84' lang='lat' dir='ltr'><strong>ingerere?</strong></span> <span class='ocrx_word' id='word_1_316' title='bbox 3003 2138 3190 2208; x_wconf 84' lang='lat' dir='ltr'><strong>Itaque</strong></span> <span class='ocrx_word' id='word_1_317' title='bbox 3229 2139 3277 2194; x_wconf 90' lang='lat' dir='ltr'><strong>si</strong></span> <span class='ocrx_word' id='word_1_318' title='bbox 3307 2137 3470 2192; x_wconf 84' lang='lat' dir='ltr'><strong>vultis</strong></span> <span class='ocrx_word' id='word_1_319' title='bbox 3498 2146 3563 2191; x_wconf 77' lang='lat' dir='ltr'><strong>ut</strong></span> 
     </span>
    </p>
   </div>
   <div class='ocr_carea' id='block_1_52' title="bbox 1928 2225 3557 2302">
    <p class='ocr_par' dir='ltr' id='par_1_52' title="bbox 1928 2225 3557 2302">
     <span class='ocr_line' id='line_1_52' title="bbox 1928 2225 3557 2302; baseline 0.005 -23"><span class='ocrx_word' id='word_1_320' title='bbox 1928 2287 1931 2291; x_wconf 21' lang='lat'><strong>,</strong></span> <span class='ocrx_word' id='word_1_321' title='bbox 1970 2225 2197 2294; x_wconf 66' lang='lat' dir='ltr'><strong>justitias</strong></span> <span class='ocrx_word' id='word_1_322' title='bbox 2221 2243 2286 2283; x_wconf 89' lang='lat' dir='ltr'><strong>ac</strong></span> <span class='ocrx_word' id='word_1_323' title='bbox 2303 2228 2521 2298; x_wconf 79' lang='lat' dir='ltr'><strong>pietatis</strong></span> <span class='ocrx_word' id='word_1_324' title='bbox 2546 2230 2842 2299; x_wconf 85' lang='lat' dir='ltr'><strong>negotium,</strong></span> <span class='ocrx_word' id='word_1_325' title='bbox 2869 2231 3011 2300; x_wconf 90' lang='lat' dir='ltr'><strong>quod</strong></span> <span class='ocrx_word' id='word_1_326' title='bbox 3032 2230 3315 2302; x_wconf 71' lang='lat' dir='ltr'><strong>coepimus,</strong></span> <span class='ocrx_word' id='word_1_327' title='bbox 3337 2230 3557 2287; x_wconf 85' lang='lat' dir='ltr'><strong>Christo</strong></span> 
     </span>
    </p>
   </div>
   <div class='ocr_carea' id='block_1_53' title="bbox 1975 2316 3554 2391">
    <p class='ocr_par' dir='ltr' id='par_1_53' title="bbox 1975 2316 3554 2391">
     <span class='ocr_line' id='line_1_53' title="bbox 1975 2316 3554 2391; baseline 0.004 -20"><span class='ocrx_word' id='word_1_328' title='bbox 1975 2316 2114 2372; x_wconf 87' lang='lat' dir='ltr'><strong>duce</strong></span> <span class='ocrx_word' id='word_1_329' title='bbox 2138 2318 2207 2371; x_wconf 87' lang='lat' dir='ltr'><strong>ad</strong></span> <span class='ocrx_word' id='word_1_330' title='bbox 2227 2317 2432 2373; x_wconf 87' lang='lat' dir='ltr'><strong>calcem</strong></span> <span class='ocrx_word' id='word_1_331' title='bbox 2459 2334 2632 2388; x_wconf 89' lang='lat' dir='ltr'><strong>usque</strong></span> <span class='ocrx_word' id='word_1_332' title='bbox 2660 2321 2800 2375; x_wconf 88' lang='lat' dir='ltr'><strong>sicut</strong></span> <span class='ocrx_word' id='word_1_333' title='bbox 2819 2321 3039 2391; x_wconf 85' lang='lat' dir='ltr'><strong>dignum</strong></span> <span class='ocrx_word' id='word_1_334' title='bbox 3057 2331 3141 2377; x_wconf 88' lang='lat' dir='ltr'><strong>est</strong></span> <span class='ocrx_word' id='word_1_335' title='bbox 3165 2321 3554 2390; x_wconf 84' lang='lat' dir='ltr'><strong>perducamus;</strong></span> 
     </span>
    </p>
   </div>
   <div class='ocr_carea' id='block_1_54' title="bbox 1975 2408 3559 2482">
    <p class='ocr_par' dir='ltr' id='par_1_54' title="bbox 1975 2408 3559 2482">
     <span class='ocr_line' id='line_1_54' title="bbox 1975 2408 3559 2482; baseline 0.004 -22"><span class='ocrx_word' id='word_1_336' title='bbox 1975 2422 2203 2477; x_wconf 69' lang='lat' dir='ltr'><strong>quaeque</strong></span> <span class='ocrx_word' id='word_1_337' title='bbox 2243 2408 2300 2463; x_wconf 91' lang='lat' dir='ltr'><strong>in</strong></span> <span class='ocrx_word' id='word_1_338' title='bbox 2327 2410 2533 2480; x_wconf 88' lang='lat' dir='ltr'><strong>synodo</strong></span> <span class='ocrx_word' id='word_1_339' title='bbox 2576 2410 2861 2481; x_wconf 60' lang='lat' dir='ltr'><strong>saepedicta</strong></span> <span class='ocrx_word' id='word_1_340' title='bbox 2900 2412 2968 2468; x_wconf 91' lang='lat' dir='ltr'><strong>de</strong></span> <span class='ocrx_word' id='word_1_341' title='bbox 3017 2412 3330 2482; x_wconf 70' lang='lat' dir='ltr'><strong>praenotatis</strong></span> <span class='ocrx_word' id='word_1_342' title='bbox 3370 2412 3559 2482; x_wconf 82' lang='lat' dir='ltr'><strong>ejectis</strong></span> 
     </span>
    </p>
   </div>
   <div class='ocr_carea' id='block_1_55' title="bbox 1977 2496 3555 2570">
    <p class='ocr_par' dir='ltr' id='par_1_55' title="bbox 1977 2496 3555 2570">
     <span class='ocr_line' id='line_1_55' title="bbox 1977 2496 3555 2570; baseline 0.002 -19"><span class='ocrx_word' id='word_1_343' title='bbox 1977 2496 2192 2551; x_wconf 86' lang='lat' dir='ltr'><strong>clericis</strong></span> <span class='ocrx_word' id='word_1_344' title='bbox 2238 2509 2450 2566; x_wconf 87' lang='lat' dir='ltr'><strong>reperta</strong></span> <span class='ocrx_word' id='word_1_345' title='bbox 2499 2498 2730 2564; x_wconf 83' lang='lat' dir='ltr'><strong>fuerint,</strong></span> <span class='ocrx_word' id='word_1_346' title='bbox 2782 2501 2924 2570; x_wconf 85' lang='lat' dir='ltr'><strong>agite</strong></span> <span class='ocrx_word' id='word_1_347' title='bbox 2965 2516 3075 2570; x_wconf 88' lang='lat' dir='ltr'><strong>quo</strong></span> <span class='ocrx_word' id='word_1_348' title='bbox 3115 2502 3272 2557; x_wconf 88' lang='lat' dir='ltr'><strong>nobis</strong></span> <span class='ocrx_word' id='word_1_349' title='bbox 3315 2501 3555 2556; x_wconf 87' lang='lat' dir='ltr'><strong>omnium</strong></span> 
     </span>
    </p>
   </div>
   <div class='ocr_carea' id='block_1_56' title="bbox 1976 2590 3560 2663">
    <p class='ocr_par' dir='ltr' id='par_1_56' title="bbox 1976 2590 3560 2663">
     <span class='ocr_line' id='line_1_56' title="bbox 1976 2590 3560 2663; baseline 0.004 -21"><span class='ocrx_word' id='word_1_350' title='bbox 1976 2590 2355 2659; x_wconf 82' lang='lat' dir='ltr'><strong>episcoporum</strong></span> <span class='ocrx_word' id='word_1_351' title='bbox 2395 2592 2486 2661; x_wconf 89' lang='lat' dir='ltr'><strong>qui</strong></span> <span class='ocrx_word' id='word_1_352' title='bbox 2517 2591 2846 2647; x_wconf 88' lang='lat' dir='ltr'><strong>conveniunt</strong></span> <span class='ocrx_word' id='word_1_353' title='bbox 2889 2593 3062 2648; x_wconf 79' lang='lat' dir='ltr'><strong>relatu</strong></span> <span class='ocrx_word' id='word_1_354' title='bbox 3106 2594 3415 2663; x_wconf 82' lang='lat' dir='ltr'><strong>pandantur</strong></span> <span class='ocrx_word' id='word_1_355' title='bbox 3449 2611 3463 2648; x_wconf 92' lang='lat'><strong>:</strong></span> <span class='ocrx_word' id='word_1_356' title='bbox 3503 2604 3560 2648; x_wconf 87' lang='lat' dir='ltr'><strong>et</strong></span> 
     </span>
    </p>
   </div>
   <div class='ocr_carea' id='block_1_57' title="bbox 1979 2677 3562 2748">
    <p class='ocr_par' dir='ltr' id='par_1_57' title="bbox 1979 2677 3562 2748">
     <span class='ocr_line' id='line_1_57' title="bbox 1979 2677 3562 2748; baseline 0.002 -15"><span class='ocrx_word' id='word_1_357' title='bbox 1979 2678 2054 2733; x_wconf 90' lang='lat' dir='ltr'><strong>ita</strong></span> <span class='ocrx_word' id='word_1_358' title='bbox 2080 2677 2204 2733; x_wconf 88' lang='lat' dir='ltr'><strong>dein</strong></span> <span class='ocrx_word' id='word_1_359' title='bbox 2231 2678 2371 2748; x_wconf 89' lang='lat' dir='ltr'><strong>quod</strong></span> <span class='ocrx_word' id='word_1_360' title='bbox 2404 2679 2663 2735; x_wconf 84' lang='lat' dir='ltr'><strong>Dominus</strong></span> <span class='ocrx_word' id='word_1_361' title='bbox 2702 2682 3027 2738; x_wconf 83' lang='lat' dir='ltr'><strong>revelaverit</strong></span> <span class='ocrx_word' id='word_1_362' title='bbox 3056 2697 3088 2736; x_wconf 87' lang='lat' dir='ltr'><strong>a</strong></span> <span class='ocrx_word' id='word_1_363' title='bbox 3115 2682 3272 2738; x_wconf 88' lang='lat' dir='ltr'><strong>nobis</strong></span> <span class='ocrx_word' id='word_1_364' title='bbox 3295 2680 3562 2737; x_wconf 79' lang='lat' dir='ltr'><strong>diﬂ‘tnien—</strong></span> 
     </span>
    </p>
   </div>
   <div class='ocr_carea' id='block_1_58' title="bbox 1979 2760 3557 2843">
    <p class='ocr_par' dir='ltr' id='par_1_58' title="bbox 1979 2760 3557 2843">
     <span class='ocr_line' id='line_1_58' title="bbox 1979 2760 3557 2843; baseline 0.001 -18"><span class='ocrx_word' id='word_1_365' title='bbox 1979 2770 2108 2825; x_wconf 90' lang='lat' dir='ltr'><strong>dum</strong></span> <span class='ocrx_word' id='word_1_366' title='bbox 2134 2770 2321 2841; x_wconf 91' lang='lat' dir='ltr'><strong>procul</strong></span> <span class='ocrx_word' id='word_1_367' title='bbox 2347 2760 2512 2826; x_wconf 83' lang='lat' dir='ltr'><strong>dubio</strong></span> <span class='ocrx_word' id='word_1_368' title='bbox 2540 2772 2947 2841; x_wconf 58' lang='lat' dir='ltr'><strong>prestobtmini,</strong></span> <span class='ocrx_word' id='word_1_369' title='bbox 2971 2773 3229 2843; x_wconf 87' lang='lat' dir='ltr'><strong>quoniam</strong></span> <span class='ocrx_word' id='word_1_370' title='bbox 3264 2774 3310 2828; x_wconf 90' lang='lat' dir='ltr'><strong>si</strong></span> <span class='ocrx_word' id='word_1_371' title='bbox 3343 2773 3557 2843; x_wconf 84' lang='lat' dir='ltr'><strong>sapien-</strong></span> 
     </span>
    </p>
   </div>
   <div class='ocr_carea' id='block_1_59' title="bbox 1983 2850 3558 2933">
    <p class='ocr_par' dir='ltr' id='par_1_59' title="bbox 1983 2850 3558 2933">
     <span class='ocr_line' id='line_1_59' title="bbox 1983 2850 3558 2933; baseline 0.003 -17"><span class='ocrx_word' id='word_1_372' title='bbox 1983 2864 2055 2917; x_wconf 89' lang='lat' dir='ltr'><strong>tia</strong></span> <span class='ocrx_word' id='word_1_373' title='bbox 2093 2873 2178 2919; x_wconf 89' lang='lat' dir='ltr'><strong>est</strong></span> <span class='ocrx_word' id='word_1_374' title='bbox 2205 2865 2346 2920; x_wconf 84' lang='lat' dir='ltr'><strong>sicut</strong></span> <span class='ocrx_word' id='word_1_375' title='bbox 2373 2850 3056 2933; x_wconf 29' lang='lat' dir='ltr'><strong>tbesaurusﬂell‘odiendus,</strong></span> <span class='ocrx_word' id='word_1_376' title='bbox 3090 2876 3257 2923; x_wconf 82' lang='lat' dir='ltr'><strong>restat</strong></span> <span class='ocrx_word' id='word_1_377' title='bbox 3294 2876 3357 2925; x_wconf 83' lang='lat' dir='ltr'><strong>ut</strong></span> <span class='ocrx_word' id='word_1_378' title='bbox 3393 2868 3558 2923; x_wconf 85' lang='lat' dir='ltr'><strong>etiam</strong></span> 
     </span>
    </p>
   </div>
   <div class='ocr_carea' id='block_1_60' title="bbox 1981 2958 3564 3030">
    <p class='ocr_par' dir='ltr' id='par_1_60' title="bbox 1981 2958 3564 3030">
     <span class='ocr_line' id='line_1_60' title="bbox 1981 2958 3564 3030; baseline 0.005 -20"><span class='ocrx_word' id='word_1_379' title='bbox 1981 2972 2102 3027; x_wconf 63' lang='lat' dir='ltr'><strong>quae</strong></span> <span class='ocrx_word' id='word_1_380' title='bbox 2125 2958 2397 3028; x_wconf 85' lang='lat' dir='ltr'><strong>sapienter</strong></span> <span class='ocrx_word' id='word_1_381' title='bbox 2417 2961 2621 3030; x_wconf 87' lang='lat' dir='ltr'><strong>agenda</strong></span> <span class='ocrx_word' id='word_1_382' title='bbox 2649 2970 2775 3015; x_wconf 92' lang='lat' dir='ltr'><strong>sunt</strong></span> <span class='ocrx_word' id='word_1_383' title='bbox 2804 2962 2952 3019; x_wconf 89' lang='lat' dir='ltr'><strong>omni</strong></span> <span class='ocrx_word' id='word_1_384' title='bbox 2979 2962 3239 3017; x_wconf 90' lang='lat' dir='ltr'><strong>scrutinio</strong></span> <span class='ocrx_word' id='word_1_385' title='bbox 3262 2962 3391 3026; x_wconf 89' lang='lat' dir='ltr'><strong>sint,</strong></span> <span class='ocrx_word' id='word_1_386' title='bbox 3415 2963 3564 3020; x_wconf 82' lang='lat' dir='ltr'><strong>velut</strong></span> 
     </span>
    </p>
   </div>
   <div class='ocr_carea' id='block_1_61' title="bbox 1981 3049 3563 3125">
    <p class='ocr_par' dir='ltr' id='par_1_61' title="bbox 1981 3049 3563 3125">
     <span class='ocr_line' id='line_1_61' title="bbox 1981 3049 3563 3125; baseline 0.004 -22"><span class='ocrx_word' id='word_1_387' title='bbox 1981 3049 2202 3121; x_wconf 78' lang='lat' dir='ltr'><strong>obryza,</strong></span> <span class='ocrx_word' id='word_1_388' title='bbox 2246 3050 2463 3119; x_wconf 90' lang='lat' dir='ltr'><strong>penitus</strong></span> <span class='ocrx_word' id='word_1_389' title='bbox 2506 3051 2846 3122; x_wconf 82' lang='lat' dir='ltr'><strong>inquirenda.</strong></span> <span class='ocrx_word' id='word_1_390' title='bbox 2895 3053 3155 3123; x_wconf 88' lang='lat' dir='ltr'><strong>Optamus</strong></span> <span class='ocrx_word' id='word_1_391' title='bbox 3203 3053 3432 3125; x_wconf 87' lang='lat' dir='ltr'><strong>gloriam</strong></span> <span class='ocrx_word' id='word_1_392' title='bbox 3470 3070 3563 3110; x_wconf 85' lang='lat' dir='ltr'><strong>ve—</strong></span> 
     </span>
    </p>
   </div>
   <div class='ocr_carea' id='block_1_62' title="bbox 1985 3143 3561 3213">
    <p class='ocr_par' dir='ltr' id='par_1_62' title="bbox 1985 3143 3561 3213">
     <span class='ocr_line' id='line_1_62' title="bbox 1985 3143 3561 3213; baseline 0.003 -19"><span class='ocrx_word' id='word_1_393' title='bbox 1985 3149 2151 3195; x_wconf 84' lang='lat' dir='ltr'><strong>stram</strong></span> <span class='ocrx_word' id='word_1_394' title='bbox 2193 3157 2338 3197; x_wconf 88' lang='lat' dir='ltr'><strong>nunc</strong></span> <span class='ocrx_word' id='word_1_395' title='bbox 2365 3150 2423 3196; x_wconf 89' lang='lat' dir='ltr'><strong>et</strong></span> <span class='ocrx_word' id='word_1_396' title='bbox 2464 3157 2680 3213; x_wconf 88' lang='lat' dir='ltr'><strong>semper</strong></span> <span class='ocrx_word' id='word_1_397' title='bbox 2705 3143 2756 3197; x_wconf 92' lang='lat' dir='ltr'><strong>in</strong></span> <span class='ocrx_word' id='word_1_398' title='bbox 2794 3143 3012 3200; x_wconf 87' lang='lat' dir='ltr'><strong>Christo</strong></span> <span class='ocrx_word' id='word_1_399' title='bbox 3038 3146 3175 3200; x_wconf 88' lang='lat' dir='ltr'><strong>bene</strong></span> <span class='ocrx_word' id='word_1_400' title='bbox 3203 3144 3399 3205; x_wconf 85' lang='lat' dir='ltr'><strong>valere.</strong></span> <span class='ocrx_word' id='word_1_401' title='bbox 3427 3146 3561 3200; x_wconf 78' lang='lat' dir='ltr'><strong>dile~</strong></span> 
     </span>
    </p>
   </div>
   <div class='ocr_carea' id='block_1_63' title="bbox 291 3217 3577 3315">
    <p class='ocr_par' dir='ltr' id='par_1_63' title="bbox 291 3217 3577 3315">
     <span class='ocr_line' id='line_1_63' title="bbox 291 3217 3577 3315; baseline 0.006 -38"><span class='ocrx_word' id='word_1_402' title='bbox 291 3232 423 3287; x_wconf 88' lang='lat' dir='ltr'><strong>tem,</strong></span> <span class='ocrx_word' id='word_1_403' title='bbox 455 3237 552 3278; x_wconf 89' lang='lat' dir='ltr'><strong>vos</strong></span> <span class='ocrx_word' id='word_1_404' title='bbox 579 3222 646 3276; x_wconf 87' lang='lat' dir='ltr'><strong>ad</strong></span> <span class='ocrx_word' id='word_1_405' title='bbox 663 3221 864 3291; x_wconf 86' lang='lat' dir='ltr'><strong>justam</strong></span> <span class='ocrx_word' id='word_1_406' title='bbox 894 3222 1224 3293; x_wconf 75' lang='lat' dir='ltr'><strong>deiectorum</strong></span> <span class='ocrx_word' id='word_1_407' title='bbox 1270 3227 1669 3283; x_wconf 69' lang='lat' dir='ltr'><strong>revelationem.</strong></span> <span class='ocrx_word' id='word_1_408' title='bbox 1686 3228 1881 3283; x_wconf 84' lang='lat' dir='ltr'><strong>invita-</strong></span> <span class='ocrx_word' id='word_1_409' title='bbox 1906 3217 1952 3281; x_wconf 88' lang='lat' dir='ltr'><strong>C</strong></span> <span class='ocrx_word' id='word_1_410' title='bbox 1983 3233 2226 3289; x_wconf 86' lang='lat' dir='ltr'><strong>ctissime</strong></span> <span class='ocrx_word' id='word_1_411' title='bbox 2262 3232 2360 3288; x_wconf 83' lang='lat' dir='ltr'><strong>ﬁli.</strong></span> <span class='ocrx_word' id='word_1_412' title='bbox 2418 3235 2549 3315; x_wconf 76' lang='lat' dir='ltr'><strong>Data</strong></span> <span class='ocrx_word' id='word_1_413' title='bbox 2606 3250 2659 3290; x_wconf 87' lang='lat' dir='ltr'><strong>tv</strong></span> <span class='ocrx_word' id='word_1_414' title='bbox 2710 3234 3073 3292; x_wconf 83' lang='lat' dir='ltr'><strong>Kalendarum</strong></span> <span class='ocrx_word' id='word_1_415' title='bbox 3116 3236 3421 3311; x_wconf 83' lang='lat' dir='ltr'><strong>Septembr.</strong></span> <span class='ocrx_word' id='word_1_416' title='bbox 3476 3238 3577 3297; x_wconf 61' lang='lat' dir='ltr'><strong>in:-</strong></span> 
     </span>
    </p>
   </div>
   <div class='ocr_carea' id='block_1_64' title="bbox 291 3314 1883 3377">
    <p class='ocr_par' dir='ltr' id='par_1_64' title="bbox 291 3314 1883 3377">
     <span class='ocr_line' id='line_1_64' title="bbox 291 3314 1883 3377; baseline 0.006 -10"><span class='ocrx_word' id='word_1_417' title='bbox 291 3314 490 3376; x_wconf 80' lang='lat' dir='ltr'><strong>vimus,</strong></span> <span class='ocrx_word' id='word_1_418' title='bbox 521 3330 629 3369; x_wconf 90' lang='lat' dir='ltr'><strong>non</strong></span> <span class='ocrx_word' id='word_1_419' title='bbox 679 3315 747 3370; x_wconf 91' lang='lat' dir='ltr'><strong>ad</strong></span> <span class='ocrx_word' id='word_1_420' title='bbox 801 3316 1146 3372; x_wconf 81' lang='lat' dir='ltr'><strong>immaturam</strong></span> <span class='ocrx_word' id='word_1_421' title='bbox 1181 3318 1520 3375; x_wconf 82' lang='lat' dir='ltr'><strong>erectionem</strong></span> <span class='ocrx_word' id='word_1_422' title='bbox 1548 3336 1738 3377; x_wconf 89' lang='lat' dir='ltr'><strong>eorum</strong></span> <span class='ocrx_word' id='word_1_423' title='bbox 1781 3321 1883 3376; x_wconf 85' lang='lat' dir='ltr'><strong>im-</strong></span> 
     </span>
    </p>
   </div>
   <div class='ocr_carea' id='block_1_65' title="bbox 293 3404 1881 3483">
    <p class='ocr_par' dir='ltr' id='par_1_65' title="bbox 293 3404 1881 3483">
     <span class='ocr_line' id='line_1_65' title="bbox 293 3404 1881 3483; baseline 0.005 -24"><span class='ocrx_word' id='word_1_424' title='bbox 293 3404 520 3475; x_wconf 87' lang='lat' dir='ltr'><strong>p‘rovide</strong></span> <span class='ocrx_word' id='word_1_425' title='bbox 571 3407 1003 3477; x_wconf 87' lang='lat' dir='ltr'><strong>provocavimus.</strong></span> <span class='ocrx_word' id='word_1_426' title='bbox 1064 3406 1264 3483; x_wconf 65' lang='lat' dir='ltr'><strong>Verum</strong></span> <span class='ocrx_word' id='word_1_427' title='bbox 1315 3409 1550 3480; x_wconf 84' lang='lat' dir='ltr'><strong>qualiter</strong></span> <span class='ocrx_word' id='word_1_428' title='bbox 1602 3425 1701 3467; x_wconf 85' lang='lat' dir='ltr'><strong>vos</strong></span> <span class='ocrx_word' id='word_1_429' title='bbox 1756 3411 1881 3467; x_wconf 83' lang='lat' dir='ltr'><strong>hinc</strong></span> 
     </span>
    </p>
   </div>
   <div class='ocr_carea' id='block_1_66' title="bbox 293 3490 1881 3575">
    <p class='ocr_par' dir='ltr' id='par_1_66' title="bbox 293 3490 1881 3575">
     <span class='ocr_line' id='line_1_66' title="bbox 293 3490 1881 3575; baseline 0.005 -24"><span class='ocrx_word' id='word_1_430' title='bbox 293 3497 468 3553; x_wconf 88' lang='lat' dir='ltr'><strong>simus</strong></span> <span class='ocrx_word' id='word_1_431' title='bbox 506 3490 749 3564; x_wconf 38' lang='lat' dir='ltr'><strong>bortati,’</strong></span> <span class='ocrx_word' id='word_1_432' title='bbox 765 3500 938 3570; x_wconf 89' lang='lat' dir='ltr'><strong>prima</strong></span> <span class='ocrx_word' id='word_1_433' title='bbox 968 3500 1122 3557; x_wconf 86' lang='lat' dir='ltr'><strong>vobis</strong></span> <span class='ocrx_word' id='word_1_434' title='bbox 1149 3518 1215 3557; x_wconf 75' lang='lat' dir='ltr'><strong>ex</strong></span> <span class='ocrx_word' id='word_1_435' title='bbox 1246 3501 1350 3559; x_wconf 88' lang='lat' dir='ltr'><strong>hoc</strong></span> <span class='ocrx_word' id='word_1_436' title='bbox 1397 3503 1620 3574; x_wconf 89' lang='lat' dir='ltr'><strong>epistola</strong></span> <span class='ocrx_word' id='word_1_437' title='bbox 1666 3504 1881 3575; x_wconf 84' lang='lat' dir='ltr'><strong>negotio</strong></span> 
     </span>
    </p>
   </div>
   <div class='ocr_carea' id='block_1_67' title="bbox 295 3589 1884 3666">
    <p class='ocr_par' dir='ltr' id='par_1_67' title="bbox 295 3589 1884 3666">
     <span class='ocr_line' id='line_1_67' title="bbox 295 3589 1884 3666; baseline 0.003 -21"><span class='ocrx_word' id='word_1_438' title='bbox 295 3590 463 3645; x_wconf 86' lang='lat' dir='ltr'><strong>missa</strong></span> <span class='ocrx_word' id='word_1_439' title='bbox 500 3589 620 3647; x_wconf 89' lang='lat' dir='ltr'><strong>luce</strong></span> <span class='ocrx_word' id='word_1_440' title='bbox 646 3592 849 3648; x_wconf 90' lang='lat' dir='ltr'><strong>clarius</strong></span> <span class='ocrx_word' id='word_1_441' title='bbox 878 3593 1100 3648; x_wconf 80' lang='lat' dir='ltr'><strong>indicat.</strong></span> <span class='ocrx_word' id='word_1_442' title='bbox 1130 3594 1220 3649; x_wconf 87' lang='lat' dir='ltr'><strong>Sic</strong></span> <span class='ocrx_word' id='word_1_443' title='bbox 1246 3610 1376 3666; x_wconf 89' lang='lat' dir='ltr'><strong>ergo</strong></span> <span class='ocrx_word' id='word_1_444' title='bbox 1400 3605 1600 3660; x_wconf 90' lang='lat' dir='ltr'><strong>vestra,</strong></span> <span class='ocrx_word' id='word_1_445' title='bbox 1630 3596 1884 3665; x_wconf 88' lang='lat' dir='ltr'><strong>quemad-</strong></span> 
     </span>
    </p>
   </div>
   <div class='ocr_carea' id='block_1_68' title="bbox 293 3676 1884 3756">
    <p class='ocr_par' dir='ltr' id='par_1_68' title="bbox 293 3676 1884 3756">
     <span class='ocr_line' id='line_1_68' title="bbox 293 3676 1884 3756; baseline 0.003 -19"><span class='ocrx_word' id='word_1_446' title='bbox 293 3682 513 3737; x_wconf 88' lang='lat' dir='ltr'><strong>modum</strong></span> <span class='ocrx_word' id='word_1_447' title='bbox 564 3676 653 3738; x_wconf 88' lang='lat' dir='ltr'><strong>illa</strong></span> <span class='ocrx_word' id='word_1_448' title='bbox 693 3682 868 3738; x_wconf 79' lang='lat' dir='ltr'><strong>dictat</strong></span> <span class='ocrx_word' id='word_1_449' title='bbox 902 3698 1007 3739; x_wconf 84' lang='lat' dir='ltr'><strong>nos</strong></span> <span class='ocrx_word' id='word_1_450' title='bbox 1044 3699 1074 3737; x_wconf 90' lang='lat' dir='ltr'><strong>a</strong></span> <span class='ocrx_word' id='word_1_451' title='bbox 1119 3685 1277 3740; x_wconf 82' lang='lat' dir='ltr'><strong>vobis</strong></span> <span class='ocrx_word' id='word_1_452' title='bbox 1316 3685 1639 3756; x_wconf 89' lang='lat' dir='ltr'><strong>postulasse,</strong></span> <span class='ocrx_word' id='word_1_453' title='bbox 1665 3701 1765 3756; x_wconf 91' lang='lat' dir='ltr'><strong>pro</strong></span> <span class='ocrx_word' id='word_1_454' title='bbox 1804 3686 1884 3742; x_wconf 87' lang='lat' dir='ltr'><strong>eis</strong></span> 
     </span>
    </p>
   </div>
   <div class='ocr_carea' id='block_1_69' title="bbox 294 3777 1883 3850">
    <p class='ocr_par' dir='ltr' id='par_1_69' title="bbox 294 3777 1883 3850">
     <span class='ocr_line' id='line_1_69' title="bbox 294 3777 1883 3850; baseline 0.002 -20"><span class='ocrx_word' id='word_1_455' title='bbox 294 3785 625 3846; x_wconf 81' lang='lat' dir='ltr'><strong>exsequatur</strong></span> <span class='ocrx_word' id='word_1_456' title='bbox 649 3777 1006 3846; x_wconf 86' lang='lat' dir='ltr'><strong>providentia,</strong></span> <span class='ocrx_word' id='word_1_457' title='bbox 1030 3785 1085 3832; x_wconf 90' lang='lat' dir='ltr'><strong>et</strong></span> <span class='ocrx_word' id='word_1_458' title='bbox 1109 3786 1288 3832; x_wconf 78' lang='lat' dir='ltr'><strong>vestra</strong></span> <span class='ocrx_word' id='word_1_459' title='bbox 1315 3779 1436 3834; x_wconf 89' lang='lat' dir='ltr'><strong>sine</strong></span> <span class='ocrx_word' id='word_1_460' title='bbox 1457 3778 1613 3850; x_wconf 89' lang='lat' dir='ltr'><strong>culpa</strong></span> <span class='ocrx_word' id='word_1_461' title='bbox 1641 3780 1883 3835; x_wconf 83' lang='lat' dir='ltr'><strong>manebit</strong></span> 
     </span>
    </p>
   </div>
   <div class='ocr_carea' id='block_1_70' title="bbox 276 3864 1880 3937">
    <p class='ocr_par' dir='ltr' id='par_1_70' title="bbox 276 3864 1880 3937">
     <span class='ocr_line' id='line_1_70' title="bbox 276 3864 1880 3937; baseline 0.004 -18"><span class='ocrx_word' id='word_1_462' title='bbox 276 3864 437 3936; x_wconf 79' lang='lat' dir='ltr'><strong>apud</strong></span> <span class='ocrx_word' id='word_1_463' title='bbox 462 3867 630 3921; x_wconf 88' lang='lat' dir='ltr'><strong>Deum</strong></span> <span class='ocrx_word' id='word_1_464' title='bbox 660 3867 992 3937; x_wconf 69' lang='lat' dir='ltr'><strong>mquissima,</strong></span> <span class='ocrx_word' id='word_1_465' title='bbox 1034 3868 1184 3925; x_wconf 47' lang='lat' dir='ltr'><strong>sicut.</strong></span> <span class='ocrx_word' id='word_1_466' title='bbox 1201 3869 1493 3935; x_wconf 83' lang='lat' dir='ltr'><strong>credimus,</strong></span> <span class='ocrx_word' id='word_1_467' title='bbox 1540 3871 1880 3927; x_wconf 78' lang='lat' dir='ltr'><strong>excellentia.</strong></span> 
     </span>
    </p>
   </div>
   <div class='ocr_carea' id='block_1_71' title="bbox 274 3959 1883 4037">
    <p class='ocr_par' dir='ltr' id='par_1_71' title="bbox 274 3959 1883 4037">
     <span class='ocr_line' id='line_1_71' title="bbox 274 3959 1883 4037; baseline 0.001 -21"><span class='ocrx_word' id='word_1_468' title='bbox 274 3959 564 4017; x_wconf 67' lang='lat' dir='ltr'><strong>‘Prtrterea</strong></span> <span class='ocrx_word' id='word_1_469' title='bbox 596 3977 695 4017; x_wconf 91' lang='lat' dir='ltr'><strong>nos</strong></span> <span class='ocrx_word' id='word_1_470' title='bbox 723 3962 957 4018; x_wconf 87' lang='lat' dir='ltr'><strong>alacrem</strong></span> <span class='ocrx_word' id='word_1_471' title='bbox 984 3970 1219 4037; x_wconf 69' lang='lat' dir='ltr'><strong>vestram</strong></span> <span class='ocrx_word' id='word_1_472' title='bbox 1254 3963 1381 4019; x_wconf 89' lang='lat' dir='ltr'><strong>ollm</strong></span> <span class='ocrx_word' id='word_1_473' title='bbox 1408 3963 1562 4019; x_wconf 86' lang='lat' dir='ltr'><strong>nobis</strong></span> <span class='ocrx_word' id='word_1_474' title='bbox 1584 3963 1883 4036; x_wconf 65' lang='lat' dir='ltr'><strong>praecogni-</strong></span> 
     </span>
    </p>
   </div>
   <div class='ocr_carea' id='block_1_72' title="bbox 296 4052 1885 4124">
    <p class='ocr_par' dir='ltr' id='par_1_72' title="bbox 296 4052 1885 4124">
     <span class='ocr_line' id='line_1_72' title="bbox 296 4052 1885 4124; baseline 0.003 -18"><span class='ocrx_word' id='word_1_475' title='bbox 296 4063 432 4118; x_wconf 88' lang='lat' dir='ltr'><strong>tam,</strong></span> <span class='ocrx_word' id='word_1_476' title='bbox 456 4062 509 4109; x_wconf 88' lang='lat' dir='ltr'><strong>et</strong></span> <span class='ocrx_word' id='word_1_477' title='bbox 540 4052 837 4109; x_wconf 89' lang='lat' dir='ltr'><strong>innumeris</strong></span> <span class='ocrx_word' id='word_1_478' title='bbox 861 4054 1143 4124; x_wconf 88' lang='lat' dir='ltr'><strong>probatam</strong></span> <span class='ocrx_word' id='word_1_479' title='bbox 1166 4054 1569 4123; x_wconf 82' lang='lat' dir='ltr'><strong>experimentis,</strong></span> <span class='ocrx_word' id='word_1_480' title='bbox 1591 4070 1701 4110; x_wconf 81' lang='lat' dir='ltr'><strong>ceu</strong></span> <span class='ocrx_word' id='word_1_481' title='bbox 1720 4055 1885 4110; x_wconf 83' lang='lat' dir='ltr'><strong>devo-</strong></span> 
     </span>
    </p>
   </div>
   <div class='ocr_carea' id='block_1_73' title="bbox 296 4145 1884 4214">
    <p class='ocr_par' dir='ltr' id='par_1_73' title="bbox 296 4145 1884 4214">
     <span class='ocr_line' id='line_1_73' title="bbox 296 4145 1884 4214; baseline 0.003 -12"><span class='ocrx_word' id='word_1_482' title='bbox 296 4146 495 4202; x_wconf 87' lang='lat' dir='ltr'><strong>tissimi</strong></span> <span class='ocrx_word' id='word_1_483' title='bbox 546 4145 641 4202; x_wconf 81' lang='lat' dir='ltr'><strong>ﬁlii</strong></span> <span class='ocrx_word' id='word_1_484' title='bbox 692 4146 1056 4202; x_wconf 88' lang='lat' dir='ltr'><strong>obedientiam</strong></span> <span class='ocrx_word' id='word_1_485' title='bbox 1105 4147 1435 4214; x_wconf 86' lang='lat' dir='ltr'><strong>recolentes,</strong></span> <span class='ocrx_word' id='word_1_486' title='bbox 1484 4157 1540 4204; x_wconf 89' lang='lat' dir='ltr'><strong>et</strong></span> <span class='ocrx_word' id='word_1_487' title='bbox 1587 4150 1734 4205; x_wconf 90' lang='lat' dir='ltr'><strong>utin</strong></span> <span class='ocrx_word' id='word_1_488' title='bbox 1780 4149 1884 4207; x_wconf 85' lang='lat' dir='ltr'><strong>bac</strong></span> 
     </span>
    </p>
   </div>
   <div class='ocr_carea' id='block_1_74' title="bbox 297 4237 1888 4309">
    <p class='ocr_par' dir='ltr' id='par_1_74' title="bbox 297 4237 1888 4309">
     <span class='ocr_line' id='line_1_74' title="bbox 297 4237 1888 4309; baseline 0.003 -20"><span class='ocrx_word' id='word_1_489' title='bbox 297 4251 515 4306; x_wconf 86' lang='lat' dir='ltr'><strong>quoque</strong></span> <span class='ocrx_word' id='word_1_490' title='bbox 535 4251 701 4292; x_wconf 87' lang='lat' dir='ltr'><strong>causa</strong></span> <span class='ocrx_word' id='word_1_491' title='bbox 727 4237 872 4293; x_wconf 88' lang='lat' dir='ltr'><strong>circa</strong></span> <span class='ocrx_word' id='word_1_492' title='bbox 899 4239 1255 4293; x_wconf 83' lang='lat' dir='ltr'><strong>reverentiam</strong></span> <span class='ocrx_word' id='word_1_493' title='bbox 1281 4238 1585 4309; x_wconf 90' lang='lat' dir='ltr'><strong>principum</strong></span> <span class='ocrx_word' id='word_1_494' title='bbox 1616 4239 1888 4309; x_wconf 85' lang='lat' dir='ltr'><strong>apostolo-</strong></span> 
     </span>
    </p>
   </div>
   <div class='ocr_carea' id='block_1_75' title="bbox 272 4317 1881 4401">
    <p class='ocr_par' dir='ltr' id='par_1_75' title="bbox 272 4317 1881 4401">
     <span class='ocr_line' id='line_1_75' title="bbox 272 4317 1881 4401; baseline 0.004 -22"><span class='ocrx_word' id='word_1_495' title='bbox 272 4326 419 4379; x_wconf 60' lang='lat' dir='ltr'><strong>‘rum</strong></span> <span class='ocrx_word' id='word_1_496' title='bbox 444 4317 582 4381; x_wconf 83' lang='lat' dir='ltr'><strong>hané</strong></span> <span class='ocrx_word' id='word_1_497' title='bbox 615 4327 972 4383; x_wconf 88' lang='lat' dir='ltr'><strong>ostenderetis</strong></span> <span class='ocrx_word' id='word_1_498' title='bbox 999 4326 1337 4395; x_wconf 78' lang='lat' dir='ltr'><strong>all‘ectantes,</strong></span> <span class='ocrx_word' id='word_1_499' title='bbox 1366 4329 1682 4401; x_wconf 87' lang='lat' dir='ltr'><strong>scripsimus</strong></span> <span class='ocrx_word' id='word_1_500' title='bbox 1707 4330 1881 4395; x_wconf 87' lang='lat' dir='ltr'><strong>vobis,</strong></span> 
     </span>
    </p>
   </div>
   <div class='ocr_carea' id='block_1_76' title="bbox 296 4417 1886 4491">
    <p class='ocr_par' dir='ltr' id='par_1_76' title="bbox 296 4417 1886 4491">
     <span class='ocr_line' id='line_1_76' title="bbox 296 4417 1886 4491; baseline 0.004 -21"><span class='ocrx_word' id='word_1_501' title='bbox 296 4425 357 4471; x_wconf 92' lang='lat' dir='ltr'><strong>ut</strong></span> <span class='ocrx_word' id='word_1_502' title='bbox 384 4425 507 4487; x_wconf 83' lang='lat' dir='ltr'><strong>pote</strong></span> <span class='ocrx_word' id='word_1_503' title='bbox 534 4417 856 4474; x_wconf 86' lang='lat' dir='ltr'><strong>charissimo</strong></span> <span class='ocrx_word' id='word_1_504' title='bbox 885 4418 1017 4486; x_wconf 79' lang='lat' dir='ltr'><strong>tilio,</strong></span> <span class='ocrx_word' id='word_1_505' title='bbox 1042 4428 1314 4491; x_wconf 78' lang='lat' dir='ltr'><strong>quatenus</strong></span> <span class='ocrx_word' id='word_1_506' title='bbox 1342 4435 1456 4488; x_wconf 89' lang='lat' dir='ltr'><strong>eos,</strong></span> <span class='ocrx_word' id='word_1_507' title='bbox 1504 4437 1734 4491; x_wconf 79' lang='lat' dir='ltr'><strong>quorum</strong></span> <span class='ocrx_word' id='word_1_508' title='bbox 1780 4422 1886 4477; x_wconf 83' lang='lat' dir='ltr'><strong>cla-</strong></span> 
     </span>
    </p>
   </div>
   <div class='ocr_carea' id='block_1_77' title="bbox 297 4510 1882 4587">
    <p class='ocr_par' dir='ltr' id='par_1_77' title="bbox 297 4510 1882 4587">
     <span class='ocr_line' id='line_1_77' title="bbox 297 4510 1882 4587; baseline 0.006 -24"><span class='ocrx_word' id='word_1_509' title='bbox 297 4525 419 4564; x_wconf 88' lang='lat' dir='ltr'><strong>mor</strong></span> <span class='ocrx_word' id='word_1_510' title='bbox 443 4510 510 4564; x_wconf 89' lang='lat' dir='ltr'><strong>ad</strong></span> <span class='ocrx_word' id='word_1_511' title='bbox 541 4510 722 4567; x_wconf 88' lang='lat' dir='ltr'><strong>sedem</strong></span> <span class='ocrx_word' id='word_1_512' title='bbox 756 4511 993 4581; x_wconf 89' lang='lat' dir='ltr'><strong>ipsorum</strong></span> <span class='ocrx_word' id='word_1_513' title='bbox 1027 4523 1370 4584; x_wconf 86' lang='lat' dir='ltr'><strong>pervenerat,</strong></span> <span class='ocrx_word' id='word_1_514' title='bbox 1402 4515 1631 4587; x_wconf 83' lang='lat' dir='ltr'><strong>benigno</strong></span> <span class='ocrx_word' id='word_1_515' title='bbox 1654 4552 1659 4555; x_wconf 51' lang='grc' dir='ltr'><strong>λ</strong></span> <span class='ocrx_word' id='word_1_516' title='bbox 1679 4517 1732 4571; x_wconf 93' lang='lat' dir='ltr'><strong>in</strong></span> <span class='ocrx_word' id='word_1_517' title='bbox 1785 4533 1882 4573; x_wconf 86' lang='lat' dir='ltr'><strong>sua</strong></span> 
     </span>
    </p>
   </div>
   <div class='ocr_carea' id='block_1_78' title="bbox 1982 3323 2267 3379">
    <p class='ocr_par' dir='ltr' id='par_1_78' title="bbox 1982 3323 2267 3379">
     <span class='ocr_line' id='line_1_78' title="bbox 1982 3323 2267 3379; baseline 0.004 -1"><span class='ocrx_word' id='word_1_518' title='bbox 1982 3323 2113 3379; x_wconf 90' lang='lat' dir='ltr'><strong>dict.</strong></span> <span class='ocrx_word' id='word_1_519' title='bbox 2152 3339 2267 3379; x_wconf 65' lang='grc' dir='ltr'><strong>λιν.</strong></span> 
     </span>
    </p>
   </div>
   <div class='ocr_carea' id='block_1_79' title="bbox 2669 3397 2895 3456">
    <p class='ocr_par' dir='ltr' id='par_1_79' title="bbox 2669 3397 2895 3456">
     <span class='ocr_line' id='line_1_79' title="bbox 2669 3397 2895 3456; baseline 0 -3"><span class='ocrx_word' id='word_1_520' title='bbox 2669 3397 2895 3456; x_wconf 73' lang='lat' dir='ltr'><strong>XCVlL</strong></span> 
     </span>
    </p>
   </div>
   <div class='ocr_carea' id='block_1_80' title="bbox 2124 3500 3467 3548">
    <p class='ocr_par' dir='ltr' id='par_1_80' title="bbox 2124 3500 3467 3548">
     <span class='ocr_line' id='line_1_80' title="bbox 2124 3500 3467 3548; baseline 0.005 -7"><span class='ocrx_word' id='word_1_521' title='bbox 2124 3500 2627 3545; x_wconf 60' lang='grc' dir='ltr'><strong>ιεεροκειμμωοιλι</strong></span> <span class='ocrx_word' id='word_1_522' title='bbox 2654 3504 2722 3544; x_wconf 75' lang='lat' dir='ltr'><strong>AD</strong></span> <span class='ocrx_word' id='word_1_523' title='bbox 2749 3505 3020 3547; x_wconf 72' lang='lat' dir='ltr'><strong>CONSUIJ‘A</strong></span> <span class='ocrx_word' id='word_1_524' title='bbox 3042 3505 3467 3548; x_wconf 58' lang='lat' dir='ltr'><strong>BlitCARORUIL.</strong></span> 
     </span>
    </p>
   </div>
   <div class='ocr_carea' id='block_1_81' title="bbox 2585 3581 2958 3652">
    <p class='ocr_par' dir='ltr' id='par_1_81' title="bbox 2585 3581 2958 3652">
     <span class='ocr_line' id='line_1_81' title="bbox 2585 3581 2958 3652; baseline -0.003 -17"><span class='ocrx_word' id='word_1_525' title='bbox 2585 3581 2765 3651; x_wconf 88' lang='lat' dir='ltr'><strong>(Auno</strong></span> <span class='ocrx_word' id='word_1_526' title='bbox 2807 3583 2958 3652; x_wconf 86' lang='lat'><strong>866.)</strong></span> 
     </span>
    </p>
   </div>
   <div class='ocr_carea' id='block_1_82' title="bbox 2486 3669 3101 3744">
    <p class='ocr_par' dir='ltr' id='par_1_82' title="bbox 2486 3669 3101 3744">
     <span class='ocr_line' id='line_1_82' title="bbox 2486 3669 3101 3744; baseline -0.002 -17"><span class='ocrx_word' id='word_1_527' title='bbox 2486 3669 2661 3742; x_wconf 77' lang='lat' dir='ltr'><strong>[Apud</strong></span> <span class='ocrx_word' id='word_1_528' title='bbox 2687 3669 2876 3737; x_wconf 82' lang='lat' dir='ltr'><strong>Mansi,</strong></span> <span class='ocrx_word' id='word_1_529' title='bbox 2904 3672 3063 3744; x_wconf 80' lang='lat' dir='ltr'><strong>ibid.]</strong></span> <span class='ocrx_word' id='word_1_530' title='bbox 3092 3715 3101 3738; x_wconf 81' lang='lat'><strong>,</strong></span> 
     </span>
    </p>
   </div>
   <div class='ocr_carea' id='block_1_83' title="bbox 2053 3778 3581 3852">
    <p class='ocr_par' dir='ltr' id='par_1_83' title="bbox 2053 3778 3581 3852">
     <span class='ocr_line' id='line_1_83' title="bbox 2053 3778 3581 3852; baseline 0.005 -20"><span class='ocrx_word' id='word_1_531' title='bbox 2053 3778 2134 3832; x_wconf 72' lang='lat' dir='ltr'><strong>A’d</strong></span> <span class='ocrx_word' id='word_1_532' title='bbox 2161 3778 2406 3834; x_wconf 83' lang='lat' dir='ltr'><strong>consulta</strong></span> <span class='ocrx_word' id='word_1_533' title='bbox 2436 3788 2617 3834; x_wconf 83' lang='lat' dir='ltr'><strong>vestra</strong></span> <span class='ocrx_word' id='word_1_534' title='bbox 2644 3795 2754 3835; x_wconf 86' lang='lat' dir='ltr'><strong>non</strong></span> <span class='ocrx_word' id='word_1_535' title='bbox 2792 3781 2979 3836; x_wconf 73' lang='lat' dir='ltr'><strong>multa.</strong></span> <span class='ocrx_word' id='word_1_536' title='bbox 2998 3782 3371 3852; x_wconf 77' lang='lat' dir='ltr'><strong>respondentia</strong></span> <span class='ocrx_word' id='word_1_537' title='bbox 3407 3794 3581 3849; x_wconf 49' lang='lat' dir='ltr'><strong>sunt»,</strong></span> 
     </span>
    </p>
   </div>
   <div class='ocr_carea' id='block_1_84' title="bbox 1987 3866 3590 3941">
    <p class='ocr_par' dir='ltr' id='par_1_84' title="bbox 1987 3866 3590 3941">
     <span class='ocr_line' id='line_1_84' title="bbox 1987 3866 3590 3941; baseline 0.004 -19"><span class='ocrx_word' id='word_1_538' title='bbox 1987 3881 2097 3922; x_wconf 82' lang='lat' dir='ltr'><strong>nec</strong></span> <span class='ocrx_word' id='word_1_539' title='bbox 2115 3866 2367 3922; x_wconf 82' lang='lat' dir='ltr'><strong>duximus</strong></span> <span class='ocrx_word' id='word_1_540' title='bbox 2390 3881 2487 3936; x_wconf 84' lang='lat' dir='ltr'><strong>per</strong></span> <span class='ocrx_word' id='word_1_541' title='bbox 2510 3868 2719 3938; x_wconf 77' lang='lat' dir='ltr'><strong>singula</strong></span> <span class='ocrx_word' id='word_1_542' title='bbox 2747 3868 3260 3927; x_wconf 72' lang='lat' dir='ltr'><strong>diutiusimmarari</strong></span> <span class='ocrx_word' id='word_1_543' title='bbox 3282 3912 3298 3934; x_wconf 91' lang='lat'><strong>,</strong></span> <span class='ocrx_word' id='word_1_544' title='bbox 3321 3872 3411 3941; x_wconf 89' lang='lat' dir='ltr'><strong>qui</strong></span> <span class='ocrx_word' id='word_1_545' title='bbox 3456 3872 3590 3929; x_wconf 42' lang='lat' dir='ltr'><strong>Deo.</strong></span> 
     </span>
    </p>
   </div>
   <div class='ocr_carea' id='block_1_85' title="bbox 1985 3956 3568 4032">
    <p class='ocr_par' dir='ltr' id='par_1_85' title="bbox 1985 3956 3568 4032">
     <span class='ocr_line' id='line_1_85' title="bbox 1985 3956 3568 4032; baseline 0.004 -21"><span class='ocrx_word' id='word_1_546' title='bbox 1985 3967 2207 4013; x_wconf 84' lang='lat' dir='ltr'><strong>auctore</strong></span> <span class='ocrx_word' id='word_1_547' title='bbox 2238 3973 2352 4013; x_wconf 38' lang='lat' dir='ltr'><strong>non]</strong></span> <span class='ocrx_word' id='word_1_548' title='bbox 2375 3956 2547 4013; x_wconf 88' lang='lat' dir='ltr'><strong>solum</strong></span> <span class='ocrx_word' id='word_1_549' title='bbox 2578 3958 2745 4014; x_wconf 84' lang='lat' dir='ltr'><strong>libros</strong></span> <span class='ocrx_word' id='word_1_550' title='bbox 2781 3959 2976 4015; x_wconf 85' lang='lat' dir='ltr'><strong>divinae</strong></span> <span class='ocrx_word' id='word_1_551' title='bbox 3001 3959 3151 4032; x_wconf 67' lang='lat' dir='ltr'><strong>legis,</strong></span> <span class='ocrx_word' id='word_1_552' title='bbox 3184 3976 3369 4016; x_wconf 87' lang='lat' dir='ltr'><strong>verum</strong></span> <span class='ocrx_word' id='word_1_553' title='bbox 3400 3962 3568 4017; x_wconf 87' lang='lat' dir='ltr'><strong>etiam</strong></span> 
     </span>
    </p>
   </div>
   <div class='ocr_carea' id='block_1_86' title="bbox 1984 4051 3571 4124">
    <p class='ocr_par' dir='ltr' id='par_1_86' title="bbox 1984 4051 3571 4124">
     <span class='ocr_line' id='line_1_86' title="bbox 1984 4051 3571 4124; baseline 0.003 -20"><span class='ocrx_word' id='word_1_554' title='bbox 1984 4059 2040 4105; x_wconf 90' lang='lat' dir='ltr'><strong>et</strong></span> <span class='ocrx_word' id='word_1_555' title='bbox 2063 4051 2259 4107; x_wconf 89' lang='lat' dir='ltr'><strong>missos</strong></span> <span class='ocrx_word' id='word_1_556' title='bbox 2283 4060 2500 4107; x_wconf 90' lang='lat' dir='ltr'><strong>nostros</strong></span> <span class='ocrx_word' id='word_1_557' title='bbox 2527 4052 2777 4117; x_wconf 82' lang='lat' dir='ltr'><strong>idoneos,</strong></span> <span class='ocrx_word' id='word_1_558' title='bbox 2801 4054 2892 4122; x_wconf 87' lang='lat' dir='ltr'><strong>qui</strong></span> <span class='ocrx_word' id='word_1_559' title='bbox 2923 4068 3018 4109; x_wconf 87' lang='lat' dir='ltr'><strong>vos</strong></span> <span class='ocrx_word' id='word_1_560' title='bbox 3035 4094 3062 4119; x_wconf 51' lang='grc' dir='ltr'><em>ν</em></span> <span class='ocrx_word' id='word_1_561' title='bbox 3078 4062 3236 4123; x_wconf 86' lang='lat' dir='ltr'><strong>prout</strong></span> <span class='ocrx_word' id='word_1_562' title='bbox 3275 4063 3483 4124; x_wconf 86' lang='lat' dir='ltr'><strong>tempus</strong></span> <span class='ocrx_word' id='word_1_563' title='bbox 3512 4064 3571 4108; x_wconf 89' lang='lat' dir='ltr'><strong>et</strong></span> 
     </span>
    </p>
   </div>
   <div class='ocr_carea' id='block_1_87' title="bbox 1987 4141 3566 4215">
    <p class='ocr_par' dir='ltr' id='par_1_87' title="bbox 1987 4141 3566 4215">
     <span class='ocr_line' id='line_1_87' title="bbox 1987 4141 3566 4215; baseline 0.003 -20"><span class='ocrx_word' id='word_1_564' title='bbox 1987 4141 2125 4197; x_wconf 86' lang='lat' dir='ltr'><strong>ratio</strong></span> <span class='ocrx_word' id='word_1_565' title='bbox 2163 4141 2476 4207; x_wconf 87' lang='lat' dir='ltr'><strong>dictaverit,</strong></span> <span class='ocrx_word' id='word_1_566' title='bbox 2507 4141 2574 4198; x_wconf 90' lang='lat' dir='ltr'><strong>de</strong></span> <span class='ocrx_word' id='word_1_567' title='bbox 2616 4144 2842 4215; x_wconf 84' lang='lat' dir='ltr'><strong>singulis</strong></span> <span class='ocrx_word' id='word_1_568' title='bbox 2888 4144 3190 4211; x_wconf 85' lang='lat' dir='ltr'><strong>instruant,</strong></span> <span class='ocrx_word' id='word_1_569' title='bbox 3220 4146 3292 4201; x_wconf 90' lang='lat' dir='ltr'><strong>ad</strong></span> <span class='ocrx_word' id='word_1_570' title='bbox 3335 4146 3566 4215; x_wconf 89' lang='lat' dir='ltr'><strong>patriam</strong></span> 
     </span>
    </p>
   </div>
   <div class='ocr_carea' id='block_1_88' title="bbox 1985 4234 3591 4309">
    <p class='ocr_par' dir='ltr' id='par_1_88' title="bbox 1985 4234 3591 4309">
     <span class='ocr_line' id='line_1_88' title="bbox 1985 4234 3591 4309; baseline 0.003 -22"><span class='ocrx_word' id='word_1_571' title='bbox 1985 4243 2240 4299; x_wconf 87' lang='lat' dir='ltr'><strong>vestram,</strong></span> <span class='ocrx_word' id='word_1_572' title='bbox 2271 4236 2436 4290; x_wconf 63' lang='lat' dir='ltr'><strong>eLad</strong></span> <span class='ocrx_word' id='word_1_573' title='bbox 2468 4234 2759 4305; x_wconf 80' lang='lat' dir='ltr'><strong>gloriosum</strong></span> <span class='ocrx_word' id='word_1_574' title='bbox 2808 4252 2988 4309; x_wconf 80' lang='lat' dir='ltr'><strong>regem</strong></span> <span class='ocrx_word' id='word_1_575' title='bbox 3034 4247 3268 4294; x_wconf 85' lang='lat' dir='ltr'><strong>vestrum</strong></span> <span class='ocrx_word' id='word_1_576' title='bbox 3312 4238 3591 4296; x_wconf 65' lang='lat' dir='ltr'><strong>dilectum,</strong></span> 
     </span>
    </p>
   </div>
   <div class='ocr_carea' id='block_1_89' title="bbox 1987 4325 3599 4399">
    <p class='ocr_par' dir='ltr' id='par_1_89' title="bbox 1987 4325 3599 4399">
     <span class='ocr_line' id='line_1_89' title="bbox 1987 4325 3599 4399; baseline 0.001 -18"><span class='ocrx_word' id='word_1_577' title='bbox 1987 4325 2154 4381; x_wconf 82' lang='lat' dir='ltr'><strong>ﬁlium</strong></span> <span class='ocrx_word' id='word_1_578' title='bbox 2191 4336 2436 4382; x_wconf 80' lang='lat' dir='ltr'><strong>nostrum</strong></span> <span class='ocrx_word' id='word_1_579' title='bbox 2466 4326 2886 4392; x_wconf 84' lang='lat' dir='ltr'><strong>destinavimus,</strong></span> <span class='ocrx_word' id='word_1_580' title='bbox 2919 4329 3117 4398; x_wconf 83' lang='lat' dir='ltr'><strong>quibus</strong></span> <span class='ocrx_word' id='word_1_581' title='bbox 3154 4339 3211 4385; x_wconf 92' lang='lat' dir='ltr'><strong>et</strong></span> <span class='ocrx_word' id='word_1_582' title='bbox 3239 4329 3405 4386; x_wconf 86' lang='lat' dir='ltr'><strong>libros</strong></span> <span class='ocrx_word' id='word_1_583' title='bbox 3432 4346 3599 4399; x_wconf 69' lang='lat' dir='ltr'><strong>quos.</strong></span> 
     </span>
    </p>
   </div>
   <div class='ocr_carea' id='block_1_90' title="bbox 1984 4416 3585 4493">
    <p class='ocr_par' dir='ltr' id='par_1_90' title="bbox 1984 4416 3585 4493">
     <span class='ocr_line' id='line_1_90' title="bbox 1984 4416 3585 4493; baseline 0.004 -23"><span class='ocrx_word' id='word_1_584' title='bbox 1984 4416 2332 4486; x_wconf 71' lang='lat' dir='ltr'><strong>pmevidimus</strong></span> <span class='ocrx_word' id='word_1_585' title='bbox 2355 4418 2689 4474; x_wconf 89' lang='lat' dir='ltr'><strong>necessarios</strong></span> <span class='ocrx_word' id='word_1_586' title='bbox 2711 4418 2817 4475; x_wconf 81' lang='lat' dir='ltr'><strong>illis</strong></span> <span class='ocrx_word' id='word_1_587' title='bbox 2844 4419 3025 4492; x_wconf 59' lang='lat' dir='ltr'><strong>[form</strong></span> <span class='ocrx_word' id='word_1_588' title='bbox 3048 4420 3180 4486; x_wconf 91' lang='lat' dir='ltr'><strong>illic,</strong></span> <span class='ocrx_word' id='word_1_589' title='bbox 3203 4419 3400 4493; x_wconf 65' lang='lat' dir='ltr'><strong>[ltum]</strong></span> <span class='ocrx_word' id='word_1_590' title='bbox 3426 4436 3585 4476; x_wconf 86' lang='lat' dir='ltr'><strong>nunc.</strong></span> 
     </span>
    </p>
   </div>
   <div class='ocr_carea' id='block_1_91' title="bbox 1985 4508 2529 4564">
    <p class='ocr_par' dir='ltr' id='par_1_91' title="bbox 1985 4508 2529 4564">
     <span class='ocr_line' id='line_1_91' title="bbox 1985 4508 2529 4564; baseline 0 -1"><span class='ocrx_word' id='word_1_591' title='bbox 1985 4522 2108 4563; x_wconf 86' lang='lat' dir='ltr'><strong>esse</strong></span> <span class='ocrx_word' id='word_1_592' title='bbox 2140 4508 2529 4564; x_wconf 83' lang='lat' dir='ltr'><strong>commisimus.</strong></span> 
     </span>
    </p>
   </div>
   <div class='ocr_carea' id='block_1_92' title="bbox 290 4576 3583 4677">
    <p class='ocr_par' dir='ltr' id='par_1_92' title="bbox 290 4576 3583 4677">
     <span class='ocr_line' id='line_1_92' title="bbox 290 4576 3583 4677; baseline 0.002 -24"><span class='ocrx_word' id='word_1_593' title='bbox 290 4599 501 4670; x_wconf 86' lang='lat' dir='ltr'><strong>justitia</strong></span> <span class='ocrx_word' id='word_1_594' title='bbox 547 4576 803 4670; x_wconf 79' lang='lat' dir='ltr'><strong>juvantes</strong></span> <span class='ocrx_word' id='word_1_595' title='bbox 851 4576 1065 4670; x_wconf 71' lang='lat' dir='ltr'><strong>affectu,</strong></span> <span class='ocrx_word' id='word_1_596' title='bbox 1098 4605 1252 4661; x_wconf 81' lang='lat' dir='ltr'><strong>vobis</strong></span> <span class='ocrx_word' id='word_1_597' title='bbox 1274 4576 1488 4677; x_wconf 84' lang='lat' dir='ltr'><strong>quoque</strong></span> <span class='ocrx_word' id='word_1_598' title='bbox 1529 4576 1883 4663; x_wconf 69' lang='lat' dir='ltr'><strong>nihilominus</strong></span> <span class='ocrx_word' id='word_1_599' title='bbox 1910 4576 1962 4637; x_wconf 68' lang='grc' dir='ltr'>Β</span> <span class='ocrx_word' id='word_1_600' title='bbox 2059 4598 2101 4653; x_wconf 59' lang='lat' dir='ltr'><strong>lc</strong></span> <span class='ocrx_word' id='word_1_601' title='bbox 2127 4598 2298 4670; x_wconf 71' lang='lat' dir='ltr'><strong>Igitur</strong></span> <span class='ocrx_word' id='word_1_602' title='bbox 2314 4598 2520 4668; x_wconf 77' lang='grc' dir='ltr'>οριίωθ</span> <span class='ocrx_word' id='word_1_603' title='bbox 2549 4614 2613 4653; x_wconf 74' lang='lat' dir='ltr'><strong>ac</strong></span> <span class='ocrx_word' id='word_1_604' title='bbox 2647 4598 2992 4656; x_wconf 68' lang='lat' dir='ltr'><strong>laudabiliter</strong></span> <span class='ocrx_word' id='word_1_605' title='bbox 3028 4600 3084 4655; x_wconf 81' lang='lat' dir='ltr'><strong>in</strong></span> <span class='ocrx_word' id='word_1_606' title='bbox 3121 4600 3295 4670; x_wconf 73' lang='lat' dir='ltr'><strong>prium</strong></span> <span class='ocrx_word' id='word_1_607' title='bbox 3319 4597 3583 4669; x_wconf 16' lang='lat' dir='ltr'><strong>quaestio-v</strong></span> 
     </span>
    </p>
   </div>
   <div class='ocr_carea' id='block_1_93' title="bbox 296 4691 1881 4767">
    <p class='ocr_par' dir='ltr' id='par_1_93' title="bbox 296 4691 1881 4767">
     <span class='ocr_line' id='line_1_93' title="bbox 296 4691 1881 4767; baseline 0.003 -22"><span class='ocrx_word' id='word_1_608' title='bbox 296 4706 396 4762; x_wconf 87' lang='lat' dir='ltr'><strong>per</strong></span> <span class='ocrx_word' id='word_1_609' title='bbox 422 4691 838 4747; x_wconf 86' lang='lat' dir='ltr'><strong>intercessiones</strong></span> <span class='ocrx_word' id='word_1_610' title='bbox 865 4706 1054 4747; x_wconf 88' lang='lat' dir='ltr'><strong>eorum</strong></span> <span class='ocrx_word' id='word_1_611' title='bbox 1106 4694 1391 4764; x_wconf 84' lang='lat' dir='ltr'><strong>acquirere</strong></span> <span class='ocrx_word' id='word_1_612' title='bbox 1442 4696 1759 4767; x_wconf 83' lang='lat' dir='ltr'><strong>satageretis</strong></span> <span class='ocrx_word' id='word_1_613' title='bbox 1787 4711 1881 4750; x_wconf 91' lang='lat' dir='ltr'><strong>au-</strong></span> 
     </span>
    </p>
   </div>
   <div class='ocr_carea' id='block_1_94' title="bbox 296 4784 1884 4856">
    <p class='ocr_par' dir='ltr' id='par_1_94' title="bbox 296 4784 1884 4856">
     <span class='ocr_line' id='line_1_94' title="bbox 296 4784 1884 4856; baseline 0.005 -17"><span class='ocrx_word' id='word_1_614' title='bbox 296 4784 487 4839; x_wconf 78' lang='lat' dir='ltr'><strong>xilium</strong></span> <span class='ocrx_word' id='word_1_615' title='bbox 518 4800 532 4838; x_wconf 86' lang='lat'><strong>:</strong></span> <span class='ocrx_word' id='word_1_616' title='bbox 565 4798 671 4838; x_wconf 90' lang='lat' dir='ltr'><strong>non</strong></span> <span class='ocrx_word' id='word_1_617' title='bbox 708 4793 962 4854; x_wconf 35' lang='lat' dir='ltr'><strong>ut‘super</strong></span> <span class='ocrx_word' id='word_1_618' title='bbox 990 4785 1087 4841; x_wconf 89' lang='lat' dir='ltr'><strong>Dei</strong></span> <span class='ocrx_word' id='word_1_619' title='bbox 1128 4787 1566 4856; x_wconf 82' lang='lat' dir='ltr'><strong>reprehensionis</strong></span> <span class='ocrx_word' id='word_1_620' title='bbox 1605 4789 1884 4847; x_wconf 86' lang='lat' dir='ltr'><strong>inducere—</strong></span> 
     </span>
    </p>
   </div>
   <div class='ocr_carea' id='block_1_95' title="bbox 297 4873 1884 4947">
    <p class='ocr_par' dir='ltr' id='par_1_95' title="bbox 297 4873 1884 4947">
     <span class='ocr_line' id='line_1_95' title="bbox 297 4873 1884 4947; baseline 0.003 -17"><span class='ocrx_word' id='word_1_621' title='bbox 297 4877 369 4930; x_wconf 92' lang='lat' dir='ltr'><strong>tis</strong></span> <span class='ocrx_word' id='word_1_622' title='bbox 398 4873 1091 4930; x_wconf 75' lang='lat' dir='ltr'><strong>ecclesiamseminarium.</strong></span> <span class='ocrx_word' id='word_1_623' title='bbox 1121 4874 1305 4929; x_wconf 83' lang='lat' dir='ltr'><strong>Talem</strong></span> <span class='ocrx_word' id='word_1_624' title='bbox 1324 4877 1534 4947; x_wconf 84' lang='lat' dir='ltr'><strong>quippe</strong></span> <span class='ocrx_word' id='word_1_625' title='bbox 1572 4894 1672 4933; x_wconf 88' lang='lat' dir='ltr'><strong>nos</strong></span> <span class='ocrx_word' id='word_1_626' title='bbox 1698 4878 1884 4935; x_wconf 80' lang='lat' dir='ltr'><strong>Eccle-</strong></span> 
     </span>
    </p>
   </div>
   <div class='ocr_carea' id='block_1_96' title="bbox 296 4964 1883 5039">
    <p class='ocr_par' dir='ltr' id='par_1_96' title="bbox 296 4964 1883 5039">
     <span class='ocr_line' id='line_1_96' title="bbox 296 4964 1883 5039; baseline 0.003 -19"><span class='ocrx_word' id='word_1_627' title='bbox 296 4968 435 5020; x_wconf 87' lang='lat' dir='ltr'><strong>siam</strong></span> <span class='ocrx_word' id='word_1_628' title='bbox 479 4965 594 5029; x_wconf 88' lang='lat' dir='ltr'><strong>Dei,</strong></span> <span class='ocrx_word' id='word_1_629' title='bbox 630 4964 723 5034; x_wconf 82' lang='lat' dir='ltr'><strong>qui</strong></span> <span class='ocrx_word' id='word_1_630' title='bbox 755 4965 804 5019; x_wconf 85' lang='lat' dir='ltr'><strong>ei</strong></span> <span class='ocrx_word' id='word_1_631' title='bbox 849 4980 947 5036; x_wconf 90' lang='lat' dir='ltr'><strong>per</strong></span> <span class='ocrx_word' id='word_1_632' title='bbox 990 4965 1371 5021; x_wconf 87' lang='lat' dir='ltr'><strong>abundantiam</strong></span> <span class='ocrx_word' id='word_1_633' title='bbox 1403 4983 1652 5038; x_wconf 65' lang='lat' dir='ltr'><strong>supernae</strong></span> <span class='ocrx_word' id='word_1_634' title='bbox 1696 4970 1883 5039; x_wconf 75' lang='lat' dir='ltr'><strong>gratia:</strong></span> 
     </span>
    </p>
   </div>
   <div class='ocr_carea' id='block_1_97' title="bbox 297 5056 1881 5130">
    <p class='ocr_par' dir='ltr' id='par_1_97' title="bbox 297 5056 1881 5130">
     <span class='ocr_line' id='line_1_97' title="bbox 297 5056 1881 5130; baseline 0.003 -19"><span class='ocrx_word' id='word_1_635' title='bbox 297 5072 617 5130; x_wconf 74' lang='lat' dir='ltr'><strong>pnesumus.</strong></span> <span class='ocrx_word' id='word_1_636' title='bbox 643 5056 798 5127; x_wconf 82' lang='lat' dir='ltr'><strong>juxta</strong></span> <span class='ocrx_word' id='word_1_637' title='bbox 827 5057 1045 5111; x_wconf 87' lang='lat' dir='ltr'><strong>modum</strong></span> <span class='ocrx_word' id='word_1_638' title='bbox 1075 5066 1310 5127; x_wconf 65' lang='lat' dir='ltr'><strong>acceptae</strong></span> <span class='ocrx_word' id='word_1_639' title='bbox 1354 5057 1750 5116; x_wconf 85' lang='lat' dir='ltr'><strong>distributionis</strong></span> <span class='ocrx_word' id='word_1_640' title='bbox 1788 5074 1881 5116; x_wconf 77' lang='lat' dir='ltr'><strong>ex-</strong></span> 
     </span>
    </p>
   </div>
   <div class='ocr_carea' id='block_1_98' title="bbox 299 5147 1885 5221">
    <p class='ocr_par' dir='ltr' id='par_1_98' title="bbox 299 5147 1885 5221">
     <span class='ocr_line' id='line_1_98' title="bbox 299 5147 1885 5221; baseline -0.002 -12"><span class='ocrx_word' id='word_1_641' title='bbox 299 5151 493 5209; x_wconf 85' lang='lat' dir='ltr'><strong>hibere</strong></span> <span class='ocrx_word' id='word_1_642' title='bbox 529 5149 809 5214; x_wconf 88' lang='lat' dir='ltr'><strong>debemus,</strong></span> <span class='ocrx_word' id='word_1_643' title='bbox 838 5147 1049 5219; x_wconf 88' lang='lat' dir='ltr'><strong>qualem</strong></span> <span class='ocrx_word' id='word_1_644' title='bbox 1078 5149 1219 5204; x_wconf 78' lang='lat' dir='ltr'><strong>hanc</strong></span> <span class='ocrx_word' id='word_1_645' title='bbox 1267 5159 1456 5205; x_wconf 78' lang='lat' dir='ltr'><strong>auctor</strong></span> <span class='ocrx_word' id='word_1_646' title='bbox 1500 5163 1623 5218; x_wconf 78' lang='lat' dir='ltr'><strong>ejus</strong></span> <span class='ocrx_word' id='word_1_647' title='bbox 1665 5150 1885 5221; x_wconf 86' lang='lat' dir='ltr'><strong>proprio</strong></span> 
     </span>
    </p>
   </div>
   <div class='ocr_carea' id='block_1_99' title="bbox 301 5244 1885 5319">
    <p class='ocr_par' dir='ltr' id='par_1_99' title="bbox 301 5244 1885 5319">
     <span class='ocr_line' id='line_1_99' title="bbox 301 5244 1885 5319; baseline 0 -16"><span class='ocrx_word' id='word_1_648' title='bbox 301 5246 565 5319; x_wconf 81' lang='lat' dir='ltr'><strong>sanguine</strong></span> <span class='ocrx_word' id='word_1_649' title='bbox 608 5262 845 5318; x_wconf 84' lang='lat' dir='ltr'><strong>purgans</strong></span> <span class='ocrx_word' id='word_1_650' title='bbox 886 5244 1176 5301; x_wconf 76' lang='lat' dir='ltr'><strong>exhibuit:</strong></span> <span class='ocrx_word' id='word_1_651' title='bbox 1210 5245 1264 5300; x_wconf 90' lang='lat' dir='ltr'><strong>id</strong></span> <span class='ocrx_word' id='word_1_652' title='bbox 1310 5254 1416 5313; x_wconf 89' lang='lat' dir='ltr'><strong>est,</strong></span> <span class='ocrx_word' id='word_1_653' title='bbox 1460 5260 1567 5303; x_wconf 88' lang='lat' dir='ltr'><strong>non</strong></span> <span class='ocrx_word' id='word_1_654' title='bbox 1596 5245 1885 5303; x_wconf 81' lang='lat' dir='ltr'><strong>habentem</strong></span> 
     </span>
    </p>
   </div>
   <div class='ocr_carea' id='block_1_100' title="bbox 276 5330 1888 5414">
    <p class='ocr_par' dir='ltr' id='par_1_100' title="bbox 276 5330 1888 5414">
     <span class='ocr_line' id='line_1_100' title="bbox 276 5330 1888 5414; baseline -0.001 -17"><span class='ocrx_word' id='word_1_655' title='bbox 276 5342 594 5411; x_wconf 22' lang='lat' dir='ltr'><strong>,ntaculam,</strong></span> <span class='ocrx_word' id='word_1_656' title='bbox 626 5351 720 5397; x_wconf 86' lang='lat' dir='ltr'><strong>aut</strong></span> <span class='ocrx_word' id='word_1_657' title='bbox 749 5355 956 5414; x_wconf 80' lang='lat' dir='ltr'><strong>rugam,</strong></span> <span class='ocrx_word' id='word_1_658' title='bbox 978 5330 1103 5396; x_wconf 52' lang='lat' dir='ltr'><strong>‘aut</strong></span> <span class='ocrx_word' id='word_1_659' title='bbox 1149 5340 1350 5411; x_wconf 78' lang='lat' dir='ltr'><strong>aliquid</strong></span> <span class='ocrx_word' id='word_1_660' title='bbox 1381 5341 1710 5413; x_wconf 87' lang='lat' dir='ltr'><strong>hujusmodi.</strong></span> <span class='ocrx_word' id='word_1_661' title='bbox 1748 5340 1888 5409; x_wconf 72' lang='lat' dir='ltr'><strong>Quo~</strong></span> 
     </span>
    </p>
   </div>
   <div class='ocr_carea' id='block_1_101' title="bbox 306 5431 1881 5504">
    <p class='ocr_par' dir='ltr' id='par_1_101' title="bbox 306 5431 1881 5504">
     <span class='ocr_line' id='line_1_101' title="bbox 306 5431 1881 5504; baseline -0.001 -18"><span class='ocrx_word' id='word_1_662' title='bbox 306 5433 478 5487; x_wconf 86' lang='lat' dir='ltr'><strong>modo</strong></span> <span class='ocrx_word' id='word_1_663' title='bbox 512 5442 693 5489; x_wconf 86' lang='lat' dir='ltr'><strong>autem</strong></span> <span class='ocrx_word' id='word_1_664' title='bbox 742 5449 887 5489; x_wconf 91' lang='lat' dir='ltr'><strong>nunc</strong></span> <span class='ocrx_word' id='word_1_665' title='bbox 931 5431 1478 5501; x_wconf 84' lang='lat' dir='ltr'><strong>irreprehensibiliter</strong></span> <span class='ocrx_word' id='word_1_666' title='bbox 1536 5431 1640 5504; x_wconf 85' lang='lat' dir='ltr'><strong>agi-</strong></span> <span class='ocrx_word' id='word_1_667' title='bbox 1681 5439 1881 5503; x_wconf 90' lang='lat' dir='ltr'><strong>potest,</strong></span> 
     </span>
    </p>
   </div>
   <div class='ocr_carea' id='block_1_102' title="bbox 304 5520 1884 5594">
    <p class='ocr_par' dir='ltr' id='par_1_102' title="bbox 304 5520 1884 5594">
     <span class='ocr_line' id='line_1_102' title="bbox 304 5520 1884 5594; baseline 0.001 -19"><span class='ocrx_word' id='word_1_668' title='bbox 304 5520 519 5593; x_wconf 89' lang='lat' dir='ltr'><strong>quando</strong></span> <span class='ocrx_word' id='word_1_669' title='bbox 544 5538 708 5594; x_wconf 91' lang='lat' dir='ltr'><strong>penes</strong></span> <span class='ocrx_word' id='word_1_670' title='bbox 730 5539 827 5579; x_wconf 93' lang='lat' dir='ltr'><strong>nos</strong></span> <span class='ocrx_word' id='word_1_671' title='bbox 856 5534 963 5578; x_wconf 91' lang='lat' dir='ltr'><strong>tam</strong></span> <span class='ocrx_word' id='word_1_672' title='bbox 991 5521 1058 5578; x_wconf 88' lang='lat' dir='ltr'><strong>de</strong></span> <span class='ocrx_word' id='word_1_673' title='bbox 1083 5521 1423 5578; x_wconf 88' lang='lat' dir='ltr'><strong>ordinatione</strong></span> <span class='ocrx_word' id='word_1_674' title='bbox 1453 5521 1645 5593; x_wconf 90' lang='lat' dir='ltr'><strong>ipsius,</strong></span> <span class='ocrx_word' id='word_1_675' title='bbox 1673 5522 1884 5577; x_wconf 87' lang='lat' dir='ltr'><strong>diversa</strong></span> 
     </span>
    </p>
   </div>
   <div class='ocr_carea' id='block_1_103' title="bbox 303 5613 1883 5687">
    <p class='ocr_par' dir='ltr' id='par_1_103' title="bbox 303 5613 1883 5687">
     <span class='ocr_line' id='line_1_103' title="bbox 303 5613 1883 5687; baseline -0.001 -17"><span class='ocrx_word' id='word_1_676' title='bbox 303 5617 505 5684; x_wconf 86' lang='lat' dir='ltr'><strong>scripta</strong></span> <span class='ocrx_word' id='word_1_677' title='bbox 535 5615 791 5686; x_wconf 84' lang='lat' dir='ltr'><strong>rejacent,</strong></span> <span class='ocrx_word' id='word_1_678' title='bbox 821 5615 1068 5687; x_wconf 65' lang='lat' dir='ltr'><strong>quaedam</strong></span> <span class='ocrx_word' id='word_1_679' title='bbox 1116 5615 1216 5671; x_wconf 90' lang='lat' dir='ltr'><strong>hos</strong></span> <span class='ocrx_word' id='word_1_680' title='bbox 1255 5614 1590 5680; x_wconf 77' lang='lat' dir='ltr'><strong>accusantis,</strong></span> <span class='ocrx_word' id='word_1_681' title='bbox 1637 5613 1883 5685; x_wconf 68' lang='lat' dir='ltr'><strong>quasdam</strong></span> 
     </span>
    </p>
   </div>
   <div class='ocr_carea' id='block_1_104' title="bbox 302 5705 1887 5780">
    <p class='ocr_par' dir='ltr' id='par_1_104' title="bbox 302 5705 1887 5780">
     <span class='ocr_line' id='line_1_104' title="bbox 302 5705 1887 5780; baseline -0.001 -16"><span class='ocrx_word' id='word_1_682' title='bbox 302 5705 467 5764; x_wconf 89' lang='lat' dir='ltr'><strong>etiam</strong></span> <span class='ocrx_word' id='word_1_683' title='bbox 519 5705 855 5764; x_wconf 82' lang='lat' dir='ltr'><strong>defendentia</strong></span> <span class='ocrx_word' id='word_1_684' title='bbox 868 5708 899 5762; x_wconf 74' lang='lat'>1&quot;</span> <span class='ocrx_word' id='word_1_685' title='bbox 935 5723 1033 5780; x_wconf 91' lang='lat' dir='ltr'><strong>pro</strong></span> <span class='ocrx_word' id='word_1_686' title='bbox 1068 5707 1263 5780; x_wconf 88' lang='lat' dir='ltr'><strong>quibus</strong></span> <span class='ocrx_word' id='word_1_687' title='bbox 1292 5707 1671 5762; x_wconf 78' lang='lat' dir='ltr'><strong>examinandis</strong></span> <span class='ocrx_word' id='word_1_688' title='bbox 1695 5714 1751 5761; x_wconf 84' lang='lat' dir='ltr'><strong>et</strong></span> <span class='ocrx_word' id='word_1_689' title='bbox 1773 5705 1887 5762; x_wconf 85' lang='lat' dir='ltr'><strong>dis-</strong></span> 
     </span>
    </p>
   </div>
   <div class='ocr_carea' id='block_1_105' title="bbox 270 5789 1886 5872">
    <p class='ocr_par' dir='ltr' id='par_1_105' title="bbox 270 5789 1886 5872">
     <span class='ocr_line' id='line_1_105' title="bbox 270 5789 1886 5872; baseline 0.001 -19"><span class='ocrx_word' id='word_1_690' title='bbox 270 5789 587 5854; x_wconf 74' lang='lat' dir='ltr'><strong>‘cernendis</strong></span> <span class='ocrx_word' id='word_1_691' title='bbox 641 5800 936 5872; x_wconf 68' lang='lat' dir='ltr'><strong>Synozfuin,</strong></span> <span class='ocrx_word' id='word_1_692' title='bbox 968 5799 1347 5867; x_wconf 83' lang='lat' dir='ltr'><strong>sicutnostis,</strong></span> <span class='ocrx_word' id='word_1_693' title='bbox 1399 5798 1603 5856; x_wconf 79' lang='lat' dir='ltr'><strong>istoin</strong></span> <span class='ocrx_word' id='word_1_694' title='bbox 1649 5804 1886 5871; x_wconf 85' lang='lat' dir='ltr'><strong>tempore</strong></span> 
     </span>
    </p>
   </div>
   <div class='ocr_carea' id='block_1_106' title="bbox 1988 4687 3572 4761">
    <p class='ocr_par' dir='ltr' id='par_1_106' title="bbox 1988 4687 3572 4761">
     <span class='ocr_line' id='line_1_106' title="bbox 1988 4687 3572 4761; baseline -0.001 -16"><span class='ocrx_word' id='word_1_695' title='bbox 1988 4704 2120 4745; x_wconf 74' lang='lat' dir='ltr'><strong>num</strong></span> <span class='ocrx_word' id='word_1_696' title='bbox 2143 4696 2450 4744; x_wconf 85' lang='lat' dir='ltr'><strong>vestrarum</strong></span> <span class='ocrx_word' id='word_1_697' title='bbox 2489 4687 2667 4745; x_wconf 78' lang='lat' dir='ltr'><strong>fronte</strong></span> <span class='ocrx_word' id='word_1_698' title='bbox 2713 4704 2894 4761; x_wconf 74' lang='lat' dir='ltr'><strong>regem</strong></span> <span class='ocrx_word' id='word_1_699' title='bbox 2936 4699 3176 4745; x_wconf 88' lang='lat' dir='ltr'><strong>vestrum</strong></span> <span class='ocrx_word' id='word_1_700' title='bbox 3212 4689 3382 4761; x_wconf 83' lang='lat' dir='ltr'><strong>legem</strong></span> <span class='ocrx_word' id='word_1_701' title='bbox 3413 4690 3572 4745; x_wconf 83' lang='lat' dir='ltr'><strong>Chri-</strong></span> 
     </span>
    </p>
   </div>
   <div class='ocr_carea' id='block_1_107' title="bbox 1989 4781 3570 4855">
    <p class='ocr_par' dir='ltr' id='par_1_107' title="bbox 1989 4781 3570 4855">
     <span class='ocr_line' id='line_1_107' title="bbox 1989 4781 3570 4855; baseline -0.001 -17"><span class='ocrx_word' id='word_1_702' title='bbox 1989 4783 2220 4838; x_wconf 89' lang='lat' dir='ltr'><strong>stianam</strong></span> <span class='ocrx_word' id='word_1_703' title='bbox 2268 4792 2454 4853; x_wconf 86' lang='lat' dir='ltr'><strong>petere</strong></span> <span class='ocrx_word' id='word_1_704' title='bbox 2497 4782 2794 4855; x_wconf 84' lang='lat' dir='ltr'><strong>perhibetis</strong></span> <span class='ocrx_word' id='word_1_705' title='bbox 2838 4799 3001 4854; x_wconf 83' lang='lat' dir='ltr'><strong>:quac</strong></span> <span class='ocrx_word' id='word_1_706' title='bbox 3038 4784 3083 4838; x_wconf 91' lang='lat' dir='ltr'><strong>si</strong></span> <span class='ocrx_word' id='word_1_707' title='bbox 3125 4783 3288 4837; x_wconf 88' lang='lat' dir='ltr'><strong>latius</strong></span> <span class='ocrx_word' id='word_1_708' title='bbox 3311 4781 3570 4852; x_wconf 79' lang='lat' dir='ltr'><strong>explicari</strong></span> 
     </span>
    </p>
   </div>
   <div class='ocr_carea' id='block_1_108' title="bbox 1991 4872 3579 4940">
    <p class='ocr_par' dir='ltr' id='par_1_108' title="bbox 1991 4872 3579 4940">
     <span class='ocr_line' id='line_1_108' title="bbox 1991 4872 3579 4940; baseline 0.003 -13"><span class='ocrx_word' id='word_1_709' title='bbox 1991 4880 2248 4940; x_wconf 85' lang='lat' dir='ltr'><strong>tentatur,</strong></span> <span class='ocrx_word' id='word_1_710' title='bbox 2275 4874 2544 4929; x_wconf 88' lang='lat' dir='ltr'><strong>innumeri</strong></span> <span class='ocrx_word' id='word_1_711' title='bbox 2569 4874 2838 4930; x_wconf 86' lang='lat' dir='ltr'><strong>scribendi</strong></span> <span class='ocrx_word' id='word_1_712' title='bbox 2874 4882 3001 4929; x_wconf 89' lang='lat' dir='ltr'><strong>sunt</strong></span> <span class='ocrx_word' id='word_1_713' title='bbox 3030 4872 3183 4939; x_wconf 74' lang='lat' dir='ltr'><strong>llbl‘i;</strong></span> <span class='ocrx_word' id='word_1_714' title='bbox 3215 4873 3310 4928; x_wconf 89' lang='lat' dir='ltr'><strong>sed</strong></span> <span class='ocrx_word' id='word_1_715' title='bbox 3337 4882 3395 4927; x_wconf 91' lang='lat' dir='ltr'><strong>ut</strong></span> <span class='ocrx_word' id='word_1_716' title='bbox 3425 4889 3579 4933; x_wconf 31' lang='lat' dir='ltr'><strong>coms</strong></span> 
     </span>
    </p>
   </div>
   <div class='ocr_carea' id='block_1_109' title="bbox 1990 4963 3593 5035">
    <p class='ocr_par' dir='ltr' id='par_1_109' title="bbox 1990 4963 3593 5035">
     <span class='ocr_line' id='line_1_109' title="bbox 1990 4963 3593 5035; baseline 0.001 -17"><span class='ocrx_word' id='word_1_717' title='bbox 1990 4964 2218 5035; x_wconf 79' lang='lat' dir='ltr'><strong>pendio,</strong></span> <span class='ocrx_word' id='word_1_718' title='bbox 2263 4964 2321 5023; x_wconf 85' lang='lat' dir='ltr'><strong>in</strong></span> <span class='ocrx_word' id='word_1_719' title='bbox 2359 4963 2555 5035; x_wconf 86' lang='lat' dir='ltr'><strong>quibus</strong></span> <span class='ocrx_word' id='word_1_720' title='bbox 2598 4963 2869 5034; x_wconf 68' lang='lat' dir='ltr'><strong>prmeipue</strong></span> <span class='ocrx_word' id='word_1_721' title='bbox 2921 4970 3162 5029; x_wconf 74' lang='lat' dir='ltr'><strong>constet,</strong></span> <span class='ocrx_word' id='word_1_722' title='bbox 3222 4964 3593 5027; x_wconf 11' lang='lat' dir='ltr'><strong>ostendatur-v.7</strong></span> 
     </span>
    </p>
   </div>
   <div class='ocr_carea' id='block_1_110' title="bbox 1990 5056 3575 5127">
    <p class='ocr_par' dir='ltr' id='par_1_110' title="bbox 1990 5056 3575 5127">
     <span class='ocr_line' id='line_1_110' title="bbox 1990 5056 3575 5127; baseline 0.003 -16"><span class='ocrx_word' id='word_1_723' title='bbox 1990 5056 2270 5112; x_wconf 89' lang='lat' dir='ltr'><strong>sciendum</strong></span> <span class='ocrx_word' id='word_1_724' title='bbox 2313 5064 2418 5123; x_wconf 89' lang='lat' dir='ltr'><strong>est,</strong></span> <span class='ocrx_word' id='word_1_725' title='bbox 2470 5056 2596 5127; x_wconf 92' lang='lat' dir='ltr'><strong>quia</strong></span> <span class='ocrx_word' id='word_1_726' title='bbox 2646 5057 2698 5111; x_wconf 89' lang='lat' dir='ltr'><strong>in</strong></span> <span class='ocrx_word' id='word_1_727' title='bbox 2745 5057 2851 5110; x_wconf 79' lang='lat' dir='ltr'><strong>[ide</strong></span> <span class='ocrx_word' id='word_1_728' title='bbox 2892 5064 2949 5111; x_wconf 85' lang='lat' dir='ltr'><strong>et</strong></span> <span class='ocrx_word' id='word_1_729' title='bbox 2995 5056 3151 5112; x_wconf 88' lang='lat' dir='ltr'><strong>bonis</strong></span> <span class='ocrx_word' id='word_1_730' title='bbox 3191 5057 3445 5127; x_wconf 86' lang='lat' dir='ltr'><strong>operibus</strong></span> <span class='ocrx_word' id='word_1_731' title='bbox 3484 5056 3575 5116; x_wconf 66' lang='lat' dir='ltr'><strong>les</strong></span> 
     </span>
    </p>
   </div>
   <div class='ocr_carea' id='block_1_111' title="bbox 1988 5146 3572 5218">
    <p class='ocr_par' dir='ltr' id='par_1_111' title="bbox 1988 5146 3572 5218">
     <span class='ocr_line' id='line_1_111' title="bbox 1988 5146 3572 5218; baseline -0.001 -14"><span class='ocrx_word' id='word_1_732' title='bbox 1988 5149 2419 5206; x_wconf 88' lang='lat' dir='ltr'><strong>Christianorum</strong></span> <span class='ocrx_word' id='word_1_733' title='bbox 2443 5148 2707 5204; x_wconf 85' lang='lat' dir='ltr'><strong>subsistit.</strong></span> <span class='ocrx_word' id='word_1_734' title='bbox 2726 5147 2860 5203; x_wconf 82' lang='lat' dir='ltr'><strong>Nam</strong></span> <span class='ocrx_word' id='word_1_735' title='bbox 2886 5146 3019 5203; x_wconf 80' lang='lat' dir='ltr'><strong>ﬁdes</strong></span> <span class='ocrx_word' id='word_1_736' title='bbox 3037 5149 3207 5218; x_wconf 88' lang='lat' dir='ltr'><strong>prima</strong></span> <span class='ocrx_word' id='word_1_737' title='bbox 3232 5156 3316 5203; x_wconf 85' lang='lat' dir='ltr'><strong>est</strong></span> <span class='ocrx_word' id='word_1_738' title='bbox 3331 5149 3572 5207; x_wconf 78' lang='lat' dir='ltr'><strong>nuntium</strong></span> 
     </span>
    </p>
   </div>
   <div class='ocr_carea' id='block_1_112' title="bbox 1988 5239 3578 5312">
    <p class='ocr_par' dir='ltr' id='par_1_112' title="bbox 1988 5239 3578 5312">
     <span class='ocr_line' id='line_1_112' title="bbox 1988 5239 3578 5312; baseline 0.001 -16"><span class='ocrx_word' id='word_1_739' title='bbox 1988 5243 2245 5297; x_wconf 79' lang='lat' dir='ltr'><strong>virtutum</strong></span> <span class='ocrx_word' id='word_1_740' title='bbox 2269 5242 2321 5297; x_wconf 92' lang='lat' dir='ltr'><strong>in</strong></span> <span class='ocrx_word' id='word_1_741' title='bbox 2348 5241 2759 5297; x_wconf 82' lang='lat' dir='ltr'><strong>conversatione</strong></span> <span class='ocrx_word' id='word_1_742' title='bbox 2780 5240 3131 5296; x_wconf 88' lang='lat' dir='ltr'><strong>credentium.</strong></span> <span class='ocrx_word' id='word_1_743' title='bbox 3151 5239 3302 5297; x_wconf 84' lang='lat' dir='ltr'><strong>Unde</strong></span> <span class='ocrx_word' id='word_1_744' title='bbox 3323 5250 3379 5295; x_wconf 90' lang='lat' dir='ltr'><strong>et</strong></span> <span class='ocrx_word' id='word_1_745' title='bbox 3402 5242 3578 5312; x_wconf 80' lang='lat' dir='ltr'><strong>prima</strong></span> 
     </span>
    </p>
   </div>
   <div class='ocr_carea' id='block_1_113' title="bbox 1989 5329 3575 5397">
    <p class='ocr_par' dir='ltr' id='par_1_113' title="bbox 1989 5329 3575 5397">
     <span class='ocr_line' id='line_1_113' title="bbox 1989 5329 3575 5397; baseline -0.003 -7"><span class='ocrx_word' id='word_1_746' title='bbox 1989 5335 2076 5390; x_wconf 90' lang='lat' dir='ltr'><strong>die</strong></span> <span class='ocrx_word' id='word_1_747' title='bbox 2119 5335 2211 5389; x_wconf 74' lang='lat' dir='ltr'><strong>tu:</strong></span> <span class='ocrx_word' id='word_1_748' title='bbox 2254 5349 2376 5390; x_wconf 89' lang='lat' dir='ltr'><strong>esse</strong></span> <span class='ocrx_word' id='word_1_749' title='bbox 2419 5333 2639 5397; x_wconf 88' lang='lat' dir='ltr'><strong>dicitur,</strong></span> <span class='ocrx_word' id='word_1_750' title='bbox 2680 5348 2803 5388; x_wconf 90' lang='lat' dir='ltr'><strong>cum</strong></span> <span class='ocrx_word' id='word_1_751' title='bbox 2849 5349 2880 5387; x_wconf 90' lang='lat' dir='ltr'><strong>a</strong></span> <span class='ocrx_word' id='word_1_752' title='bbox 2923 5332 3035 5391; x_wconf 78' lang='lat' dir='ltr'><strong>lleo</strong></span> <span class='ocrx_word' id='word_1_753' title='bbox 3067 5329 3194 5386; x_wconf 79' lang='lat' dir='ltr'><strong>Fiat</strong></span> <span class='ocrx_word' id='word_1_754' title='bbox 3231 5329 3327 5386; x_wconf 77' lang='lat' dir='ltr'><strong>tua:</strong></span> <span class='ocrx_word' id='word_1_755' title='bbox 3369 5331 3575 5387; x_wconf 88' lang='lat' dir='ltr'><strong>dictum</strong></span> 
     </span>
    </p>
   </div>
   <div class='ocr_carea' id='block_1_114' title="bbox 1990 5422 3577 5497">
    <p class='ocr_par' dir='ltr' id='par_1_114' title="bbox 1990 5422 3577 5497">
     <span class='ocr_line' id='line_1_114' title="bbox 1990 5422 3577 5497; baseline -0.004 -15"><span class='ocrx_word' id='word_1_756' title='bbox 1990 5426 2157 5483; x_wconf 79' lang='lat' dir='ltr'><strong>fuisse</strong></span> <span class='ocrx_word' id='word_1_757' title='bbox 2200 5425 2524 5481; x_wconf 88' lang='lat' dir='ltr'><strong>describitur</strong></span> <span class='ocrx_word' id='word_1_758' title='bbox 2552 5422 2704 5496; x_wconf 82' lang='lat' dir='ltr'><strong>(Gen.</strong></span> <span class='ocrx_word' id='word_1_759' title='bbox 2732 5424 2804 5497; x_wconf 87' lang='grc' dir='ltr'><strong>ι),</strong></span> <span class='ocrx_word' id='word_1_760' title='bbox 2832 5424 2886 5480; x_wconf 91' lang='lat' dir='ltr'><strong>id</strong></span> <span class='ocrx_word' id='word_1_761' title='bbox 2911 5433 2995 5480; x_wconf 88' lang='lat' dir='ltr'><strong>est</strong></span> <span class='ocrx_word' id='word_1_762' title='bbox 3035 5423 3356 5479; x_wconf 81' lang='lat' dir='ltr'><strong>illutninatio</strong></span> <span class='ocrx_word' id='word_1_763' title='bbox 3383 5423 3577 5480; x_wconf 83' lang='lat' dir='ltr'><strong>credu—</strong></span> 
     </span>
    </p>
   </div>
   <div class='ocr_carea' id='block_1_115' title="bbox 1992 5514 3577 5589">
    <p class='ocr_par' dir='ltr' id='par_1_115' title="bbox 1992 5514 3577 5589">
     <span class='ocr_line' id='line_1_115' title="bbox 1992 5514 3577 5589; baseline -0.001 -17"><span class='ocrx_word' id='word_1_764' title='bbox 1992 5517 2160 5573; x_wconf 91' lang='lat' dir='ltr'><strong>litatis</strong></span> <span class='ocrx_word' id='word_1_765' title='bbox 2189 5526 2463 5589; x_wconf 88' lang='lat' dir='ltr'><strong>appareat.</strong></span> <span class='ocrx_word' id='word_1_766' title='bbox 2492 5515 2769 5588; x_wconf 88' lang='lat' dir='ltr'><strong>Siquidem</strong></span> <span class='ocrx_word' id='word_1_767' title='bbox 2797 5524 2853 5571; x_wconf 91' lang='lat' dir='ltr'><strong>et</strong></span> <span class='ocrx_word' id='word_1_768' title='bbox 2893 5524 3114 5588; x_wconf 88' lang='lat' dir='ltr'><strong>propter</strong></span> <span class='ocrx_word' id='word_1_769' title='bbox 3149 5515 3289 5571; x_wconf 89' lang='lat' dir='ltr'><strong>hanc</strong></span> <span class='ocrx_word' id='word_1_770' title='bbox 3324 5514 3577 5571; x_wconf 82' lang='lat' dir='ltr'><strong>Christus</strong></span> 
     </span>
    </p>
   </div>
   <div class='ocr_carea' id='block_1_116' title="bbox 1991 5607 3583 5680">
    <p class='ocr_par' dir='ltr' id='par_1_116' title="bbox 1991 5607 3583 5680">
     <span class='ocr_line' id='line_1_116' title="bbox 1991 5607 3583 5680; baseline -0.004 -14"><span class='ocrx_word' id='word_1_771' title='bbox 1991 5610 2047 5666; x_wconf 91' lang='lat' dir='ltr'><strong>in</strong></span> <span class='ocrx_word' id='word_1_772' title='bbox 2086 5620 2283 5666; x_wconf 90' lang='lat' dir='ltr'><strong>terram</strong></span> <span class='ocrx_word' id='word_1_773' title='bbox 2310 5610 2606 5676; x_wconf 87' lang='lat' dir='ltr'><strong>descendit,</strong></span> <span class='ocrx_word' id='word_1_774' title='bbox 2628 5625 2763 5680; x_wconf 89' lang='lat' dir='ltr'><strong>opus</strong></span> <span class='ocrx_word' id='word_1_775' title='bbox 2787 5619 2967 5665; x_wconf 85' lang='lat' dir='ltr'><strong>autem</strong></span> <span class='ocrx_word' id='word_1_776' title='bbox 2997 5611 3196 5666; x_wconf 89' lang='lat' dir='ltr'><strong>bonum</strong></span> <span class='ocrx_word' id='word_1_777' title='bbox 3224 5607 3583 5666; x_wconf 74' lang='lat' dir='ltr'><strong>nihilominus</strong></span> 
     </span>
    </p>
   </div>
   <div class='ocr_carea' id='block_1_117' title="bbox 1992 5699 3575 5773">
    <p class='ocr_par' dir='ltr' id='par_1_117' title="bbox 1992 5699 3575 5773">
     <span class='ocr_line' id='line_1_117' title="bbox 1992 5699 3575 5773; baseline -0.003 -16"><span class='ocrx_word' id='word_1_778' title='bbox 1992 5719 2024 5757; x_wconf 91' lang='lat' dir='ltr'><strong>a</strong></span> <span class='ocrx_word' id='word_1_779' title='bbox 2048 5701 2355 5758; x_wconf 86' lang='lat' dir='ltr'><strong>Christiano</strong></span> <span class='ocrx_word' id='word_1_780' title='bbox 2376 5701 2634 5773; x_wconf 76' lang='lat' dir='ltr'><strong>exigitur,</strong></span> <span class='ocrx_word' id='word_1_781' title='bbox 2660 5701 3115 5773; x_wconf 82' lang='lat' dir='ltr'><strong>quemadmodum</strong></span> <span class='ocrx_word' id='word_1_782' title='bbox 3150 5700 3206 5756; x_wconf 88' lang='lat' dir='ltr'><strong>in</strong></span> <span class='ocrx_word' id='word_1_783' title='bbox 3237 5699 3356 5768; x_wconf 84' lang='lat' dir='ltr'><strong>lege</strong></span> <span class='ocrx_word' id='word_1_784' title='bbox 3386 5708 3575 5757; x_wconf 77' lang='lat' dir='ltr'><strong>nostra</strong></span> 
     </span>
    </p>
   </div>
   <div class='ocr_carea' id='block_1_118' title="bbox 1994 5789 3589 5869">
    <p class='ocr_par' dir='ltr' id='par_1_118' title="bbox 1994 5789 3589 5869">
     <span class='ocr_line' id='line_1_118' title="bbox 1994 5789 3589 5869; baseline -0.007 -16"><span class='ocrx_word' id='word_1_785' title='bbox 1994 5797 2259 5869; x_wconf 86' lang='lat' dir='ltr'><strong>scriptum</strong></span> <span class='ocrx_word' id='word_1_786' title='bbox 2300 5804 2380 5853; x_wconf 85' lang='lat' dir='ltr'><strong>est</strong></span> <span class='ocrx_word' id='word_1_787' title='bbox 2412 5812 2426 5853; x_wconf 88' lang='lat'><strong>:</strong></span> <span class='ocrx_word' id='word_1_788' title='bbox 2471 5794 2595 5852; x_wconf 77' lang='lat' dir='ltr'><strong>Sine</strong></span> <span class='ocrx_word' id='word_1_789' title='bbox 2622 5795 2726 5863; x_wconf 64' lang='lat' dir='ltr'><strong>ﬁde</strong></span> <span class='ocrx_word' id='word_1_790' title='bbox 2762 5792 3089 5859; x_wconf 77' lang='lat' dir='ltr'><strong>impossibile.</strong></span> <span class='ocrx_word' id='word_1_791' title='bbox 3113 5802 3186 5849; x_wconf 77' lang='lat' dir='ltr'><strong>est</strong></span> <span class='ocrx_word' id='word_1_792' title='bbox 3226 5790 3431 5865; x_wconf 68' lang='lat' dir='ltr'><strong>placere</strong></span> <span class='ocrx_word' id='word_1_793' title='bbox 3461 5789 3589 5849; x_wconf 70' lang='lat' dir='ltr'><strong>Dea.</strong></span> 
     </span>
    </p>
   </div>
  </div>
