4050 6324
632 366 741 421 979

1993 354 2263 420 NICOLAI
2304 362 2504 418 ΡᾹΡᾹΞ
2539 354 2561 416 I
2678 355 2695 369 “’

2233 361 2263 416 ιι
2304 362 2504 418 eam
2539 354 2561 416 t
2678 355 2695 369 "
3760 354 3832 431 ,ω

628 456 818 527 (Hebr.
847 467 950 537 XI).
975 464 1067 521 Sic
1086 465 1250 521 etiam
1279 465 1538 532 seriptum
1561 471 1641 518 est
1668 480 1681 515 :
1709 462 1859 516 Sicut
1888 479 2079 531 corpus
2109 463 2222 515 sine
2251 466 2298 523 Α
2327 460 2528 515 hedera
2557 450 2886 515 contrahunt
2930 457 2985 513 in
3025 449 3296 529 capitibus
3337 448 3578 516 deferunt
3600 469 3617 517 1
3641 464 3722 519 sed
3751 478 3832 535 post

631 558 819 626 spiritu
847 566 1111 610 mortuum
1138 563 1233 619 est,
1267 555 1340 608 ita
1374 563 1420 607 et
1445 552 1577 620 ﬁdes
1601 554 1715 608 sine
1744 550 1982 622 operibus
2007 561 2217 604 mortua

630 658 703 700 est
729 646 868 719 (Jac.
914 646 996 716 ιι).
1034 645 1159 700 Haec
1185 652 1266 700 est
1298 644 1385 699 lex
1418 643 1722 699 Christiana
1741 678 1757 708 ,
1782 644 1895 697 haec
1920 651 2024 706 est,
2050 656 2217 711 quam

631 737 861 807 quisque
887 734 1125 803 legitime
1150 732 1459 788 custodiens
1484 734 1706 787 omnino
1737 731 2052 787 salvabitur.

650 888 656 900 ί
702 826 767 881 ιι.
798 826 872 880 Ita
903 825 1125 896 diligere
1147 823 1309 879 debet
1338 823 1500 878 homo
1525 838 1649 877 eum
1676 823 1769 891 qui
1805 838 1867 877 se
1901 821 2125 891 suscipit
2148 834 2215 874 es

630 932 787 973 sacro
826 915 973 971 l‘onte
1012 915 1153 970 sicut
1190 923 1432 985 patrem;
1465 913 1711 983 quinimo
1731 919 1934 983 quanto
1957 920 2219 983 praestan~

632 1012 736 1064 t-ior
756 1019 842 1065 est
862 1009 1087 1081 spiritus
1111 1023 1296 1074 carne,
1328 1008 1473 1079 quod
1501 1006 1629 1062 illud
1654 1005 1898 1076 spiritale
1931 1014 2016 1061 est
2034 1013 2221 1074 patro-

2321 550 2611 621 sponsalia,
2642 566 2764 621 qua:
2806 548 3114 605 futurarum
3150 560 3282 605 sunt
3310 550 3607 623 nuptiarum
3630 556 3831 624 promis:

2323 643 2549 708 ftedera,
2575 656 2804 713 qumque
2843 656 3109 697 consensu
3153 656 3350 698 eorum
3391 643 3481 714 qui
3526 644 3633 700 haec
3665 659 3829 702 contn-

2322 734 2477 800 hunt,
2517 744 2573 789 et
2598 750 2785 791 eorum
2815 735 2871 790 in
2900 748 3127 805 quorum
3159 745 3435 807 potestate
3458 748 3594 805 sunt,
3620 739 3831 797 celebran-

2324 833 2431 891 tur,
2475 835 2530 881 et
2556 835 2847 896 postquam
2885 826 3066 882 arrhis
3101 838 3362 898 sponsam
3400 827 3500 883 sibi
3539 843 3737 899 sponsus
3765 847 3830 902 per

2321 916 2549 988 digitum
2595 915 2720 971 ﬁdei
2751 933 2782 971 a
2826 932 2887 973 se
2932 915 3132 972 annulo
3178 916 3497 988 insignitum
3534 918 3829 990 desponderit,

2322 1007 2609 1078 dotemque
2650 1008 2866 1078 utrique
2900 1008 3154 1079 placitam
3197 1022 3433 1078 sponsus
3467 1009 3516 1064 ei
3550 1024 3657 1065 cum
3681 1014 3825 1083 scripto

629 1103 853 1167 cinium,
893 1108 952 1156 et
989 1100 1286 1157 secundum
1329 1099 1500 1156 Deum
1541 1098 1794 1170 adoptio,
1848 1107 1998 1153 tanto
2046 1096 2220 1167 magis
2268 1142 2296 1175 ,
2324 1107 2540 1169 pactum
2576 1098 2679 1154 hoc
2717 1098 3033 1154 continente
3072 1112 3263 1154 coram
3307 1098 3544 1154 invitatis
3573 1100 3632 1155 ab
3661 1110 3827 1172 utraque

629 1194 888 1263 spiritalis
917 1202 1072 1262 pater
1110 1193 1163 1247 iu
1207 1192 1459 1247 omnibus
1502 1198 1586 1246 est
1613 1206 1642 1244 a
1683 1190 1912 1261 spiritali
1944 1188 2054 1243 ﬁlio
2094 1188 2221 1242 dili-

630 1286 856 1355 gendus.
884 1283 1099 1339 Marcus
1123 1284 1268 1339 enim
1299 1283 1628 1355 evangelista
1650 1281 1795 1336 Petri
1820 1279 2135 1350 discipulus,
2165 1286 2224 1336 et

630 1395 698 1434 ex
723 1389 881 1434 sacro
909 1378 1136 1448 fuitejus
1150 1378 1474 1448 baptismate
1495 1376 1667 1441 ﬁlius;
1692 1390 1855 1445 quem
1879 1374 1982 1429 nisi
2004 1371 2224 1427 dilexiso

632 1480 717 1526 set
748 1481 807 1525 ut
834 1477 1068 1539 patrem,
1098 1469 1150 1524 ei
1181 1472 1301 1523 non’
1311 1469 1363 1522 in
1391 1468 1641 1523 omnibus
1665 1466 1938 1522 obedisset
1956 1473 2017 1519 ut
2039 1463 2220 1519 ﬁlius:

631 1562 780 1617 nulla
805 1573 936 1618 vero
974 1563 1115 1617 inter
1143 1576 1239 1617 eos
1276 1568 1333 1617 et
1368 1560 1505 1615 ﬁlios
1547 1565 1737 1615 eorum
1780 1557 2224 1629 consanguinitas

633 1664 739 1719 est,
765 1652 1021 1723 quoniam
1052 1653 1275 1723 spiritus
1310 1665 1374 1707 ea
1409 1666 1529 1721 qua:
1555 1649 1835 1720 sanguinis
1854 1658 1982 1704 sunt
2006 1647 2177 1703 nescit
2203 1661 2221 1701 :

634 1748 773 1801 Caro
801 1747 972 1812 enim,
996 1746 1289 1800 secundum
1315 1743 1663 1814 Apostolum,
1690 1741 2007 1810 concupiscit
2038 1740 2224 1794 aduer-

2324 1198 2477 1259 parte
2503 1188 2807 1253 tradiderit,
2834 1197 2926 1244 aut
2959 1203 3081 1244 mox
3112 1196 3210 1243 aut
3231 1197 3361 1259 apto
3387 1199 3630 1260 tempore,
3647 1205 3703 1245 ne
3720 1192 3823 1249 ride-

2324 1280 2451 1336 licet
2482 1290 2610 1335 ante
2637 1289 2847 1351 tempus
2875 1280 2992 1352 lege
3018 1280 3304 1336 deﬁnitum
3332 1281 3440 1337 tale
3463 1282 3585 1352 quid
3612 1283 3709 1338 ﬁeri
3729 1299 3823 1353 prs-

2323 1382 2595 1440 sumatur,
2626 1374 2787 1430 ambo
2822 1374 2890 1429 ad
2918 1373 3146 1444 nuptilis
3187 1372 3397 1430 fmdera
3430 1372 3758 1444 perducuntur.
3779 1376 3823 1431 ει

2325 1470 2557 1540 primum
2588 1470 2805 1540 quidem
2831 1470 2889 1525 in
2918 1468 3146 1525 ecclesia
3170 1467 3384 1523 Domini
3404 1482 3521 1523 cum
3543 1466 3822 1524 oblationibus

2324 1579 2461 1633 quas
2484 1562 2680 1618 oﬁ‘erre
2706 1563 2904 1618 debent
2938 1562 3052 1617 Deo
3092 1576 3194 1633 per
3227 1561 3523 1617 sacerdotis
3549 1574 3728 1615 manum
3746 1570 3820 1615 sta-

2328 1662 2569 1717 tuuntur,
2610 1654 2796 1723 sicque
2837 1653 3055 1709 demum
3089 1652 3540 1717 benedictionem,
3575 1659 3624 1706 et
3646 1651 3820 1706 velamen

2325 1744 2546 1799 caeleste
2572 1743 2891 1814 suscipiunt,
2925 1742 2993 1797 ad
3017 1740 3328 1812 exemplum
3358 1740 3592 1811 videlicet
3611 1738 3725 1810 quod
3751 1739 3818 1793 Ito-

637 1852 727 1892 sus
752 1838 995 1908 spiritum
1021 1848 1040 1892 :
1062 1846 1110 1892 et
1150 1837 1368 1906 spiritus
1390 1835 1640 1890 adversus
1670 1848 1917 1896 carnem;
1950 1832 2060 1887 huic
2087 1832 2222 1886 enim
2256 1845 2300 1904 Β
2328 1835 2509 1889 minus
2540 1834 2745 1902 primos
2771 1832 3018 1887 homines
3060 1832 3117 1887 in
3162 1831 3416 1902 paradiso
3450 1830 3686 1886 collocans
3706 1831 3818 1884 bene

638 1929 857 1982 invicem
902 1928 1249 1982 adversantur
1295 1924 1438 1997 (Gal.
1467 1930 1545 1997 v).
1588 1925 1687 1980 Est
1730 1935 1908 1979 tamen
1953 1923 2057 1977 alia
2088 1923 2227 1978 inter

639 2032 736 2072 eos
763 2018 998 2088 gratuita
1043 2025 1099 2071 et
1140 2024 1324 2071 sancta
1369 2014 1699 2081 communio,
1731 2030 1852 2086 quae
1873 2030 1991 2073 non
2033 2022 2117 2070 est
2142 2013 2226 2070 dic

640 2109 813 2163 eenda
841 2107 1320 2173 consanguinitas,
1352 2109 1447 2164 sed
1479 2108 1659 2178 potius
1700 2107 1942 2162 habenda
1971 2104 2229 2176 spiritalis

641 2199 982 2269 proximitas.
1034 2197 1189 2255 Unde
1245 2200 1386 2255 inter
1430 2215 1525 2254 eos
1572 2194 1677 2254 non
1727 2199 2056 2254 arbitramur
2107 2212 2229 2253 esse

642 2288 917 2356 quodlibet
963 2305 1121 2358 posse
1161 2289 1442 2362 conjugale
1475 2289 1830 2356 connubium;
1860 2289 2075 2359 quando
2114 2289 2231 2359 (ιυί⁶

641 2384 765 2438 dem
810 2399 910 2439 nec
937 2385 1078 2439 inter
1102 2399 1197 2439 eos
1221 2385 1313 2454 qui
1359 2392 1573 2450 natura,
1613 2392 1668 2438 et
1704 2398 1797 2437 eos
1820 2382 1911 2453 qui
1942 2382 2230 2451 adoptione

642 2470 739 2528 ﬁlii
788 2484 934 2538 sunt,
977 2476 1299 2529 venerandae
1342 2473 1597 2528 Romamn
1642 2472 1787 2540 leges
1827 2471 2228 2527 matrimonium

640 2568 891 2622 contrahi
922 2567 1258 2638 permittunt.
1288 2566 1564 2637 Siquidem
1592 2567 1799 2637 primus
1827 2565 2230 2621 Institutionum

640 2656 797 2722 liber,
826 2674 948 2712 cum
976 2657 1045 2712 de
1073 2657 1272 2728 nuptiis
1300 2656 1632 2725 loqueretur,
1658 2656 1800 2711 Inter
1837 2666 2035 2712 caetera
2066 2655 2226 2726 (Inst.

639 2752 706 2804 de
729 2760 900 2820 nupt.,
932 2750 961 2821 §
1002 2747 1143 2820 Ergo
1175 2750 1301 2821 non)
1351 2766 1365 2803 :
1397 2749 1540 2804 Inter
1568 2764 1693 2815 eas,
1724 2749 1921 2819 inquit,
1951 2763 2227 2820 personas,

636 2860 758 2914 qua:
783 2853 1064 2914 parentum
1103 2844 1465 2898 liberorumve
1495 2844 1671 2899 locum
1710 2844 1851 2898 inter
1879 2860 1939 2898 se
1963 2843 2226 2907 obtineant,

632 2936 840 3006 nuptiae
868 2935 1115 2989 contrahi
1150 2951 1255 2989 non
1288 2944 1546 3004 possunt,
1576 2934 1741 2987 veluti
1770 2934 1914 2988 inter
1940 2942 2150 3003 patrem
2174 2941 2232 2988 et

637 3025 824 3089 tiliam,
864 3023 950 3079 vel
978 3040 1139 3078 avum
1167 3035 1224 3078 et
1267 3033 1507 3093 neptem,
1537 3022 1621 3077 vel
1665 3031 1896 3078 matrem
1942 3031 1998 3078 et
2029 3022 2226 3088 ﬁlium,

635 3117 719 3173 vel
748 3116 925 3171 aviam
957 3124 1014 3171 et
1057 3126 1326 3185 nepotem,
1354 3124 1411 3171 et
1437 3131 1608 3185 usque
1654 3116 1723 3170 ad
1763 3115 2029 3170 inﬁnitum
2056 3132 2069 3169 :
2098 3123 2155 3170 et
2181 3115 2225 3169 si

2325 1926 2463 1981 dixit
2490 1926 2572 1981 eis
2608 1924 2793 1980 dicens
2822 1938 2837 1978 :
2876 1923 3099 1979 Crescite
3139 1934 3191 1979 et
3225 1918 3814 1993 multiplicaminiwmll,

2323 2026 2430 2072 etc.
2464 2014 2742 2087 Siquidem
2769 2022 2825 2070 et
2851 2012 3053 2070 Tobias
3086 2022 3381 2085 antequam
3410 2013 3660 2082 coniugem
3680 2025 3815 2065 conte

2326 2110 2516 2173 uisset,
2548 2108 2794 2163 oratione
2820 2120 2942 2162 cum
2966 2121 3031 2162 ea
3059 2104 3350 2161 Dominum
3376 2119 3549 2161 orasse
3575 2102 3815 2159 describitur

2329 2198 2481 2272 (Tob.
2510 2199 2653 2272 vni).
2678 2201 3063 2257 Verumtamen
3091 2198 3337 2255 velamen
3375 2198 3496 2254 illud
3519 2212 3611 2253 non
3636 2196 3809 2265 suscipit,

2327 2293 2418 2363 qui
2459 2292 2525 2346 ad
2556 2293 2821 2348 secundas
2851 2292 3067 2362 nuptias
3098 2290 3321 2362 migrat.
3346 2289 3471 2345 Post
3494 2290 3595 2344 lucc
3616 2286 3812 2341 autem-ds

2327 2381 2556 2441 ecclesia
2605 2385 2807 2455 egressi
2850 2398 3084 2440 coronas
3114 2382 3173 2438 in
3223 2382 3483 2454 capitibus
3504 2389 3704 2452 gestant,
3731 2389 3810 2447 qua

2328 2491 2543 2546 semper
2568 2475 2622 2531 in
2666 2474 2893 2531 ecclesia
2933 2474 3049 2545 ipsa
3079 2480 3213 2530 sunt
3232 2471 3400 2552 solitae
3421 2470 3668 2526 reservari.
3690 2466 3739 2521 Et
3762 2465 3811 2518 ita

2330 2568 2481 2625 festis
2517 2568 2848 2640 nuptialibus
2894 2567 3221 2634 celebratis,
3271 2566 3340 2622 ad
3379 2562 3640 2621 ducendam
3672 2556 3807 2613 indivi-

2329 2661 2490 2712 duam
2518 2659 2681 2713 vitam
2706 2658 2933 2713 Domino
2951 2656 3276 2729 disponente
3291 2656 3357 2712 de
3373 2663 3551 2711 czetcro
3569 2649 3807 2719 diriguntur-

2330 2748 2457 2804 lla-c
2482 2758 2609 2804 sunt
2628 2750 2751 2821 jura
2778 2748 3112 2820 nuptiarum,
3140 2748 3259 2804 haec
3289 2756 3413 2803 sunt
3441 2754 3608 2817 praeter
3625 2740 3704 2795 alia
3726 2748 3807 2805 εἰπε

2329 2856 2473 2895 nunc
2496 2842 2566 2896 ad
2606 2840 2927 2897 memoriam
2968 2854 3077 2896 non
3122 2845 3417 2895 occurrunt
3441 2829 3807 2909 [forte,nobisoo-

2330 2939 2579 2997 currunt,
2613 2930 2813 3004 Iliam]
2844 2938 2998 3001 pacta
3038 2931 3410 3001 coniugiorum
3446 2923 3692 2983 solemnia:
3718 2929 3805 2988 peo-

2330 3031 2512 3079 catum
2540 3032 2720 3078 autem
2750 3037 2902 3090 esse,
2931 3022 2978 3077 si
3006 3022 3120 3078 lucc
3148 3029 3344 3078 cuncta
3375 3020 3427 3074 in
3453 3014 3636 3087 nuptiali
3660 3007 3805 3065 laniem

2330 3128 2438 3170 non
2467 3112 2853 3181 interveniant,
2885 3129 2991 3169 non
3026 3113 3280 3179 dicimus,
3306 3105 3684 3182 quemadmodum
3703 3098 3803 3154 Gra-

635 3207 772 3261 tales
806 3222 1052 3276 personae
1078 3207 1219 3261 inter
1247 3223 1306 3262 se
1329 3207 1580 3270 coierint,
1611 3203 1849 3261 nefarias
1877 3216 2041 3276 atque
2081 3207 2227 3262 ince-
2254 3210 2299 3272 C
2330 3222 2425 3263 cos
2451 3223 2548 3263 vos
2575 3215 2822 3263 astruere
2847 3205 3050 3270 dicitis,
3080 3203 3382 3276 praesertim
3414 3214 3523 3257 cum
3548 3203 3662 3251 tanta
3681 3188 3800 3244 soleat

636 3309 751 3353 stas
779 3298 997 3368 nuptias
1018 3298 1358 3375 contraxisse
1377 3298 1627 3353 dicantur
1657 3315 1669 3350 :
1696 3308 1751 3353 et
1770 3300 1887 3353 haec
1912 3299 2047 3353 adeo
2075 3307 2221 3367 sunt,

636 3400 698 3445 ut
718 3390 968 3463 quamvis
998 3405 1095 3462 per
1133 3391 1474 3461 adoptionem
1518 3399 1803 3462 parentum
1862 3392 2224 3447 Iiberorumve

635 3480 757 3539 loco
779 3482 881 3539 sibi
918 3498 1042 3539 esse
1066 3484 1353 3554 coeperint,
1385 3499 1490 3539 non
1529 3484 1737 3553 possint
1778 3484 1920 3538 inter
1944 3500 2003 3538 se
2037 3484 2225 3538 matri-

634 3575 819 3630 monio
857 3575 1031 3647 jungi.
1063 3568 1249 3645 Itaque
1279 3589 1397 3628 eam
1441 3589 1562 3645 quce
1591 3575 1723 3649 milii
1748 3591 1845 3644 per
1880 3574 2222 3644 adoptionem

633 3666 767 3731 ﬁlia,
794 3674 888 3720 aut
932 3665 1110 3736 neptis
1151 3681 1274 3721 esse
1323 3666 1571 3734 cwperit,
1620 3680 1727 3719 non
1769 3656 1959 3734 potero
1998 3680 2247 3719 uxorem.

633 3758 875 3824 ducere;
904 3764 961 3812 et
984 3754 1126 3812 infra
1157 3770 1173 3809 :
1204 3756 1408 3825 Siquis
1431 3771 1529 3826 per
1550 3755 1893 3824 adoptionem
1923 3771 2080 3811 soror
2104 3740 2227 3811 esse

621 3850 887 3920 coeperit,
920 3850 1157 3924 quandiu
1187 3849 1403 3919 quidem
1426 3858 1643 3904 constat
1666 3850 1904 3919 adoptio,
1933 3864 2062 3904 sane
2083 3850 2228 3904 inter

634 3954 725 3999 tne
755 3952 812 3998 et
837 3957 956 3998 eam
1007 3943 1208 4012 noptia:
1252 3942 1555 3997 consistere
1595 3957 1702 3997 non
1732 3951 1977 4013 possunt.
2010 3941 2067 3996 Si
2098 3956 2227 4012 ergo

634 4033 781 4086 inter
798 4045 893 4087 eos
911 4044 1018 4087 non
1037 4032 1377 4087 contrahitur
1404 4032 1833 4091 matrimonium.
1855 4047 1989 4101 quos
2011 4031 2227 4101 adoptio

630 4116 829 4192 jungit,
869 4130 1075 4191 quanto
1109 4123 1284 4192 potius
1303 4140 1332 4177 a
1357 4122 1562 4177 carnali
1597 4131 1813 4192 oportet
1837 4123 1979 4178 inter
2002 4138 2061 4178 se
2091 4138 2227 4178 con-

637 4209 889 4265 tubernio
936 4226 1183 4277 cessare,
1235 4226 1372 4283 quos
1415 4224 1514 4283 per
1561 4212 1781 4267 caeleste
1823 4221 2227 4268 sacramentum

636 4302 980 4374 regeneratio
1002 4304 1176 4360 sancti
1207 4300 1445 4374 Spiritus
1463 4304 1664 4359 vincit?
1693 4304 1876 4376 Longe
1904 4305 2068 4377 igitur
2093 4320 2227 4360 con-

634 4395 918 4466 gruentius
961 4394 1103 4450 ﬁlius
1132 4397 1303 4467 patris
1328 4396 1465 4460 mei,
1509 4395 1595 4451 vel
1643 4396 1816 4451 frater
1857 4412 2011 4451 meus
2048 4394 2231 4466 appel~

636 4484 781 4542 latur
821 4487 890 4553 is,
918 4501 1081 4557 quem
1111 4488 1284 4558 gratia
1333 4488 1546 4552 divina,
1579 4504 1739 4558 quam
1787 4492 1948 4557 quem
1990 4488 2227 4542 humana

631 4577 904 4645 voluntas,
935 4545 1006 4633 ⁵ιιι
1034 4545 1176 4633 ﬁlius
1201 4575 1340 4645 ejus,
1364 4577 1448 4632 vel
1470 4545 1639 4632 frater
1666 4545 1820 4633 meus
1845 4585 2007 4640 esset,
2033 4577 2226 4647 elegit;
2254 4562 2308 4622 Ῐ)
2336 4545 2530 4644 inquit,
2553 4573 2771 4644 alligata
2797 4583 2872 4628 est
2904 4572 3004 4643 legi
3027 4545 3225 4643 quanto
3253 4577 3463 4635 tempore
3487 4554 3553 4647 υίῖ
3581 4545 3620 4647 ἐξ

632 4670 1062 4742 prudentiusquc
1088 4669 1158 4724 ab
1184 4668 1392 4724 alterna
1439 4669 1686 4739 corporis
1722 4668 2099 4723 commistione
2144 4682 2228 4723 se-

632 4764 944 4820 cernimur:
972 4764 1227 4836 quoniam
1259 4761 1493 4833 Spiritus
1530 4768 1747 4818 sanctus
1781 4778 1876 4817 sua
1914 4778 2014 4818 nos
2042 4762 2226 4817 chari-

634 4862 746 4911 tate
789 4857 1131 4921 coadunavit,
1165 4872 1326 4927 quam
1374 4855 1419 4910 si
1458 4855 1543 4911 vel
1590 4855 1827 4911 carnalis
1862 4857 2225 4919 necessitudo,

634 4949 721 5002 vel
769 4950 1003 5005 invicem
1062 4965 1160 5005 nos
1206 4948 1464 5004 mutabile
1520 4949 1805 5020 cujusdam
1859 4950 2228 5022 corruptibilis

632 5042 868 5098 hominis
894 5044 1178 5099 arbitrium
1207 5043 1533 5112 copulasset.

705 5131 791 5186 Ill.
817 5131 1270 5188 Consuetudinem
1315 5148 1477 5204 quam
1529 5131 1748 5188 Graecos
1796 5132 1848 5187 in
1888 5128 2222 5204 nuptialibus

633 5223 1005 5280 contuberniis
1043 5224 1243 5278 habere
1273 5223 1479 5289 dicitis,
1510 5237 1972 5286 commemorare,
2002 5222 2223 5293 prolixi-

634 5325 802 5370 tatem
844 5315 965 5387 styli
994 5316 1254 5378 vitantes,
1290 5316 1517 5388 carptim
1561 5331 1796 5377 morem,
1830 5330 1992 5386 quem
2032 5322 2220 5369 sancta

632 5401 879 5461 Romana
909 5405 1142 5478 suscepit
1181 5408 1510 5478 antiquitus,
1542 5415 1597 5460 et
1628 5407 1891 5461 hactenus
1930 5405 1982 5459 in
2028 5400 2222 5474 hujus-

633 5497 781 5554 modi
810 5477 1279 5568 coniunctionibus
1293 5506 1439 5555 tenet
1462 5499 1724 5562 Ecclesia,
1745 5498 1901 5554 vobis
1916 5504 2224 5552 monstrare

633 5588 993 5646 studebimus.
1037 5588 1319 5645 Nostrates
1359 5590 1623 5659 siquidem
1657 5598 1765 5644 tam
1813 5604 2027 5651 mares,
2059 5601 2222 5657 quam

636 5682 870 5745 laminae,
895 5697 1002 5736 non
1038 5680 1323 5754 Iigatnram
1359 5697 1613 5746 auream,
1645 5681 1729 5737 vel
1766 5689 2100 5753 argenteam,
2132 5689 2227 5734 aut

634 5784 702 5825 ex
743 5771 984 5840 quolibet
1033 5771 1249 5827 metallo
1301 5771 1684 5840 compositam,
1730 5772 1947 5841 quando
1997 5770 2223 5840 nuptilia

2328 3310 2545 3355 arctare
2572 3300 2833 3371 quosdam
2883 3312 3067 3353 rerum
3116 3297 3334 3368 inopia,
3365 3302 3422 3349 ut
3446 3291 3504 3347 ad
3541 3289 3627 3343 haec
3649 3291 3798 3371 βαφε-

2328 3394 2498 3448 randa
2543 3391 2744 3447 nullum
2775 3392 2862 3447 bis
2893 3389 3228 3462 sull‘ragetur
3264 3385 3605 3443 auxilium!Ic
3631 3386 3701 3442 I’"

2327 3481 2555 3539 sulliciat
2575 3482 2873 3538 secundum
2909 3477 3057 3549 leges
3099 3480 3251 3535 solus
3276 3488 3455 3533 eorum
3485 3472 3719 3524 οοηεθ¹¹⁵¹¹⁵ε

2326 3590 2559 3645 quorum
2610 3537 3081 3641 coniunctionibus
3127 3570 3328 3642 agitur.
3374 3561 3466 3631 Qui
3510 3537 3790 3645 ωηειξιιθιιξξί

2327 3641 2475 3719 solus
2505 3664 2560 3718 in
2590 3662 2792 3733 nuptiis
2833 3661 2974 3717 forte
3013 3641 3278 3725 defuerit,
3317 3641 3659 3713 aeternorum
3679 3641 3787 3740 filii”

2328 3771 2450 3809 cum
2474 3755 2590 3825 ipso
2613 3725 2757 3809 coitu
2801 3753 3075 3809 celebrata
3118 3749 3462 3807 frustrantur,
3490 3739 3652 3825 Νικιηέ
3675 3725 3786 3825 Cm:

2329 3808 2569 3903 sustento
2615 3861 2809 3917 magno
2858 3844 3079 3899 doctore
3121 3849 3382 3904 testante,
3411 3832 3493 3906 qui
3528 3808 3790 3917 δίιμοπξβ

2331 3939 2385 3992 in
2411 3936 2627 4007 Matth.)
2657 3954 2672 3990 :
2698 3906 3102 3991 lilatrimonium
3150 3948 3262 3989 non
3304 3928 3428 3985 facit
3448 3920 3610 3981 coitus,
3636 3906 3703 3966 sed

2331 4029 2527 4084 Iuntas.
2557 4002 2677 4084 Jam
2724 4042 2856 4084 vero
2904 4022 3293 4089 sciscitamini,
3339 4020 3382 4076 si
3423 4011 3609 4071 muliere
3640 4002 3787 4090 ρτορτξί

2331 4121 2601 4183 defuncta,
2620 4119 2791 4190 possit
2805 4119 2889 4173 vir
2907 4118 3132 4174 alteram
3159 4118 3372 4176 ducere,
3398 4106 3563 4190 sculi“?
3577 4107 3650 4166 9"

2330 4228 2509 4282 Ρθθδθν
2546 4179 2714 4267 Pilum
2756 4210 2974 4281 θενεεῐο
3016 4208 3370 4279 praedicatore
3405 4189 3640 4255 consilium
3658 4179 3787 4282 tinnit:

2284 4298 2291 4303 ’
2646 4301 2699 4375 (I
2728 4265 2852 4357 Coi.
2880 4265 2980 4372 vn)
3009 4265 3192 4357 illico
3239 4305 3407 4353 autem
3450 4300 3537 4343 non
3574 4265 3789 4375 “Pilia-ff

2331 4358 2523 4459 viduis,
2552 4358 2743 4448 bonum
2767 4403 2843 4448 cst
2870 4358 2977 4447 illis
3018 4392 3064 4447 si
3099 4392 3177 4448 sic
3205 4392 3437 4445 maneant
3455 4419 3470 4445 ν
3499 4375 3605 4431 εἶτα
3629 4358 3787 4459 τίηέ

2330 4486 2470 4556 quod
2491 4487 2538 4540 si
2561 4503 2616 4540 se
2640 4501 2743 4539 non
2766 4486 3052 4549 continent,
3084 4482 3281 4538 nubant
3305 4496 3322 4543 ;
3351 4483 3400 4532 et
3419 4474 3583 4527 iterum
3603 4474 3620 4554 τ’

2336 4574 2503 4597 2--..--z.
2560 4573 2770 4597 _n:_,._
2806 4583 2872 4597 --ι
2909 4572 3004 4597 ι-..ι
3033 4581 3224 4597 -..,..,...
3256 4577 3463 4597 δρα-ωηο
3487 4554 3553 4597 nit
3581 4557 3666 4597 ιηω
3684 4537 3781 4591 Nm!

3770 4563 3781 4591 !

2331 4624 2468 4737 quod
2491 4667 2536 4720 si
2558 4624 2829 4720 dorinierit
2851 4666 2928 4718 νει*
2947 4624 3082 4735 ejus,
3104 4663 3321 4718 liberato
3341 4663 3409 4711 est
3433 4666 3450 4717 ἱ
3469 4645 3541 4703 συί
3556 4636 3637 4696 "1‘

2331 4768 2535 4813 tantum
2561 4760 2615 4813 in
2646 4758 2886 4811 Domino.
2911 4757 3065 4824 Quod
3098 4756 3241 4811 enim
3267 4753 3331 4808 de
3356 4743 3554 4803 muliere
3579 4714 3783 4824 sannthl

2332 4854 2397 4908 de
2426 4853 2542 4907 viro
2574 4851 2974 4923 intelligendum
2996 4854 3102 4915 est,
3128 4848 3308 4948 quiue
3335 4832 3638 4948 emuniit):

2332 4942 2612 5015 Scriptura
2640 4944 2706 4998 de
2726 4910 2842 4997 viro
2860 4910 3109 5010 loquitur
3127 4910 3267 4994 {sed
3293 4941 3347 4988 et
3370 4929 3431 4984 de
3448 4910 3728 5015 mouerit:

2332 4986 2612 5015 υιιιιιυυιιι
2641 4986 2705 4998 νν
2736 4986 2840 4997 v-Iv
2873 4986 3098 5010 εντ’-σιν*-
3127 4986 3141 4993 -
3176 4986 3267 4994 *ν*
3303 4986 3315 4988 '
3496 5009 3506 5019 .
3622 4994 3631 5005 α
3659 4989 3669 5000 ι
3766 4986 3776 5001 ο

2332 5036 2511 5089 minus
2561 5034 2741 5088 dicere
2780 5030 3216 5101 subiutelligitur.
3252 5025 3382 5080 Ecce
3430 5020 3553 5104 emt"
3591 4992 3774 5121 d'u'pz'

2339 5121 2425 5143 ne-
2447 5134 2525 5143 .-.Α
2556 5120 2633 5143 --:..
2693 5120 2775 5143 __.:
2815 5136 2914 5143 μί...
2949 5118 3071 5143 ..ιιει
3099 5116 3152 5143 :..
3182 5107 3382 5143 --.ηἱιὶη
3417 5074 3674 5143 ίπιηιοηιπι(
3765 5096 3774 5109 ⁸

2330 5121 2526 5177 Beatus
2556 5120 2633 5174 vir
2685 5120 2775 5191 qui
2814 5136 2916 5174 non
2943 5118 3071 5173 abiit
3099 5116 3153 5170 in
3176 5107 3394 5206 consilio.
3417 5094 3777 5210 iﬁ'Pifmgxﬁ';

2331 5222 2393 5276 ι),
2423 5221 2527 5266 etc.
2554 5228 2569 5273 ;
2598 5219 2652 5265 et
2709 5211 2900 5265 iterum
2938 5226 2951 5262 :
2982 5207 3180 5263 Beatus
3202 5203 3276 5259 vir
3309 5194 3394 5269 σαί
3428 5189 3555 5302 litui:
3580 5173 3766 5302 ἓξὲξ

2330 5304 2670 5377 (Ρδαιιωιι),
2696 5303 2784 5357 ubi
2830 5318 2934 5356 non
2972 5300 3145 5356 solum
3175 5296 3366 5350 virum,
3406 5262 3778 5390 sednf‘ﬂf‘Tm

2328 5413 2450 5468 qtae
2484 5411 2589 5450 non
2634 5394 2770 5448 abiit
2812 5392 2865 5446 in
2902 5390 3129 5446 consilio
3173 5360 3648 5468 impiorum’etﬂf

2328 5450 2614 5545 liominum
2642 5486 2855 5541 beatam
2882 5499 3002 5540 esse
3033 5498 3138 5537 non
3166 5468 3417 5533 immerito
3435 5450 3672 5577 irem";
3689 5504 3770 5572 “mi

2398 5582 2486 5638 IV.
2514 5581 2657 5648 Quot
2677 5576 3008 5649 temporibus
3030 5575 3114 5630 vel
3139 5544 3767 5664 diebus

2398 5624 2418 5637 '
2440 5624 2454 5638 '
2472 5624 2486 5636 '
2517 5624 2657 5648 κυν-
2679 5624 2875 5649 υκαι-..μη
2892 5624 3007 5633 ._,,__
3042 5624 3052 5629 ,
3068 5624 3114 5630 __
3142 5624 3217 5628 *η
3495 5638 3505 5649 .

2325 5693 2358 5729 a
2383 5674 2638 5729 carnibus
2667 5669 3072 5732 abstinendum,
3096 5680 3235 5721 nunc
3269 5651 3406 5712 vobis
3431 5655 3507 5732 qui
3534 5624 3655 5732 ηιάῗ

2329 5703 2358 5729 il
2383 5703 2638 5729 υάιιιηυιω
2667 5703 3072 5732 auulsum-uuln,
3097 5703 3235 5721 uu-w
3280 5703 3377 5712 ην
3446 5703 3459 5712 -
3601 5703 3767 5770 dudm“

2329 5776 2383 5824 et
2413 5768 2465 5823 in
2496 5767 2598 5822 ﬁde
2642 5763 3038 5832 quodammodo
3081 5754 3307 5829 parvuli.
3338 5730 3563 5811 superﬂue
