4050 6324
318 353 415 410 981

1512 341 1866 402 EPISTOLJS
1907 344 1993 398 ET
2035 342 2372 398 DECRETA.

3470 331 3578 391 983

315 465 688 535 exponendum
719 478 943 521 :verum
973 463 1190 519 interim
1237 461 1290 517 in
1327 460 1518 517 diebus
1540 460 1888 530 jejuniorum,
1917 466 1967 524 Α
1993 454 2252 510 Dominus
2288 464 2514 511 testatur
2555 455 2606 510 in
2635 452 2922 524 Evangelio
2967 451 3187 508 dicens:
3221 449 3418 505 Mulier
3457 465 3577 505 cum

317 558 370 609 in
398 553 591 624 quibus
621 571 718 624 per
737 556 1114 612 abstinentiam
1136 564 1191 609 et
1231 553 1526 608 lamentum
1567 553 1897 622 ptenitentia:

315 645 585 716 praecipue
610 647 838 701 Domino
872 646 1275 717 supplicandum
1305 653 1417 708 est,
1445 644 1618 698 modis
1645 642 1895 699 omnibus

315 747 399 790 est
434 751 466 790 a
495 738 749 794 carnibus
776 739 1170 794 abstinendum.
1203 737 1466 803 Quoniam
1492 735 1618 791 licet
1645 735 1895 790 omnibus

314 842 474 882 orare
499 837 555 884 et
578 830 850 885 abstinere
874 829 1179 894 conveniat,
1202 827 1530 898 jejuniorum
1557 835 1738 880 tamen
1762 833 1896 879 tem-

222 993 228 1002 .
314 921 538 988 poribus
563 922 794 990 amplius
821 923 1162 978 abstinentia:
1192 921 1454 978 inservire
1485 926 1714 991 oportet,
1746 918 1897 972 vide-

315 1008 458 1073 licet,
484 1013 657 1082 utqui
683 1027 742 1068 se
771 1015 989 1069 sciverit
1011 1014 1194 1069 illicita
1213 1020 1574 1084 perpetrasse,
1599 1008 1896 1065 secundum

315 1113 471 1154 sacra
507 1101 796 1157 decretalia
825 1103 881 1158 in
913 1104 997 1158 his
1022 1103 1186 1159 etiam
1213 1118 1243 1157 a
1280 1102 1444 1158 licitis
1487 1115 1548 1155 se
1571 1097 1895 1169 quibusdam
1921 1165 1941 1180 ρ

315 1191 607 1256 abstineat,
655 1193 1104 1264 quadragesimali
1150 1194 1402 1249 videlicet
1447 1202 1711 1262 tempore,
1752 1189 1894 1260 quod

314 1289 400 1334 est
445 1292 572 1337 ante
613 1281 852 1350 Pascha;
882 1284 1088 1354 jejunio
1121 1293 1240 1355 post
1269 1284 1665 1346 Pentecostem,
1689 1278 1896 1349 jejunio

315 1383 442 1428 ante
488 1375 883 1431 solemnitatem
911 1375 1312 1447 Assumptiouis
1358 1381 1560 1430 sanctae
1602 1371 1696 1427 Dei
1740 1371 1896 1443 geni-

316 1464 488 1529 tricis,
537 1474 593 1518 et
639 1480 852 1536 semper
897 1467 1124 1538 virginis
1159 1468 1388 1523 dominae
1434 1474 1632 1521 nostrae
1681 1464 1890 1526 Marite;

314 1571 524 1612 necnon
564 1556 770 1627 jejunio
831 1567 958 1614 ante
1012 1559 1210 1614 natalis
1270 1558 1484 1613 Domini
1540 1557 1711 1612 nostri
1766 1555 1896 1612 Jesu

312 1645 514 1702 Christi
561 1647 909 1704 festivitatem
953 1665 966 1700 :
1011 1664 1130 1718 qua:
1164 1650 1370 1719 jejunia
1413 1657 1600 1704 sancta
1651 1647 1896 1701 Romana

313 1738 553 1808 suscepit
595 1740 896 1810 antiquitus
919 1749 974 1796 et
1004 1749 1152 1796 tenet
1191 1740 1453 1796 Ecclesia.
1483 1739 1541 1794 ln
1571 1747 1721 1794 sexta
1767 1753 1896 1792 vero

1995 545 2132 614 parit
2169 545 2435 599 tristitiam
2484 546 2668 609 habet;
2711 560 2832 598 cum
2873 551 3047 597 autem
3090 541 3286 612 peperit
3331 555 3576 608 puerum,

1983 635 2104 702 jam
2145 650 2248 687 non
2297 635 2528 688 meminit
2575 649 2832 706 pressura:
2857 671 2872 698 ,
2901 641 3108 701 propter
3150 629 3424 701 gaudium,
3451 629 3580 699 quia

1996 735 2150 780 natus
2179 736 2256 780 est
2296 728 2449 782 homo
2492 729 2547 781 in
2593 728 2845 782 mundum
2888 725 3069 796 (Joan.
3105 723 3218 787 XVI)
3251 741 3264 777 :
3296 722 3579 787 mulierem

1995 815 2125 870 dicit
2151 825 2395 872 sanctam
2437 818 2751 873 Eeclesiam.
2791 816 2943 871 Sicut
2969 815 3112 871 enim
3143 815 3337 869 mulier
3363 821 3491 876 nato
3524 813 3580 868 in

1993 901 2138 957 hunc
2173 902 2431 958 mundum
2459 902 2677 958 homine
2698 901 2932 966 laetatur,
2956 901 3031 954 ita
3056 897 3301 972 Ecclesia
3326 898 3379 953 in
3409 896 3579 953 vitam

1993 990 2232 1047 futuram
2278 991 2514 1049 ﬁdelium
2562 992 2758 1064 populo
2809 991 3077 1061 migrante
3129 990 3289 1060 digna
3346 986 3583 1044 exsulta-

1994 1083 2144 1139 tione
2168 1083 2436 1155 repletur;
2464 1062 2694 1155 pro—qua
2724 1081 2842 1153 ejus
2865 1082 3146 1138 uativitate
3171 1079 3401 1136 multum
3426 1062 3615 1156 labo-j

1995 1190 2125 1231 rans
2152 1183 2207 1232 et
2229 1190 2450 1246 gemens
2485 1176 2539 1230 in
2569 1175 2823 1247 praesenti
2863 1172 3019 1244 quasi
3047 1171 3361 1244 parturiens
3390 1169 3535 1226 dolet
3561 1186 3580 1227 :

1995 1281 2096 1322 nec
2140 1282 2337 1321 novum
2366 1267 2527 1323 debet
2569 1267 2822 1336 cuiquam
2861 1263 3067 1329 videri,
3110 1263 3154 1318 si
3187 1271 3347 1319 natus
3385 1261 3584 1317 dicitur

1994 1359 2084 1426 qui
2119 1373 2186 1413 ex
2219 1357 2322 1412 hac
2348 1358 2458 1413 vita
2496 1358 2849 1430 migraverit:
2882 1355 3152 1427 quomodo
3191 1355 3337 1411 enim
3377 1356 3582 1409 usitato

1994 1465 2147 1506 more
2171 1450 2367 1505 dicitur
2406 1451 2574 1514 nasci,
2620 1449 2837 1519 quando
2879 1449 3001 1518 quis
3041 1460 3110 1502 ex
3140 1443 3300 1501 utero'
3332 1453 3583 1501 materno

1993 1540 2292 1608 procedens
2317 1541 2370 1594 in
2397 1541 2537 1596 hanc
2565 1539 2740 1594 lucem
2766 1538 2909 1604 exit;
2935 1538 3015 1593 sic
3039 1551 3254 1607 quoque
3267 1533 3392 1605 jure
3421 1543 3583 1593 natus

1996 1629 2252 1698 appellari
2291 1638 2468 1700 potest
2491 1629 2714 1700 quilibet
2739 1629 2807 1684 ab
2838 1629 2996 1699 hujus
3025 1625 3205 1682 smculi
3239 1624 3478 1682 tenebris
3513 1625 3583 1682 ad

1985 1716 2175 1772 lumen
2206 1721 2517 1792 pertingens
2556 1719 2848 1774 viventium
2882 1736 2894 1772 :
2927 1733 3024 1788 pro
3059 1732 3164 1788 qua
3193 1731 3322 1788 ergo
3359 1731 3418 1772 re
3457 1725 3586 1786 apte

312 1829 448 1883 feria
475 1831 652 1886 omnis
695 1808 1042 1888 hebdomadas
1061 1873 1076 1897 ,
1109 1842 1164 1886 et
1209 1834 1263 1887 in
1303 1832 1512 1887 cunctis
1536 1830 1732 1901 vigiliis
1762 1829 1893 1885 insi-
1923 1814 1971 1874 Β
2001 1810 2387 1866 εοηδηθίυάίηθ
2417 1818 2629 1866 "metu"
2657 1810 3045 1873 θεθιθδίθδίίοθν
3075 1817 3135 1901 Ψ
3162 1809 3431 1901 εοιεηξῐιεε
3457 1808 3585 1901 beaf

311 1935 496 1990 gntum
531 1921 883 1978 festivitatum
921 1940 952 1978 a
979 1924 1225 1980 carnium
1253 1938 1350 1979 esu
1377 1922 1696 1977 cessandum
1727 1928 1782 1975 et
1812 1919 1894 1988 je-

308 2011 477 2079 juniis
503 2013 940 2078 incumbendum,
964 2023 1024 2068 ut
1041 2014 1309 2069 veraciter
1334 2029 1456 2068 cum
1480 2012 1895 2082 psalmographo

311 2102 416 2156 dici
451 2102 670 2158 valeat:
709 2105 794 2156 Ad
832 2121 1100 2173 vesperum
1135 2104 1492 2157 demorabitur
1531 2104 1703 2173 ﬂetus,
1734 2111 1782 2156 et
1823 2101 1892 2155 ad

309 2193 625 2246 matutinum
657 2194 844 2248 lwtitia
875 2194 1048 2266 (Psal.
1073 2194 1246 2263 xxix).
1273 2193 1329 2249 Si
1357 2195 1479 2264 quis
1500 2210 1630 2249 vero
1653 2203 1894 2247 vestrum

311 2282 435 2337 aliis
459 2283 693 2339 voluerit
719 2285 859 2341 forte
893 2286 1084 2342 diebus
1123 2301 1154 2340 a
1182 2287 1435 2341 carnibus
1461 2287 1756 2351 abstinere,
1787 2301 1892 2340 non
1941 2327 1944 2330 .

309 2379 438 2424 sunt
465 2372 780 2441 prohibendi
821 2389 835 2428 :
863 2375 1117 2444 quoniam
1144 2385 1345 2445 quanto
1374 2375 1497 2446 quis
1524 2376 1612 2431 hic
1643 2377 1695 2430 in
1723 2376 1896 2448 lacry-

309 2461 415 2515 tuis
437 2464 608 2533 magis
636 2467 1004 2531 seminaverit,
1031 2475 1181 2520 tanto
1209 2466 1438 2537 amplius
1465 2467 1517 2520 in
1542 2468 1736 2537 gaudio
1757 2481 1898 2521 mes-

309 2569 470 2608 eurus
499 2563 584 2610 est
627 2556 682 2610 in
716 2559 827 2611 vlta
854 2567 1074 2613 aeterna.
1111 2557 1220 2612 Nos
1257 2568 1433 2612 tamen
1465 2559 1647 2622 vobis,
1680 2559 1791 2627 qui,
1837 2566 1897 2611 ut

309 2647 667 2713 praetulimus,
713 2648 890 2704 adhuc
937 2651 1099 2706 rudes
1145 2652 1311 2716 estis,
1359 2660 1414 2706 et
1450 2651 1592 2706 lacte
1641 2663 1896 2721 tanquam

308 2739 516 2806 parvuli
545 2741 814 2796 nutriendi
836 2782 852 2803 ,
885 2758 990 2797 non
1018 2758 1181 2812 grave
1214 2744 1694 2813 potuimusjugum
1726 2744 1900 2798 donec

309 2831 378 2884 ad
427 2832 656 2887 solidum
688 2834 870 2889 cibum
919 2835 1147 2891 veniatis
1189 2836 1484 2905 imponere.
1526 2835 1724 2890 Verum
1759 2836 1900 2890 sicut

311 2922 416 2978 hoc
454 2924 669 2979 interim
701 2941 988 2992 cavemus,
1021 2928 1097 2982 ita
1132 2936 1191 2982 ul.
1216 2929 1490 3000 prohibita
1531 2944 1639 2983 non
1685 2927 1898 2982 contin—

309 3015 451 3082 gatis
470 3016 642 3071 modis
663 3018 915 3072 omnibus
940 3019 1292 3074 admonemus
1317 3037 1329 3072 :
1353 3019 1671 3090 prot0plasti
1702 3019 1900 3088 quippe

308 3103 485 3157 solum
513 3119 730 3172 pomum
760 3108 1025 3178 gustando
1049 3109 1274 3164 vetitum
1310 3110 1377 3166 de
1400 3109 1639 3180 paradisi
1665 3108 1897 3164 amomi-

309 3203 422 3250 tate
449 3197 687 3265 propulsi
712 3205 856 3251 sunt.

386 3283 448 3338 V.
476 3283 678 3352 Quarta
724 3286 855 3341 feria
885 3288 1135 3358 quamvis
1162 3303 1194 3343 e
1232 3288 1442 3344 caeteris
1479 3289 1666 3345 diebus
1699 3297 1900 3360 prteter

309 3386 520 3431 sextam
551 3379 739 3433 feriam
785 3380 856 3434 sit
899 3381 1128 3450 amplius
1171 3381 1496 3437 maeroribus
1538 3381 1895 3451 operandum,

309 3482 412 3536 pro
438 3482 504 3521 eo
547 3469 690 3537 quod
735 3469 993 3524 Dominus
1036 3471 1154 3540 ipso
1187 3469 1302 3539 jam
1329 3470 1416 3525 die
1444 3472 1496 3525 in
1524 3473 1688 3526 corde
1715 3479 1894 3534 terrae,

311 3557 363 3611 id
390 3567 473 3612 est
498 3557 648 3613 Iuda:
703 3561 998 3624 traditoris,
1042 3563 1442 3630 quodammodo
1481 3562 1721 3632 sepultus
1758 3569 1895 3626 erat,

307 3650 439 3703 dum
463 3651 608 3706 hunc
637 3652 749 3721 ipse
774 3652 935 3708 morti
967 3653 1182 3707 tradere
1215 3652 1610 3707 meditabatur:
1643 3660 1823 3706 tamen
1839 3651 1898 3726 ,εἰ

309 3749 548 3796 vestrum
579 3742 702 3810 quis
725 3743 912 3797 eodem
957 3743 1045 3797 die
1079 3743 1212 3808 vult,
1246 3751 1423 3813 potest
1449 3742 1669 3796 omnino
1705 3755 1899 3796 carnes

309 3824 619 3896 comedere,
647 3832 750 3888 nisi
781 3832 920 3889 forte
941 3834 1044 3888 sibi
1071 3841 1166 3887 aut
1191 3850 1220 3887 a
1250 3835 1529 3889 sacerdote
1556 3841 1699 3889 esset
1726 3835 1896 3888 inter-

311 3921 545 3987 dictum,
583 3925 838 3992 quoniam
882 3926 1142 3995 scriptum
1185 3934 1311 3980 est:
1347 3924 1540 3980 Melius
1582 3926 1896 3990 obedientia,

309 4030 469 4082 quam
495 4016 816 4085 sacriﬁcium
840 4016 892 4088 (I
913 4016 1037 4087 Reg.
1063 4019 1153 4087 xv)
1177 4034 1192 4082 ;
1221 4026 1315 4072 aut
1339 4018 1509 4088 ipsam
1542 4016 1732 4072 feriam
1760 4017 1900 4072 inter

312 4105 430 4160 dies
454 4103 780 4175 jejuniorum
813 4110 1032 4164 evenire
1074 4111 1362 4181 contigerit
1390 4128 1403 4164 :
1430 4111 1686 4180 quoniam
1728 4108 1897 4164 Jona-

311 4197 435 4251 thas
485 4197 742 4253 indictum
792 4214 822 4253 a
868 4208 1021 4270 patre
1074 4199 1337 4270 jejunium
1395 4202 1667 4256 modicum
1726 4201 1900 4255 mellis

311 4287 578 4354 gnstando
596 4289 834 4355 violans,
860 4292 927 4345 ad
955 4291 1308 4346 occidendum
1334 4292 1401 4348 ab
1431 4293 1548 4364 ipso
1573 4301 1725 4362 patre
1749 4307 1897 4363 quaa-

311 4377 450 4432 situs
484 4387 567 4433 est
599 4397 610 4432 :
642 4390 736 4435 aut
758 4392 904 4437 certe
927 4383 1042 4454 ipse
1071 4398 1130 4438 se
1161 4392 1285 4438 voto
1309 4384 1424 4453 ipso
1452 4384 1539 4438 die
1569 4399 1761 4439 carnes
1792 4399 1899 4438 non

309 4476 674 4522 comesturum
721 4472 1124 4538 constrinxerit,
1164 4474 1416 4543 quoniam
1457 4474 1714 4542 scriptum
1766 4482 1896 4528 est:

322 4553 538 4622 Vovete,
577 4567 624 4612 et
664 4561 864 4615 reddite
905 4561 1132 4617 Domino
1161 4563 1269 4618 Deo
1304 4576 1467 4620 vestro
1497 4563 1671 4637 (Psal.
1713 4566 1898 4636 Lxxv).

313 4644 479 4702 Sexta
509 4663 639 4702 vero
670 4649 803 4705 feria
843 4654 1148 4722 passionem
1180 4654 1547 4720 Dominicam,
1594 4667 1648 4712 et
1680 4667 1898 4727 aposto-

312 4735 488 4791 lorum
535 4740 850 4794 moestitiam
892 4743 1224 4809 recolentes,
1264 4746 1329 4800 ab
1371 4746 1612 4800 omnium
1655 4748 1901 4802 carnium

313 4829 510 4898 epulis,
541 4839 598 4883 et
639 4831 964 4901 pinguedine
1005 4843 1194 4905 gustus
1237 4847 1426 4891 noster
1472 4838 1738 4894 arcendus
1783 4849 1900 4904 est,

315 4931 515 4993 praeter
540 4922 585 4976 si
611 4924 866 4979 uativitas
888 4925 1098 4980 Domini
1121 4934 1178 4981 et
1207 4927 1615 4998 epiphaniorum
1648 4927 1784 4996 ejus,
1809 4941 1904 4984 aut

316 5013 586 5068 festivitas
627 5015 796 5070 beatae
836 5016 1024 5072 Matris
1067 5019 1277 5074 Domini
1323 5029 1378 5076 et
1420 5021 1753 5075 intemerata:
1777 5021 1903 5075 Vir-

315 5108 458 5180 ginis
503 5107 706 5174 Marize,
750 5125 844 5165 seu
897 5110 1262 5180 apostolorum
1312 5112 1614 5182 principum
1659 5111 1804 5168 l'etri
1849 5123 1907 5168 et

317 5201 504 5266 Pauli,
552 5211 714 5271 atque
767 5203 939 5258 sancti
996 5201 1221 5258 Joannis
1274 5203 1549 5274 Baptistae,
1596 5220 1693 5261 ceu
1758 5205 1904 5261 beati

316 5289 538 5348 Joannis
584 5293 945 5363 evangelistae,
975 5308 1184 5350 necnon
1218 5303 1275 5351 et
1316 5296 1572 5368 clavigeri
1616 5295 1737 5351 coeli
1784 5311 1904 5363 ger-

319 5385 486 5449 mani,
513 5384 740 5440 Andrem
771 5385 977 5442 scilicet
1003 5386 1253 5457 apostoli,
1282 5387 1410 5458 quin
1459 5388 1621 5443 etiam
1661 5396 1718 5443 et
1760 5388 1904 5444 beati

326 5475 582 5545 Stephani
599 5479 1013 5551 protomartyris
1032 5481 1147 5550 ipso
1167 5480 1253 5535 die
1275 5479 1521 5536 fortassis
1538 5487 1754 5536 evenire
1775 5496 1905 5536 cou-

325 5569 524 5638 tigerit.
557 5568 689 5626 Nam
733 5571 876 5640 quod
904 5579 1090 5627 sancta
1136 5571 1397 5637 Ecclesia,
1430 5580 1490 5626 ut
1531 5571 1702 5627 fidelis
1725 5571 1904 5625 anima

321 5659 374 5713 in
406 5659 694 5717 festivitate
731 5677 917 5718 eorum
965 5664 1202 5734 jejunia,
1266 5664 1352 5718 vel
1395 5663 1747 5719 abstinentias
1787 5677 1906 5732 qua:

320 5767 424 5805 non
457 5760 581 5806 sunt
625 5762 882 5824 perpetuo
927 5763 1050 5810 volo
1102 5755 1413 5824 proposilm,
1443 5755 1651 5811 solvere
1681 5755 1905 5817 debeat,

1927 4524 1980 4584 D

1998 1908 2174 1955 torum
2202 1911 2522 1973 martyrum,
2557 1902 2642 1957 vel
2669 1901 3039 1958 confessorum
3067 1900 3270 1955 Christi
3300 1899 3437 1964 dies,
3465 1900 3584 1970 qui-

1996 1988 2098 2044 bus
2127 1990 2191 2044 de
2220 1990 2324 2045 hoc
2357 1992 2556 2046 mundo
2582 1992 2650 2046 ad
2674 1992 2948 2062 regionem
2988 1991 3290 2061 migravere
3315 1991 3583 2054 vivorum,

1997 2089 2376 2150 nuncupentur
2423 2082 2650 2146 natales,
2694 2082 2789 2138 sed
2834 2090 2889 2136 et
2930 2096 3119 2137 eorum
3167 2081 3427 2136 solemnia
3473 2096 3584 2136 non

1997 2169 2241 2225 funebria
2288 2180 2544 2242 tanquam
2589 2173 2957 2237 morientium,
2990 2172 3084 2226 sed
3105 2179 3314 2241 utpote
3353 2171 3408 2226 in
3455 2187 3586 2227 vera

1996 2260 2106 2314 vita
2147 2260 2481 2316 nascentium
2530 2261 2770 2316 natalitia
2814 2261 3138 2317 vocitentur’.
3178 2262 3320 2334 Ergo
3364 2262 3410 2317 si
3457 2271 3587 2318 tunc

1996 2350 2110 2403 nati
2146 2357 2270 2403 sunt
2314 2349 2502 2420 utique
2544 2351 2688 2416 Deo,
2741 2351 2827 2405 cui
2874 2350 3056 2406 omnia
3100 2351 3318 2417 vivunt,
3351 2352 3402 2406 in
3433 2352 3588 2423 cujus

1997 2455 2159 2494 manu
2183 2439 2450 2508 justorum
2472 2443 2666 2496 animae
2694 2442 2882 2511 positae
2911 2450 3057 2508 sunt,
3088 2445 3304 2514 quando
3331 2444 3433 2499 visi
3455 2454 3586 2500 sunt

1997 2534 2168 2589 oculis
2219 2534 2586 2611 insipientium
2629 2535 2800 2601 mori,
2846 2535 3040 2591 mulier
3087 2546 3273 2590 sancta
3311 2535 3426 2606 jam
3476 2551 3586 2592 non

1999 2624 2248 2680 meminit
2285 2641 2552 2695 pressura:
2577 2634 2798 2696 prapter
2837 2626 3113 2696 gaudium,
3156 2626 3282 2694 quia
3311 2635 3468 2682 natus
3500 2636 3586 2682 est

2000 2717 2161 2771 homo
2196 2716 2248 2770 in
2271 2717 2552 2782 mundum,
2583 2718 2633 2770 id
2656 2724 2739 2770 est
2764 2715 2817 2770 in
2845 2715 3016 2771 lucem
3039 2725 3298 2770 aeternam
3329 2734 3342 2770 :
3369 2718 3511 2786 quod
3537 2718 3586 2773 si

1998 2810 2065 2861 de
2095 2808 2212 2877 ejus
2254 2808 2536 2864 nativitate
2585 2809 2819 2873 ltetatur,
2851 2823 2957 2885 non
2997 2806 3250 2876 jejuniis,
3281 2825 3387 2864 non
3419 2810 3587 2865 absti-

2000 2898 2220 2964 ncntiis,
2247 2914 2352 2953 non
2381 2900 2612 2968 denique
2642 2899 2765 2960 ullis
2786 2900 2946 2954 debet
2973 2899 3089 2968 ipso
3115 2915 3312 2956 vacare
3333 2901 3421 2956 die
3449 2917 3585 2957 moe-

2002 2989 2235 3044 roribus.
2279 2989 2536 3056 Quamvis
2567 2989 2622 3043 in
2652 2989 2755 3044 hac
2800 2988 2938 3043 valle
2985 2989 3344 3060 lacrymarum
3373 3005 3588 3060 semper

2000 3080 2288 3152 lugendum
2323 3083 2416 3148 sit,
2457 3091 2513 3138 et
2554 3083 2723 3138 donec
2767 3081 3116 3152 perveniatur
3149 3083 3216 3138 ad
3253 3082 3396 3137 illam
3426 3098 3590 3154 ange-

1926 3165 1971 3228 C
2004 3171 2178 3226 lorum
2202 3171 2568 3234 festivitatem,
2599 3185 2814 3242 semper
2834 3171 3158 3226 maeroribus
3184 3172 3537 3228 insistendum
3569 3190 3585 3226 :

2001 3262 2256 3330 quoniam
2287 3262 2389 3316 etsi
2419 3262 2504 3316 hic
2533 3261 2846 3317 solemnitas
2871 3263 3069 3331 agitur,
3097 3278 3203 3317 non
3246 3272 3424 3318 tamen
3453 3278 3587 3318 con-

2004 3353 2179 3418 tinua,
2204 3355 2298 3408 sed
2330 3363 2707 3408 momentanea
2749 3362 2854 3421 est,
2879 3370 3001 3426 quae
3041 3354 3132 3410 vix
3159 3355 3447 3426 aliquando
3469 3355 3588 3412 sine

2002 3443 2185 3498 dolore
2216 3444 2461 3513 perficito
2471 3461 2514 3498 r.

2073 3555 2164 3610 Vl.
2211 3556 2379 3611 Porro
2405 3558 2603 3622 dicitis,
2657 3557 2800 3627 quod
2832 3555 3100 3612 allirment
3124 3557 3299 3613 (ἔιωοί
3325 3559 3603 3623 dicentesh

2002 3649 2147 3718 quod
2175 3647 2322 3702 nullo
2357 3649 2518 3703 modo
2549 3649 2601 3702 in
2640 3657 2835 3717 quarta
2886 3655 2942 3701 et
2977 3657 3126 3702 sexta
3158 3647 3294 3701 feria
3348 3646 3602 3702 balneari.

2001 3737 2262 3802 debeatis,
2303 3737 2369 3792 de
2396 3753 2503 3807 quo
2531 3737 2585 3792 id
2618 3752 2716 3792 nos
2763 3753 2795 3793 e
2818 3746 3006 3792 contra
3036 3737 3443 3792 consulentibus
3497 3753 3605 3792 re—-

2001 3827 2348 3897 spondemus,
2386 3828 2528 3897 quod
2556 3828 2745 3882 beatus
2790 3843 2926 3897 papa
2960 3825 3274 3898 Gregorius,
3307 3837 3362 3882 et
3389 3827 3594 3899 Anglo-

2003 3934 2121 3973 rum
2161 3919 2336 3989 gentis
2410 3919 2686 3988 apostolus
2734 3918 2995 3974 Romanis
3050 3918 3118 3974 de
3167 3919 3448 3975 Dominico
3501 3919 3612 3974 die-

2000 4023 2251 4063 scrmone
2288 4009 2522 4079 quodam
2552 4009 2735 4063 habito
2777 4008 3104 4079 praedicasse
3147 4007 3344 4078 legitur
3392 4008 3602 4079 (Epist-

2001 4100 2089 4154 lib.
2128 4116 2186 4163 ιι,
2215 4117 2295 4170 ep.
2342 4099 2400 4171 '5)
2433 4118 2446 4154 :
2476 4100 2689 4155 Etenim
2720 4100 2790 4154 ad
2820 4115 2905 4154 me
2953 4101 3220 4169 perlatum
3242 4109 3349 4166 est,
3381 4101 3534 4155 vobis
3557 4117 3608 4156 at.

2001 4190 2274 4259 perversis
2317 4190 2627 4245 hominibus
2653 4205 2776 4246 esse
2799 4190 3172 4260 praedicatum,
3222 4198 3282 4245 ut
3312 4191 3614 4248 Dominico.

2003 4282 2090 4335 die
2142 4279 2320 4336 nullus
2362 4280 2555 4336 debeat
2623 4281 2816 4346 lavari,
2861 4290 2915 4338 et
2967 4282 3185 4352 quidem
3239 4283 3284 4338 si
3320 4298 3418 4354 pro
3461 4283 3593 4338 luxu

2003 4374 2195 4438 animi,
2224 4381 2388 4444 atque
2426 4373 2704 4444 voluptate
2725 4374 2846 4443 quis
2882 4373 3051 4429 lavari
3077 4375 3299 4446 appetit,
3345 4375 3449 4430 hoc
3473 4375 3611 4431 fieri-

2009 4483 2106 4523 ncc
2157 4468 2364 4538 reliquo
2383 4468 2624 4538 quolibet
2647 4469 2733 4524 die
2760 4470 3105 4525 concedimus
3137 4488 3152 4525 :
3202 4469 3247 4524 si
3275 4479 3455 4525 autem
3491 4485 3602 4540 pro,

2005 4561 2330 4617 necessitate
2367 4562 2633 4633 corporis,
2690 4563 2792 4617 hoc
2821 4577 2922 4618 nec
2965 4563 3245 4619 Dominico
3274 4562 3360 4618 die
3407 4562 3593 4633 prohi-

2004 4660 2196 4714 bemus
2224 4675 2238 4724 ;
2294 4658 2555 4729 scriptum
2583 4658 2784 4730 quippe
2810 4667 2896 4715 cst
2931 4676 2946 4712 :
2998 4657 3167 4712 Nemo
3206 4673 3416 4712 carnem
3439 4672 3594 4711 suam

2003 4751 2125 4806 odio
2166 4752 2366 4817 habuit,
2412 4753 2502 4806 sed
2527 4752 2692 4806 nutrit
2749 4762 2797 4805 et
2826 4752 3097 4820 foveteam
3159 4748 3376 4821 (Ep/tes.
3427 4746 3546 4818 viti)
3573 4765 3609 4800 τ.

2005 4847 2060 4892 et
2123 4854 2336 4893 rursum
2393 4841 2698 4909 scriptum:
2746 4838 2934 4893 Carnis
2996 4853 3178 4892 curant
3255 4853 3318 4892 ne
3363 4837 3611 4906 feceritis;-

2007 4933 2060 4984 in
2103 4931 2534 5000 concupiscentiis
2590 4929 2770 4999 (Rom.
2829 4928 2972 4998 xm).
3039 4927 3143 4994 Qui
3194 4926 3361 4998 igitur
3406 4926 3592 4981 carnis

1969 5039 1975 5045 '
2005 5036 2193 5076 curaui
2218 5022 2270 5074 in
2299 5020 2754 5089 concupiscentiis
2783 5018 2896 5073 fieri
2927 5017 3196 5088 prohibet,
3249 5017 3496 5088 profecto
3539 5017 3611 5072 im

2008 5113 2426 5168 necessitatibus
2450 5111 2722 5166 concedit.
2741 5108 2874 5164 Nam
2896 5111 2944 5165 si
2973 5109 3252 5165 Dominico
3283 5109 3370 5164 die
3396 5122 3609 5178 corpus.

2007 5205 2189 5258 lavare
2217 5212 2496 5274 peccatum
2521 5210 2622 5264 est,
2679 5202 2848 5256 lavari
2877 5217 3008 5272 ergo
3036 5202 3124 5257 die
3143 5202 3331 5257 eodem
3380 5217 3480 5256 nec
3509 5201 3594 5254 fa.

2007 5299 2118 5353 cies
2144 5298 2322 5353 debet.
2372 5297 2427 5352 Si
2457 5305 2636 5351 autem
2660 5297 2764 5350 hoc
2796 5296 2848 5350 in
2877 5295 3121 5365 corporis
3166 5303 3318 5365 parte
3345 5292 3597 5350 concedi-

2008 5397 2114 5452 tur,
2156 5404 2253 5442 cur
2275 5389 2376 5442 hoc
2403 5387 2654 5455 exigente
2677 5385 3003 5442 necessitate
3030 5394 3142 5442 toto
3171 5385 3384 5456 corpori
3428 5399 3594 5454 nege-

2009 5478 2139 5534 tur?
2164 5477 2346 5546 ltaque
2374 5476 2514 5547 quod
2541 5476 2627 5532 hic
2656 5476 2851 5546 praesul
2872 5477 3126 5540 eximius,
3164 5484 3220 5532 et
3239 5475 3596 5532 suavissimus

2007 5569 2198 5623 doctor
2236 5569 2289 5621 iu
2319 5567 2596 5622 Dominico
2624 5567 2729 5629 die,
2761 5567 2852 5638 qui
2891 5568 3107 5622 crcteris
3134 5565 3324 5622 diebus
3371 5576 3597 5618 venera-

2009 5661 2170 5714 hilior
2205 5666 2306 5722 est,
2337 5659 2605 5714 concessit
2631 5676 2643 5712 :
2680 5673 2780 5714 nos
2801 5673 3015 5729 quoque
3040 5658 3093 5712 in
3125 5665 3319 5727 quarta
3359 5665 3415 5710 et
3441 5660 3592 5708 sexta

2014 5755 2144 5808 feria
2179 5769 2281 5808 non
2313 5767 2591 5821 negamus,
2627 5751 2766 5806 hanc
2795 5750 3044 5806 videlicet
3071 5747 3450 5804 discretionem
3480 5758 3596 5804 sero
