  <div class='ocr_page' id='page_1' title='image "/cluster/home/n/w/nwhite01/storage/ocr_20150623/119/hvd.32044015466915/497.png"; bbox 0 0 4050 6324; ppageno 0'>
   <div class='ocr_carea' id='block_1_1' title="bbox 558 296 727 374">
    <p class='ocr_par' dir='ltr' id='par_1_1' title="bbox 558 296 727 374">
     <span class='ocr_line' id='line_1_1' title="bbox 558 296 727 374; baseline 0 0"><span class='ocrx_word' id='word_1_1' title='bbox 558 296 727 374; x_wconf 68' lang='lat'><strong>983,</strong></span> 
     </span>
    </p>
   </div>
   <div class='ocr_carea' id='block_1_2' title="bbox 1901 305 2468 363">
    <p class='ocr_par' dir='ltr' id='par_1_2' title="bbox 1901 305 2468 363">
     <span class='ocr_line' id='line_1_2' title="bbox 1901 305 2468 363; baseline 0.002 -2"><span class='ocrx_word' id='word_1_2' title='bbox 1901 305 2171 363; x_wconf 79' lang='lat' dir='ltr'><strong>NlCOLAl</strong></span> <span class='ocrx_word' id='word_1_3' title='bbox 2207 305 2412 362; x_wconf 67' lang='grc' dir='ltr'><strong>ΡΑΡᾹΞ</strong></span> <span class='ocrx_word' id='word_1_4' title='bbox 2447 307 2468 361; x_wconf 85' lang='grc'><strong>1</strong></span> 
     </span>
    </p>
   </div>
   <div class='ocr_carea' id='block_1_3' title="bbox 3757 308 3859 364">
    <p class='ocr_par' dir='ltr' id='par_1_3' title="bbox 3757 308 3859 364">
     <span class='ocr_line' id='line_1_3' title="bbox 3757 308 3859 364; baseline 0.01 -1"><span class='ocrx_word' id='word_1_5' title='bbox 3757 308 3859 364; x_wconf 68' lang='lat'><strong>98-5</strong></span> 
     </span>
    </p>
   </div>
   <div class='ocr_carea' id='block_1_4' title="bbox 559 417 3858 490">
    <p class='ocr_par' dir='ltr' id='par_1_4' title="bbox 559 417 3858 490">
     <span class='ocr_line' id='line_1_4' title="bbox 559 417 3858 490; baseline 0.001 -17"><span class='ocrx_word' id='word_1_6' title='bbox 559 429 776 485; x_wconf 73' lang='lat' dir='ltr'><strong>vanles,</strong></span> <span class='ocrx_word' id='word_1_7' title='bbox 822 428 886 474; x_wconf 89' lang='lat' dir='ltr'><strong>ut</strong></span> <span class='ocrx_word' id='word_1_8' title='bbox 924 420 1188 489; x_wconf 84' lang='lat' dir='ltr'><strong>siquidem</strong></span> <span class='ocrx_word' id='word_1_9' title='bbox 1237 417 1336 490; x_wconf 86' lang='lat' dir='ltr'><strong>pro</strong></span> <span class='ocrx_word' id='word_1_10' title='bbox 1379 419 1502 474; x_wconf 81' lang='lat' dir='ltr'><strong>luxu</strong></span> <span class='ocrx_word' id='word_1_11' title='bbox 1557 419 1723 474; x_wconf 89' lang='lat' dir='ltr'><strong>animi</strong></span> <span class='ocrx_word' id='word_1_12' title='bbox 1775 428 1938 488; x_wconf 90' lang='lat' dir='ltr'><strong>atque</strong></span> <span class='ocrx_word' id='word_1_13' title='bbox 1989 419 2142 473; x_wconf 90' lang='lat' dir='ltr'><strong>volu-</strong></span> <span class='ocrx_word' id='word_1_14' title='bbox 2173 422 2222 480; x_wconf 77' lang='grc' dir='ltr'><strong>Α</strong></span> <span class='ocrx_word' id='word_1_15' title='bbox 2249 419 2876 489; x_wconf 71' lang='lat' dir='ltr'><strong>scientiaimpcenitens.</strong></span> <span class='ocrx_word' id='word_1_16' title='bbox 2919 418 3004 474; x_wconf 86' lang='lat' dir='ltr'><strong>vel</strong></span> <span class='ocrx_word' id='word_1_17' title='bbox 3033 434 3138 474; x_wconf 85' lang='lat' dir='ltr'><strong>non</strong></span> <span class='ocrx_word' id='word_1_18' title='bbox 3191 419 3529 476; x_wconf 82' lang='lat' dir='ltr'><strong>reconciliata</strong></span> <span class='ocrx_word' id='word_1_19' title='bbox 3594 419 3858 476; x_wconf 74' lang='lat' dir='ltr'><strong>fortassis</strong></span> 
     </span>
    </p>
   </div>
   <div class='ocr_carea' id='block_1_5' title="bbox 563 510 2144 582">
    <p class='ocr_par' dir='ltr' id='par_1_5' title="bbox 563 510 2144 582">
     <span class='ocr_line' id='line_1_5' title="bbox 563 510 2144 582; baseline -0.001 -17"><span class='ocrx_word' id='word_1_20' title='bbox 563 521 710 580; x_wconf 82' lang='lat' dir='ltr'><strong>ptate</strong></span> <span class='ocrx_word' id='word_1_21' title='bbox 734 513 856 582; x_wconf 88' lang='lat' dir='ltr'><strong>quis</strong></span> <span class='ocrx_word' id='word_1_22' title='bbox 877 513 1049 565; x_wconf 84' lang='lat' dir='ltr'><strong>lavari</strong></span> <span class='ocrx_word' id='word_1_23' title='bbox 1080 519 1320 581; x_wconf 84' lang='lat' dir='ltr'><strong>appetat,</strong></span> <span class='ocrx_word' id='word_1_24' title='bbox 1354 510 1456 564; x_wconf 93' lang='lat' dir='ltr'><strong>hoc</strong></span> <span class='ocrx_word' id='word_1_25' title='bbox 1476 510 1600 564; x_wconf 70' lang='lat' dir='ltr'><strong>&quot;ﬁeri</strong></span> <span class='ocrx_word' id='word_1_26' title='bbox 1630 525 1733 564; x_wconf 91' lang='lat' dir='ltr'><strong>nec</strong></span> <span class='ocrx_word' id='word_1_27' title='bbox 1773 510 1980 579; x_wconf 91' lang='lat' dir='ltr'><strong>reliquo</strong></span> <span class='ocrx_word' id='word_1_28' title='bbox 2012 523 2144 577; x_wconf 83' lang='lat' dir='ltr'><strong>quo-</strong></span> 
     </span>
    </p>
   </div>
   <div class='ocr_carea' id='block_1_6' title="bbox 562 599 2145 669">
    <p class='ocr_par' dir='ltr' id='par_1_6' title="bbox 562 599 2145 669">
     <span class='ocr_line' id='line_1_6' title="bbox 562 599 2145 669; baseline 0 -15"><span class='ocrx_word' id='word_1_29' title='bbox 562 601 697 658; x_wconf 84' lang='lat' dir='ltr'><strong>libet</strong></span> <span class='ocrx_word' id='word_1_30' title='bbox 746 603 834 658; x_wconf 92' lang='lat' dir='ltr'><strong>die</strong></span> <span class='ocrx_word' id='word_1_31' title='bbox 880 601 1258 657; x_wconf 85' lang='lat' dir='ltr'><strong>concedamus.</strong></span> <span class='ocrx_word' id='word_1_32' title='bbox 1322 599 1380 654; x_wconf 89' lang='lat' dir='ltr'><strong>Si</strong></span> <span class='ocrx_word' id='word_1_33' title='bbox 1429 611 1607 655; x_wconf 90' lang='lat' dir='ltr'><strong>autem</strong></span> <span class='ocrx_word' id='word_1_34' title='bbox 1667 616 1766 669; x_wconf 89' lang='lat' dir='ltr'><strong>pro</strong></span> <span class='ocrx_word' id='word_1_35' title='bbox 1827 600 2145 655; x_wconf 84' lang='lat' dir='ltr'><strong>necessitate</strong></span> 
     </span>
    </p>
   </div>
   <div class='ocr_carea' id='block_1_7' title="bbox 564 689 2142 764">
    <p class='ocr_par' dir='ltr' id='par_1_7' title="bbox 564 689 2142 764">
     <span class='ocr_line' id='line_1_7' title="bbox 564 689 2142 764; baseline -0.003 -14"><span class='ocrx_word' id='word_1_36' title='bbox 564 695 829 764; x_wconf 91' lang='lat' dir='ltr'><strong>corporis,</strong></span> <span class='ocrx_word' id='word_1_37' title='bbox 892 694 996 748; x_wconf 91' lang='lat' dir='ltr'><strong>hoc</strong></span> <span class='ocrx_word' id='word_1_38' title='bbox 1025 702 1125 747; x_wconf 85' lang='lat' dir='ltr'><strong>nec</strong></span> <span class='ocrx_word' id='word_1_39' title='bbox 1171 699 1387 761; x_wconf 85' lang='lat' dir='ltr'><strong>quarta,</strong></span> <span class='ocrx_word' id='word_1_40' title='bbox 1435 707 1538 746; x_wconf 89' lang='lat' dir='ltr'><strong>nec</strong></span> <span class='ocrx_word' id='word_1_41' title='bbox 1586 699 1742 746; x_wconf 81' lang='lat' dir='ltr'><strong>sexta</strong></span> <span class='ocrx_word' id='word_1_42' title='bbox 1771 689 1905 745; x_wconf 83' lang='lat' dir='ltr'><strong>feria</strong></span> <span class='ocrx_word' id='word_1_43' title='bbox 1957 690 2142 760; x_wconf 87' lang='lat' dir='ltr'><strong>prohi-</strong></span> 
     </span>
    </p>
   </div>
   <div class='ocr_carea' id='block_1_8' title="bbox 564 776 810 841">
    <p class='ocr_par' dir='ltr' id='par_1_8' title="bbox 564 776 810 841">
     <span class='ocr_line' id='line_1_8' title="bbox 564 776 810 841; baseline -0.004 0"><span class='ocrx_word' id='word_1_44' title='bbox 564 776 810 841; x_wconf 79' lang='lat' dir='ltr'><strong>beamus.</strong></span> 
     </span>
    </p>
   </div>
   <div class='ocr_carea' id='block_1_9' title="bbox 566 873 2144 943">
    <p class='ocr_par' dir='ltr' id='par_1_9' title="bbox 566 873 2144 943">
     <span class='ocr_line' id='line_1_9' title="bbox 566 873 2144 943; baseline -0.002 -14"><span class='ocrx_word' id='word_1_45' title='bbox 566 895 574 904; x_wconf 82' lang='lat'><strong>-</strong></span> <span class='ocrx_word' id='word_1_46' title='bbox 639 875 747 929; x_wconf 74' lang='lat' dir='ltr'><strong>Vll.</strong></span> <span class='ocrx_word' id='word_1_47' title='bbox 819 873 1186 930; x_wconf 87' lang='lat' dir='ltr'><strong>Sciscitamini</strong></span> <span class='ocrx_word' id='word_1_48' title='bbox 1251 881 1540 943; x_wconf 86' lang='lat' dir='ltr'><strong>praeterea,</strong></span> <span class='ocrx_word' id='word_1_49' title='bbox 1604 888 1650 928; x_wconf 84' lang='lat' dir='ltr'><strong>SI</strong></span> <span class='ocrx_word' id='word_1_50' title='bbox 1701 873 1864 930; x_wconf 91' lang='lat' dir='ltr'><strong>liceat</strong></span> <span class='ocrx_word' id='word_1_51' title='bbox 1924 887 2144 928; x_wconf 88' lang='lat' dir='ltr'><strong>crucem</strong></span> 
     </span>
    </p>
   </div>
   <div class='ocr_carea' id='block_1_10' title="bbox 561 963 2145 1035">
    <p class='ocr_par' dir='ltr' id='par_1_10' title="bbox 561 963 2145 1035">
     <span class='ocr_line' id='line_1_10' title="bbox 561 963 2145 1035; baseline -0.002 -14"><span class='ocrx_word' id='word_1_52' title='bbox 561 967 775 1022; x_wconf 85' lang='lat' dir='ltr'><strong>Domini</strong></span> <span class='ocrx_word' id='word_1_53' title='bbox 825 982 948 1021; x_wconf 92' lang='lat' dir='ltr'><strong>cum</strong></span> <span class='ocrx_word' id='word_1_54' title='bbox 1000 965 1245 1035; x_wconf 87' lang='lat' dir='ltr'><strong>reliquiis</strong></span> <span class='ocrx_word' id='word_1_55' title='bbox 1277 966 1478 1020; x_wconf 88' lang='lat' dir='ltr'><strong>mundo</strong></span> <span class='ocrx_word' id='word_1_56' title='bbox 1528 965 1643 1021; x_wconf 84' lang='lat' dir='ltr'><strong>sive</strong></span> <span class='ocrx_word' id='word_1_57' title='bbox 1673 965 1950 1019; x_wconf 90' lang='lat' dir='ltr'><strong>immundo</strong></span> <span class='ocrx_word' id='word_1_58' title='bbox 2006 963 2145 1018; x_wconf 90' lang='lat' dir='ltr'><strong>hanc</strong></span> 
     </span>
    </p>
   </div>
   <div class='ocr_carea' id='block_1_11' title="bbox 563 1042 2145 1125">
    <p class='ocr_par' dir='ltr' id='par_1_11' title="bbox 563 1042 2145 1125">
     <span class='ocr_line' id='line_1_11' title="bbox 563 1042 2145 1125; baseline -0.002 -17"><span class='ocrx_word' id='word_1_59' title='bbox 563 1042 783 1110; x_wconf 83' lang='lat' dir='ltr'><strong>habenti</strong></span> <span class='ocrx_word' id='word_1_60' title='bbox 813 1055 1069 1120; x_wconf 84' lang='lat' dir='ltr'><strong>osculari,</strong></span> <span class='ocrx_word' id='word_1_61' title='bbox 1123 1055 1208 1109; x_wconf 97' lang='lat' dir='ltr'><strong>vel</strong></span> <span class='ocrx_word' id='word_1_62' title='bbox 1234 1063 1485 1125; x_wconf 86' lang='lat' dir='ltr'><strong>portare;</strong></span> <span class='ocrx_word' id='word_1_63' title='bbox 1522 1054 1666 1123; x_wconf 83' lang='lat' dir='ltr'><strong>quod</strong></span> <span class='ocrx_word' id='word_1_64' title='bbox 1700 1055 1750 1109; x_wconf 89' lang='lat' dir='ltr'><strong>ei</strong></span> <span class='ocrx_word' id='word_1_65' title='bbox 1783 1053 1874 1123; x_wconf 87' lang='lat' dir='ltr'><strong>qui</strong></span> <span class='ocrx_word' id='word_1_66' title='bbox 1913 1052 2145 1107; x_wconf 86' lang='lat' dir='ltr'><strong>mundus</strong></span> 
     </span>
    </p>
   </div>
   <div class='ocr_carea' id='block_1_12' title="bbox 559 1145 2142 1217">
    <p class='ocr_par' dir='ltr' id='par_1_12' title="bbox 559 1145 2142 1217">
     <span class='ocr_line' id='line_1_12' title="bbox 559 1145 2142 1217; baseline -0.004 -13"><span class='ocrx_word' id='word_1_67' title='bbox 559 1146 663 1214; x_wconf 78' lang='lat' dir='ltr'><strong>est,</strong></span> <span class='ocrx_word' id='word_1_68' title='bbox 709 1150 932 1204; x_wconf 89' lang='lat' dir='ltr'><strong>omnino</strong></span> <span class='ocrx_word' id='word_1_69' title='bbox 979 1149 1148 1214; x_wconf 85' lang='lat' dir='ltr'><strong>licet;</strong></span> <span class='ocrx_word' id='word_1_70' title='bbox 1183 1163 1307 1203; x_wconf 89' lang='lat' dir='ltr'><strong>nam</strong></span> <span class='ocrx_word' id='word_1_71' title='bbox 1341 1149 1396 1202; x_wconf 93' lang='lat' dir='ltr'><strong>in</strong></span> <span class='ocrx_word' id='word_1_72' title='bbox 1432 1147 1618 1203; x_wconf 91' lang='lat' dir='ltr'><strong>osculo</strong></span> <span class='ocrx_word' id='word_1_73' title='bbox 1658 1147 1787 1217; x_wconf 91' lang='lat' dir='ltr'><strong>quid</strong></span> <span class='ocrx_word' id='word_1_74' title='bbox 1832 1145 1935 1200; x_wconf 88' lang='lat' dir='ltr'><strong>nisi</strong></span> <span class='ocrx_word' id='word_1_75' title='bbox 1968 1159 2142 1208; x_wconf 90' lang='lat' dir='ltr'><strong>amor,</strong></span> 
     </span>
    </p>
   </div>
   <div class='ocr_carea' id='block_1_13' title="bbox 557 1234 2146 1309">
    <p class='ocr_par' dir='ltr' id='par_1_13' title="bbox 557 1234 2146 1309">
     <span class='ocr_line' id='line_1_13' title="bbox 557 1234 2146 1309; baseline -0.003 -17"><span class='ocrx_word' id='word_1_76' title='bbox 557 1238 670 1308; x_wconf 68' lang='lat' dir='ltr'><strong>’quo</strong></span> <span class='ocrx_word' id='word_1_77' title='bbox 711 1240 940 1309; x_wconf 90' lang='lat' dir='ltr'><strong>quisque</strong></span> <span class='ocrx_word' id='word_1_78' title='bbox 963 1239 1108 1294; x_wconf 89' lang='lat' dir='ltr'><strong>circa</strong></span> <span class='ocrx_word' id='word_1_79' title='bbox 1146 1252 1211 1292; x_wconf 89' lang='lat' dir='ltr'><strong>ea</strong></span> <span class='ocrx_word' id='word_1_80' title='bbox 1248 1237 1460 1308; x_wconf 81' lang='lat' dir='ltr'><strong>ﬂagrat,</strong></span> <span class='ocrx_word' id='word_1_81' title='bbox 1492 1235 1773 1291; x_wconf 88' lang='lat' dir='ltr'><strong>innuitur?</strong></span> <span class='ocrx_word' id='word_1_82' title='bbox 1813 1235 1866 1289; x_wconf 94' lang='lat' dir='ltr'><strong>in</strong></span> <span class='ocrx_word' id='word_1_83' title='bbox 1895 1234 2146 1304; x_wconf 87' lang='lat' dir='ltr'><strong>deporta-</strong></span> 
     </span>
    </p>
   </div>
   <div class='ocr_carea' id='block_1_14' title="bbox 560 1325 2143 1399">
    <p class='ocr_par' dir='ltr' id='par_1_14' title="bbox 560 1325 2143 1399">
     <span class='ocr_line' id='line_1_14' title="bbox 560 1325 2143 1399; baseline -0.005 -13"><span class='ocrx_word' id='word_1_84' title='bbox 560 1332 709 1386; x_wconf 84' lang='lat' dir='ltr'><strong>tione</strong></span> <span class='ocrx_word' id='word_1_85' title='bbox 742 1347 873 1387; x_wconf 88' lang='lat' dir='ltr'><strong>vero</strong></span> <span class='ocrx_word' id='word_1_86' title='bbox 925 1330 1042 1399; x_wconf 87' lang='lat' dir='ltr'><strong>ejus</strong></span> <span class='ocrx_word' id='word_1_87' title='bbox 1083 1330 1211 1399; x_wconf 90' lang='lat' dir='ltr'><strong>quid</strong></span> <span class='ocrx_word' id='word_1_88' title='bbox 1243 1330 1346 1383; x_wconf 89' lang='lat' dir='ltr'><strong>nisi</strong></span> <span class='ocrx_word' id='word_1_89' title='bbox 1391 1327 1738 1382; x_wconf 87' lang='lat' dir='ltr'><strong>mortiﬁcatio</strong></span> <span class='ocrx_word' id='word_1_90' title='bbox 1794 1327 2006 1391; x_wconf 90' lang='lat' dir='ltr'><strong>carnis,</strong></span> <span class='ocrx_word' id='word_1_91' title='bbox 2059 1325 2143 1380; x_wconf 85' lang='lat' dir='ltr'><strong>vel</strong></span> 
     </span>
    </p>
   </div>
   <div class='ocr_carea' id='block_1_15' title="bbox 558 1417 2143 1493">
    <p class='ocr_par' dir='ltr' id='par_1_15' title="bbox 558 1417 2143 1493">
     <span class='ocr_line' id='line_1_15' title="bbox 558 1417 2143 1493; baseline -0.005 -15"><span class='ocrx_word' id='word_1_92' title='bbox 558 1421 866 1493; x_wconf 85' lang='lat' dir='ltr'><strong>&#39;compassio</strong></span> <span class='ocrx_word' id='word_1_93' title='bbox 891 1421 1262 1491; x_wconf 76' lang='lat' dir='ltr'><strong>proximorum</strong></span> <span class='ocrx_word' id='word_1_94' title='bbox 1319 1419 1683 1488; x_wconf 76' lang='lat' dir='ltr'><strong>exprimitur?</strong></span> <span class='ocrx_word' id='word_1_95' title='bbox 1708 1417 1971 1488; x_wconf 81' lang='lat' dir='ltr'><strong>siquidem</strong></span> <span class='ocrx_word' id='word_1_96' title='bbox 2000 1417 2143 1471; x_wconf 86' lang='lat' dir='ltr'><strong>hanc</strong></span> 
     </span>
    </p>
   </div>
   <div class='ocr_carea' id='block_1_16' title="bbox 557 1506 2142 1582">
    <p class='ocr_par' dir='ltr' id='par_1_16' title="bbox 557 1506 2142 1582">
     <span class='ocr_line' id='line_1_16' title="bbox 557 1506 2142 1582; baseline -0.004 -14"><span class='ocrx_word' id='word_1_97' title='bbox 557 1513 615 1568; x_wconf 77' lang='lat' dir='ltr'><strong>et</strong></span> <span class='ocrx_word' id='word_1_98' title='bbox 633 1506 901 1570; x_wconf 85' lang='lat' dir='ltr'><strong>Dominus</strong></span> <span class='ocrx_word' id='word_1_99' title='bbox 937 1510 1180 1580; x_wconf 90' lang='lat' dir='ltr'><strong>bajulare</strong></span> <span class='ocrx_word' id='word_1_100' title='bbox 1231 1511 1519 1582; x_wconf 65' lang='lat' dir='ltr'><strong>praecepit,</strong></span> <span class='ocrx_word' id='word_1_101' title='bbox 1563 1509 1659 1565; x_wconf 87' lang='lat' dir='ltr'><strong>sed</strong></span> <span class='ocrx_word' id='word_1_102' title='bbox 1689 1509 1743 1563; x_wconf 91' lang='lat' dir='ltr'><strong>in</strong></span> <span class='ocrx_word' id='word_1_103' title='bbox 1788 1516 2009 1570; x_wconf 85' lang='lat' dir='ltr'><strong>mente;</strong></span> <span class='ocrx_word' id='word_1_104' title='bbox 2045 1522 2142 1562; x_wconf 89' lang='lat' dir='ltr'><strong>ve-</strong></span> 
     </span>
    </p>
   </div>
   <div class='ocr_carea' id='block_1_17' title="bbox 559 1587 2141 1671">
    <p class='ocr_par' dir='ltr' id='par_1_17' title="bbox 559 1587 2141 1671">
     <span class='ocr_line' id='line_1_17' title="bbox 559 1587 2141 1671; baseline -0.006 -13"><span class='ocrx_word' id='word_1_105' title='bbox 559 1587 703 1658; x_wconf 81' lang='lat' dir='ltr'><strong>rum</strong></span> <span class='ocrx_word' id='word_1_106' title='bbox 730 1611 787 1657; x_wconf 90' lang='lat' dir='ltr'><strong>et</strong></span> <span class='ocrx_word' id='word_1_107' title='bbox 822 1617 944 1656; x_wconf 90' lang='lat' dir='ltr'><strong>cum</strong></span> <span class='ocrx_word' id='word_1_108' title='bbox 972 1617 1201 1671; x_wconf 90' lang='lat' dir='ltr'><strong>corpore</strong></span> <span class='ocrx_word' id='word_1_109' title='bbox 1239 1610 1503 1670; x_wconf 73' lang='lat' dir='ltr'><strong>gestetur,</strong></span> <span class='ocrx_word' id='word_1_110' title='bbox 1554 1607 1612 1652; x_wconf 92' lang='lat' dir='ltr'><strong>ut</strong></span> <span class='ocrx_word' id='word_1_111' title='bbox 1633 1607 1688 1653; x_wconf 91' lang='lat' dir='ltr'><strong>et</strong></span> <span class='ocrx_word' id='word_1_112' title='bbox 1710 1608 1890 1653; x_wconf 90' lang='lat' dir='ltr'><strong>mente</strong></span> <span class='ocrx_word' id='word_1_113' title='bbox 1936 1595 2141 1668; x_wconf 75' lang='lat' dir='ltr'><strong>gestari</strong></span> 
     </span>
    </p>
   </div>
   <div class='ocr_carea' id='block_1_18' title="bbox 558 1689 2140 1761">
    <p class='ocr_par' dir='ltr' id='par_1_18' title="bbox 558 1689 2140 1761">
     <span class='ocr_line' id='line_1_18' title="bbox 558 1689 2140 1761; baseline -0.003 -14"><span class='ocrx_word' id='word_1_114' title='bbox 558 1694 755 1750; x_wconf 71' lang='lat' dir='ltr'><strong>ileb&#39;eat</strong></span> <span class='ocrx_word' id='word_1_115' title='bbox 782 1694 992 1749; x_wconf 84' lang='lat' dir='ltr'><strong>facilius</strong></span> <span class='ocrx_word' id='word_1_116' title='bbox 1037 1696 1356 1748; x_wconf 85' lang='lat' dir='ltr'><strong>admonetur</strong></span> <span class='ocrx_word' id='word_1_117' title='bbox 1387 1709 1400 1759; x_wconf 94' lang='lat'><strong>;</strong></span> <span class='ocrx_word' id='word_1_118' title='bbox 1451 1707 1585 1747; x_wconf 79' lang='lat' dir='ltr'><strong>crux</strong></span> <span class='ocrx_word' id='word_1_119' title='bbox 1610 1691 1808 1761; x_wconf 86' lang='lat' dir='ltr'><strong>quippe</strong></span> <span class='ocrx_word' id='word_1_120' title='bbox 1835 1706 1865 1743; x_wconf 90' lang='lat' dir='ltr'><strong>a</strong></span> <span class='ocrx_word' id='word_1_121' title='bbox 1895 1689 2140 1744; x_wconf 89' lang='lat' dir='ltr'><strong>cruciatu</strong></span> 
     </span>
    </p>
   </div>
   <div class='ocr_carea' id='block_1_19' title="bbox 2243 510 3858 581">
    <p class='ocr_par' dir='ltr' id='par_1_19' title="bbox 2243 510 3858 581">
     <span class='ocr_line' id='line_1_19' title="bbox 2243 510 3858 581; baseline 0.002 -16"><span class='ocrx_word' id='word_1_122' title='bbox 2243 520 2480 576; x_wconf 85' lang='lat' dir='ltr'><strong>accuset,</strong></span> <span class='ocrx_word' id='word_1_123' title='bbox 2524 511 2608 566; x_wconf 87' lang='lat' dir='ltr'><strong>vel</strong></span> <span class='ocrx_word' id='word_1_124' title='bbox 2635 512 2677 566; x_wconf 89' lang='lat' dir='ltr'><strong>si</strong></span> <span class='ocrx_word' id='word_1_125' title='bbox 2727 510 2882 565; x_wconf 81' lang='lat' dir='ltr'><strong>fratri</strong></span> <span class='ocrx_word' id='word_1_126' title='bbox 2919 511 3244 566; x_wconf 81' lang='lat' dir='ltr'><strong>discordanti</strong></span> <span class='ocrx_word' id='word_1_127' title='bbox 3275 512 3399 581; x_wconf 87' lang='lat' dir='ltr'><strong>quis</strong></span> <span class='ocrx_word' id='word_1_128' title='bbox 3436 522 3715 568; x_wconf 87' lang='lat' dir='ltr'><strong>vestrum</strong></span> <span class='ocrx_word' id='word_1_129' title='bbox 3767 529 3858 568; x_wconf 82' lang='lat' dir='ltr'><strong>suo</strong></span> 
     </span>
    </p>
   </div>
   <div class='ocr_carea' id='block_1_20' title="bbox 2243 604 3856 677">
    <p class='ocr_par' dir='ltr' id='par_1_20' title="bbox 2243 604 3856 677">
     <span class='ocr_line' id='line_1_20' title="bbox 2243 604 3856 677; baseline 0.004 -21"><span class='ocrx_word' id='word_1_130' title='bbox 2243 604 2376 660; x_wconf 91' lang='lat' dir='ltr'><strong>vitio</strong></span> <span class='ocrx_word' id='word_1_131' title='bbox 2429 605 2810 660; x_wconf 87' lang='lat' dir='ltr'><strong>reconciliatus</strong></span> <span class='ocrx_word' id='word_1_132' title='bbox 2853 605 3034 660; x_wconf 90' lang='lat' dir='ltr'><strong>minus</strong></span> <span class='ocrx_word' id='word_1_133' title='bbox 3092 606 3316 660; x_wconf 77' lang='lat' dir='ltr'><strong>existat.</strong></span> <span class='ocrx_word' id='word_1_134' title='bbox 3373 606 3505 661; x_wconf 81' lang='lat' dir='ltr'><strong>Nam</strong></span> <span class='ocrx_word' id='word_1_135' title='bbox 3554 623 3744 677; x_wconf 82' lang='lat' dir='ltr'><strong>quem</strong></span> <span class='ocrx_word' id='word_1_136' title='bbox 3797 611 3856 662; x_wconf 84' lang='lat' dir='ltr'><strong>de</strong></span> 
     </span>
    </p>
   </div>
   <div class='ocr_carea' id='block_1_21' title="bbox 2245 695 3857 767">
    <p class='ocr_par' dir='ltr' id='par_1_21' title="bbox 2245 695 3857 767">
     <span class='ocr_line' id='line_1_21' title="bbox 2245 695 3857 767; baseline 0.002 -17"><span class='ocrx_word' id='word_1_137' title='bbox 2245 695 2438 750; x_wconf 90' lang='lat' dir='ltr'><strong>horum</strong></span> <span class='ocrx_word' id='word_1_138' title='bbox 2487 697 2667 766; x_wconf 89' lang='lat' dir='ltr'><strong>aliquo</strong></span> <span class='ocrx_word' id='word_1_139' title='bbox 2711 695 3043 750; x_wconf 81' lang='lat' dir='ltr'><strong>conscientia</strong></span> <span class='ocrx_word' id='word_1_140' title='bbox 3093 696 3348 761; x_wconf 89' lang='lat' dir='ltr'><strong>mordet,</strong></span> <span class='ocrx_word' id='word_1_141' title='bbox 3405 699 3643 767; x_wconf 85' lang='lat' dir='ltr'><strong>gravari</strong></span> <span class='ocrx_word' id='word_1_142' title='bbox 3709 707 3857 753; x_wconf 84' lang='lat' dir='ltr'><strong>tanto</strong></span> 
     </span>
    </p>
   </div>
   <div class='ocr_carea' id='block_1_22' title="bbox 2244 789 3857 863">
    <p class='ocr_par' dir='ltr' id='par_1_22' title="bbox 2244 789 3857 863">
     <span class='ocr_line' id='line_1_22' title="bbox 2244 789 3857 863; baseline 0.004 -22"><span class='ocrx_word' id='word_1_143' title='bbox 2244 801 2468 842; x_wconf 89' lang='lat' dir='ltr'><strong>munere</strong></span> <span class='ocrx_word' id='word_1_144' title='bbox 2508 789 2689 857; x_wconf 87' lang='lat' dir='ltr'><strong>potius</strong></span> <span class='ocrx_word' id='word_1_145' title='bbox 2711 804 2873 858; x_wconf 89' lang='lat' dir='ltr'><strong>quam</strong></span> <span class='ocrx_word' id='word_1_146' title='bbox 2921 791 3218 846; x_wconf 88' lang='lat' dir='ltr'><strong>remedium</strong></span> <span class='ocrx_word' id='word_1_147' title='bbox 3246 794 3504 862; x_wconf 89' lang='lat' dir='ltr'><strong>consequi</strong></span> <span class='ocrx_word' id='word_1_148' title='bbox 3549 793 3857 863; x_wconf 79' lang='lat' dir='ltr'><strong>quodlibet</strong></span> 
     </span>
    </p>
   </div>
   <div class='ocr_carea' id='block_1_23' title="bbox 2244 875 3856 952">
    <p class='ocr_par' dir='ltr' id='par_1_23' title="bbox 2244 875 3856 952">
     <span class='ocr_line' id='line_1_23' title="bbox 2244 875 3856 952; baseline 0.005 -23"><span class='ocrx_word' id='word_1_149' title='bbox 2244 875 2909 933; x_wconf 82' lang='lat' dir='ltr'><strong>arbitramur:Judicium</strong></span> <span class='ocrx_word' id='word_1_150' title='bbox 2948 880 3087 932; x_wconf 85' lang='lat' dir='ltr'><strong>enim</strong></span> <span class='ocrx_word' id='word_1_151' title='bbox 3108 881 3230 945; x_wconf 75' lang='lat' dir='ltr'><strong>sibi,</strong></span> <span class='ocrx_word' id='word_1_152' title='bbox 3275 883 3582 937; x_wconf 82' lang='lat' dir='ltr'><strong>secundum</strong></span> <span class='ocrx_word' id='word_1_153' title='bbox 3617 884 3856 952; x_wconf 85' lang='lat' dir='ltr'><strong>Aposto-</strong></span> 
     </span>
    </p>
   </div>
   <div class='ocr_carea' id='block_1_24' title="bbox 2245 963 3850 1042">
    <p class='ocr_par' dir='ltr' id='par_1_24' title="bbox 2245 963 3850 1042">
     <span class='ocr_line' id='line_1_24' title="bbox 2245 963 3850 1042; baseline 0.006 -22"><span class='ocrx_word' id='word_1_154' title='bbox 2245 963 2376 1029; x_wconf 85' lang='lat' dir='ltr'><strong>lum,</strong></span> <span class='ocrx_word' id='word_1_155' title='bbox 2405 965 2687 1021; x_wconf 75' lang='lat' dir='ltr'><strong>manducet</strong></span> <span class='ocrx_word' id='word_1_156' title='bbox 2722 977 2773 1021; x_wconf 84' lang='lat' dir='ltr'><strong>et</strong></span> <span class='ocrx_word' id='word_1_157' title='bbox 2806 967 2934 1022; x_wconf 84' lang='lat' dir='ltr'><strong>bibit</strong></span> <span class='ocrx_word' id='word_1_158' title='bbox 2974 967 3026 1038; x_wconf 94' lang='lat' dir='ltr'><strong>(I</strong></span> <span class='ocrx_word' id='word_1_159' title='bbox 3061 967 3183 1025; x_wconf 89' lang='lat' dir='ltr'><strong>Cor.</strong></span> <span class='ocrx_word' id='word_1_160' title='bbox 3215 970 3316 1042; x_wconf 74' lang='grc' dir='ltr'><strong>ιι).</strong></span> <span class='ocrx_word' id='word_1_161' title='bbox 3370 969 3578 1026; x_wconf 80' lang='lat' dir='ltr'><strong>Verum</strong></span> <span class='ocrx_word' id='word_1_162' title='bbox 3623 973 3700 1027; x_wconf 85' lang='lat' dir='ltr'><strong>de</strong></span> <span class='ocrx_word' id='word_1_163' title='bbox 3732 974 3850 1038; x_wconf 87' lang='lat' dir='ltr'><strong>hoc,</strong></span> 
     </span>
    </p>
   </div>
   <div class='ocr_carea' id='block_1_25' title="bbox 2243 1055 3850 1128">
    <p class='ocr_par' dir='ltr' id='par_1_25' title="bbox 2243 1055 3850 1128">
     <span class='ocr_line' id='line_1_25' title="bbox 2243 1055 3850 1128; baseline 0.005 -18"><span class='ocrx_word' id='word_1_164' title='bbox 2243 1063 2302 1110; x_wconf 89' lang='lat' dir='ltr'><strong>et</strong></span> <span class='ocrx_word' id='word_1_165' title='bbox 2323 1055 2390 1109; x_wconf 91' lang='lat' dir='ltr'><strong>de</strong></span> <span class='ocrx_word' id='word_1_166' title='bbox 2410 1055 2497 1110; x_wconf 89' lang='lat' dir='ltr'><strong>his</strong></span> <span class='ocrx_word' id='word_1_167' title='bbox 2521 1057 2612 1126; x_wconf 90' lang='lat' dir='ltr'><strong>qui</strong></span> <span class='ocrx_word' id='word_1_168' title='bbox 2658 1057 2942 1113; x_wconf 73' lang='lat' dir='ltr'><strong>ecclesiam</strong></span> <span class='ocrx_word' id='word_1_169' title='bbox 2987 1059 3204 1128; x_wconf 87' lang='lat' dir='ltr'><strong>quidem</strong></span> <span class='ocrx_word' id='word_1_170' title='bbox 3243 1061 3469 1128; x_wconf 90' lang='lat' dir='ltr'><strong>intrant,</strong></span> <span class='ocrx_word' id='word_1_171' title='bbox 3525 1078 3646 1118; x_wconf 87' lang='lat' dir='ltr'><strong>nec</strong></span> <span class='ocrx_word' id='word_1_172' title='bbox 3671 1073 3850 1118; x_wconf 82' lang='lat' dir='ltr'><strong>tamen</strong></span> 
     </span>
    </p>
   </div>
   <div class='ocr_carea' id='block_1_26' title="bbox 2245 1143 3849 1214">
    <p class='ocr_par' dir='ltr' id='par_1_26' title="bbox 2245 1143 3849 1214">
     <span class='ocr_line' id='line_1_26' title="bbox 2245 1143 3849 1214; baseline 0.007 -15"><span class='ocrx_word' id='word_1_173' title='bbox 2245 1143 2388 1200; x_wconf 85' lang='lat' dir='ltr'><strong>facta</strong></span> <span class='ocrx_word' id='word_1_174' title='bbox 2425 1146 2698 1202; x_wconf 87' lang='lat' dir='ltr'><strong>oblatione</strong></span> <span class='ocrx_word' id='word_1_175' title='bbox 2745 1149 3166 1214; x_wconf 89' lang='lat' dir='ltr'><strong>communicant,</strong></span> <span class='ocrx_word' id='word_1_176' title='bbox 3217 1151 3359 1206; x_wconf 88' lang='lat' dir='ltr'><strong>sacri</strong></span> <span class='ocrx_word' id='word_1_177' title='bbox 3407 1167 3669 1208; x_wconf 86' lang='lat' dir='ltr'><strong>canones</strong></span> <span class='ocrx_word' id='word_1_178' title='bbox 3715 1155 3849 1210; x_wconf 83' lang='lat' dir='ltr'><strong>forte</strong></span> 
     </span>
    </p>
   </div>
   <div class='ocr_carea' id='block_1_27' title="bbox 2244 1236 3850 1316">
    <p class='ocr_par' dir='ltr' id='par_1_27' title="bbox 2244 1236 3850 1316">
     <span class='ocr_line' id='line_1_27' title="bbox 2244 1236 3850 1316; baseline 0.005 -25"><span class='ocrx_word' id='word_1_179' title='bbox 2244 1236 2571 1316; x_wconf 80' lang='lat' dir='ltr'><strong>suﬁicienter</strong></span> <span class='ocrx_word' id='word_1_180' title='bbox 2612 1239 2916 1303; x_wconf 88' lang='lat' dir='ltr'><strong>enuntiant,</strong></span> <span class='ocrx_word' id='word_1_181' title='bbox 2953 1240 3042 1309; x_wconf 92' lang='lat' dir='ltr'><strong>qui</strong></span> <span class='ocrx_word' id='word_1_182' title='bbox 3071 1241 3304 1296; x_wconf 87' lang='lat' dir='ltr'><strong>antistiti</strong></span> <span class='ocrx_word' id='word_1_183' title='bbox 3327 1251 3510 1298; x_wconf 88' lang='lat' dir='ltr'><strong>vestro</strong></span> <span class='ocrx_word' id='word_1_184' title='bbox 3536 1253 3706 1309; x_wconf 87' lang='lat' dir='ltr'><strong>sunt,</strong></span> <span class='ocrx_word' id='word_1_185' title='bbox 3763 1247 3850 1314; x_wconf 85' lang='lat' dir='ltr'><strong>qui</strong></span> 
     </span>
    </p>
   </div>
   <div class='ocr_carea' id='block_1_28' title="bbox 2244 1326 3845 1399">
    <p class='ocr_par' dir='ltr' id='par_1_28' title="bbox 2244 1326 3845 1399">
     <span class='ocr_line' id='line_1_28' title="bbox 2244 1326 3845 1399; baseline 0.006 -18"><span class='ocrx_word' id='word_1_186' title='bbox 2244 1326 2356 1382; x_wconf 90' lang='lat' dir='ltr'><strong>Deo</strong></span> <span class='ocrx_word' id='word_1_187' title='bbox 2383 1328 2532 1382; x_wconf 90' lang='lat' dir='ltr'><strong>vobis</strong></span> <span class='ocrx_word' id='word_1_188' title='bbox 2568 1336 2788 1384; x_wconf 90' lang='lat' dir='ltr'><strong>auctore</strong></span> <span class='ocrx_word' id='word_1_189' title='bbox 2827 1344 2926 1399; x_wconf 88' lang='lat' dir='ltr'><strong>per</strong></span> <span class='ocrx_word' id='word_1_190' title='bbox 2958 1331 3390 1387; x_wconf 88' lang='lat' dir='ltr'><strong>mediocritatem</strong></span> <span class='ocrx_word' id='word_1_191' title='bbox 3436 1343 3705 1389; x_wconf 85' lang='lat' dir='ltr'><strong>nostram</strong></span> <span class='ocrx_word' id='word_1_192' title='bbox 3763 1351 3845 1390; x_wconf 81' lang='lat' dir='ltr'><strong>or-</strong></span> 
     </span>
    </p>
   </div>
   <div class='ocr_carea' id='block_1_29' title="bbox 2244 1418 3846 1494">
    <p class='ocr_par' dir='ltr' id='par_1_29' title="bbox 2244 1418 3846 1494">
     <span class='ocr_line' id='line_1_29' title="bbox 2244 1418 3846 1494; baseline 0.003 -18"><span class='ocrx_word' id='word_1_193' title='bbox 2244 1418 2510 1476; x_wconf 87' lang='lat' dir='ltr'><strong>dinandus</strong></span> <span class='ocrx_word' id='word_1_194' title='bbox 2539 1431 2640 1484; x_wconf 87' lang='lat' dir='ltr'><strong>est,</strong></span> <span class='ocrx_word' id='word_1_195' title='bbox 2683 1420 2976 1486; x_wconf 89' lang='lat' dir='ltr'><strong>tribuendi,</strong></span> <span class='ocrx_word' id='word_1_196' title='bbox 3019 1431 3074 1476; x_wconf 91' lang='lat' dir='ltr'><strong>et</strong></span> <span class='ocrx_word' id='word_1_197' title='bbox 3105 1423 3172 1477; x_wconf 88' lang='lat' dir='ltr'><strong>ab</strong></span> <span class='ocrx_word' id='word_1_198' title='bbox 3213 1437 3281 1477; x_wconf 93' lang='lat' dir='ltr'><strong>eo</strong></span> <span class='ocrx_word' id='word_1_199' title='bbox 3310 1426 3730 1490; x_wconf 81' lang='lat' dir='ltr'><strong>sacerdotibus,</strong></span> <span class='ocrx_word' id='word_1_200' title='bbox 3761 1428 3846 1494; x_wconf 89' lang='lat' dir='ltr'><strong>qui</strong></span> 
     </span>
    </p>
   </div>
   <div class='ocr_carea' id='block_1_30' title="bbox 2244 1510 3846 1586">
    <p class='ocr_par' dir='ltr' id='par_1_30' title="bbox 2244 1510 3846 1586">
     <span class='ocr_line' id='line_1_30' title="bbox 2244 1510 3846 1586; baseline 0.006 -21"><span class='ocrx_word' id='word_1_201' title='bbox 2244 1510 2423 1566; x_wconf 87' lang='lat' dir='ltr'><strong>claves</strong></span> <span class='ocrx_word' id='word_1_202' title='bbox 2464 1520 2648 1568; x_wconf 90' lang='lat' dir='ltr'><strong>tenent</strong></span> <span class='ocrx_word' id='word_1_203' title='bbox 2674 1513 2934 1579; x_wconf 85' lang='lat' dir='ltr'><strong>scientiae,</strong></span> <span class='ocrx_word' id='word_1_204' title='bbox 2965 1514 3226 1570; x_wconf 82' lang='lat' dir='ltr'><strong>duntaxat</strong></span> <span class='ocrx_word' id='word_1_205' title='bbox 3251 1517 3555 1586; x_wconf 88' lang='lat' dir='ltr'><strong>aperiendi,</strong></span> <span class='ocrx_word' id='word_1_206' title='bbox 3615 1529 3678 1574; x_wconf 83' lang='lat' dir='ltr'><strong>et</strong></span> <span class='ocrx_word' id='word_1_207' title='bbox 3701 1520 3846 1574; x_wconf 73' lang='lat' dir='ltr'><strong>vobis</strong></span> 
     </span>
    </p>
   </div>
   <div class='ocr_carea' id='block_1_31' title="bbox 2245 1603 3842 1678">
    <p class='ocr_par' dir='ltr' id='par_1_31' title="bbox 2245 1603 3842 1678">
     <span class='ocr_line' id='line_1_31' title="bbox 2245 1603 3842 1678; baseline 0.003 -20"><span class='ocrx_word' id='word_1_208' title='bbox 2245 1603 2614 1668; x_wconf 88' lang='lat' dir='ltr'><strong>nihilominus,</strong></span> <span class='ocrx_word' id='word_1_209' title='bbox 2664 1605 2723 1658; x_wconf 92' lang='lat' dir='ltr'><strong>in</strong></span> <span class='ocrx_word' id='word_1_210' title='bbox 2767 1605 2965 1675; x_wconf 90' lang='lat' dir='ltr'><strong>quibus</strong></span> <span class='ocrx_word' id='word_1_211' title='bbox 2993 1619 3129 1676; x_wconf 88' lang='lat' dir='ltr'><strong>opus</strong></span> <span class='ocrx_word' id='word_1_212' title='bbox 3166 1614 3251 1661; x_wconf 84' lang='lat' dir='ltr'><strong>est</strong></span> <span class='ocrx_word' id='word_1_213' title='bbox 3292 1618 3346 1662; x_wconf 86' lang='lat' dir='ltr'><strong>et</strong></span> <span class='ocrx_word' id='word_1_214' title='bbox 3376 1608 3614 1663; x_wconf 88' lang='lat' dir='ltr'><strong>minime</strong></span> <span class='ocrx_word' id='word_1_215' title='bbox 3663 1607 3842 1678; x_wconf 51' lang='lat' dir='ltr'><strong>probi-</strong></span> 
     </span>
    </p>
   </div>
   <div class='ocr_carea' id='block_1_32' title="bbox 2245 1693 3838 1770">
    <p class='ocr_par' dir='ltr' id='par_1_32' title="bbox 2245 1693 3838 1770">
     <span class='ocr_line' id='line_1_32' title="bbox 2245 1693 3838 1770; baseline 0.003 -23"><span class='ocrx_word' id='word_1_216' title='bbox 2245 1693 2421 1759; x_wconf 80' lang='lat' dir='ltr'><strong>betur,</strong></span> <span class='ocrx_word' id='word_1_217' title='bbox 2467 1693 2798 1749; x_wconf 89' lang='lat' dir='ltr'><strong>insinuandi.</strong></span> <span class='ocrx_word' id='word_1_218' title='bbox 2852 1694 3072 1751; x_wconf 86' lang='lat' dir='ltr'><strong>Interim</strong></span> <span class='ocrx_word' id='word_1_219' title='bbox 3118 1705 3330 1751; x_wconf 88' lang='lat' dir='ltr'><strong>tantum</strong></span> <span class='ocrx_word' id='word_1_220' title='bbox 3389 1698 3838 1770; x_wconf 77' lang='lat' dir='ltr'><strong>quadragesima,</strong></span> 
     </span>
    </p>
   </div>
   <div class='ocr_carea' id='block_1_33' title="bbox 560 1772 3842 1857">
    <p class='ocr_par' dir='ltr' id='par_1_33' title="bbox 560 1772 3842 1857">
     <span class='ocr_line' id='line_1_33' title="bbox 560 1772 3842 1857; baseline -0.002 -18"><span class='ocrx_word' id='word_1_221' title='bbox 560 1785 791 1850; x_wconf 85' lang='lat' dir='ltr'><strong>dicitur,</strong></span> <span class='ocrx_word' id='word_1_222' title='bbox 843 1793 899 1840; x_wconf 85' lang='lat' dir='ltr'><strong>ct</strong></span> <span class='ocrx_word' id='word_1_223' title='bbox 950 1793 1008 1838; x_wconf 80' lang='grc' dir='ltr'><strong>ιιι</strong></span> <span class='ocrx_word' id='word_1_224' title='bbox 1050 1785 1306 1855; x_wconf 75' lang='lat' dir='ltr'><strong>praefatus</strong></span> <span class='ocrx_word' id='word_1_225' title='bbox 1353 1784 1576 1854; x_wconf 84' lang='lat' dir='ltr'><strong>exponit</strong></span> <span class='ocrx_word' id='word_1_226' title='bbox 1639 1783 1887 1846; x_wconf 86' lang='lat' dir='ltr'><strong>antistes,</strong></span> <span class='ocrx_word' id='word_1_227' title='bbox 1932 1779 2141 1834; x_wconf 86' lang='lat' dir='ltr'><strong>duobus</strong></span> <span class='ocrx_word' id='word_1_228' title='bbox 2169 1772 2216 1831; x_wconf 81' lang='grc' dir='ltr'><strong>Β</strong></span> <span class='ocrx_word' id='word_1_229' title='bbox 2243 1800 2404 1855; x_wconf 80' lang='lat' dir='ltr'><strong>quam</strong></span> <span class='ocrx_word' id='word_1_230' title='bbox 2433 1802 2552 1841; x_wconf 80' lang='lat' dir='ltr'><strong>mos</strong></span> <span class='ocrx_word' id='word_1_231' title='bbox 2579 1786 2836 1842; x_wconf 55' lang='lat' dir='ltr'><strong>Ecclesia</strong></span> <span class='ocrx_word' id='word_1_232' title='bbox 2859 1785 3120 1855; x_wconf 83' lang='lat' dir='ltr'><strong>majorem</strong></span> <span class='ocrx_word' id='word_1_233' title='bbox 3147 1787 3398 1857; x_wconf 56' lang='lat' dir='ltr'><strong>appellat,</strong></span> <span class='ocrx_word' id='word_1_234' title='bbox 3428 1790 3584 1844; x_wconf 75' lang='lat' dir='ltr'><strong>omni</strong></span> <span class='ocrx_word' id='word_1_235' title='bbox 3635 1799 3728 1843; x_wconf 71' lang='lat' dir='ltr'><strong>est,</strong></span> <span class='ocrx_word' id='word_1_236' title='bbox 3761 1791 3842 1844; x_wconf 76' lang='lat' dir='ltr'><strong>die</strong></span> 
     </span>
    </p>
   </div>
   <div class='ocr_carea' id='block_1_34' title="bbox 556 1874 2143 1944">
    <p class='ocr_par' dir='ltr' id='par_1_34' title="bbox 556 1874 2143 1944">
     <span class='ocr_line' id='line_1_34' title="bbox 556 1874 2143 1944; baseline -0.002 -16"><span class='ocrx_word' id='word_1_237' title='bbox 556 1875 738 1930; x_wconf 88' lang='lat' dir='ltr'><strong>tuodis</strong></span> <span class='ocrx_word' id='word_1_238' title='bbox 803 1891 1019 1930; x_wconf 90' lang='lat' dir='ltr'><strong>crucem</strong></span> <span class='ocrx_word' id='word_1_239' title='bbox 1065 1874 1275 1928; x_wconf 89' lang='lat' dir='ltr'><strong>Domini</strong></span> <span class='ocrx_word' id='word_1_240' title='bbox 1333 1874 1656 1944; x_wconf 88' lang='lat' dir='ltr'><strong>hajulamus,</strong></span> <span class='ocrx_word' id='word_1_241' title='bbox 1726 1887 1848 1927; x_wconf 91' lang='lat' dir='ltr'><strong>cum</strong></span> <span class='ocrx_word' id='word_1_242' title='bbox 1892 1880 1988 1925; x_wconf 90' lang='lat' dir='ltr'><strong>aut</strong></span> <span class='ocrx_word' id='word_1_243' title='bbox 2045 1886 2143 1942; x_wconf 88' lang='lat' dir='ltr'><strong>per</strong></span> 
     </span>
    </p>
   </div>
   <div class='ocr_carea' id='block_1_35' title="bbox 558 1964 2145 2034">
    <p class='ocr_par' dir='ltr' id='par_1_35' title="bbox 558 1964 2145 2034">
     <span class='ocr_line' id='line_1_35' title="bbox 558 1964 2145 2034; baseline -0.002 -14"><span class='ocrx_word' id='word_1_244' title='bbox 558 1969 941 2023; x_wconf 82' lang='lat' dir='ltr'><strong>abstinentiam</strong></span> <span class='ocrx_word' id='word_1_245' title='bbox 972 1982 1190 2023; x_wconf 90' lang='lat' dir='ltr'><strong>carnem</strong></span> <span class='ocrx_word' id='word_1_246' title='bbox 1221 1965 1506 2030; x_wconf 85' lang='lat' dir='ltr'><strong>allicimus,</strong></span> <span class='ocrx_word' id='word_1_247' title='bbox 1557 1973 1647 2019; x_wconf 90' lang='lat' dir='ltr'><strong>aut</strong></span> <span class='ocrx_word' id='word_1_248' title='bbox 1677 1979 1774 2034; x_wconf 91' lang='lat' dir='ltr'><strong>per</strong></span> <span class='ocrx_word' id='word_1_249' title='bbox 1812 1964 2145 2033; x_wconf 87' lang='lat' dir='ltr'><strong>compassio-</strong></span> 
     </span>
    </p>
   </div>
   <div class='ocr_carea' id='block_1_36' title="bbox 559 2058 2138 2128">
    <p class='ocr_par' dir='ltr' id='par_1_36' title="bbox 559 2058 2138 2128">
     <span class='ocr_line' id='line_1_36' title="bbox 559 2058 2138 2128; baseline -0.003 -15"><span class='ocrx_word' id='word_1_250' title='bbox 559 2061 683 2114; x_wconf 81' lang='lat' dir='ltr'><strong>nem</strong></span> <span class='ocrx_word' id='word_1_251' title='bbox 713 2061 966 2128; x_wconf 79' lang='lat' dir='ltr'><strong>proximi,</strong></span> <span class='ocrx_word' id='word_1_252' title='bbox 1019 2060 1397 2114; x_wconf 86' lang='lat' dir='ltr'><strong>necessitatem</strong></span> <span class='ocrx_word' id='word_1_253' title='bbox 1428 2058 1571 2112; x_wconf 90' lang='lat' dir='ltr'><strong>illius</strong></span> <span class='ocrx_word' id='word_1_254' title='bbox 1591 2066 1832 2112; x_wconf 89' lang='lat' dir='ltr'><strong>nostram</strong></span> <span class='ocrx_word' id='word_1_255' title='bbox 1867 2065 2138 2125; x_wconf 88' lang='lat' dir='ltr'><strong>putamus.</strong></span> 
     </span>
    </p>
   </div>
   <div class='ocr_carea' id='block_1_37' title="bbox 556 2146 2140 2224">
    <p class='ocr_par' dir='ltr' id='par_1_37' title="bbox 556 2146 2140 2224">
     <span class='ocr_line' id='line_1_37' title="bbox 556 2146 2140 2224; baseline 0.001 -17"><span class='ocrx_word' id='word_1_256' title='bbox 556 2152 726 2224; x_wconf 90' lang='lat' dir='ltr'><strong>lgitur</strong></span> <span class='ocrx_word' id='word_1_257' title='bbox 762 2146 990 2208; x_wconf 85' lang='lat' dir='ltr'><strong>crucem</strong></span> <span class='ocrx_word' id='word_1_258' title='bbox 1023 2154 1255 2216; x_wconf 88' lang='lat' dir='ltr'><strong>Domini,</strong></span> <span class='ocrx_word' id='word_1_259' title='bbox 1292 2153 1597 2223; x_wconf 87' lang='lat' dir='ltr'><strong>passionem</strong></span> <span class='ocrx_word' id='word_1_260' title='bbox 1637 2152 1754 2220; x_wconf 86' lang='lat' dir='ltr'><strong>ejus</strong></span> <span class='ocrx_word' id='word_1_261' title='bbox 1799 2161 2140 2216; x_wconf 83' lang='lat' dir='ltr'><strong>venerantes,</strong></span> 
     </span>
    </p>
   </div>
   <div class='ocr_carea' id='block_1_38' title="bbox 557 2242 2141 2314">
    <p class='ocr_par' dir='ltr' id='par_1_38' title="bbox 557 2242 2141 2314">
     <span class='ocr_line' id='line_1_38' title="bbox 557 2242 2141 2314; baseline 0 -18"><span class='ocrx_word' id='word_1_262' title='bbox 557 2244 880 2298; x_wconf 80' lang='lat' dir='ltr'><strong>osculamini</strong></span> <span class='ocrx_word' id='word_1_263' title='bbox 906 2261 921 2308; x_wconf 92' lang='lat'><strong>;</strong></span> <span class='ocrx_word' id='word_1_264' title='bbox 951 2253 1005 2298; x_wconf 87' lang='lat' dir='ltr'><strong>et</strong></span> <span class='ocrx_word' id='word_1_265' title='bbox 1027 2260 1125 2312; x_wconf 90' lang='lat' dir='ltr'><strong>pro</strong></span> <span class='ocrx_word' id='word_1_266' title='bbox 1147 2242 1262 2310; x_wconf 85' lang='lat' dir='ltr'><strong>ejus</strong></span> <span class='ocrx_word' id='word_1_267' title='bbox 1304 2258 1510 2307; x_wconf 89' lang='lat' dir='ltr'><strong>amore,</strong></span> <span class='ocrx_word' id='word_1_268' title='bbox 1541 2245 1585 2298; x_wconf 91' lang='lat' dir='ltr'><strong>si</strong></span> <span class='ocrx_word' id='word_1_269' title='bbox 1623 2243 1916 2298; x_wconf 89' lang='lat' dir='ltr'><strong>necessitas</strong></span> <span class='ocrx_word' id='word_1_270' title='bbox 1953 2245 2141 2314; x_wconf 77' lang='lat' dir='ltr'><strong>exigit,</strong></span> 
     </span>
    </p>
   </div>
   <div class='ocr_carea' id='block_1_39' title="bbox 555 2336 2140 2408">
    <p class='ocr_par' dir='ltr' id='par_1_39' title="bbox 555 2336 2140 2408">
     <span class='ocr_line' id='line_1_39' title="bbox 555 2336 2140 2408; baseline 0.003 -19"><span class='ocrx_word' id='word_1_271' title='bbox 555 2339 750 2392; x_wconf 79' lang='lat' dir='ltr'><strong>eadem</strong></span> <span class='ocrx_word' id='word_1_272' title='bbox 813 2336 1144 2408; x_wconf 84' lang='lat' dir='ltr'><strong>cogitatione</strong></span> <span class='ocrx_word' id='word_1_273' title='bbox 1212 2336 1540 2400; x_wconf 85' lang='lat' dir='ltr'><strong>armamini;</strong></span> <span class='ocrx_word' id='word_1_274' title='bbox 1584 2344 1794 2405; x_wconf 88' lang='lat' dir='ltr'><strong>portate</strong></span> <span class='ocrx_word' id='word_1_275' title='bbox 1835 2351 1978 2402; x_wconf 91' lang='lat' dir='ltr'><strong>eam,</strong></span> <span class='ocrx_word' id='word_1_276' title='bbox 2047 2338 2140 2392; x_wconf 90' lang='lat' dir='ltr'><strong>sed</strong></span> 
     </span>
    </p>
   </div>
   <div class='ocr_carea' id='block_1_40' title="bbox 557 2427 2142 2497">
    <p class='ocr_par' dir='ltr' id='par_1_40' title="bbox 557 2427 2142 2497">
     <span class='ocr_line' id='line_1_40' title="bbox 557 2427 2142 2497; baseline -0.001 -15"><span class='ocrx_word' id='word_1_277' title='bbox 557 2444 684 2482; x_wconf 79' lang='lat' dir='ltr'><strong>eum</strong></span> <span class='ocrx_word' id='word_1_278' title='bbox 716 2444 924 2482; x_wconf 91' lang='lat' dir='ltr'><strong>summa</strong></span> <span class='ocrx_word' id='word_1_279' title='bbox 961 2427 1282 2487; x_wconf 87' lang='lat' dir='ltr'><strong>reverentia,</strong></span> <span class='ocrx_word' id='word_1_280' title='bbox 1322 2435 1379 2481; x_wconf 91' lang='lat' dir='ltr'><strong>et</strong></span> <span class='ocrx_word' id='word_1_281' title='bbox 1415 2443 1641 2497; x_wconf 90' lang='lat' dir='ltr'><strong>corpore</strong></span> <span class='ocrx_word' id='word_1_282' title='bbox 1685 2436 1740 2481; x_wconf 91' lang='lat' dir='ltr'><strong>et</strong></span> <span class='ocrx_word' id='word_1_283' title='bbox 1765 2427 1928 2482; x_wconf 88' lang='lat' dir='ltr'><strong>corde</strong></span> <span class='ocrx_word' id='word_1_284' title='bbox 1987 2443 2142 2480; x_wconf 79' lang='lat' dir='ltr'><strong>mun-</strong></span> 
     </span>
    </p>
   </div>
   <div class='ocr_carea' id='block_1_41' title="bbox 556 2520 2140 2591">
    <p class='ocr_par' dir='ltr' id='par_1_41' title="bbox 556 2520 2140 2591">
     <span class='ocr_line' id='line_1_41' title="bbox 556 2520 2140 2591; baseline 0.003 -21"><span class='ocrx_word' id='word_1_285' title='bbox 556 2521 799 2583; x_wconf 88' lang='lat' dir='ltr'><strong>dissimo,</strong></span> <span class='ocrx_word' id='word_1_286' title='bbox 852 2520 924 2576; x_wconf 86' lang='lat' dir='ltr'><strong>ita</strong></span> <span class='ocrx_word' id='word_1_287' title='bbox 967 2529 1025 2573; x_wconf 90' lang='lat' dir='ltr'><strong>ut</strong></span> <span class='ocrx_word' id='word_1_288' title='bbox 1057 2537 1086 2574; x_wconf 94' lang='lat' dir='ltr'><strong>a</strong></span> <span class='ocrx_word' id='word_1_289' title='bbox 1116 2530 1294 2575; x_wconf 83' lang='lat' dir='ltr'><strong>mente</strong></span> <span class='ocrx_word' id='word_1_290' title='bbox 1358 2531 1536 2575; x_wconf 75' lang='lat' dir='ltr'><strong>vestra</strong></span> <span class='ocrx_word' id='word_1_291' title='bbox 1576 2538 1849 2591; x_wconf 75' lang='lat' dir='ltr'><strong>nunquam</strong></span> <span class='ocrx_word' id='word_1_292' title='bbox 1906 2521 2140 2584; x_wconf 87' lang='lat' dir='ltr'><strong>decidat,</strong></span> 
     </span>
    </p>
   </div>
   <div class='ocr_carea' id='block_1_42' title="bbox 553 2610 2141 2683">
    <p class='ocr_par' dir='ltr' id='par_1_42' title="bbox 553 2610 2141 2683">
     <span class='ocr_line' id='line_1_42' title="bbox 553 2610 2141 2683; baseline 0.001 -20"><span class='ocrx_word' id='word_1_293' title='bbox 553 2610 733 2673; x_wconf 82' lang='lat' dir='ltr'><strong>idest,</strong></span> <span class='ocrx_word' id='word_1_294' title='bbox 781 2618 840 2664; x_wconf 91' lang='lat' dir='ltr'><strong>ut</strong></span> <span class='ocrx_word' id='word_1_295' title='bbox 879 2617 932 2664; x_wconf 90' lang='lat' dir='ltr'><strong>et</strong></span> <span class='ocrx_word' id='word_1_296' title='bbox 952 2625 1050 2680; x_wconf 91' lang='lat' dir='ltr'><strong>per</strong></span> <span class='ocrx_word' id='word_1_297' title='bbox 1096 2612 1480 2666; x_wconf 87' lang='lat' dir='ltr'><strong>abstinentiam</strong></span> <span class='ocrx_word' id='word_1_298' title='bbox 1535 2628 1754 2668; x_wconf 86' lang='lat' dir='ltr'><strong>carnem</strong></span> <span class='ocrx_word' id='word_1_299' title='bbox 1786 2628 2000 2683; x_wconf 90' lang='lat' dir='ltr'><strong>semper</strong></span> <span class='ocrx_word' id='word_1_300' title='bbox 2024 2612 2141 2666; x_wconf 83' lang='lat' dir='ltr'><strong>alii-</strong></span> 
     </span>
    </p>
   </div>
   <div class='ocr_carea' id='block_1_43' title="bbox 559 2702 2143 2778">
    <p class='ocr_par' dir='ltr' id='par_1_43' title="bbox 559 2702 2143 2778">
     <span class='ocr_line' id='line_1_43' title="bbox 559 2702 2143 2778; baseline 0.004 -23"><span class='ocrx_word' id='word_1_301' title='bbox 559 2702 739 2766; x_wconf 89' lang='lat' dir='ltr'><strong>eiatis,</strong></span> <span class='ocrx_word' id='word_1_302' title='bbox 771 2710 826 2756; x_wconf 90' lang='lat' dir='ltr'><strong>et</strong></span> <span class='ocrx_word' id='word_1_303' title='bbox 851 2718 950 2772; x_wconf 90' lang='lat' dir='ltr'><strong>per</strong></span> <span class='ocrx_word' id='word_1_304' title='bbox 978 2704 1408 2774; x_wconf 84' lang='lat' dir='ltr'><strong>compassiouem</strong></span> <span class='ocrx_word' id='word_1_305' title='bbox 1441 2706 1818 2760; x_wconf 82' lang='lat' dir='ltr'><strong>necessitatem</strong></span> <span class='ocrx_word' id='word_1_306' title='bbox 1870 2708 2143 2778; x_wconf 84' lang='lat' dir='ltr'><strong>proximo-</strong></span> 
     </span>
    </p>
   </div>
   <div class='ocr_carea' id='block_1_44' title="bbox 555 2793 2142 2861">
    <p class='ocr_par' dir='ltr' id='par_1_44' title="bbox 555 2793 2142 2861">
     <span class='ocr_line' id='line_1_44' title="bbox 555 2793 2142 2861; baseline 0.004 -17"><span class='ocrx_word' id='word_1_307' title='bbox 555 2802 677 2845; x_wconf 80' lang='lat' dir='ltr'><strong>rum</strong></span> <span class='ocrx_word' id='word_1_308' title='bbox 722 2801 958 2847; x_wconf 86' lang='lat' dir='ltr'><strong>vestram</strong></span> <span class='ocrx_word' id='word_1_309' title='bbox 1002 2794 1224 2861; x_wconf 86' lang='lat' dir='ltr'><strong>putetis.</strong></span> <span class='ocrx_word' id='word_1_310' title='bbox 1274 2793 1376 2860; x_wconf 86' lang='lat' dir='ltr'><strong>Qui</strong></span> <span class='ocrx_word' id='word_1_311' title='bbox 1403 2795 1546 2848; x_wconf 90' lang='lat' dir='ltr'><strong>enim</strong></span> <span class='ocrx_word' id='word_1_312' title='bbox 1568 2794 1804 2849; x_wconf 90' lang='lat' dir='ltr'><strong>dolorem</strong></span> <span class='ocrx_word' id='word_1_313' title='bbox 1847 2796 2066 2851; x_wconf 79' lang='lat' dir='ltr'><strong>exhibet</strong></span> <span class='ocrx_word' id='word_1_314' title='bbox 2089 2797 2142 2850; x_wconf 91' lang='lat' dir='ltr'><strong>in</strong></span> 
     </span>
    </p>
   </div>
   <div class='ocr_carea' id='block_1_45' title="bbox 552 2881 2142 2952">
    <p class='ocr_par' dir='ltr' id='par_1_45' title="bbox 552 2881 2142 2952">
     <span class='ocr_line' id='line_1_45' title="bbox 552 2881 2142 2952; baseline 0.003 -19"><span class='ocrx_word' id='word_1_315' title='bbox 552 2881 731 2936; x_wconf 80' lang='lat' dir='ltr'><strong>aliena</strong></span> <span class='ocrx_word' id='word_1_316' title='bbox 761 2882 1102 2944; x_wconf 87' lang='lat' dir='ltr'><strong>necessitate,</strong></span> <span class='ocrx_word' id='word_1_317' title='bbox 1136 2897 1354 2936; x_wconf 90' lang='lat' dir='ltr'><strong>crucem</strong></span> <span class='ocrx_word' id='word_1_318' title='bbox 1387 2891 1565 2952; x_wconf 77' lang='lat' dir='ltr'><strong>portat</strong></span> <span class='ocrx_word' id='word_1_319' title='bbox 1592 2883 1642 2936; x_wconf 93' lang='lat' dir='ltr'><strong>in</strong></span> <span class='ocrx_word' id='word_1_320' title='bbox 1667 2893 1863 2939; x_wconf 90' lang='lat' dir='ltr'><strong>mente.</strong></span> <span class='ocrx_word' id='word_1_321' title='bbox 1903 2884 2142 2938; x_wconf 88' lang='lat' dir='ltr'><strong>Immun-</strong></span> 
     </span>
    </p>
   </div>
   <div class='ocr_carea' id='block_1_46' title="bbox 560 2974 2139 3045">
    <p class='ocr_par' dir='ltr' id='par_1_46' title="bbox 560 2974 2139 3045">
     <span class='ocr_line' id='line_1_46' title="bbox 560 2974 2139 3045; baseline 0.003 -19"><span class='ocrx_word' id='word_1_322' title='bbox 560 2975 688 3027; x_wconf 91' lang='lat' dir='ltr'><strong>dum</strong></span> <span class='ocrx_word' id='word_1_323' title='bbox 718 2982 898 3028; x_wconf 83' lang='lat' dir='ltr'><strong>autent</strong></span> <span class='ocrx_word' id='word_1_324' title='bbox 937 2975 1077 3028; x_wconf 90' lang='lat' dir='ltr'><strong>hanc</strong></span> <span class='ocrx_word' id='word_1_325' title='bbox 1103 2985 1320 3042; x_wconf 89' lang='lat' dir='ltr'><strong>portare</strong></span> <span class='ocrx_word' id='word_1_326' title='bbox 1351 2974 1498 3028; x_wconf 91' lang='lat' dir='ltr'><strong>nullo</strong></span> <span class='ocrx_word' id='word_1_327' title='bbox 1531 2983 1690 3043; x_wconf 82' lang='lat' dir='ltr'><strong>pacto</strong></span> <span class='ocrx_word' id='word_1_328' title='bbox 1730 2975 2093 3045; x_wconf 85' lang='lat' dir='ltr'><strong>permittimus</strong></span> <span class='ocrx_word' id='word_1_329' title='bbox 2124 2993 2139 3041; x_wconf 91' lang='lat'><strong>;</strong></span> 
     </span>
    </p>
   </div>
   <div class='ocr_carea' id='block_1_47' title="bbox 551 3063 2142 3136">
    <p class='ocr_par' dir='ltr' id='par_1_47' title="bbox 551 3063 2142 3136">
     <span class='ocr_line' id='line_1_47' title="bbox 551 3063 2142 3136; baseline -0.001 -17"><span class='ocrx_word' id='word_1_330' title='bbox 551 3064 814 3133; x_wconf 86' lang='lat' dir='ltr'><strong>scriptum</strong></span> <span class='ocrx_word' id='word_1_331' title='bbox 861 3065 1058 3134; x_wconf 89' lang='lat' dir='ltr'><strong>quippe</strong></span> <span class='ocrx_word' id='word_1_332' title='bbox 1083 3073 1166 3119; x_wconf 81' lang='lat' dir='ltr'><strong>est</strong></span> <span class='ocrx_word' id='word_1_333' title='bbox 1198 3081 1211 3117; x_wconf 90' lang='lat'><strong>:</strong></span> <span class='ocrx_word' id='word_1_334' title='bbox 1247 3063 1578 3118; x_wconf 81' lang='lat' dir='ltr'><strong>Mundumini</strong></span> <span class='ocrx_word' id='word_1_335' title='bbox 1601 3067 1689 3136; x_wconf 88' lang='lat' dir='ltr'><strong>qui</strong></span> <span class='ocrx_word' id='word_1_336' title='bbox 1721 3067 1868 3135; x_wconf 78' lang='lat' dir='ltr'><strong>fertis</strong></span> <span class='ocrx_word' id='word_1_337' title='bbox 1890 3083 2012 3120; x_wconf 79' lang='lat' dir='ltr'><strong>vasa</strong></span> <span class='ocrx_word' id='word_1_338' title='bbox 2036 3065 2142 3119; x_wconf 81' lang='lat' dir='ltr'><strong>Do—</strong></span> 
     </span>
    </p>
   </div>
   <div class='ocr_carea' id='block_1_48' title="bbox 2242 1878 3837 1946">
    <p class='ocr_par' dir='ltr' id='par_1_48' title="bbox 2242 1878 3837 1946">
     <span class='ocr_line' id='line_1_48' title="bbox 2242 1878 3837 1946; baseline 0.003 -15"><span class='ocrx_word' id='word_1_339' title='bbox 2242 1888 2456 1932; x_wconf 88' lang='lat' dir='ltr'><strong>servato</strong></span> <span class='ocrx_word' id='word_1_340' title='bbox 2486 1878 2750 1946; x_wconf 88' lang='lat' dir='ltr'><strong>superiori</strong></span> <span class='ocrx_word' id='word_1_341' title='bbox 2782 1887 2969 1932; x_wconf 89' lang='lat' dir='ltr'><strong>tenore</strong></span> <span class='ocrx_word' id='word_1_342' title='bbox 2996 1878 3531 1932; x_wconf 74' lang='lat' dir='ltr'><strong>communicandum.</strong></span> <span class='ocrx_word' id='word_1_343' title='bbox 3562 1879 3837 1946; x_wconf 84' lang='lat' dir='ltr'><strong>Quoniam</strong></span> 
     </span>
    </p>
   </div>
   <div class='ocr_carea' id='block_1_49' title="bbox 2243 1969 3836 2037">
    <p class='ocr_par' dir='ltr' id='par_1_49' title="bbox 2243 1969 3836 2037">
     <span class='ocr_line' id='line_1_49' title="bbox 2243 1969 3836 2037; baseline 0.004 -16"><span class='ocrx_word' id='word_1_344' title='bbox 2243 1981 2454 2037; x_wconf 89' lang='lat' dir='ltr'><strong>semper</strong></span> <span class='ocrx_word' id='word_1_345' title='bbox 2477 1976 2559 2022; x_wconf 88' lang='lat' dir='ltr'><strong>est</strong></span> <span class='ocrx_word' id='word_1_346' title='bbox 2588 1969 2819 2022; x_wconf 90' lang='lat' dir='ltr'><strong>orationi</strong></span> <span class='ocrx_word' id='word_1_347' title='bbox 2847 1969 3170 2032; x_wconf 90' lang='lat' dir='ltr'><strong>vacandum,</strong></span> <span class='ocrx_word' id='word_1_348' title='bbox 3197 1978 3252 2024; x_wconf 92' lang='lat' dir='ltr'><strong>et</strong></span> <span class='ocrx_word' id='word_1_349' title='bbox 3279 1970 3578 2026; x_wconf 88' lang='lat' dir='ltr'><strong>sacriﬁciis</strong></span> <span class='ocrx_word' id='word_1_350' title='bbox 3603 1973 3836 2028; x_wconf 87' lang='lat' dir='ltr'><strong>ﬁdeliunt</strong></span> 
     </span>
    </p>
   </div>
   <div class='ocr_carea' id='block_1_50' title="bbox 2242 2056 3838 2131">
    <p class='ocr_par' dir='ltr' id='par_1_50' title="bbox 2242 2056 3838 2131">
     <span class='ocr_line' id='line_1_50' title="bbox 2242 2056 3838 2131; baseline 0.003 -18"><span class='ocrx_word' id='word_1_351' title='bbox 2242 2059 2693 2124; x_wconf 90' lang='lat' dir='ltr'><strong>concurrendum,</strong></span> <span class='ocrx_word' id='word_1_352' title='bbox 2738 2069 2794 2114; x_wconf 88' lang='lat' dir='ltr'><strong>et</strong></span> <span class='ocrx_word' id='word_1_353' title='bbox 2818 2059 2948 2115; x_wconf 90' lang='lat' dir='ltr'><strong>illud</strong></span> <span class='ocrx_word' id='word_1_354' title='bbox 2993 2061 3388 2130; x_wconf 79' lang='lat' dir='ltr'><strong>propheticum,</strong></span> <span class='ocrx_word' id='word_1_355' title='bbox 3441 2077 3558 2131; x_wconf 84' lang='lat' dir='ltr'><strong>quo</strong></span> <span class='ocrx_word' id='word_1_356' title='bbox 3601 2056 3838 2117; x_wconf 81' lang='lat' dir='ltr'><strong>dicitur:</strong></span> 
     </span>
    </p>
   </div>
   <div class='ocr_carea' id='block_1_51' title="bbox 2245 2150 3830 2222">
    <p class='ocr_par' dir='ltr' id='par_1_51' title="bbox 2245 2150 3830 2222">
     <span class='ocr_line' id='line_1_51' title="bbox 2245 2150 3830 2222; baseline 0.001 -18"><span class='ocrx_word' id='word_1_357' title='bbox 2245 2150 2313 2204; x_wconf 84' lang='lat' dir='ltr'><strong>In</strong></span> <span class='ocrx_word' id='word_1_358' title='bbox 2349 2151 2436 2206; x_wconf 83' lang='lat' dir='ltr'><strong>die</strong></span> <span class='ocrx_word' id='word_1_359' title='bbox 2466 2151 2660 2221; x_wconf 86' lang='lat' dir='ltr'><strong>jejunii</strong></span> <span class='ocrx_word' id='word_1_360' title='bbox 2708 2153 2860 2207; x_wconf 74' lang='lat' dir='ltr'><strong>uestri</strong></span> <span class='ocrx_word' id='word_1_361' title='bbox 2906 2154 3170 2207; x_wconf 79' lang='lat' dir='ltr'><strong>inuenitur</strong></span> <span class='ocrx_word' id='word_1_362' title='bbox 3202 2152 3443 2207; x_wconf 77' lang='lat' dir='ltr'><strong>uoluntas</strong></span> <span class='ocrx_word' id='word_1_363' title='bbox 3478 2165 3668 2209; x_wconf 74' lang='lat' dir='ltr'><strong>uestra</strong></span> <span class='ocrx_word' id='word_1_364' title='bbox 3706 2154 3830 2222; x_wconf 81' lang='lat' dir='ltr'><strong>(lu.</strong></span> 
     </span>
    </p>
   </div>
   <div class='ocr_carea' id='block_1_52' title="bbox 2243 2242 3832 2315">
    <p class='ocr_par' dir='ltr' id='par_1_52' title="bbox 2243 2242 3832 2315">
     <span class='ocr_line' id='line_1_52' title="bbox 2243 2242 3832 2315; baseline 0.001 -17"><span class='ocrx_word' id='word_1_365' title='bbox 2243 2242 2416 2313; x_wconf 80' lang='lat' dir='ltr'><strong>mn),</strong></span> <span class='ocrx_word' id='word_1_366' title='bbox 2453 2243 2653 2315; x_wconf 87' lang='lat' dir='ltr'><strong>jugiter</strong></span> <span class='ocrx_word' id='word_1_367' title='bbox 2699 2245 2766 2298; x_wconf 87' lang='lat' dir='ltr'><strong>ad</strong></span> <span class='ocrx_word' id='word_1_368' title='bbox 2798 2246 3114 2300; x_wconf 91' lang='lat' dir='ltr'><strong>memoriam</strong></span> <span class='ocrx_word' id='word_1_369' title='bbox 3145 2247 3534 2300; x_wconf 84' lang='lat' dir='ltr'><strong>revocandum.</strong></span> <span class='ocrx_word' id='word_1_370' title='bbox 3575 2246 3637 2302; x_wconf 90' lang='lat' dir='ltr'><strong>Si</strong></span> <span class='ocrx_word' id='word_1_371' title='bbox 3693 2250 3832 2303; x_wconf 84' lang='lat' dir='ltr'><strong>enim</strong></span> 
     </span>
    </p>
   </div>
   <div class='ocr_carea' id='block_1_53' title="bbox 2243 2336 3830 2408">
    <p class='ocr_par' dir='ltr' id='par_1_53' title="bbox 2243 2336 3830 2408">
     <span class='ocr_line' id='line_1_53' title="bbox 2243 2336 3830 2408; baseline 0.001 -18"><span class='ocrx_word' id='word_1_372' title='bbox 2243 2351 2311 2390; x_wconf 82' lang='lat' dir='ltr'><strong>ex</strong></span> <span class='ocrx_word' id='word_1_373' title='bbox 2348 2351 2614 2392; x_wconf 90' lang='lat' dir='ltr'><strong>consensu</strong></span> <span class='ocrx_word' id='word_1_374' title='bbox 2641 2336 3051 2408; x_wconf 88' lang='lat' dir='ltr'><strong>conjugatorum</strong></span> <span class='ocrx_word' id='word_1_375' title='bbox 3101 2339 3265 2394; x_wconf 87' lang='lat' dir='ltr'><strong>etiam</strong></span> <span class='ocrx_word' id='word_1_376' title='bbox 3309 2339 3415 2394; x_wconf 89' lang='lat' dir='ltr'><strong>alio</strong></span> <span class='ocrx_word' id='word_1_377' title='bbox 3445 2338 3599 2393; x_wconf 78' lang='lat' dir='ltr'><strong>forte</strong></span> <span class='ocrx_word' id='word_1_378' title='bbox 3641 2341 3830 2393; x_wconf 86' lang='lat' dir='ltr'><strong>mundo</strong></span> 
     </span>
    </p>
   </div>
   <div class='ocr_carea' id='block_1_54' title="bbox 2244 2430 3828 2500">
    <p class='ocr_par' dir='ltr' id='par_1_54' title="bbox 2244 2430 3828 2500">
     <span class='ocr_line' id='line_1_54' title="bbox 2244 2430 3828 2500; baseline 0 -18"><span class='ocrx_word' id='word_1_379' title='bbox 2244 2443 2470 2498; x_wconf 91' lang='lat' dir='ltr'><strong>corpore</strong></span> <span class='ocrx_word' id='word_1_380' title='bbox 2521 2437 2766 2498; x_wconf 89' lang='lat' dir='ltr'><strong>tempore</strong></span> <span class='ocrx_word' id='word_1_381' title='bbox 2815 2439 3042 2484; x_wconf 87' lang='lat' dir='ltr'><strong>vacatur</strong></span> <span class='ocrx_word' id='word_1_382' title='bbox 3088 2433 3342 2493; x_wconf 88' lang='lat' dir='ltr'><strong>orationi,</strong></span> <span class='ocrx_word' id='word_1_383' title='bbox 3389 2440 3605 2500; x_wconf 90' lang='lat' dir='ltr'><strong>quanto</strong></span> <span class='ocrx_word' id='word_1_384' title='bbox 3660 2430 3828 2499; x_wconf 79' lang='lat' dir='ltr'><strong>potius</strong></span> 
     </span>
    </p>
   </div>
   <div class='ocr_carea' id='block_1_55' title="bbox 2244 2517 3826 2588">
    <p class='ocr_par' dir='ltr' id='par_1_55' title="bbox 2244 2517 3826 2588">
     <span class='ocr_line' id='line_1_55' title="bbox 2244 2517 3826 2588; baseline 0.004 -17"><span class='ocrx_word' id='word_1_385' title='bbox 2244 2517 2374 2582; x_wconf 86' lang='lat' dir='ltr'><strong>isto,</strong></span> <span class='ocrx_word' id='word_1_386' title='bbox 2429 2534 2538 2588; x_wconf 92' lang='lat' dir='ltr'><strong>quo</strong></span> <span class='ocrx_word' id='word_1_387' title='bbox 2566 2519 2677 2572; x_wconf 88' lang='lat' dir='ltr'><strong>Deo</strong></span> <span class='ocrx_word' id='word_1_388' title='bbox 2697 2519 2862 2573; x_wconf 91' lang='lat' dir='ltr'><strong>etiam</strong></span> <span class='ocrx_word' id='word_1_389' title='bbox 2894 2520 3078 2575; x_wconf 89' lang='lat' dir='ltr'><strong>carnis</strong></span> <span class='ocrx_word' id='word_1_390' title='bbox 3114 2532 3314 2577; x_wconf 72' lang='lat' dir='ltr'><strong>nostra:</strong></span> <span class='ocrx_word' id='word_1_391' title='bbox 3351 2522 3600 2576; x_wconf 86' lang='lat' dir='ltr'><strong>decimas</strong></span> <span class='ocrx_word' id='word_1_392' title='bbox 3627 2521 3826 2578; x_wconf 86' lang='lat' dir='ltr'><strong>damus.</strong></span> 
     </span>
    </p>
   </div>
   <div class='ocr_carea' id='block_1_56' title="bbox 2243 2607 3830 2676">
    <p class='ocr_par' dir='ltr' id='par_1_56' title="bbox 2243 2607 3830 2676">
     <span class='ocr_line' id='line_1_56' title="bbox 2243 2607 3830 2676; baseline -0.001 -16"><span class='ocrx_word' id='word_1_393' title='bbox 2243 2622 2353 2675; x_wconf 91' lang='lat' dir='ltr'><strong>quo</strong></span> <span class='ocrx_word' id='word_1_394' title='bbox 2384 2607 2557 2676; x_wconf 91' lang='lat' dir='ltr'><strong>ipsum</strong></span> <span class='ocrx_word' id='word_1_395' title='bbox 2605 2607 2658 2661; x_wconf 94' lang='lat' dir='ltr'><strong>in</strong></span> <span class='ocrx_word' id='word_1_396' title='bbox 2684 2607 3010 2662; x_wconf 88' lang='lat' dir='ltr'><strong>abstinentia</strong></span> <span class='ocrx_word' id='word_1_397' title='bbox 3040 2609 3323 2664; x_wconf 85' lang='lat' dir='ltr'><strong>Dominum</strong></span> <span class='ocrx_word' id='word_1_398' title='bbox 3380 2610 3690 2671; x_wconf 88' lang='lat' dir='ltr'><strong>imitamur,</strong></span> <span class='ocrx_word' id='word_1_399' title='bbox 3734 2621 3830 2676; x_wconf 86' lang='lat' dir='ltr'><strong>quo</strong></span> 
     </span>
    </p>
   </div>
   <div class='ocr_carea' id='block_1_57' title="bbox 2243 2698 3826 2767">
    <p class='ocr_par' dir='ltr' id='par_1_57' title="bbox 2243 2698 3826 2767">
     <span class='ocr_line' id='line_1_57' title="bbox 2243 2698 3826 2767; baseline -0.001 -15"><span class='ocrx_word' id='word_1_400' title='bbox 2243 2712 2349 2752; x_wconf 90' lang='lat' dir='ltr'><strong>non</strong></span> <span class='ocrx_word' id='word_1_401' title='bbox 2373 2698 2546 2753; x_wconf 89' lang='lat' dir='ltr'><strong>solum</strong></span> <span class='ocrx_word' id='word_1_402' title='bbox 2569 2698 2779 2763; x_wconf 87' lang='lat' dir='ltr'><strong>illicita,</strong></span> <span class='ocrx_word' id='word_1_403' title='bbox 2805 2713 2994 2753; x_wconf 88' lang='lat' dir='ltr'><strong>verum</strong></span> <span class='ocrx_word' id='word_1_404' title='bbox 3015 2700 3180 2754; x_wconf 89' lang='lat' dir='ltr'><strong>etiam</strong></span> <span class='ocrx_word' id='word_1_405' title='bbox 3203 2701 3366 2756; x_wconf 84' lang='lat' dir='ltr'><strong>multa</strong></span> <span class='ocrx_word' id='word_1_406' title='bbox 3387 2716 3416 2753; x_wconf 93' lang='lat' dir='ltr'><strong>a</strong></span> <span class='ocrx_word' id='word_1_407' title='bbox 3441 2699 3606 2753; x_wconf 88' lang='lat' dir='ltr'><strong>nobis</strong></span> <span class='ocrx_word' id='word_1_408' title='bbox 3625 2712 3826 2767; x_wconf 84' lang='lat' dir='ltr'><strong>quoque</strong></span> 
     </span>
    </p>
   </div>
   <div class='ocr_carea' id='block_1_58' title="bbox 2243 2789 3823 2860">
    <p class='ocr_par' dir='ltr' id='par_1_58' title="bbox 2243 2789 3823 2860">
     <span class='ocr_line' id='line_1_58' title="bbox 2243 2789 3823 2860; baseline -0.003 -17"><span class='ocrx_word' id='word_1_409' title='bbox 2243 2789 2390 2844; x_wconf 89' lang='lat' dir='ltr'><strong>licita</strong></span> <span class='ocrx_word' id='word_1_410' title='bbox 2415 2789 2609 2844; x_wconf 89' lang='lat' dir='ltr'><strong>merito</strong></span> <span class='ocrx_word' id='word_1_411' title='bbox 2639 2805 2973 2855; x_wconf 90' lang='lat' dir='ltr'><strong>resecamus,</strong></span> <span class='ocrx_word' id='word_1_412' title='bbox 3011 2793 3158 2846; x_wconf 89' lang='lat' dir='ltr'><strong>omni</strong></span> <span class='ocrx_word' id='word_1_413' title='bbox 3198 2801 3285 2847; x_wconf 92' lang='lat' dir='ltr'><strong>est</strong></span> <span class='ocrx_word' id='word_1_414' title='bbox 3322 2791 3592 2860; x_wconf 86' lang='lat' dir='ltr'><strong>voluptati</strong></span> <span class='ocrx_word' id='word_1_415' title='bbox 3640 2804 3823 2843; x_wconf 90' lang='lat' dir='ltr'><strong>renun-</strong></span> 
     </span>
    </p>
   </div>
   <div class='ocr_carea' id='block_1_59' title="bbox 2244 2879 3823 2946">
    <p class='ocr_par' dir='ltr' id='par_1_59' title="bbox 2244 2879 3823 2946">
     <span class='ocr_line' id='line_1_59' title="bbox 2244 2879 3823 2946; baseline -0.001 -14"><span class='ocrx_word' id='word_1_416' title='bbox 2244 2879 2528 2935; x_wconf 87' lang='lat' dir='ltr'><strong>tiandum?</strong></span> <span class='ocrx_word' id='word_1_417' title='bbox 2557 2889 2699 2935; x_wconf 90' lang='lat' dir='ltr'><strong>etut</strong></span> <span class='ocrx_word' id='word_1_418' title='bbox 2745 2880 2970 2936; x_wconf 89' lang='lat' dir='ltr'><strong>licenter</strong></span> <span class='ocrx_word' id='word_1_419' title='bbox 3021 2883 3251 2938; x_wconf 81' lang='lat' dir='ltr'><strong>orationi</strong></span> <span class='ocrx_word' id='word_1_420' title='bbox 3298 2890 3541 2946; x_wconf 86' lang='lat' dir='ltr'><strong>vacetur,</strong></span> <span class='ocrx_word' id='word_1_421' title='bbox 3599 2879 3823 2936; x_wconf 81' lang='lat' dir='ltr'><strong>castitati</strong></span> 
     </span>
    </p>
   </div>
   <div class='ocr_carea' id='block_1_60' title="bbox 2243 2970 3278 3039">
    <p class='ocr_par' dir='ltr' id='par_1_60' title="bbox 2243 2970 3278 3039">
     <span class='ocr_line' id='line_1_60' title="bbox 2243 2970 3278 3039; baseline 0.003 -15"><span class='ocrx_word' id='word_1_422' title='bbox 2243 2970 2440 3025; x_wconf 84' lang='lat' dir='ltr'><strong>tuentis</strong></span> <span class='ocrx_word' id='word_1_423' title='bbox 2471 2980 2528 3025; x_wconf 91' lang='lat' dir='ltr'><strong>ct</strong></span> <span class='ocrx_word' id='word_1_424' title='bbox 2551 2971 2795 3039; x_wconf 87' lang='lat' dir='ltr'><strong>corporis</strong></span> <span class='ocrx_word' id='word_1_425' title='bbox 2820 2971 3278 3027; x_wconf 77' lang='lat' dir='ltr'><strong>incumbendum?</strong></span> 
     </span>
    </p>
   </div>
   <div class='ocr_carea' id='block_1_61' title="bbox 2316 3059 3820 3131">
    <p class='ocr_par' dir='ltr' id='par_1_61' title="bbox 2316 3059 3820 3131">
     <span class='ocr_line' id='line_1_61' title="bbox 2316 3059 3820 3131; baseline -0.001 -18"><span class='ocrx_word' id='word_1_426' title='bbox 2316 3059 2383 3114; x_wconf 82' lang='lat' dir='ltr'><strong>X.</strong></span> <span class='ocrx_word' id='word_1_427' title='bbox 2417 3059 2585 3116; x_wconf 87' lang='lat' dir='ltr'><strong>Nosse</strong></span> <span class='ocrx_word' id='word_1_428' title='bbox 2611 3061 2828 3131; x_wconf 90' lang='lat' dir='ltr'><strong>cupitis,</strong></span> <span class='ocrx_word' id='word_1_429' title='bbox 2856 3062 2901 3116; x_wconf 93' lang='lat' dir='ltr'><strong>si</strong></span> <span class='ocrx_word' id='word_1_430' title='bbox 2934 3062 3094 3117; x_wconf 90' lang='lat' dir='ltr'><strong>liceat</strong></span> <span class='ocrx_word' id='word_1_431' title='bbox 3119 3061 3278 3117; x_wconf 88' lang='lat' dir='ltr'><strong>alicui</strong></span> <span class='ocrx_word' id='word_1_432' title='bbox 3302 3062 3580 3127; x_wconf 85' lang='lat' dir='ltr'><strong>Sabbato,</strong></span> <span class='ocrx_word' id='word_1_433' title='bbox 3619 3061 3700 3114; x_wconf 87' lang='lat' dir='ltr'><strong>vel</strong></span> <span class='ocrx_word' id='word_1_434' title='bbox 3727 3059 3820 3112; x_wconf 85' lang='lat' dir='ltr'><strong>Do-</strong></span> 
     </span>
    </p>
   </div>
   <div class='ocr_carea' id='block_1_62' title="bbox 555 3136 3818 3223">
    <p class='ocr_par' dir='ltr' id='par_1_62' title="bbox 555 3136 3818 3223">
     <span class='ocr_line' id='line_1_62' title="bbox 555 3136 3818 3223; baseline -0.001 -18"><span class='ocrx_word' id='word_1_435' title='bbox 555 3154 688 3206; x_wconf 82' lang='lat' dir='ltr'><strong>mini</strong></span> <span class='ocrx_word' id='word_1_436' title='bbox 730 3153 865 3217; x_wconf 79' lang='lat' dir='ltr'><strong>(Isa.</strong></span> <span class='ocrx_word' id='word_1_437' title='bbox 913 3155 1030 3223; x_wconf 78' lang='lat' dir='ltr'><strong>ur).</strong></span> <span class='ocrx_word' id='word_1_438' title='bbox 1089 3154 1302 3207; x_wconf 83' lang='lat' dir='ltr'><strong>Nullum</strong></span> <span class='ocrx_word' id='word_1_439' title='bbox 1328 3171 1456 3210; x_wconf 85' lang='lat' dir='ltr'><strong>vero</strong></span> <span class='ocrx_word' id='word_1_440' title='bbox 1505 3156 1716 3210; x_wconf 87' lang='lat' dir='ltr'><strong>Domini</strong></span> <span class='ocrx_word' id='word_1_441' title='bbox 1747 3173 1844 3212; x_wconf 89' lang='lat' dir='ltr'><strong>vas</strong></span> <span class='ocrx_word' id='word_1_442' title='bbox 1871 3158 2139 3212; x_wconf 85' lang='lat' dir='ltr'><strong>sacratius</strong></span> <span class='ocrx_word' id='word_1_443' title='bbox 2166 3136 2211 3198; x_wconf 69' lang='grc' dir='ltr'>Ο</span> <span class='ocrx_word' id='word_1_444' title='bbox 2241 3153 2442 3208; x_wconf 91' lang='lat' dir='ltr'><strong>minico</strong></span> <span class='ocrx_word' id='word_1_445' title='bbox 2477 3154 2564 3207; x_wconf 91' lang='lat' dir='ltr'><strong>die</strong></span> <span class='ocrx_word' id='word_1_446' title='bbox 2597 3151 2985 3207; x_wconf 88' lang='lat' dir='ltr'><strong>laborationem</strong></span> <span class='ocrx_word' id='word_1_447' title='bbox 3027 3153 3260 3222; x_wconf 91' lang='lat' dir='ltr'><strong>aliquam</strong></span> <span class='ocrx_word' id='word_1_448' title='bbox 3301 3167 3576 3208; x_wconf 74' lang='lat' dir='ltr'><strong>exercere.</strong></span> <span class='ocrx_word' id='word_1_449' title='bbox 3623 3153 3694 3206; x_wconf 91' lang='lat' dir='ltr'><strong>De</strong></span> <span class='ocrx_word' id='word_1_450' title='bbox 3727 3150 3818 3204; x_wconf 76' lang='lat' dir='ltr'><strong>hoc</strong></span> 
     </span>
    </p>
   </div>
   <div class='ocr_carea' id='block_1_63' title="bbox 553 3245 2138 3315">
    <p class='ocr_par' dir='ltr' id='par_1_63' title="bbox 553 3245 2138 3315">
     <span class='ocr_line' id='line_1_63' title="bbox 553 3245 2138 3315; baseline 0.004 -20"><span class='ocrx_word' id='word_1_451' title='bbox 553 3252 642 3297; x_wconf 85' lang='lat' dir='ltr'><strong>est</strong></span> <span class='ocrx_word' id='word_1_452' title='bbox 690 3259 853 3299; x_wconf 85' lang='lat' dir='ltr'><strong>cruce</strong></span> <span class='ocrx_word' id='word_1_453' title='bbox 878 3245 1174 3308; x_wconf 86' lang='lat' dir='ltr'><strong>Dominica,</strong></span> <span class='ocrx_word' id='word_1_454' title='bbox 1216 3261 1337 3314; x_wconf 70' lang='lat' dir='ltr'><strong>quae</strong></span> <span class='ocrx_word' id='word_1_455' title='bbox 1370 3246 1542 3315; x_wconf 91' lang='lat' dir='ltr'><strong>ipsum</strong></span> <span class='ocrx_word' id='word_1_456' title='bbox 1590 3257 1806 3315; x_wconf 85' lang='lat' dir='ltr'><strong>portare</strong></span> <span class='ocrx_word' id='word_1_457' title='bbox 1853 3249 2138 3303; x_wconf 88' lang='lat' dir='ltr'><strong>Dominutn</strong></span> 
     </span>
    </p>
   </div>
   <div class='ocr_carea' id='block_1_64' title="bbox 550 3333 2136 3392">
    <p class='ocr_par' dir='ltr' id='par_1_64' title="bbox 550 3333 2136 3392">
     <span class='ocr_line' id='line_1_64' title="bbox 550 3333 2136 3392; baseline 0.004 -6"><span class='ocrx_word' id='word_1_458' title='bbox 550 3334 770 3388; x_wconf 84' lang='lat' dir='ltr'><strong>meruit.</strong></span> <span class='ocrx_word' id='word_1_459' title='bbox 814 3333 1058 3389; x_wconf 83' lang='lat' dir='ltr'><strong>Osculari</strong></span> <span class='ocrx_word' id='word_1_460' title='bbox 1108 3343 1288 3388; x_wconf 89' lang='lat' dir='ltr'><strong>autem</strong></span> <span class='ocrx_word' id='word_1_461' title='bbox 1345 3350 1463 3389; x_wconf 89' lang='lat' dir='ltr'><strong>eam</strong></span> <span class='ocrx_word' id='word_1_462' title='bbox 1505 3337 1782 3391; x_wconf 89' lang='lat' dir='ltr'><strong>immundo</strong></span> <span class='ocrx_word' id='word_1_463' title='bbox 1829 3353 1931 3391; x_wconf 90' lang='lat' dir='ltr'><strong>non</strong></span> <span class='ocrx_word' id='word_1_464' title='bbox 1963 3337 2136 3392; x_wconf 90' lang='lat' dir='ltr'><strong>licet:</strong></span> 
     </span>
    </p>
   </div>
   <div class='ocr_carea' id='block_1_65' title="bbox 553 3424 2142 3497">
    <p class='ocr_par' dir='ltr' id='par_1_65' title="bbox 553 3424 2142 3497">
     <span class='ocr_line' id='line_1_65' title="bbox 553 3424 2142 3497; baseline 0.007 -23"><span class='ocrx_word' id='word_1_465' title='bbox 553 3424 808 3492; x_wconf 86' lang='lat' dir='ltr'><strong>quoniam</strong></span> <span class='ocrx_word' id='word_1_466' title='bbox 848 3439 914 3480; x_wconf 91' lang='lat' dir='ltr'><strong>eo</strong></span> <span class='ocrx_word' id='word_1_467' title='bbox 945 3424 1060 3493; x_wconf 89' lang='lat' dir='ltr'><strong>ipso</strong></span> <span class='ocrx_word' id='word_1_468' title='bbox 1085 3425 1226 3494; x_wconf 90' lang='lat' dir='ltr'><strong>quod</strong></span> <span class='ocrx_word' id='word_1_469' title='bbox 1253 3426 1555 3481; x_wconf 91' lang='lat' dir='ltr'><strong>immundus</strong></span> <span class='ocrx_word' id='word_1_470' title='bbox 1582 3437 1685 3492; x_wconf 80' lang='lat' dir='ltr'><strong>est,</strong></span> <span class='ocrx_word' id='word_1_471' title='bbox 1733 3429 1844 3497; x_wconf 87' lang='lat' dir='ltr'><strong>ipse</strong></span> <span class='ocrx_word' id='word_1_472' title='bbox 1871 3431 2022 3484; x_wconf 86' lang='lat' dir='ltr'><strong>testis</strong></span> <span class='ocrx_word' id='word_1_473' title='bbox 2059 3439 2142 3485; x_wconf 88' lang='lat' dir='ltr'><strong>est</strong></span> 
     </span>
    </p>
   </div>
   <div class='ocr_carea' id='block_1_66' title="bbox 553 3518 2138 3594">
    <p class='ocr_par' dir='ltr' id='par_1_66' title="bbox 553 3518 2138 3594">
     <span class='ocr_line' id='line_1_66' title="bbox 553 3518 2138 3594; baseline 0.006 -25"><span class='ocrx_word' id='word_1_474' title='bbox 553 3531 718 3586; x_wconf 84' lang='lat' dir='ltr'><strong>quam</strong></span> <span class='ocrx_word' id='word_1_475' title='bbox 793 3518 1265 3573; x_wconf 87' lang='lat' dir='ltr'><strong>mortiﬁcationem</strong></span> <span class='ocrx_word' id='word_1_476' title='bbox 1307 3521 1486 3575; x_wconf 88' lang='lat' dir='ltr'><strong>carnis</strong></span> <span class='ocrx_word' id='word_1_477' title='bbox 1545 3537 1651 3574; x_wconf 89' lang='lat' dir='ltr'><strong>non</strong></span> <span class='ocrx_word' id='word_1_478' title='bbox 1705 3523 1891 3593; x_wconf 82' lang='lat' dir='ltr'><strong>diligat</strong></span> <span class='ocrx_word' id='word_1_479' title='bbox 1940 3539 1954 3588; x_wconf 92' lang='lat'><strong>;</strong></span> <span class='ocrx_word' id='word_1_480' title='bbox 2007 3541 2138 3594; x_wconf 83' lang='lat' dir='ltr'><strong>ergo</strong></span> 
     </span>
    </p>
   </div>
   <div class='ocr_carea' id='block_1_67' title="bbox 553 3610 2142 3678">
    <p class='ocr_par' dir='ltr' id='par_1_67' title="bbox 553 3610 2142 3678">
     <span class='ocr_line' id='line_1_67' title="bbox 553 3610 2142 3678; baseline 0.004 -16"><span class='ocrx_word' id='word_1_481' title='bbox 553 3623 726 3678; x_wconf 86' lang='lat' dir='ltr'><strong>quam</strong></span> <span class='ocrx_word' id='word_1_482' title='bbox 749 3625 855 3662; x_wconf 92' lang='lat' dir='ltr'><strong>non</strong></span> <span class='ocrx_word' id='word_1_483' title='bbox 879 3618 1026 3662; x_wconf 88' lang='lat' dir='ltr'><strong>amat</strong></span> <span class='ocrx_word' id='word_1_484' title='bbox 1055 3625 1155 3664; x_wconf 92' lang='lat' dir='ltr'><strong>nec</strong></span> <span class='ocrx_word' id='word_1_485' title='bbox 1177 3610 1471 3675; x_wconf 87' lang='lat' dir='ltr'><strong>osculetur,</strong></span> <span class='ocrx_word' id='word_1_486' title='bbox 1501 3627 1568 3665; x_wconf 90' lang='lat' dir='ltr'><strong>ne</strong></span> <span class='ocrx_word' id='word_1_487' title='bbox 1593 3610 1732 3665; x_wconf 80' lang='lat' dir='ltr'><strong>forte</strong></span> <span class='ocrx_word' id='word_1_488' title='bbox 1753 3612 1818 3666; x_wconf 91' lang='lat' dir='ltr'><strong>de</strong></span> <span class='ocrx_word' id='word_1_489' title='bbox 1846 3627 1912 3666; x_wconf 91' lang='lat' dir='ltr'><strong>co</strong></span> <span class='ocrx_word' id='word_1_490' title='bbox 1933 3614 2142 3668; x_wconf 87' lang='lat' dir='ltr'><strong>dicatur</strong></span> 
     </span>
    </p>
   </div>
   <div class='ocr_carea' id='block_1_68' title="bbox 549 3699 2140 3772">
    <p class='ocr_par' dir='ltr' id='par_1_68' title="bbox 549 3699 2140 3772">
     <span class='ocr_line' id='line_1_68' title="bbox 549 3699 2140 3772; baseline 0.003 -22"><span class='ocrx_word' id='word_1_491' title='bbox 549 3700 698 3770; x_wconf 78' lang='lat' dir='ltr'><strong>quod</strong></span> <span class='ocrx_word' id='word_1_492' title='bbox 723 3700 790 3755; x_wconf 89' lang='lat' dir='ltr'><strong>de</strong></span> <span class='ocrx_word' id='word_1_493' title='bbox 817 3701 1058 3768; x_wconf 86' lang='lat' dir='ltr'><strong>reprobis</strong></span> <span class='ocrx_word' id='word_1_494' title='bbox 1081 3716 1110 3754; x_wconf 93' lang='lat' dir='ltr'><strong>a</strong></span> <span class='ocrx_word' id='word_1_495' title='bbox 1142 3699 1366 3755; x_wconf 91' lang='lat' dir='ltr'><strong>Domino</strong></span> <span class='ocrx_word' id='word_1_496' title='bbox 1411 3717 1506 3769; x_wconf 87' lang='lat' dir='ltr'><strong>per</strong></span> <span class='ocrx_word' id='word_1_497' title='bbox 1527 3701 1842 3770; x_wconf 85' lang='lat' dir='ltr'><strong>prophetam</strong></span> <span class='ocrx_word' id='word_1_498' title='bbox 1889 3703 2140 3772; x_wconf 87' lang='lat' dir='ltr'><strong>increpa-</strong></span> 
     </span>
    </p>
   </div>
   <div class='ocr_carea' id='block_1_69' title="bbox 552 3789 2142 3859">
    <p class='ocr_par' dir='ltr' id='par_1_69' title="bbox 552 3789 2142 3859">
     <span class='ocr_line' id='line_1_69' title="bbox 552 3789 2142 3859; baseline 0 -14"><span class='ocrx_word' id='word_1_499' title='bbox 552 3791 694 3846; x_wconf 78' lang='lat' dir='ltr'><strong>torie</strong></span> <span class='ocrx_word' id='word_1_500' title='bbox 738 3791 982 3845; x_wconf 85' lang='lat' dir='ltr'><strong>dicitur:</strong></span> <span class='ocrx_word' id='word_1_501' title='bbox 1028 3789 1266 3859; x_wconf 74' lang='lat' dir='ltr'><strong>Populus</strong></span> <span class='ocrx_word' id='word_1_502' title='bbox 1312 3791 1394 3844; x_wconf 86' lang='lat' dir='ltr'><strong>hic</strong></span> <span class='ocrx_word' id='word_1_503' title='bbox 1436 3791 1588 3845; x_wconf 78' lang='lat' dir='ltr'><strong>labiis</strong></span> <span class='ocrx_word' id='word_1_504' title='bbox 1641 3808 1723 3845; x_wconf 86' lang='lat' dir='ltr'><strong>me</strong></span> <span class='ocrx_word' id='word_1_505' title='bbox 1759 3793 2010 3855; x_wconf 82' lang='lat' dir='ltr'><strong>honorat,</strong></span> <span class='ocrx_word' id='word_1_506' title='bbox 2052 3810 2142 3845; x_wconf 78' lang='lat' dir='ltr'><strong>cor</strong></span> 
     </span>
    </p>
   </div>
   <div class='ocr_carea' id='block_1_70' title="bbox 546 3881 2134 3952">
    <p class='ocr_par' dir='ltr' id='par_1_70' title="bbox 546 3881 2134 3952">
     <span class='ocr_line' id='line_1_70' title="bbox 546 3881 2134 3952; baseline -0.001 -17"><span class='ocrx_word' id='word_1_507' title='bbox 546 3891 727 3935; x_wconf 70' lang='lat' dir='ltr'><strong>nutent</strong></span> <span class='ocrx_word' id='word_1_508' title='bbox 755 3899 936 3936; x_wconf 87' lang='lat' dir='ltr'><strong>eorum</strong></span> <span class='ocrx_word' id='word_1_509' title='bbox 958 3881 1108 3947; x_wconf 83' lang='lat' dir='ltr'><strong>lonqe</strong></span> <span class='ocrx_word' id='word_1_510' title='bbox 1145 3891 1217 3935; x_wconf 80' lang='lat' dir='ltr'><strong>est</strong></span> <span class='ocrx_word' id='word_1_511' title='bbox 1247 3900 1279 3935; x_wconf 87' lang='lat' dir='ltr'><strong>a</strong></span> <span class='ocrx_word' id='word_1_512' title='bbox 1308 3898 1388 3934; x_wconf 86' lang='lat' dir='ltr'><strong>me</strong></span> <span class='ocrx_word' id='word_1_513' title='bbox 1433 3881 1568 3952; x_wconf 82' lang='lat' dir='ltr'><strong>(Isa.</strong></span> <span class='ocrx_word' id='word_1_514' title='bbox 1603 3898 1764 3943; x_wconf 73' lang='lat' dir='ltr'><strong>xm;</strong></span> <span class='ocrx_word' id='word_1_515' title='bbox 1801 3881 1992 3935; x_wconf 81' lang='lat' dir='ltr'><strong>Matth.</strong></span> <span class='ocrx_word' id='word_1_516' title='bbox 2020 3885 2134 3950; x_wconf 80' lang='lat' dir='ltr'><strong>xv);</strong></span> 
     </span>
    </p>
   </div>
   <div class='ocr_carea' id='block_1_71' title="bbox 550 3971 2141 4041">
    <p class='ocr_par' dir='ltr' id='par_1_71' title="bbox 550 3971 2141 4041">
     <span class='ocr_line' id='line_1_71' title="bbox 550 3971 2141 4041; baseline 0 -16"><span class='ocrx_word' id='word_1_517' title='bbox 550 3981 610 4026; x_wconf 87' lang='lat' dir='ltr'><strong>et</strong></span> <span class='ocrx_word' id='word_1_518' title='bbox 660 3973 945 4027; x_wconf 82' lang='lat' dir='ltr'><strong>Psalmista</strong></span> <span class='ocrx_word' id='word_1_519' title='bbox 982 3991 996 4027; x_wconf 88' lang='lat'><strong>:</strong></span> <span class='ocrx_word' id='word_1_520' title='bbox 1033 3971 1293 4033; x_wconf 66' lang='lat' dir='ltr'><strong>Dilexere,</strong></span> <span class='ocrx_word' id='word_1_521' title='bbox 1335 3973 1532 4041; x_wconf 86' lang='lat' dir='ltr'><strong>inquit,</strong></span> <span class='ocrx_word' id='word_1_522' title='bbox 1579 3989 1698 4025; x_wconf 85' lang='lat' dir='ltr'><strong>eum</strong></span> <span class='ocrx_word' id='word_1_523' title='bbox 1725 3973 1778 4025; x_wconf 82' lang='lat' dir='ltr'><strong>in</strong></span> <span class='ocrx_word' id='word_1_524' title='bbox 1801 3988 1892 4026; x_wconf 87' lang='lat' dir='ltr'><strong>ore</strong></span> <span class='ocrx_word' id='word_1_525' title='bbox 1920 3989 2040 4037; x_wconf 79' lang='lat' dir='ltr'><strong>suo,</strong></span> <span class='ocrx_word' id='word_1_526' title='bbox 2094 3985 2141 4026; x_wconf 75' lang='lat' dir='ltr'><strong>et</strong></span> 
     </span>
    </p>
   </div>
   <div class='ocr_carea' id='block_1_72' title="bbox 551 4061 2140 4131">
    <p class='ocr_par' dir='ltr' id='par_1_72' title="bbox 551 4061 2140 4131">
     <span class='ocr_line' id='line_1_72' title="bbox 551 4061 2140 4131; baseline 0.002 -17"><span class='ocrx_word' id='word_1_527' title='bbox 551 4066 614 4116; x_wconf 76' lang='lat' dir='ltr'><strong>in</strong></span> <span class='ocrx_word' id='word_1_528' title='bbox 663 4062 842 4130; x_wconf 84' lang='lat' dir='ltr'><strong>lingua</strong></span> <span class='ocrx_word' id='word_1_529' title='bbox 872 4080 968 4116; x_wconf 82' lang='lat' dir='ltr'><strong>sua</strong></span> <span class='ocrx_word' id='word_1_530' title='bbox 1004 4064 1207 4116; x_wconf 80' lang='lat' dir='ltr'><strong>mentiti</strong></span> <span class='ocrx_word' id='word_1_531' title='bbox 1235 4072 1356 4116; x_wconf 78' lang='lat' dir='ltr'><strong>sunt</strong></span> <span class='ocrx_word' id='word_1_532' title='bbox 1399 4061 1571 4131; x_wconf 73' lang='lat' dir='ltr'><strong>(Paul.</strong></span> <span class='ocrx_word' id='word_1_533' title='bbox 1616 4063 1843 4131; x_wconf 80' lang='lat' dir='ltr'><strong>Lxxvn).</strong></span> <span class='ocrx_word' id='word_1_534' title='bbox 1892 4063 1966 4116; x_wconf 90' lang='lat' dir='ltr'><strong>De</strong></span> <span class='ocrx_word' id='word_1_535' title='bbox 2015 4063 2140 4117; x_wconf 88' lang='lat' dir='ltr'><strong>reli-</strong></span> 
     </span>
    </p>
   </div>
   <div class='ocr_carea' id='block_1_73' title="bbox 546 4151 2143 4220">
    <p class='ocr_par' dir='ltr' id='par_1_73' title="bbox 546 4151 2143 4220">
     <span class='ocr_line' id='line_1_73' title="bbox 546 4151 2143 4220; baseline 0 -16"><span class='ocrx_word' id='word_1_536' title='bbox 546 4151 701 4220; x_wconf 67' lang='lat' dir='ltr'><strong>quiis</strong></span> <span class='ocrx_word' id='word_1_537' title='bbox 737 4166 868 4204; x_wconf 88' lang='lat' dir='ltr'><strong>vero</strong></span> <span class='ocrx_word' id='word_1_538' title='bbox 889 4162 1200 4206; x_wconf 89' lang='lat' dir='ltr'><strong>sanctorqu</strong></span> <span class='ocrx_word' id='word_1_539' title='bbox 1237 4152 1428 4205; x_wconf 90' lang='lat' dir='ltr'><strong>eadem</strong></span> <span class='ocrx_word' id='word_1_540' title='bbox 1452 4151 1705 4214; x_wconf 90' lang='lat' dir='ltr'><strong>dicimus,</strong></span> <span class='ocrx_word' id='word_1_541' title='bbox 1759 4167 1991 4220; x_wconf 86' lang='lat' dir='ltr'><strong>quorum</strong></span> <span class='ocrx_word' id='word_1_542' title='bbox 2020 4167 2143 4205; x_wconf 83' lang='lat' dir='ltr'><strong>cor-</strong></span> 
     </span>
    </p>
   </div>
   <div class='ocr_carea' id='block_1_74' title="bbox 550 4241 2141 4314">
    <p class='ocr_par' dir='ltr' id='par_1_74' title="bbox 550 4241 2141 4314">
     <span class='ocr_line' id='line_1_74' title="bbox 550 4241 2141 4314; baseline 0.003 -18"><span class='ocrx_word' id='word_1_543' title='bbox 550 4258 685 4314; x_wconf 81' lang='lat' dir='ltr'><strong>pora</strong></span> <span class='ocrx_word' id='word_1_544' title='bbox 735 4241 932 4310; x_wconf 90' lang='lat' dir='ltr'><strong>templa</strong></span> <span class='ocrx_word' id='word_1_545' title='bbox 955 4252 1009 4295; x_wconf 93' lang='lat' dir='ltr'><strong>et</strong></span> <span class='ocrx_word' id='word_1_546' title='bbox 1030 4259 1154 4297; x_wconf 86' lang='lat' dir='ltr'><strong>vasa</strong></span> <span class='ocrx_word' id='word_1_547' title='bbox 1179 4241 1328 4299; x_wconf 83' lang='lat' dir='ltr'><strong>fuere</strong></span> <span class='ocrx_word' id='word_1_548' title='bbox 1349 4253 1578 4312; x_wconf 86' lang='lat' dir='ltr'><strong>suntque</strong></span> <span class='ocrx_word' id='word_1_549' title='bbox 1601 4243 1714 4309; x_wconf 89' lang='lat' dir='ltr'><strong>Dei,</strong></span> <span class='ocrx_word' id='word_1_550' title='bbox 1745 4245 2049 4313; x_wconf 88' lang='lat' dir='ltr'><strong>quibusque</strong></span> <span class='ocrx_word' id='word_1_551' title='bbox 2075 4246 2141 4301; x_wconf 83' lang='lat' dir='ltr'><strong>ad</strong></span> 
     </span>
    </p>
   </div>
   <div class='ocr_carea' id='block_1_75' title="bbox 547 4334 2140 4406">
    <p class='ocr_par' dir='ltr' id='par_1_75' title="bbox 547 4334 2140 4406">
     <span class='ocr_line' id='line_1_75' title="bbox 547 4334 2140 4406; baseline 0.002 -19"><span class='ocrx_word' id='word_1_552' title='bbox 547 4335 739 4389; x_wconf 81' lang='lat' dir='ltr'><strong>omnia</strong></span> <span class='ocrx_word' id='word_1_553' title='bbox 765 4334 904 4389; x_wconf 86' lang='lat' dir='ltr'><strong>bona</strong></span> <span class='ocrx_word' id='word_1_554' title='bbox 927 4349 1094 4403; x_wconf 85' lang='lat' dir='ltr'><strong>opera</strong></span> <span class='ocrx_word' id='word_1_555' title='bbox 1117 4343 1372 4402; x_wconf 88' lang='lat' dir='ltr'><strong>tanquatn</strong></span> <span class='ocrx_word' id='word_1_556' title='bbox 1399 4337 1615 4406; x_wconf 84' lang='lat' dir='ltr'><strong>organis</strong></span> <span class='ocrx_word' id='word_1_557' title='bbox 1638 4346 1858 4391; x_wconf 85' lang='lat' dir='ltr'><strong>sanctus</strong></span> <span class='ocrx_word' id='word_1_558' title='bbox 1885 4353 2015 4392; x_wconf 89' lang='lat' dir='ltr'><strong>usus</strong></span> <span class='ocrx_word' id='word_1_559' title='bbox 2038 4347 2140 4403; x_wconf 89' lang='lat' dir='ltr'><strong>est,</strong></span> 
     </span>
    </p>
   </div>
   <div class='ocr_carea' id='block_1_76' title="bbox 545 4426 1314 4498">
    <p class='ocr_par' dir='ltr' id='par_1_76' title="bbox 545 4426 1314 4498">
     <span class='ocr_line' id='line_1_76' title="bbox 545 4426 1314 4498; baseline -0.001 -17"><span class='ocrx_word' id='word_1_560' title='bbox 545 4430 770 4498; x_wconf 71' lang='lat' dir='ltr'><strong>quando</strong></span> <span class='ocrx_word' id='word_1_561' title='bbox 813 4427 1005 4490; x_wconf 91' lang='lat' dir='ltr'><strong>voluit,</strong></span> <span class='ocrx_word' id='word_1_562' title='bbox 1061 4426 1314 4494; x_wconf 88' lang='lat' dir='ltr'><strong>Spiritus.</strong></span> 
     </span>
    </p>
   </div>
   <div class='ocr_carea' id='block_1_77' title="bbox 2241 3244 3815 3316">
    <p class='ocr_par' dir='ltr' id='par_1_77' title="bbox 2241 3244 3815 3316">
     <span class='ocr_line' id='line_1_77' title="bbox 2241 3244 3815 3316; baseline -0.004 -17"><span class='ocrx_word' id='word_1_563' title='bbox 2241 3259 2386 3315; x_wconf 72' lang='lat' dir='ltr'><strong>stepe</strong></span> <span class='ocrx_word' id='word_1_564' title='bbox 2423 3255 2753 3300; x_wconf 91' lang='lat' dir='ltr'><strong>memoratus</strong></span> <span class='ocrx_word' id='word_1_565' title='bbox 2801 3255 3022 3300; x_wconf 91' lang='lat' dir='ltr'><strong>sanctus</strong></span> <span class='ocrx_word' id='word_1_566' title='bbox 3062 3261 3200 3315; x_wconf 85' lang='lat' dir='ltr'><strong>papa</strong></span> <span class='ocrx_word' id='word_1_567' title='bbox 3234 3245 3532 3316; x_wconf 80' lang='lat' dir='ltr'><strong>Gregorius</strong></span> <span class='ocrx_word' id='word_1_568' title='bbox 3562 3244 3815 3299; x_wconf 82' lang='lat' dir='ltr'><strong>Romanos</strong></span> 
     </span>
    </p>
   </div>
   <div class='ocr_carea' id='block_1_78' title="bbox 2245 3336 3808 3409">
    <p class='ocr_par' dir='ltr' id='par_1_78' title="bbox 2245 3336 3808 3409">
     <span class='ocr_line' id='line_1_78' title="bbox 2245 3336 3808 3409; baseline -0.003 -17"><span class='ocrx_word' id='word_1_569' title='bbox 2245 3339 2525 3404; x_wconf 83' lang='lat' dir='ltr'><strong>alloquens</strong></span> <span class='ocrx_word' id='word_1_570' title='bbox 2563 3339 2640 3392; x_wconf 89' lang='lat' dir='ltr'><strong>ait</strong></span> <span class='ocrx_word' id='word_1_571' title='bbox 2681 3336 2874 3409; x_wconf 81' lang='lat' dir='ltr'><strong>(Epist.</strong></span> <span class='ocrx_word' id='word_1_572' title='bbox 2905 3338 2998 3390; x_wconf 85' lang='lat' dir='ltr'><strong>lib.</strong></span> <span class='ocrx_word' id='word_1_573' title='bbox 3031 3354 3110 3403; x_wconf 70' lang='lat' dir='ltr'><strong>XI,</strong></span> <span class='ocrx_word' id='word_1_574' title='bbox 3136 3356 3216 3409; x_wconf 85' lang='lat' dir='ltr'><strong>ep.</strong></span> <span class='ocrx_word' id='word_1_575' title='bbox 3247 3339 3302 3408; x_wconf 80' lang='grc'>5)</span> <span class='ocrx_word' id='word_1_576' title='bbox 3329 3357 3342 3393; x_wconf 90' lang='lat'>:</span> <span class='ocrx_word' id='word_1_577' title='bbox 3372 3339 3617 3393; x_wconf 86' lang='lat' dir='ltr'><strong>Pervenit</strong></span> <span class='ocrx_word' id='word_1_578' title='bbox 3639 3336 3702 3389; x_wconf 86' lang='lat' dir='ltr'><strong>ad</strong></span> <span class='ocrx_word' id='word_1_579' title='bbox 3725 3349 3808 3388; x_wconf 82' lang='lat' dir='ltr'><strong>me</strong></span> 
     </span>
    </p>
   </div>
   <div class='ocr_carea' id='block_1_79' title="bbox 2243 3427 3806 3498">
    <p class='ocr_par' dir='ltr' id='par_1_79' title="bbox 2243 3427 3806 3498">
     <span class='ocr_line' id='line_1_79' title="bbox 2243 3427 3806 3498; baseline -0.004 -17"><span class='ocrx_word' id='word_1_580' title='bbox 2243 3429 2503 3496; x_wconf 89' lang='lat' dir='ltr'><strong>quosdam</strong></span> <span class='ocrx_word' id='word_1_581' title='bbox 2549 3427 2792 3498; x_wconf 89' lang='lat' dir='ltr'><strong>perversi</strong></span> <span class='ocrx_word' id='word_1_582' title='bbox 2817 3428 3046 3497; x_wconf 88' lang='lat' dir='ltr'><strong>spiritus</strong></span> <span class='ocrx_word' id='word_1_583' title='bbox 3071 3428 3321 3484; x_wconf 86' lang='lat' dir='ltr'><strong>homines</strong></span> <span class='ocrx_word' id='word_1_584' title='bbox 3371 3443 3527 3498; x_wconf 86' lang='lat' dir='ltr'><strong>prava</strong></span> <span class='ocrx_word' id='word_1_585' title='bbox 3561 3427 3694 3480; x_wconf 83' lang='lat' dir='ltr'><strong>inter</strong></span> <span class='ocrx_word' id='word_1_586' title='bbox 3715 3437 3806 3475; x_wconf 83' lang='lat' dir='ltr'><strong>vos</strong></span> 
     </span>
    </p>
   </div>
   <div class='ocr_carea' id='block_1_80' title="bbox 2243 3514 3805 3586">
    <p class='ocr_par' dir='ltr' id='par_1_80' title="bbox 2243 3514 3805 3586">
     <span class='ocr_line' id='line_1_80' title="bbox 2243 3514 3805 3586; baseline -0.005 -15"><span class='ocrx_word' id='word_1_587' title='bbox 2243 3517 2444 3586; x_wconf 89' lang='lat' dir='ltr'><strong>aliqua,</strong></span> <span class='ocrx_word' id='word_1_588' title='bbox 2486 3527 2542 3572; x_wconf 89' lang='lat' dir='ltr'><strong>et</strong></span> <span class='ocrx_word' id='word_1_589' title='bbox 2586 3526 2787 3572; x_wconf 65' lang='lat' dir='ltr'><strong>sanctae</strong></span> <span class='ocrx_word' id='word_1_590' title='bbox 2823 3517 2947 3572; x_wconf 89' lang='lat' dir='ltr'><strong>ﬁdei</strong></span> <span class='ocrx_word' id='word_1_591' title='bbox 3004 3519 3231 3572; x_wconf 89' lang='lat' dir='ltr'><strong>adversa</strong></span> <span class='ocrx_word' id='word_1_592' title='bbox 3278 3517 3595 3579; x_wconf 88' lang='lat' dir='ltr'><strong>seminasse,</strong></span> <span class='ocrx_word' id='word_1_593' title='bbox 3639 3514 3708 3568; x_wconf 85' lang='lat' dir='ltr'><strong>ita</strong></span> <span class='ocrx_word' id='word_1_594' title='bbox 3753 3518 3805 3563; x_wconf 89' lang='lat' dir='ltr'><strong>ut</strong></span> 
     </span>
    </p>
   </div>
   <div class='ocr_carea' id='block_1_81' title="bbox 2245 3600 3800 3677">
    <p class='ocr_par' dir='ltr' id='par_1_81' title="bbox 2245 3600 3800 3677">
     <span class='ocr_line' id='line_1_81' title="bbox 2245 3600 3800 3677; baseline -0.001 -17"><span class='ocrx_word' id='word_1_595' title='bbox 2245 3607 2332 3660; x_wconf 90' lang='lat' dir='ltr'><strong>die</strong></span> <span class='ocrx_word' id='word_1_596' title='bbox 2368 3607 2588 3662; x_wconf 88' lang='lat' dir='ltr'><strong>Sabbati</strong></span> <span class='ocrx_word' id='word_1_597' title='bbox 2628 3606 2832 3677; x_wconf 91' lang='lat' dir='ltr'><strong>aliquid</strong></span> <span class='ocrx_word' id='word_1_598' title='bbox 2859 3607 3075 3677; x_wconf 87' lang='lat' dir='ltr'><strong>operari</strong></span> <span class='ocrx_word' id='word_1_599' title='bbox 3104 3606 3475 3677; x_wconf 79' lang='lat' dir='ltr'><strong>prohiberent.</strong></span> <span class='ocrx_word' id='word_1_600' title='bbox 3520 3605 3662 3672; x_wconf 86' lang='lat' dir='ltr'><strong>Quos</strong></span> <span class='ocrx_word' id='word_1_601' title='bbox 3695 3600 3800 3671; x_wconf 74' lang='lat' dir='ltr'><strong>Quid</strong></span> 
     </span>
    </p>
   </div>
   <div class='ocr_carea' id='block_1_82' title="bbox 2244 3695 3797 3770">
    <p class='ocr_par' dir='ltr' id='par_1_82' title="bbox 2244 3695 3797 3770">
     <span class='ocr_line' id='line_1_82' title="bbox 2244 3695 3797 3770; baseline -0.005 -18"><span class='ocrx_word' id='word_1_602' title='bbox 2244 3699 2389 3754; x_wconf 87' lang='lat' dir='ltr'><strong>aliud</strong></span> <span class='ocrx_word' id='word_1_603' title='bbox 2435 3699 2539 3754; x_wconf 92' lang='lat' dir='ltr'><strong>nisi</strong></span> <span class='ocrx_word' id='word_1_604' title='bbox 2564 3699 2867 3754; x_wconf 89' lang='lat' dir='ltr'><strong>antichristi</strong></span> <span class='ocrx_word' id='word_1_605' title='bbox 2895 3699 3279 3770; x_wconf 85' lang='lat' dir='ltr'><strong>praedicatores</strong></span> <span class='ocrx_word' id='word_1_606' title='bbox 3311 3700 3543 3754; x_wconf 81' lang='lat' dir='ltr'><strong>dixerim</strong></span> <span class='ocrx_word' id='word_1_607' title='bbox 3570 3700 3593 3752; x_wconf 69' lang='grc' dir='ltr'><strong>’ἔ</strong></span> <span class='ocrx_word' id='word_1_608' title='bbox 3627 3695 3707 3766; x_wconf 90' lang='lat' dir='ltr'><strong>qui</strong></span> <span class='ocrx_word' id='word_1_609' title='bbox 3727 3707 3797 3746; x_wconf 76' lang='lat' dir='ltr'><strong>ve-</strong></span> 
     </span>
    </p>
   </div>
   <div class='ocr_carea' id='block_1_83' title="bbox 2244 3781 3802 3860">
    <p class='ocr_par' dir='ltr' id='par_1_83' title="bbox 2244 3781 3802 3860">
     <span class='ocr_line' id='line_1_83' title="bbox 2244 3781 3802 3860; baseline -0.004 -18"><span class='ocrx_word' id='word_1_610' title='bbox 2244 3790 2400 3844; x_wconf 89' lang='lat' dir='ltr'><strong>niens</strong></span> <span class='ocrx_word' id='word_1_611' title='bbox 2445 3791 2586 3846; x_wconf 93' lang='lat' dir='ltr'><strong>diem</strong></span> <span class='ocrx_word' id='word_1_612' title='bbox 2636 3789 2930 3846; x_wconf 89' lang='lat' dir='ltr'><strong>Sabbatum</strong></span> <span class='ocrx_word' id='word_1_613' title='bbox 2968 3799 3134 3860; x_wconf 90' lang='lat' dir='ltr'><strong>atque</strong></span> <span class='ocrx_word' id='word_1_614' title='bbox 3184 3790 3524 3845; x_wconf 90' lang='lat' dir='ltr'><strong>Dominicum</strong></span> <span class='ocrx_word' id='word_1_615' title='bbox 3577 3789 3642 3842; x_wconf 90' lang='lat' dir='ltr'><strong>ab</strong></span> <span class='ocrx_word' id='word_1_616' title='bbox 3678 3781 3802 3840; x_wconf 86' lang='lat' dir='ltr'><strong>omni</strong></span> 
     </span>
    </p>
   </div>
   <div class='ocr_carea' id='block_1_84' title="bbox 2237 3879 3801 3951">
    <p class='ocr_par' dir='ltr' id='par_1_84' title="bbox 2237 3879 3801 3951">
     <span class='ocr_line' id='line_1_84' title="bbox 2237 3879 3801 3951; baseline -0.001 -17"><span class='ocrx_word' id='word_1_617' title='bbox 2237 3879 2411 3935; x_wconf 73' lang='lat' dir='ltr'><strong>faciet</strong></span> <span class='ocrx_word' id='word_1_618' title='bbox 2436 3895 2600 3950; x_wconf 81' lang='lat' dir='ltr'><strong>Opere</strong></span> <span class='ocrx_word' id='word_1_619' title='bbox 2639 3881 2900 3936; x_wconf 90' lang='lat' dir='ltr'><strong>custodiri</strong></span> <span class='ocrx_word' id='word_1_620' title='bbox 2928 3899 2940 3934; x_wconf 92' lang='lat'>:</span> <span class='ocrx_word' id='word_1_621' title='bbox 2968 3881 3096 3951; x_wconf 91' lang='lat' dir='ltr'><strong>quia</strong></span> <span class='ocrx_word' id='word_1_622' title='bbox 3128 3882 3272 3936; x_wconf 89' lang='lat' dir='ltr'><strong>enim</strong></span> <span class='ocrx_word' id='word_1_623' title='bbox 3302 3882 3441 3936; x_wconf 87' lang='lat' dir='ltr'><strong>mori</strong></span> <span class='ocrx_word' id='word_1_624' title='bbox 3463 3896 3522 3936; x_wconf 87' lang='lat' dir='ltr'><strong>se</strong></span> <span class='ocrx_word' id='word_1_625' title='bbox 3553 3891 3610 3936; x_wconf 90' lang='lat' dir='ltr'><strong>et</strong></span> <span class='ocrx_word' id='word_1_626' title='bbox 3652 3890 3801 3932; x_wconf 83' lang='lat' dir='ltr'><strong>resur-</strong></span> 
     </span>
    </p>
   </div>
   <div class='ocr_carea' id='block_1_85' title="bbox 2243 3966 3800 4040">
    <p class='ocr_par' dir='ltr' id='par_1_85' title="bbox 2243 3966 3800 4040">
     <span class='ocr_line' id='line_1_85' title="bbox 2243 3966 3800 4040; baseline -0.003 -17"><span class='ocrx_word' id='word_1_627' title='bbox 2243 3985 2375 4040; x_wconf 81' lang='lat' dir='ltr'><strong>gere</strong></span> <span class='ocrx_word' id='word_1_628' title='bbox 2425 3971 2668 4037; x_wconf 86' lang='lat' dir='ltr'><strong>simulat,</strong></span> <span class='ocrx_word' id='word_1_629' title='bbox 2725 3972 2914 4026; x_wconf 87' lang='lat' dir='ltr'><strong>haberi</strong></span> <span class='ocrx_word' id='word_1_630' title='bbox 2945 3972 2998 4026; x_wconf 94' lang='lat' dir='ltr'><strong>in</strong></span> <span class='ocrx_word' id='word_1_631' title='bbox 3025 3972 3372 4026; x_wconf 88' lang='lat' dir='ltr'><strong>veneratione</strong></span> <span class='ocrx_word' id='word_1_632' title='bbox 3399 3971 3514 4026; x_wconf 90' lang='lat' dir='ltr'><strong>vult</strong></span> <span class='ocrx_word' id='word_1_633' title='bbox 3553 3972 3688 4026; x_wconf 81' lang='lat' dir='ltr'><strong>diem</strong></span> <span class='ocrx_word' id='word_1_634' title='bbox 3713 3966 3800 4019; x_wconf 82' lang='lat' dir='ltr'><strong>Do-</strong></span> 
     </span>
    </p>
   </div>
   <div class='ocr_carea' id='block_1_86' title="bbox 2199 4062 3799 4134">
    <p class='ocr_par' dir='ltr' id='par_1_86' title="bbox 2199 4062 3799 4134">
     <span class='ocr_line' id='line_1_86' title="bbox 2199 4062 3799 4134; baseline -0.003 -19"><span class='ocrx_word' id='word_1_635' title='bbox 2199 4089 2202 4092; x_wconf 61' lang='grc' dir='ltr'><strong>ο</strong></span> <span class='ocrx_word' id='word_1_636' title='bbox 2243 4063 2539 4128; x_wconf 88' lang='lat' dir='ltr'><strong>minicum;</strong></span> <span class='ocrx_word' id='word_1_637' title='bbox 2581 4072 2638 4118; x_wconf 90' lang='lat' dir='ltr'><strong>et</strong></span> <span class='ocrx_word' id='word_1_638' title='bbox 2670 4064 2798 4133; x_wconf 89' lang='lat' dir='ltr'><strong>quia</strong></span> <span class='ocrx_word' id='word_1_639' title='bbox 2846 4063 3122 4132; x_wconf 81' lang='lat' dir='ltr'><strong>judaizare</strong></span> <span class='ocrx_word' id='word_1_640' title='bbox 3150 4064 3406 4134; x_wconf 85' lang='lat' dir='ltr'><strong>pepulum</strong></span> <span class='ocrx_word' id='word_1_641' title='bbox 3432 4062 3712 4132; x_wconf 84' lang='lat' dir='ltr'><strong>compellit,</strong></span> <span class='ocrx_word' id='word_1_642' title='bbox 3751 4064 3799 4111; x_wconf 90' lang='lat' dir='ltr'><strong>ut</strong></span> 
     </span>
    </p>
   </div>
   <div class='ocr_carea' id='block_1_87' title="bbox 2245 4154 3800 4226">
    <p class='ocr_par' dir='ltr' id='par_1_87' title="bbox 2245 4154 3800 4226">
     <span class='ocr_line' id='line_1_87' title="bbox 2245 4154 3800 4226; baseline -0.003 -17"><span class='ocrx_word' id='word_1_643' title='bbox 2245 4155 2572 4209; x_wconf 75' lang='lat' dir='ltr'><strong>exteriorem</strong></span> <span class='ocrx_word' id='word_1_644' title='bbox 2605 4154 2739 4226; x_wconf 81' lang='lat' dir='ltr'><strong>legis</strong></span> <span class='ocrx_word' id='word_1_645' title='bbox 2776 4156 2940 4208; x_wconf 90' lang='lat' dir='ltr'><strong>ritum</strong></span> <span class='ocrx_word' id='word_1_646' title='bbox 2972 4166 3207 4219; x_wconf 87' lang='lat' dir='ltr'><strong>revocet,</strong></span> <span class='ocrx_word' id='word_1_647' title='bbox 3263 4164 3321 4210; x_wconf 90' lang='lat' dir='ltr'><strong>ct</strong></span> <span class='ocrx_word' id='word_1_648' title='bbox 3373 4155 3475 4210; x_wconf 89' lang='lat' dir='ltr'><strong>sibi</strong></span> <span class='ocrx_word' id='word_1_649' title='bbox 3525 4154 3800 4210; x_wconf 77' lang='lat' dir='ltr'><strong>Judzeorunt</strong></span> 
     </span>
    </p>
   </div>
   <div class='ocr_carea' id='block_1_88' title="bbox 2246 4238 3798 4311">
    <p class='ocr_par' dir='ltr' id='par_1_88' title="bbox 2246 4238 3798 4311">
     <span class='ocr_line' id='line_1_88' title="bbox 2246 4238 3798 4311; baseline -0.003 -16"><span class='ocrx_word' id='word_1_650' title='bbox 2246 4243 2528 4311; x_wconf 85' lang='lat' dir='ltr'><strong>perﬁdiam</strong></span> <span class='ocrx_word' id='word_1_651' title='bbox 2583 4243 2798 4307; x_wconf 90' lang='lat' dir='ltr'><strong>subdat,</strong></span> <span class='ocrx_word' id='word_1_652' title='bbox 2839 4242 2943 4296; x_wconf 91' lang='lat' dir='ltr'><strong>coli</strong></span> <span class='ocrx_word' id='word_1_653' title='bbox 2984 4243 3098 4298; x_wconf 87' lang='lat' dir='ltr'><strong>vult</strong></span> <span class='ocrx_word' id='word_1_654' title='bbox 3147 4243 3464 4298; x_wconf 89' lang='lat' dir='ltr'><strong>Sabbatum.</strong></span> <span class='ocrx_word' id='word_1_655' title='bbox 3522 4243 3633 4297; x_wconf 80' lang='lat' dir='ltr'><strong>Hoc</strong></span> <span class='ocrx_word' id='word_1_656' title='bbox 3679 4238 3798 4294; x_wconf 83' lang='lat' dir='ltr'><strong>enim</strong></span> 
     </span>
    </p>
   </div>
   <div class='ocr_carea' id='block_1_89' title="bbox 2246 4335 3804 4405">
    <p class='ocr_par' dir='ltr' id='par_1_89' title="bbox 2246 4335 3804 4405">
     <span class='ocr_line' id='line_1_89' title="bbox 2246 4335 3804 4405; baseline -0.001 -19"><span class='ocrx_word' id='word_1_657' title='bbox 2246 4335 2390 4403; x_wconf 90' lang='lat' dir='ltr'><strong>quod</strong></span> <span class='ocrx_word' id='word_1_658' title='bbox 2423 4350 2520 4405; x_wconf 90' lang='lat' dir='ltr'><strong>per</strong></span> <span class='ocrx_word' id='word_1_659' title='bbox 2546 4335 2865 4404; x_wconf 88' lang='lat' dir='ltr'><strong>prophetam</strong></span> <span class='ocrx_word' id='word_1_660' title='bbox 2900 4335 3098 4389; x_wconf 89' lang='lat' dir='ltr'><strong>dicitur</strong></span> <span class='ocrx_word' id='word_1_661' title='bbox 3126 4350 3142 4389; x_wconf 89' lang='lat'><strong>:</strong></span> <span class='ocrx_word' id='word_1_662' title='bbox 3187 4335 3270 4390; x_wconf 85' lang='lat' dir='ltr'><strong>Ne</strong></span> <span class='ocrx_word' id='word_1_663' title='bbox 3293 4337 3537 4405; x_wconf 81' lang='lat' dir='ltr'><strong>inferatis</strong></span> <span class='ocrx_word' id='word_1_664' title='bbox 3566 4349 3710 4388; x_wconf 84' lang='lat' dir='ltr'><strong>onera</strong></span> <span class='ocrx_word' id='word_1_665' title='bbox 3726 4342 3804 4398; x_wconf 71' lang='lat' dir='ltr'><strong>per</strong></span> 
     </span>
    </p>
   </div>
   <div class='ocr_carea' id='block_1_90' title="bbox 2247 4415 3800 4497">
    <p class='ocr_par' dir='ltr' id='par_1_90' title="bbox 2247 4415 3800 4497">
     <span class='ocr_line' id='line_1_90' title="bbox 2247 4415 3800 4497; baseline -0.007 -17"><span class='ocrx_word' id='word_1_666' title='bbox 2247 4436 2428 4497; x_wconf 84' lang='lat' dir='ltr'><strong>portas</strong></span> <span class='ocrx_word' id='word_1_667' title='bbox 2457 4434 2649 4480; x_wconf 77' lang='lat' dir='ltr'><strong>vestras</strong></span> <span class='ocrx_word' id='word_1_668' title='bbox 2682 4425 2766 4478; x_wconf 85' lang='lat' dir='ltr'><strong>die</strong></span> <span class='ocrx_word' id='word_1_669' title='bbox 2795 4425 3013 4480; x_wconf 83' lang='lat' dir='ltr'><strong>Sabbati</strong></span> <span class='ocrx_word' id='word_1_670' title='bbox 3059 4423 3193 4495; x_wconf 84' lang='lat' dir='ltr'><strong>(Jer.</strong></span> <span class='ocrx_word' id='word_1_671' title='bbox 3219 4426 3381 4497; x_wconf 77' lang='lat' dir='ltr'><strong>xvn),</strong></span> <span class='ocrx_word' id='word_1_672' title='bbox 3424 4426 3610 4480; x_wconf 88' lang='lat' dir='ltr'><strong>tattdiu</strong></span> <span class='ocrx_word' id='word_1_673' title='bbox 3657 4415 3800 4474; x_wconf 80' lang='lat' dir='ltr'><strong>teneri</strong></span> 
     </span>
    </p>
   </div>
   <div class='ocr_carea' id='block_1_91' title="bbox 627 4514 3796 4592">
    <p class='ocr_par' dir='ltr' id='par_1_91' title="bbox 627 4514 3796 4592">
     <span class='ocr_line' id='line_1_91' title="bbox 627 4514 3796 4592; baseline -0.002 -18"><span class='ocrx_word' id='word_1_674' title='bbox 627 4519 759 4575; x_wconf 77' lang='lat' dir='ltr'><strong>V&#39;lll.</strong></span> <span class='ocrx_word' id='word_1_675' title='bbox 807 4520 950 4587; x_wconf 82' lang='lat' dir='ltr'><strong>Ergo</strong></span> <span class='ocrx_word' id='word_1_676' title='bbox 980 4519 1252 4588; x_wconf 51' lang='lat' dir='ltr'><strong>praemissa</strong></span> <span class='ocrx_word' id='word_1_677' title='bbox 1287 4519 1447 4589; x_wconf 82' lang='lat' dir='ltr'><strong>digna</strong></span> <span class='ocrx_word' id='word_1_678' title='bbox 1478 4521 1798 4582; x_wconf 87' lang='lat' dir='ltr'><strong>reverentia,</strong></span> <span class='ocrx_word' id='word_1_679' title='bbox 1853 4522 1894 4576; x_wconf 91' lang='lat' dir='ltr'><strong>si</strong></span> <span class='ocrx_word' id='word_1_680' title='bbox 1928 4522 2141 4576; x_wconf 86' lang='lat' dir='ltr'><strong>mundi-</strong></span> <span class='ocrx_word' id='word_1_681' title='bbox 2171 4514 2220 4576; x_wconf 84' lang='lat' dir='ltr'><strong>D</strong></span> <span class='ocrx_word' id='word_1_682' title='bbox 2246 4523 2451 4592; x_wconf 84' lang='lat' dir='ltr'><strong>potuit,</strong></span> <span class='ocrx_word' id='word_1_683' title='bbox 2499 4521 2735 4591; x_wconf 85' lang='lat' dir='ltr'><strong>quandiu</strong></span> <span class='ocrx_word' id='word_1_684' title='bbox 2784 4521 2953 4591; x_wconf 81' lang='lat' dir='ltr'><strong>legem</strong></span> <span class='ocrx_word' id='word_1_685' title='bbox 2994 4521 3145 4576; x_wconf 91' lang='lat' dir='ltr'><strong>licuit</strong></span> <span class='ocrx_word' id='word_1_686' title='bbox 3175 4520 3329 4588; x_wconf 80' lang='lat' dir='ltr'><strong>juxta</strong></span> <span class='ocrx_word' id='word_1_687' title='bbox 3367 4521 3606 4573; x_wconf 86' lang='lat' dir='ltr'><strong>litteram</strong></span> <span class='ocrx_word' id='word_1_688' title='bbox 3647 4524 3796 4570; x_wconf 79' lang='lat' dir='ltr'><strong>custo-</strong></span> 
     </span>
    </p>
   </div>
   <div class='ocr_carea' id='block_1_92' title="bbox 553 4611 2139 4684">
    <p class='ocr_par' dir='ltr' id='par_1_92' title="bbox 553 4611 2139 4684">
     <span class='ocr_line' id='line_1_92' title="bbox 553 4611 2139 4684; baseline -0.001 -15"><span class='ocrx_word' id='word_1_689' title='bbox 553 4615 631 4669; x_wconf 81' lang='lat' dir='ltr'><strong>tia</strong></span> <span class='ocrx_word' id='word_1_690' title='bbox 660 4613 858 4684; x_wconf 72' lang='lat' dir='ltr'><strong>mentis</strong></span> <span class='ocrx_word' id='word_1_691' title='bbox 882 4620 938 4665; x_wconf 90' lang='lat' dir='ltr'><strong>et</strong></span> <span class='ocrx_word' id='word_1_692' title='bbox 967 4611 1211 4680; x_wconf 91' lang='lat' dir='ltr'><strong>corporis</strong></span> <span class='ocrx_word' id='word_1_693' title='bbox 1249 4611 1557 4676; x_wconf 89' lang='lat' dir='ltr'><strong>comitatur,</strong></span> <span class='ocrx_word' id='word_1_694' title='bbox 1605 4613 1769 4667; x_wconf 86' lang='lat' dir='ltr'><strong>etiam</strong></span> <span class='ocrx_word' id='word_1_695' title='bbox 1793 4613 2139 4683; x_wconf 77' lang='lat' dir='ltr'><strong>quadragesi-</strong></span> 
     </span>
    </p>
   </div>
   <div class='ocr_carea' id='block_1_93' title="bbox 553 4703 2143 4776">
    <p class='ocr_par' dir='ltr' id='par_1_93' title="bbox 553 4703 2143 4776">
     <span class='ocr_line' id='line_1_93' title="bbox 553 4703 2143 4776; baseline 0.001 -16"><span class='ocrx_word' id='word_1_696' title='bbox 553 4705 686 4760; x_wconf 80' lang='lat' dir='ltr'><strong>inali</strong></span> <span class='ocrx_word' id='word_1_697' title='bbox 739 4715 1019 4772; x_wconf 57' lang='lat' dir='ltr'><strong>tempore;</strong></span> <span class='ocrx_word' id='word_1_698' title='bbox 1073 4704 1274 4773; x_wconf 88' lang='lat' dir='ltr'><strong>dequo</strong></span> <span class='ocrx_word' id='word_1_699' title='bbox 1322 4703 1539 4771; x_wconf 87' lang='lat' dir='ltr'><strong>speciali</strong></span> <span class='ocrx_word' id='word_1_700' title='bbox 1582 4705 1978 4760; x_wconf 88' lang='lat' dir='ltr'><strong>consultatione</strong></span> <span class='ocrx_word' id='word_1_701' title='bbox 2021 4722 2143 4776; x_wconf 84' lang='lat' dir='ltr'><strong>per-</strong></span> 
     </span>
    </p>
   </div>
   <div class='ocr_carea' id='block_1_94' title="bbox 551 4794 2142 4865">
    <p class='ocr_par' dir='ltr' id='par_1_94' title="bbox 551 4794 2142 4865">
     <span class='ocr_line' id='line_1_94' title="bbox 551 4794 2142 4865; baseline 0 -17"><span class='ocrx_word' id='word_1_702' title='bbox 551 4797 790 4850; x_wconf 74' lang='lat' dir='ltr'><strong>cunctati</strong></span> <span class='ocrx_word' id='word_1_703' title='bbox 843 4795 995 4858; x_wconf 86' lang='lat' dir='ltr'><strong>estis,</strong></span> <span class='ocrx_word' id='word_1_704' title='bbox 1049 4810 1265 4849; x_wconf 88' lang='lat' dir='ltr'><strong>crucem</strong></span> <span class='ocrx_word' id='word_1_705' title='bbox 1303 4794 1516 4850; x_wconf 89' lang='lat' dir='ltr'><strong>Domini</strong></span> <span class='ocrx_word' id='word_1_706' title='bbox 1562 4804 1617 4849; x_wconf 89' lang='lat' dir='ltr'><strong>et</strong></span> <span class='ocrx_word' id='word_1_707' title='bbox 1641 4805 1860 4865; x_wconf 88' lang='lat' dir='ltr'><strong>portare</strong></span> <span class='ocrx_word' id='word_1_708' title='bbox 1906 4805 1962 4850; x_wconf 90' lang='lat' dir='ltr'><strong>et</strong></span> <span class='ocrx_word' id='word_1_709' title='bbox 1986 4812 2142 4865; x_wconf 71' lang='lat' dir='ltr'><strong>supe-</strong></span> 
     </span>
    </p>
   </div>
   <div class='ocr_carea' id='block_1_95' title="bbox 549 4885 2140 4956">
    <p class='ocr_par' dir='ltr' id='par_1_95' title="bbox 549 4885 2140 4956">
     <span class='ocr_line' id='line_1_95' title="bbox 549 4885 2140 4956; baseline -0.001 -14"><span class='ocrx_word' id='word_1_710' title='bbox 549 4887 683 4942; x_wconf 76' lang='lat' dir='ltr'><strong>riori</strong></span> <span class='ocrx_word' id='word_1_711' title='bbox 734 4886 916 4956; x_wconf 80' lang='lat' dir='ltr'><strong>regula</strong></span> <span class='ocrx_word' id='word_1_712' title='bbox 966 4886 1235 4941; x_wconf 81' lang='lat' dir='ltr'><strong>custodita</strong></span> <span class='ocrx_word' id='word_1_713' title='bbox 1279 4885 1406 4940; x_wconf 85' lang='lat' dir='ltr'><strong>licet</strong></span> <span class='ocrx_word' id='word_1_714' title='bbox 1445 4903 1566 4941; x_wconf 82' lang='lat' dir='ltr'><strong>rum</strong></span> <span class='ocrx_word' id='word_1_715' title='bbox 1613 4887 1830 4941; x_wconf 90' lang='lat' dir='ltr'><strong>libuerit</strong></span> <span class='ocrx_word' id='word_1_716' title='bbox 1873 4888 2140 4953; x_wconf 86' lang='lat' dir='ltr'><strong>osculari;</strong></span> 
     </span>
    </p>
   </div>
   <div class='ocr_carea' id='block_1_96' title="bbox 537 4979 2141 5049">
    <p class='ocr_par' dir='ltr' id='par_1_96' title="bbox 537 4979 2141 5049">
     <span class='ocr_line' id='line_1_96' title="bbox 537 4979 2141 5049; baseline 0.001 -15"><span class='ocrx_word' id='word_1_717' title='bbox 537 4982 647 5035; x_wconf 59' lang='lat' dir='ltr'><strong>used</strong></span> <span class='ocrx_word' id='word_1_718' title='bbox 699 4991 753 5035; x_wconf 92' lang='lat' dir='ltr'><strong>et</strong></span> <span class='ocrx_word' id='word_1_719' title='bbox 777 4990 905 5034; x_wconf 87' lang='lat' dir='ltr'><strong>tunc</strong></span> <span class='ocrx_word' id='word_1_720' title='bbox 932 4981 1186 5044; x_wconf 81' lang='lat' dir='ltr'><strong>maxime,</strong></span> <span class='ocrx_word' id='word_1_721' title='bbox 1236 4987 1400 5049; x_wconf 84' lang='lat' dir='ltr'><strong>atque</strong></span> <span class='ocrx_word' id='word_1_722' title='bbox 1434 4979 1531 5042; x_wconf 89' lang='lat' dir='ltr'><strong>ibi,</strong></span> <span class='ocrx_word' id='word_1_723' title='bbox 1572 4981 1790 5049; x_wconf 90' lang='lat' dir='ltr'><strong>quando</strong></span> <span class='ocrx_word' id='word_1_724' title='bbox 1823 4989 1879 5035; x_wconf 87' lang='lat' dir='ltr'><strong>et</strong></span> <span class='ocrx_word' id='word_1_725' title='bbox 1917 4981 2004 5034; x_wconf 92' lang='lat' dir='ltr'><strong>ubi</strong></span> <span class='ocrx_word' id='word_1_726' title='bbox 2042 4997 2141 5035; x_wconf 88' lang='lat' dir='ltr'><strong>an-</strong></span> 
     </span>
    </p>
   </div>
   <div class='ocr_carea' id='block_1_97' title="bbox 543 5069 2138 5140">
    <p class='ocr_par' dir='ltr' id='par_1_97' title="bbox 543 5069 2138 5140">
     <span class='ocr_line' id='line_1_97' title="bbox 543 5069 2138 5140; baseline 0 -16"><span class='ocrx_word' id='word_1_727' title='bbox 543 5071 688 5140; x_wconf 75' lang='lat' dir='ltr'><strong>tiqui</strong></span> <span class='ocrx_word' id='word_1_728' title='bbox 721 5070 894 5124; x_wconf 92' lang='lat' dir='ltr'><strong>hostis</strong></span> <span class='ocrx_word' id='word_1_729' title='bbox 938 5071 1020 5124; x_wconf 87' lang='lat' dir='ltr'><strong>vel</strong></span> <span class='ocrx_word' id='word_1_730' title='bbox 1068 5086 1258 5140; x_wconf 64' lang='lat' dir='ltr'><strong>pugna:</strong></span> <span class='ocrx_word' id='word_1_731' title='bbox 1285 5069 1370 5124; x_wconf 87' lang='lat' dir='ltr'><strong>vel</strong></span> <span class='ocrx_word' id='word_1_732' title='bbox 1400 5070 1608 5124; x_wconf 64' lang='lat' dir='ltr'><strong>insidiae</strong></span> <span class='ocrx_word' id='word_1_733' title='bbox 1647 5070 1919 5139; x_wconf 66' lang='lat' dir='ltr'><strong>prtecipue</strong></span> <span class='ocrx_word' id='word_1_734' title='bbox 1947 5069 2138 5125; x_wconf 81' lang='lat' dir='ltr'><strong>formi-</strong></span> 
     </span>
    </p>
   </div>
   <div class='ocr_carea' id='block_1_98' title="bbox 551 5163 774 5214">
    <p class='ocr_par' dir='ltr' id='par_1_98' title="bbox 551 5163 774 5214">
     <span class='ocr_line' id='line_1_98' title="bbox 551 5163 774 5214; baseline 0 0"><span class='ocrx_word' id='word_1_735' title='bbox 551 5163 774 5214; x_wconf 88' lang='lat' dir='ltr'><strong>dantur.</strong></span> 
     </span>
    </p>
   </div>
   <div class='ocr_carea' id='block_1_99' title="bbox 625 5251 2139 5323">
    <p class='ocr_par' dir='ltr' id='par_1_99' title="bbox 625 5251 2139 5323">
     <span class='ocr_line' id='line_1_99' title="bbox 625 5251 2139 5323; baseline -0.001 -16"><span class='ocrx_word' id='word_1_736' title='bbox 625 5251 716 5307; x_wconf 78' lang='lat' dir='ltr'><strong>IX.</strong></span> <span class='ocrx_word' id='word_1_737' title='bbox 775 5252 996 5322; x_wconf 86' lang='lat' dir='ltr'><strong>Corpori</strong></span> <span class='ocrx_word' id='word_1_738' title='bbox 1061 5260 1116 5306; x_wconf 91' lang='lat' dir='ltr'><strong>et</strong></span> <span class='ocrx_word' id='word_1_739' title='bbox 1161 5252 1409 5323; x_wconf 78' lang='lat' dir='ltr'><strong>sanguini</strong></span> <span class='ocrx_word' id='word_1_740' title='bbox 1477 5252 1757 5307; x_wconf 87' lang='lat' dir='ltr'><strong>Dotninico</strong></span> <span class='ocrx_word' id='word_1_741' title='bbox 1802 5251 2044 5321; x_wconf 89' lang='lat' dir='ltr'><strong>quotidie</strong></span> <span class='ocrx_word' id='word_1_742' title='bbox 2087 5252 2139 5306; x_wconf 90' lang='lat' dir='ltr'><strong>in</strong></span> 
     </span>
    </p>
   </div>
   <div class='ocr_carea' id='block_1_100' title="bbox 549 5344 2143 5420">
    <p class='ocr_par' dir='ltr' id='par_1_100' title="bbox 549 5344 2143 5420">
     <span class='ocr_line' id='line_1_100' title="bbox 549 5344 2143 5420; baseline 0.001 -23"><span class='ocrx_word' id='word_1_743' title='bbox 549 5345 968 5420; x_wconf 80' lang='lat' dir='ltr'><strong>quadragesima</strong></span> <span class='ocrx_word' id='word_1_744' title='bbox 997 5344 1186 5414; x_wconf 88' lang='lat' dir='ltr'><strong>majori</strong></span> <span class='ocrx_word' id='word_1_745' title='bbox 1215 5346 1258 5400; x_wconf 92' lang='lat' dir='ltr'><strong>si</strong></span> <span class='ocrx_word' id='word_1_746' title='bbox 1286 5345 1556 5400; x_wconf 86' lang='lat' dir='ltr'><strong>deberetis</strong></span> <span class='ocrx_word' id='word_1_747' title='bbox 1583 5345 1984 5400; x_wconf 87' lang='lat' dir='ltr'><strong>communicare</strong></span> <span class='ocrx_word' id='word_1_748' title='bbox 2011 5359 2143 5398; x_wconf 90' lang='lat' dir='ltr'><strong>con-</strong></span> 
     </span>
    </p>
   </div>
   <div class='ocr_carea' id='block_1_101' title="bbox 549 5435 2141 5504">
    <p class='ocr_par' dir='ltr' id='par_1_101' title="bbox 549 5435 2141 5504">
     <span class='ocr_line' id='line_1_101' title="bbox 549 5435 2141 5504; baseline -0.003 -13"><span class='ocrx_word' id='word_1_749' title='bbox 549 5435 736 5491; x_wconf 83' lang='lat' dir='ltr'><strong>sulitis</strong></span> <span class='ocrx_word' id='word_1_750' title='bbox 764 5453 778 5488; x_wconf 87' lang='lat'><strong>:</strong></span> <span class='ocrx_word' id='word_1_751' title='bbox 826 5435 968 5504; x_wconf 88' lang='lat' dir='ltr'><strong>quod</strong></span> <span class='ocrx_word' id='word_1_752' title='bbox 995 5444 1051 5488; x_wconf 93' lang='lat' dir='ltr'><strong>ut</strong></span> <span class='ocrx_word' id='word_1_753' title='bbox 1081 5435 1193 5500; x_wconf 89' lang='lat' dir='ltr'><strong>ﬁat,</strong></span> <span class='ocrx_word' id='word_1_754' title='bbox 1236 5435 1519 5490; x_wconf 88' lang='lat' dir='ltr'><strong>Dominqu</strong></span> <span class='ocrx_word' id='word_1_755' title='bbox 1550 5435 1975 5502; x_wconf 84' lang='lat' dir='ltr'><strong>omnipotentem</strong></span> <span class='ocrx_word' id='word_1_756' title='bbox 2015 5449 2141 5504; x_wconf 84' lang='lat' dir='ltr'><strong>sup-</strong></span> 
     </span>
    </p>
   </div>
   <div class='ocr_carea' id='block_1_102' title="bbox 554 5525 2144 5595">
    <p class='ocr_par' dir='ltr' id='par_1_102' title="bbox 554 5525 2144 5595">
     <span class='ocr_line' id='line_1_102' title="bbox 554 5525 2144 5595; baseline 0.001 -16"><span class='ocrx_word' id='word_1_757' title='bbox 554 5526 773 5595; x_wconf 90' lang='lat' dir='ltr'><strong>pliciter</strong></span> <span class='ocrx_word' id='word_1_758' title='bbox 821 5539 1145 5591; x_wconf 76' lang='lat' dir='ltr'><strong>exoramus,</strong></span> <span class='ocrx_word' id='word_1_759' title='bbox 1192 5535 1247 5580; x_wconf 93' lang='lat' dir='ltr'><strong>et</strong></span> <span class='ocrx_word' id='word_1_760' title='bbox 1291 5542 1388 5580; x_wconf 88' lang='lat' dir='ltr'><strong>vos</strong></span> <span class='ocrx_word' id='word_1_761' title='bbox 1435 5542 1626 5579; x_wconf 87' lang='lat' dir='ltr'><strong>omnes</strong></span> <span class='ocrx_word' id='word_1_762' title='bbox 1674 5525 2144 5580; x_wconf 88' lang='lat' dir='ltr'><strong>vehementissime</strong></span> 
     </span>
    </p>
   </div>
   <div class='ocr_carea' id='block_1_103' title="bbox 473 5614 2140 5684">
    <p class='ocr_par' dir='ltr' id='par_1_103' title="bbox 473 5614 2140 5684">
     <span class='ocr_line' id='line_1_103' title="bbox 473 5614 2140 5684; baseline 0 -16"><span class='ocrx_word' id='word_1_763' title='bbox 473 5633 480 5642; x_wconf 90' lang='grc'><strong>·</strong></span> <span class='ocrx_word' id='word_1_764' title='bbox 554 5617 934 5680; x_wconf 80' lang='lat' dir='ltr'><strong>exhortamur,</strong></span> <span class='ocrx_word' id='word_1_765' title='bbox 978 5616 1021 5670; x_wconf 87' lang='lat' dir='ltr'><strong>si</strong></span> <span class='ocrx_word' id='word_1_766' title='bbox 1055 5625 1235 5670; x_wconf 88' lang='lat' dir='ltr'><strong>tamen</strong></span> <span class='ocrx_word' id='word_1_767' title='bbox 1263 5629 1417 5669; x_wconf 90' lang='lat' dir='ltr'><strong>mens</strong></span> <span class='ocrx_word' id='word_1_768' title='bbox 1444 5616 1496 5668; x_wconf 94' lang='lat' dir='ltr'><strong>in</strong></span> <span class='ocrx_word' id='word_1_769' title='bbox 1525 5614 1719 5670; x_wconf 78' lang='lat' dir='ltr'><strong>atleetu</strong></span> <span class='ocrx_word' id='word_1_770' title='bbox 1748 5615 2003 5684; x_wconf 86' lang='lat' dir='ltr'><strong>peccandi</strong></span> <span class='ocrx_word' id='word_1_771' title='bbox 2036 5631 2140 5670; x_wconf 92' lang='lat' dir='ltr'><strong>non</strong></span> 
     </span>
    </p>
   </div>
   <div class='ocr_carea' id='block_1_104' title="bbox 556 5703 2141 5778">
    <p class='ocr_par' dir='ltr' id='par_1_104' title="bbox 556 5703 2141 5778">
     <span class='ocr_line' id='line_1_104' title="bbox 556 5703 2141 5778; baseline -0.002 -17"><span class='ocrx_word' id='word_1_772' title='bbox 556 5705 648 5770; x_wconf 69' lang='lat' dir='ltr'><strong>sit,</strong></span> <span class='ocrx_word' id='word_1_773' title='bbox 700 5705 784 5761; x_wconf 86' lang='lat' dir='ltr'><strong>vel</strong></span> <span class='ocrx_word' id='word_1_774' title='bbox 832 5707 876 5761; x_wconf 88' lang='lat' dir='ltr'><strong>si</strong></span> <span class='ocrx_word' id='word_1_775' title='bbox 902 5707 1040 5761; x_wconf 84' lang='lat' dir='ltr'><strong>hanc</strong></span> <span class='ocrx_word' id='word_1_776' title='bbox 1090 5704 1288 5758; x_wconf 91' lang='lat' dir='ltr'><strong>nonde</strong></span> <span class='ocrx_word' id='word_1_777' title='bbox 1327 5703 1696 5759; x_wconf 82' lang='lat' dir='ltr'><strong>criminalibus</strong></span> <span class='ocrx_word' id='word_1_778' title='bbox 1733 5705 1972 5778; x_wconf 88' lang='lat' dir='ltr'><strong>peccatis</strong></span> <span class='ocrx_word' id='word_1_779' title='bbox 2012 5719 2141 5759; x_wconf 87' lang='lat' dir='ltr'><strong>con-</strong></span> 
     </span>
    </p>
   </div>
   <div class='ocr_carea' id='block_1_105' title="bbox 2250 4602 3795 4685">
    <p class='ocr_par' dir='ltr' id='par_1_105' title="bbox 2250 4602 3795 4685">
     <span class='ocr_line' id='line_1_105' title="bbox 2250 4602 3795 4685; baseline -0.006 -15"><span class='ocrx_word' id='word_1_780' title='bbox 2250 4616 2372 4670; x_wconf 89' lang='lat' dir='ltr'><strong>diri.</strong></span> <span class='ocrx_word' id='word_1_781' title='bbox 2404 4615 2473 4668; x_wconf 90' lang='lat' dir='ltr'><strong>At</strong></span> <span class='ocrx_word' id='word_1_782' title='bbox 2501 4624 2786 4685; x_wconf 89' lang='lat' dir='ltr'><strong>postquam</strong></span> <span class='ocrx_word' id='word_1_783' title='bbox 2833 4613 3006 4683; x_wconf 82' lang='lat' dir='ltr'><strong>gratia</strong></span> <span class='ocrx_word' id='word_1_784' title='bbox 3049 4613 3434 4684; x_wconf 86' lang='lat' dir='ltr'><strong>omnipotentis</strong></span> <span class='ocrx_word' id='word_1_785' title='bbox 3470 4612 3565 4666; x_wconf 89' lang='lat' dir='ltr'><strong>Dei</strong></span> <span class='ocrx_word' id='word_1_786' title='bbox 3623 4602 3795 4664; x_wconf 82' lang='lat' dir='ltr'><strong>Domini</strong></span> 
     </span>
    </p>
   </div>
   <div class='ocr_carea' id='block_1_106' title="bbox 2249 4695 3793 4774">
    <p class='ocr_par' dir='ltr' id='par_1_106' title="bbox 2249 4695 3793 4774">
     <span class='ocr_line' id='line_1_106' title="bbox 2249 4695 3793 4774; baseline -0.003 -12"><span class='ocrx_word' id='word_1_787' title='bbox 2249 4707 2421 4762; x_wconf 90' lang='lat' dir='ltr'><strong>nostri</strong></span> <span class='ocrx_word' id='word_1_788' title='bbox 2440 4706 2564 4762; x_wconf 85' lang='lat' dir='ltr'><strong>Jesu</strong></span> <span class='ocrx_word' id='word_1_789' title='bbox 2598 4706 2800 4761; x_wconf 89' lang='lat' dir='ltr'><strong>Christi</strong></span> <span class='ocrx_word' id='word_1_790' title='bbox 2822 4705 3072 4774; x_wconf 87' lang='lat' dir='ltr'><strong>apparuit</strong></span> <span class='ocrx_word' id='word_1_791' title='bbox 3095 4703 3224 4773; x_wconf 89' lang='lat' dir='ltr'><strong>(Tit.</strong></span> <span class='ocrx_word' id='word_1_792' title='bbox 3258 4705 3345 4772; x_wconf 82' lang='lat' dir='ltr'><strong>tt),</strong></span> <span class='ocrx_word' id='word_1_793' title='bbox 3371 4713 3640 4774; x_wconf 69' lang='lat' dir='ltr'><strong>prmeepta</strong></span> <span class='ocrx_word' id='word_1_794' title='bbox 3668 4695 3793 4766; x_wconf 55' lang='lat' dir='ltr'><strong>legis.</strong></span> 
     </span>
    </p>
   </div>
   <div class='ocr_carea' id='block_1_107' title="bbox 2243 4782 3790 4867">
    <p class='ocr_par' dir='ltr' id='par_1_107' title="bbox 2243 4782 3790 4867">
     <span class='ocr_line' id='line_1_107' title="bbox 2243 4782 3790 4867; baseline -0.004 -17"><span class='ocrx_word' id='word_1_795' title='bbox 2243 4813 2364 4866; x_wconf 68' lang='lat' dir='ltr'><strong>quae</strong></span> <span class='ocrx_word' id='word_1_796' title='bbox 2402 4813 2498 4866; x_wconf 87' lang='lat' dir='ltr'><strong>per</strong></span> <span class='ocrx_word' id='word_1_797' title='bbox 2523 4797 2745 4867; x_wconf 80' lang='lat' dir='ltr'><strong>ﬁguram</strong></span> <span class='ocrx_word' id='word_1_798' title='bbox 2774 4795 2919 4850; x_wconf 85' lang='lat' dir='ltr'><strong>dicta</strong></span> <span class='ocrx_word' id='word_1_799' title='bbox 2957 4805 3104 4858; x_wconf 87' lang='lat' dir='ltr'><strong>sunt.</strong></span> <span class='ocrx_word' id='word_1_800' title='bbox 3152 4795 3306 4865; x_wconf 74' lang='lat' dir='ltr'><strong>juvta</strong></span> <span class='ocrx_word' id='word_1_801' title='bbox 3338 4795 3576 4849; x_wconf 88' lang='lat' dir='ltr'><strong>litteram</strong></span> <span class='ocrx_word' id='word_1_802' title='bbox 3619 4782 3790 4846; x_wconf 72' lang='lat' dir='ltr'><strong>servari</strong></span> 
     </span>
    </p>
   </div>
   <div class='ocr_carea' id='block_1_108' title="bbox 2245 4884 3794 4958">
    <p class='ocr_par' dir='ltr' id='par_1_108' title="bbox 2245 4884 3794 4958">
     <span class='ocr_line' id='line_1_108' title="bbox 2245 4884 3794 4958; baseline -0.008 -13"><span class='ocrx_word' id='word_1_803' title='bbox 2245 4905 2356 4945; x_wconf 92' lang='lat' dir='ltr'><strong>non</strong></span> <span class='ocrx_word' id='word_1_804' title='bbox 2387 4901 2631 4958; x_wconf 87' lang='lat' dir='ltr'><strong>possunt.</strong></span> <span class='ocrx_word' id='word_1_805' title='bbox 2664 4887 2797 4941; x_wconf 83' lang='lat' dir='ltr'><strong>Nam</strong></span> <span class='ocrx_word' id='word_1_806' title='bbox 2833 4889 2876 4942; x_wconf 92' lang='lat' dir='ltr'><strong>si</strong></span> <span class='ocrx_word' id='word_1_807' title='bbox 2899 4888 3021 4956; x_wconf 89' lang='lat' dir='ltr'><strong>quis</strong></span> <span class='ocrx_word' id='word_1_808' title='bbox 3063 4887 3194 4942; x_wconf 90' lang='lat' dir='ltr'><strong>dicit</strong></span> <span class='ocrx_word' id='word_1_809' title='bbox 3218 4887 3319 4941; x_wconf 90' lang='lat' dir='ltr'><strong>hoc</strong></span> <span class='ocrx_word' id='word_1_810' title='bbox 3343 4886 3409 4940; x_wconf 87' lang='lat' dir='ltr'><strong>de</strong></span> <span class='ocrx_word' id='word_1_811' title='bbox 3444 4884 3674 4938; x_wconf 79' lang='lat' dir='ltr'><strong>Sabbato</strong></span> <span class='ocrx_word' id='word_1_812' title='bbox 3699 4889 3794 4932; x_wconf 81' lang='lat' dir='ltr'><strong>esse</strong></span> 
     </span>
    </p>
   </div>
   <div class='ocr_carea' id='block_1_109' title="bbox 2247 4964 3790 5041">
    <p class='ocr_par' dir='ltr' id='par_1_109' title="bbox 2247 4964 3790 5041">
     <span class='ocr_line' id='line_1_109' title="bbox 2247 4964 3790 5041; baseline -0.008 -9"><span class='ocrx_word' id='word_1_813' title='bbox 2247 4979 2594 5041; x_wconf 85' lang='lat' dir='ltr'><strong>servandum,</strong></span> <span class='ocrx_word' id='word_1_814' title='bbox 2645 4977 2792 5032; x_wconf 89' lang='lat' dir='ltr'><strong>dicat</strong></span> <span class='ocrx_word' id='word_1_815' title='bbox 2830 4991 3053 5032; x_wconf 85' lang='lat' dir='ltr'><strong>necesse</strong></span> <span class='ocrx_word' id='word_1_816' title='bbox 3081 4984 3166 5030; x_wconf 90' lang='lat' dir='ltr'><strong>est</strong></span> <span class='ocrx_word' id='word_1_817' title='bbox 3202 4973 3366 5030; x_wconf 88' lang='lat' dir='ltr'><strong>etiam</strong></span> <span class='ocrx_word' id='word_1_818' title='bbox 3389 4972 3627 5027; x_wconf 89' lang='lat' dir='ltr'><strong>carnalia</strong></span> <span class='ocrx_word' id='word_1_819' title='bbox 3655 4964 3790 5023; x_wconf 83' lang='lat' dir='ltr'><strong>sacri-</strong></span> 
     </span>
    </p>
   </div>
   <div class='ocr_carea' id='block_1_110' title="bbox 2248 5057 3792 5140">
    <p class='ocr_par' dir='ltr' id='par_1_110' title="bbox 2248 5057 3792 5140">
     <span class='ocr_line' id='line_1_110' title="bbox 2248 5057 3792 5140; baseline -0.012 -15"><span class='ocrx_word' id='word_1_820' title='bbox 2248 5073 2367 5125; x_wconf 78' lang='lat' dir='ltr'><strong>ﬁcia</strong></span> <span class='ocrx_word' id='word_1_821' title='bbox 2403 5070 2756 5140; x_wconf 87' lang='lat' dir='ltr'><strong>persolvenda</strong></span> <span class='ocrx_word' id='word_1_822' title='bbox 2781 5085 2796 5133; x_wconf 94' lang='lat'><strong>;</strong></span> <span class='ocrx_word' id='word_1_823' title='bbox 2841 5069 2986 5123; x_wconf 89' lang='lat' dir='ltr'><strong>dicat</strong></span> <span class='ocrx_word' id='word_1_824' title='bbox 3028 5076 3356 5137; x_wconf 59' lang='lat' dir='ltr'><strong>praeceptum</strong></span> <span class='ocrx_word' id='word_1_825' title='bbox 3381 5079 3600 5133; x_wconf 86' lang='lat' dir='ltr'><strong>quoque</strong></span> <span class='ocrx_word' id='word_1_826' title='bbox 3625 5062 3684 5116; x_wconf 86' lang='lat' dir='ltr'><strong>de</strong></span> <span class='ocrx_word' id='word_1_827' title='bbox 3711 5057 3792 5110; x_wconf 68' lang='grc' dir='ltr'><strong>εἱιυ</strong></span> 
     </span>
    </p>
   </div>
   <div class='ocr_carea' id='block_1_111' title="bbox 2246 5145 3792 5229">
    <p class='ocr_par' dir='ltr' id='par_1_111' title="bbox 2246 5145 3792 5229">
     <span class='ocr_line' id='line_1_111' title="bbox 2246 5145 3792 5229; baseline -0.009 -14"><span class='ocrx_word' id='word_1_828' title='bbox 2246 5161 2577 5216; x_wconf 79' lang='lat' dir='ltr'><strong>cumcisione</strong></span> <span class='ocrx_word' id='word_1_829' title='bbox 2612 5160 2859 5229; x_wconf 90' lang='lat' dir='ltr'><strong>corporis</strong></span> <span class='ocrx_word' id='word_1_830' title='bbox 2907 5159 3084 5212; x_wconf 88' lang='lat' dir='ltr'><strong>adhuc</strong></span> <span class='ocrx_word' id='word_1_831' title='bbox 3113 5172 3281 5227; x_wconf 89' lang='lat' dir='ltr'><strong>usque</strong></span> <span class='ocrx_word' id='word_1_832' title='bbox 3328 5156 3682 5212; x_wconf 85' lang='lat' dir='ltr'><strong>retinendum.</strong></span> <span class='ocrx_word' id='word_1_833' title='bbox 3710 5145 3792 5202; x_wconf 76' lang='lat' dir='ltr'><strong>Sed</strong></span> 
     </span>
    </p>
   </div>
   <div class='ocr_carea' id='block_1_112' title="bbox 2247 5234 3793 5320">
    <p class='ocr_par' dir='ltr' id='par_1_112' title="bbox 2247 5234 3793 5320">
     <span class='ocr_line' id='line_1_112' title="bbox 2247 5234 3793 5320; baseline -0.01 -12"><span class='ocrx_word' id='word_1_834' title='bbox 2247 5263 2433 5308; x_wconf 85' lang='lat' dir='ltr'><strong>contra</strong></span> <span class='ocrx_word' id='word_1_835' title='bbox 2467 5268 2526 5308; x_wconf 87' lang='lat' dir='ltr'><strong>se</strong></span> <span class='ocrx_word' id='word_1_836' title='bbox 2572 5252 2796 5306; x_wconf 87' lang='lat' dir='ltr'><strong>Paulqu</strong></span> <span class='ocrx_word' id='word_1_837' title='bbox 2847 5250 3150 5320; x_wconf 89' lang='lat' dir='ltr'><strong>apostolum</strong></span> <span class='ocrx_word' id='word_1_838' title='bbox 3199 5249 3382 5302; x_wconf 88' lang='lat' dir='ltr'><strong>audiat</strong></span> <span class='ocrx_word' id='word_1_839' title='bbox 3434 5247 3716 5301; x_wconf 89' lang='lat' dir='ltr'><strong>dicentem:</strong></span> <span class='ocrx_word' id='word_1_840' title='bbox 3744 5234 3793 5290; x_wconf 77' lang='lat' dir='ltr'><strong>Si</strong></span> 
     </span>
    </p>
   </div>
   <div class='ocr_carea' id='block_1_113' title="bbox 2247 5330 3791 5410">
    <p class='ocr_par' dir='ltr' id='par_1_113' title="bbox 2247 5330 3791 5410">
     <span class='ocr_line' id='line_1_113' title="bbox 2247 5330 3791 5410; baseline -0.002 -13"><span class='ocrx_word' id='word_1_841' title='bbox 2247 5344 2666 5407; x_wconf 76' lang='lat' dir='ltr'><strong>circumdamini,</strong></span> <span class='ocrx_word' id='word_1_842' title='bbox 2709 5343 2950 5398; x_wconf 76' lang='lat' dir='ltr'><strong>Christus</strong></span> <span class='ocrx_word' id='word_1_843' title='bbox 2985 5342 3126 5396; x_wconf 80' lang='lat' dir='ltr'><strong>vobis</strong></span> <span class='ocrx_word' id='word_1_844' title='bbox 3148 5340 3278 5394; x_wconf 84' lang='lat' dir='ltr'><strong>nihil</strong></span> <span class='ocrx_word' id='word_1_845' title='bbox 3326 5339 3534 5410; x_wconf 74' lang='lat' dir='ltr'><strong>prodest</strong></span> <span class='ocrx_word' id='word_1_846' title='bbox 3559 5337 3577 5408; x_wconf 92' lang='lat'><strong>(</strong></span> <span class='ocrx_word' id='word_1_847' title='bbox 3597 5334 3703 5392; x_wconf 82' lang='lat' dir='ltr'><strong>Gal.</strong></span> <span class='ocrx_word' id='word_1_848' title='bbox 3731 5330 3791 5394; x_wconf 58' lang='grc' dir='ltr'><strong>ς)-</strong></span> 
     </span>
    </p>
   </div>
   <div class='ocr_carea' id='block_1_114' title="bbox 2251 5421 3792 5505">
    <p class='ocr_par' dir='ltr' id='par_1_114' title="bbox 2251 5421 3792 5505">
     <span class='ocr_line' id='line_1_114' title="bbox 2251 5421 3792 5505; baseline -0.014 -15"><span class='ocrx_word' id='word_1_849' title='bbox 2251 5435 2358 5490; x_wconf 83' lang='lat' dir='ltr'><strong>Nos</strong></span> <span class='ocrx_word' id='word_1_850' title='bbox 2386 5436 2566 5504; x_wconf 86' lang='lat' dir='ltr'><strong>itaque</strong></span> <span class='ocrx_word' id='word_1_851' title='bbox 2605 5434 2747 5505; x_wconf 87' lang='lat' dir='ltr'><strong>quod</strong></span> <span class='ocrx_word' id='word_1_852' title='bbox 2780 5435 2847 5489; x_wconf 88' lang='lat' dir='ltr'><strong>de</strong></span> <span class='ocrx_word' id='word_1_853' title='bbox 2870 5433 3108 5488; x_wconf 89' lang='lat' dir='ltr'><strong>Sabbato</strong></span> <span class='ocrx_word' id='word_1_854' title='bbox 3149 5432 3350 5486; x_wconf 90' lang='lat' dir='ltr'><strong>dictum</strong></span> <span class='ocrx_word' id='word_1_855' title='bbox 3384 5439 3472 5484; x_wconf 89' lang='lat' dir='ltr'><strong>est</strong></span> <span class='ocrx_word' id='word_1_856' title='bbox 3519 5421 3792 5499; x_wconf 84' lang='lat' dir='ltr'><strong>spiritaliter</strong></span> 
     </span>
    </p>
   </div>
   <div class='ocr_carea' id='block_1_115' title="bbox 2251 5510 3791 5594">
    <p class='ocr_par' dir='ltr' id='par_1_115' title="bbox 2251 5510 3791 5594">
     <span class='ocr_line' id='line_1_115' title="bbox 2251 5510 3791 5594; baseline -0.01 -13"><span class='ocrx_word' id='word_1_857' title='bbox 2251 5527 2580 5594; x_wconf 87' lang='lat' dir='ltr'><strong>accepimus,</strong></span> <span class='ocrx_word' id='word_1_858' title='bbox 2648 5524 2968 5593; x_wconf 88' lang='lat' dir='ltr'><strong>spiritaliter</strong></span> <span class='ocrx_word' id='word_1_859' title='bbox 3015 5533 3276 5578; x_wconf 84' lang='lat' dir='ltr'><strong>tenemus.</strong></span> <span class='ocrx_word' id='word_1_860' title='bbox 3353 5520 3644 5575; x_wconf 89' lang='lat' dir='ltr'><strong>Sabbatum</strong></span> <span class='ocrx_word' id='word_1_861' title='bbox 3677 5510 3791 5566; x_wconf 83' lang='lat' dir='ltr'><strong>enim</strong></span> 
     </span>
    </p>
   </div>
   <div class='ocr_carea' id='block_1_116' title="bbox 2254 5598 3789 5687">
    <p class='ocr_par' dir='ltr' id='par_1_116' title="bbox 2254 5598 3789 5687">
     <span class='ocr_line' id='line_1_116' title="bbox 2254 5598 3789 5687; baseline -0.008 -16"><span class='ocrx_word' id='word_1_862' title='bbox 2254 5619 2451 5687; x_wconf 70' lang='lat' dir='ltr'><strong>requies</strong></span> <span class='ocrx_word' id='word_1_863' title='bbox 2481 5617 2714 5672; x_wconf 86' lang='lat' dir='ltr'><strong>dicitur:</strong></span> <span class='ocrx_word' id='word_1_864' title='bbox 2741 5630 2926 5668; x_wconf 89' lang='lat' dir='ltr'><strong>verum</strong></span> <span class='ocrx_word' id='word_1_865' title='bbox 2968 5623 3148 5668; x_wconf 81' lang='lat' dir='ltr'><strong>autem</strong></span> <span class='ocrx_word' id='word_1_866' title='bbox 3179 5612 3472 5667; x_wconf 86' lang='lat' dir='ltr'><strong>Sabbatum</strong></span> <span class='ocrx_word' id='word_1_867' title='bbox 3514 5611 3678 5678; x_wconf 86' lang='lat' dir='ltr'><strong>ipsum</strong></span> <span class='ocrx_word' id='word_1_868' title='bbox 3713 5598 3789 5652; x_wconf 72' lang='grc' dir='ltr'><strong>ΒΘ·</strong></span> 
     </span>
    </p>
   </div>
   <div class='ocr_carea' id='block_1_117' title="bbox 2255 5690 3788 5775">
    <p class='ocr_par' dir='ltr' id='par_1_117' title="bbox 2255 5690 3788 5775">
     <span class='ocr_line' id='line_1_117' title="bbox 2255 5690 3788 5775; baseline -0.015 -14"><span class='ocrx_word' id='word_1_869' title='bbox 2255 5707 2584 5775; x_wconf 83' lang='lat' dir='ltr'><strong>demptorem</strong></span> <span class='ocrx_word' id='word_1_870' title='bbox 2615 5714 2857 5759; x_wconf 89' lang='lat' dir='ltr'><strong>nostrum</strong></span> <span class='ocrx_word' id='word_1_871' title='bbox 2897 5701 3079 5758; x_wconf 82' lang='lat' dir='ltr'><strong>Jesum</strong></span> <span class='ocrx_word' id='word_1_872' title='bbox 3120 5702 3391 5758; x_wconf 85' lang='lat' dir='ltr'><strong>Christum</strong></span> <span class='ocrx_word' id='word_1_873' title='bbox 3431 5700 3694 5755; x_wconf 86' lang='lat' dir='ltr'><strong>Dominum</strong></span> <span class='ocrx_word' id='word_1_874' title='bbox 3719 5690 3788 5744; x_wconf 83' lang='lat' dir='ltr'><strong>ha-</strong></span> 
     </span>
    </p>
   </div>
  </div>
