4050 6324
346 355 456 415 985

1550 344 1915 405 EPISTOL‘E
1952 344 2039 403 er
2076 328 2418 404 escas“.

3501 313 3607 400 m

346 463 958 534 benms;etqui.lueem
980 462 1103 518 fidei
1119 459 1241 529 eius
1257 460 1552 531 cognoscit,
1576 463 1621 516 si
1643 468 1921 531 peccatum
1951 471 1997 525 Α
2027 458 2079 512 in
2130 460 2362 515 medium
2394 442 2641 523 deferri,
2690 456 2792 513 nisi
2842 447 2984 512 unde
3029 458 3280 513 omnibus
3326 440 3605 530 gaudium,

344 558 793 628 concupiscentia
817 557 884 611 ad
919 564 1157 610 mentem
1181 571 1278 625 per
1302 552 1488 609 oculos
1512 553 1697 618 trahit,
1737 552 1791 606 in
1835 551 1923 606 die

346 650 575 706 Sabbati
600 664 766 705 onera
796 662 894 720 per
917 658 1102 720 portas
1131 646 1444 702 introducit.
1466 644 1583 701 Non
1606 660 1735 716 ergo
1757 645 1810 699 in
1835 643 1925 698 die

344 740 572 795 Sabbati
609 753 773 794 onera
815 748 1146 808 per‘portas
1186 737 1600 800 introducimus,
1648 736 1692 789 si
1736 735 1789 788 in
1821 734 1926 787 lie-

344 829 643 900 demptoris
685 830 854 884 nostri
896 830 1066 899 gratia
1115 829 1395 883 constituti
1438 828 1677 899 pondera
1717 824 1925 896 peccati

342 922 427 976 ad
443 922 677 976 animam
700 936 797 990 per
813 935 1006 975 sensus
1031 933 1324 990 corporeos
1341 932 1443 974 non
1471 919 1769 973 trabamus.
1790 914 1925 970 Nam

344 1013 491 1077 idem
534 1012 795 1067 Dominus
824 1026 891 1067 ac
936 1011 1261 1080 Redemptor
1306 1018 1491 1064 noster
1528 1008 1695 1063 multa
1740 1007 1793 1062 in
1841 1007 1927 1062 die

351 1101 576 1157 Sabbati
607 1101 802 1171 legitur
823 1116 1102 1172 operasse,
1145 1101 1217 1155 ita
1253 1108 1312 1154 ut
1341 1100 1551 1155 Iudaeos
1576 1098 1929 1169 reprehende-

346 1190 436 1252 ret
475 1193 661 1248 dicens
693 1212 707 1247 :
743 1192 871 1258 Quis
909 1208 1134 1248 uestrum
1182 1192 1374 1252 bouem,
1417 1200 1509 1244 aut
1529 1191 1738 1244 asinum
1775 1204 1928 1242 suum

342 1299 459 1343 :mm
497 1281 648 1338 sciuit
684 1282 745 1337 in
778 1282 863 1336 die
903 1280 1135 1345 Sabbati',
1173 1291 1222 1335 et
1253 1281 1396 1334 ducit
1434 1276 1745 1351 aduquare?
1775 1277 1925 1349 (Luc.

341 1372 509 1442 ,κιν.)·
534 1370 593 1426 Si
612 1386 743 1441 ergo
766 1372 881 1442 ipsa
916 1386 1011 1440 per
1031 1386 1091 1425 se
1116 1371 1329 1426 Veritas
1360 1386 1465 1425 non
1492 1369 1750 1424 custodiri
1775 1369 1926 1438 juxta

339 1462 587 1521 .litteram
617 1464 898 1519 sabbatum
934 1463 1210 1533 praecepit,
1237 1462 1483 1533 quisquis
1505 1464 1673 1516 otium
1709 1459 1931 1515 Sabbati

340 1551 647 1627 ~secundum
675 1550 809 1621 legis
835 1550 1067 1604 litteram
1111 1550 1370 1614 custodit,
1396 1551 1483 1605 cui
1509 1549 1664 1604 alteri
1696 1550 1797 1604 nisi
1830 1550 1931 1619 ipsi

338 1638 583 1697 .Veritati
629 1637 997 1694 contradicit?
1030 1670 1031 1673 η
1060 1638 1344 1694 Dominico
1392 1654 1523 1694 vero
1559 1639 1647 1693 die
1691 1653 1723 1692 a
1751 1640 1933 1695 labore

340 1742 569 1791 terreno
605 1733 922 1788 cessandum
948 1740 1052 1791 est.
1109 1742 1274 1801 atque
1308 1733 1454 1787 omni
1497 1732 1656 1788 modo
1675 1732 1933 1788 orationi-

2024 562 2127 618 pax
2156 558 2212 604 et
2258 547 2518 619 spiritalis
2547 547 2729 603 laetitia
2759 558 3065 618 generetur.
3094 546 3295 603 Verum
3345 548 3429 603 his
3463 556 3601 621 prae-

2023 638 2227 705 libatis,
2254 639 2451 709 quibus
2479 637 2671 694 diebus
2690 628 2894 708 praeter
2936 638 3214 693 h0s'nulla
3255 638 3364 693 sint
3404 638 3604 709 judicia

2024 730 2304 786 saecularia
2333 736 2659 795 exercenda,
2691 731 2779 787 lex
2805 732 2902 787 vos
2924 731 3129 786 affatim
3156 731 3424 787 edocebit.

2096 823 2230 877 Xlll.
2264 823 2409 879 inter
2434 823 2762 893 quaestiones
2798 839 2928 879 vero
2969 832 3024 879 et
3067 823 3312 879 consulta
3340 823 3486 894 leges
3511 836 3610 877 vos

2024 915 2329 972 mundanas
2354 915 3000 988 postulare-perhibetis;
3032 916 3099 971 de
3130 930 3236 986 qua
3282 930 3343 971 re
3385 931 3483 970 nos
3518 929 3609 971 co-

2028 1010 2175 1066 dices
2200 1024 2338 1081 quos
2370 1010 2709 1065 necessarios
2733 1008 2987 1064 vobis“ad
3011 1024 3252 1079 praesens
3280 1022 3402 1063 esse
3432 1006 3615 1064 consi-

2028 1103 2220 1159 derare
2260 1103 2645 1173 potuissemus,
2692 1101 2877 1156 libenti
2929 1102 3271 1157 mitteremus
3317 1101 3519 1165 animo,
3561 1094 3608 1154 si

2022 1210 2192 1265 quem
2230 1208 2398 1264 penes
2419 1207 2519 1247 vos
2550 1206 2671 1247 esse
2705 1192 3173 1261 comperissemus,
3201 1192 3293 1263 qui
3321 1191 3419 1246 hos
3454 1188 3611 1246 vobis

2028 1284 2371 1356 interpretari
2410 1285 2717 1356 potuisset:
2746 1283 2792 1339 si
2827 1298 2963 1353 quos
3006 1291 3185 1338 autem
3229 1284 3298 1338 de
3338 1283 3607 1337 mundana

2026 1378 2147 1449 lege
2194 1378 2361 1432 libros
2409 1376 2591 1432 missis
2643 1374 2845 1430 nostris
2896 1374 3176 1435 dedimus,
3225 1389 3349 1429 cum
3406 1373 3610 1429 reversi

2024 1465 2249 1532 fuerint,
2282 1466 2529 1521 nolumus
2554 1464 2627 1519 ibi
2673 1463 2927 1534 relinqui,
2965 1478 3033 1518 ne
3062 1461 3203 1518 forte
3228 1462 3482 1532 quislibet
3517 1478 3613 1543 eos

2030 1558 2185 1614 vobis
2219 1557 2476 1629 perverse
2517 1557 2928 1626 interpretetur,
2968 1558 3067 1609 aut
3092 1554 3329 1609 falsitate
3376 1553 3615 1625 qualibet

2024 1648 2216 1704 violet.
2908 1638 2921 1647 ”

2104 1740 2241 1796 XIV.
2286 1740 2558 1798 Praeterea
2610 1738 2892 1804 indicatis,
2936 1739 3080 1810 quod
3124 1737 3345 1807 quidam
3394 1737 3619 1792 Graecus

348 1823 458 1905 'bus
484 1822 876 1887 insistendum;
905 1831 965 1877 ut
1003 1823 1146 1891 quod
1175 1823 1508 1894 negligenter
1543 1838 1641 1893 per
1702 1840 1798 1881 sex
1822 1826 1936 1881 dies
1956 1824 2013 1897 ’Β
2040 1836 2310 1891 menaeus
2354 1834 2619 1891 fateretur
2654 1848 2714 1888 se
2757 1834 3131 1904 presbyterum
3159 1843 3303 1894 esse,
3343 1844 3467 1885 cum
3509 1844 3616 1883 non

338 1913 552 1984 -agitnr,
596 1928 693 1984 per
719 1913 861 1969 diem
890 1915 1305 1970 resurrectionis
1352 1914 1643 1971 Dominicae
1686 1916 1936 1985 precibus

342 2006 622 2075 expietur.
1438 2052 1441 2055 .

344 2131 348 2136 η
434 2094 524 2149 χι.
574 2096 634 2150 lu
680 2111 913 2165 quorum
962 2095 1326 2165 apostolorum
1371 2096 1456 2151 vel
1492 2107 1787 2168 martyrum
1840 2111 1934 2151 seu

338 2186 748 2249 confessorem,
779 2194 943 2253 atque
970 2186 1238 2254 virginum
1284 2186 1472 2240 diebus
1498 2183 1655 2241 festis
1682 2202 1713 2239 a
1749 2185 1936 2239 labore

354 2284 573 2329 terreno
607 2275 860 2330 recedere
889 2274 1157 2338 debeatis,
1188 2275 1483 2344 inquiritis.
1526 2275 1584 2329 la
1624 2274 1938 2330 solemnita-

355 2362 503 2418 tibus
546 2363 732 2433 utique
780 2362 952 2418 beatm
996 2361 1180 2417 Maria:
1226 2361 1488 2434 Virginis,
1523 2372 1579 2418 et
1622 2373 1934 2419 sanctorum

332 2456 637 2511 duodecim
685 2456 1051 2526 apostolorum
1078 2495 1095 2521 ,
1142 2470 1207 2510 ac
1250 2457 1732 2527 evangelistarum,
1775 2466 1937 2525 atque

336 2550 708 2619 .przecursoris
761 2550 975 2604 Domini
1038 2549 1292 2614 Joannis,
1344 2560 1404 2605 et
1454 2550 1627 2605 sancti
1678 2548 1935 2620 Stephani

353 2639 515 2709 primi
554 2641 830 2710 martyris,
854 2654 1062 2694 necnon
1086 2647 1144 2692 et
1170 2640 1237 2692 in
1267 2655 1454 2694 eorum
1488 2649 1801 2694 sanctorum
1840 2655 1938 2694 na—

332 2727 580 2793 .talitiis,
618 2744 846 2797 quorum
881 2729 1022 2799 apud
1060 2743 1188 2793 vos,
1229 2729 1340 2783 Deo
1387 2729 1630 2794 favente,
1677 2728 1938 2782 memoria

2033 1939 2199 1994 esset,
2228 1945 2293 1985 ac
2318 1944 2417 2000 per
2443 1928 2548 1983 hoc
2586 1926 2847 1998 plurimos
2890 1925 2949 1980 in
2989 1933 3170 1979 vestra
3214 1922 3390 1994 patria
3434 1921 3616 1991 bapti-

2026 2020 2400 2077 zasset.‘Cum
2431 2036 2559 2090 ergo
2579 2034 2676 2074 vos
2702 2018 3057 2087 inspiratione
3081 2016 3173 2071 Dei
3205 2014 3616 2086 cognovissetis,

2035 2112 2176 2182 quod
2204 2126 2312 2165 non
2338 2120 2485 2165 esset
2508 2110 2810 2179 presbyter,
2831 2106 3222 2174 judicaveritis,
3254 2115 3312 2159 ut
3337 2104 3618 2157 amitteret

2034 2218 2194 2257 aures
2220 2209 2276 2257 et
2318 2214 2502 2264 nares,
2533 2208 2587 2253 et
2629 2198 2912 2254 acerrimis
2937 2197 3252 2253 verberibus
3297 2196 3618 2257 caederetur,

2024 2298 2087 2347 ‘et
2116 2307 2182 2346 ex
2212 2300 2390 2345 vestra
2424 2290 2596 2360 patria
2626 2289 2935 2357 pelleretur.
2970 2287 3109 2343 Ecce
3137 2286 3415 2357 impletum
3442 2293 3527 2340 est
3561 2285 3618 2339 in

2035 2385 2209 2445 vobis,
2237 2382 2498 2453 ignoscite
2543 2381 2720 2445 nobis,
2756 2379 2896 2449 quod
2934 2380 3000 2432 de
3042 2377 3363 2448 quibusdam
3391 2375 3622 2444 Aposto-

2036 2472 2122 2527 lus
2156 2473 2352 2525 clamat
2381 2469 2554 2538 (Rom.
2586 2469 2668 2541 κ),
2716 2469 2861 2538 quod
2900 2468 3098 2521 habent
3144 2465 3316 2519 zelum
3363 2463 3479 2527 Dci,
3526 2463 3622 2517 sed

2037 2576 2142 2615 non
2178 2560 2471 2615 secundum
2502 2558 2807 2621 scientiam,
2839 2570 2966 2611 nam
3006 2556 3131 2610 licet
3168 2555 3256 2609 ille
3302 2554 3440 2606 male
3484 2552 3621 2606 fece-

2038 2652 2129 2713 rit,
2157 2650 2203 2703 si
2232 2648 2491 2703 mentitus
2518 2655 2622 2712 est,
2650 2662 2744 2703 vos
2772 2655 2949 2700 tamen
2977 2646 3030 2699 in
3064 2647 3167 2699 hoc
3195 2643 3368 2698 zelum
3401 2643 3620 2712 quidem

2035 2742 2206 2811 pium,
2234 2723 2540 2796 sed‘ininus
2562 2747 2776 2793 cautum
2819 2736 3086 2792 habuistis
3110 2750 3127 2789 :
3152 2735 3406 2805 quoniam
3437 2748 3626 2804 quani-

355 2818 619 2885 celebris,
672 2828 726 2872 et
768 2819 887 2874 dies
941 2818 1167 2874 festivus
1221 2820 1526 2875 habebitur.
1574 2818 1719 2875 Sane
1759 2820 1935 2875 scien-

2039 2835 2123 2885 vis
2157 2832 2272 2901 ipse
2315 2845 2374 2885 se
2414 2829 2750 2884 sacerdotem
2781 2842 2900 2882 esse
2946 2826 3305 2889 simulaverit,
3353 2824 3624 2879 simulatio

332 2913 484 2965 .dum
514 2921 620 2978 est,
647 2912 903 2981 quoniam
938 2912 1142 2968 idcirco
1170 2913 1223 2966 in
1260 2914 1451 2969 diebus
1488 2913 1644 2969 festis
1673 2914 1740 2968 ab
1778 2929 1941 2984 opere
2041 2932 2222 2977 muneri
2249 2921 2363 2990 ejus
2406 2920 2633 2976 salutem
2664 2919 2912 2990 plurimis
2940 2917 3187 2972 contulit.
3231 2915 3507 2985 Siquidem
3543 2913 3627 2969 di-

334 3004 631 3075 .mundano
667 3003 991 3059 cessandum
1034 3012 1150 3067 est,
1196 3013 1258 3058 ut
1302 3005 1524 3059 liberius
1556 3006 1623 3059 ad
1656 3005 1941 3060 ecclesiam
2041 3012 2183 3066 versi
2235 3010 2384 3065 fuere
2424 3009 2515 3080 qui
2556 3009 2771 3063 diverso
2819 3008 2979 3062 modo
3017 3006 3330 3071 Christum,
3374 3005 3468 3060 sed
3515 3019 3623 3058 non

334 3094 470 3163 :ire,
509 3093 732 3161 psalmis
768 3103 823 3148 et
865 3094 1083 3163 hymnis
1116 3103 1171 3148 et
1204 3095 1433 3149 canticis
1476 3095 1811 3165 spiritalibus
1855 3095 1942 3147 in-
2041 3111 2266 3172 propter
2287 3100 2564 3155 Christum
2592 3098 2986 3153 annuntiabant
3011 3115 3025 3151 :
3053 3096 3146 3151 sed
3173 3096 3287 3151 sive
3314 3094 3622 3158 occasione,

334 3185 573 3250 sistere,
600 3185 828 3239 orationi
856 3200 1067 3247 vacare,
1091 3186 1392 3240 oblationes
1422 3187 1637 3250 oﬂerre,
1667 3186 1941 3242 memoriis
1968 3188 2013 3251 C
2043 3193 2156 3247 sive
2181 3191 2662 3261 quomodocunque
2689 3188 2832 3243 hunc
2858 3187 3263 3250 annuntiarent,
3290 3187 3386 3240 hos
3413 3192 3623 3239 tantum

352 3286 672 3341 sanctorum
731 3278 1168 3339 communicare,
1214 3277 1281 3331 ad
1345 3274 1699 3332 imitationem
1752 3292 1939 3332 eorum

335 3384 664 3440 assurgere,
708 3368 940 3438 eloquiis
984 3369 1183 3424 divinis
1216 3368 1521 3435 intendere,
1568 3368 1941 3441 eleemosynas

337 3460 724 3531 indigentibus
774 3461 1084 3517 ministrare
1149 3460 1329 3516 valeat
1394 3461 1754 3518 Christianus.
1810 3462 1941 3529 Quae

336 3552 540 3607 omnia
579 3552 625 3606 si
680 3553 805 3621 quis
854 3551 1160 3621 negligens,
1208 3552 1443 3607 orationi
1496 3562 1702 3606 tantum
1744 3566 1940 3607 vacare

357 3636 589 3698 voluerit
618 3640 795 3713 [[orte,
822 3641 1074 3705 noluerit,
1093 3640 1312 3713 Hum],
1337 3650 1393 3695 et
1414 3643 1481 3695 ad
1503 3646 1728 3696 ceteras
1748 3641 1939 3695 mundi

356 3731 626 3787 vanitates
649 3731 827 3785 licitos
848 3730 1063 3785 labores
1079 3731 1429 3794 converterit,
1451 3730 1640 3785 melius
1661 3730 1735 3784 illi
1762 3730 1942 3785 fuerat

340 3824 478 3893 ipso
515 3823 603 3879 die
646 3823 790 3877 beati
837 3821 1067 3893 apostoli
1113 3822 1269 3878 Pauli
1315 3824 1600 3893 preceptis
1644 3824 1942 3878 obaudiens

336 3916 612 3971 elaborare
652 3916 903 3971 manibus
944 3916 1095 3981 suis,
1128 3924 1189 3970 ut
1233 3914 1460 3970 haberet
1501 3917 1640 3971 unde
1680 3917 1942 3972 tribuetet

336 4008 739 4069 :necessitatem
774 3996 1132 4076 patientibus,
1177 4008 1631 4076 quemadmodum
1666 4009 1801 4079 ipse,
1846 4009 1940 4079 qui

357 4100 484 4162 licet
512 4098 795 4155 Dominum
824 4100 1106 4155 ordinasse
1139 4099 1318 4165 dicat,
1356 4109 1418 4156 ut
1456 4101 1941 4172 qui‘Evangelium

356 4191 722 4255 annuntiaret,
751 4189 819 4244 de
854 4189 1147 4260 Evangeiio
1183 4190 1410 4256 viveret,
1447 4208 1554 4247 non
1596 4203 1774 4247 tamen
1812 4208 1942 4249 usus

355 4288 445 4335 est
484 4281 586 4336 hac
622 4289 907 4351 potestate,
938 4280 1031 4334 sed
1081 4282 1333 4337 manibus
1379 4282 1494 4338 suis
1532 4282 1842 4347 laborabat,
1873 4300 1942 4338 ne

337 4387 516 4441 ,qucm
552 4388 740 4428 eorum
779 4374 978 4443 quibus
1005 4372 1354 4445 Evangelium
1388 4375 1721 4447 prtedicabat
1749 4391 1941 4447 grava-

335 4472 443 4533 ret
476 4463 526 4528 (1
556 4462 678 4520 Cor.
706 4465 803 4519 ivi.

2028 3299 2149 3338 non
2177 3281 2354 3355 [fat-te,
2382 3283 2482 3336 hos
2513 3290 2691 3334 tamen
2731 3295 2858 3342 non,
2891 3277 3091 3350 llum]
3137 3276 3459 3348 prohibebat
3483 3275 3626 3344 Apo-

2042 3376 2232 3440 stolus,
2262 3376 2351 3429 oui
2395 3373 2569 3427 solum
2610 3380 2669 3427 ut
2693 3372 2943 3427 Christus
2988 3371 3423 3428 annuntiaretur,
3459 3366 3626 3437 pluri-

2042 3480 2188 3520 nnnn
2228 3464 2507 3535 satagebat
2544 3480 2559 3517 :
2609 3462 2735 3532 quia
2772 3462 2915 3517 enim
2960 3460 3210 3516 Christus
3245 3460 3622 3522 ordinaverat,

2042 3566 2102 3609 ut
2136 3557 2226 3625 qui
2260 3554 2610 3625 Evangelium
2643 3553 3014 3617 annuntiaret,
3045 3553 3113 3607 de
3150 3549 3446 3620 Evangelio
3474 3549 3625 3603 vive-

2040 3660 2147 3708 ret,
2175 3645 2219 3699 si
2252 3644 2406 3698 multi
2433 3644 2635 3698 idcirco
2661 3640 2938 3696 Christum
2975 3639 3357 3711 praedicabant,
3389 3645 3449 3691 ut
3478 3652 3626 3692 com-

2045 3735 2202 3788 moda
2250 3743 2465 3789 terrena
2496 3732 2873 3802 acquirerent,
2919 3744 3050 3801 ergo
3078 3744 3185 3783 non
3222 3736 3341 3782 erat
3374 3726 3626 3782 Christus

2043 3827 2098 3881 in
2125 3840 2312 3891 causa,
2341 3825 2437 3881 sed
2470 3824 2737 3878 avaritia:
2770 3838 2958 3878 rursus
2984 3820 3109 3892 quia
3149 3819 3299 3873 multi
3348 3817 3624 3887 Evangelii

2041 3918 2420 3988 praedicatores
2445 3931 2476 3971 a
2504 3915 2750 3970 fidelibus
2771 3916 2981 3986 magnis
3008 3910 3303 3997 honoribus
3325 3908 3627 3971 effereban-

2042 4024 2151 4078 tur,
2180 4012 2421 4068 nonnulli
2461 4012 2584 4067 ideo
2610 4010 3303 4085 Christumprazdicabant,
3338 4016 3397 4062 ut
3424 4006 3623 4063 similia

2026 4114 2097 4160 'et
2128 4104 2227 4175 ipsi
2258 4105 2634 4175 perciperent:
2665 4118 2795 4173 ergo
2829 4116 2935 4158 non
2963 4110 3082 4157 erat
3111 4099 3360 4156 Christus
3387 4100 3441 4154 in
3477 4105 3621 4165 voto,

2032 4198 2134 4252 sed
2165 4198 2384 4251 invidia.
2415 4198 2522 4252 Sed
2552 4212 2712 4251 nemo
2744 4197 2969 4252 istorum
2996 4193 3305 4265 prohibitus
3341 4202 3445 4258 est,
3487 4208 3626 4262 quo-

2040 4289 2220 4343 minus
2267 4304 2364 4359 per
2416 4289 2515 4343 hos
2568 4286 2817 4342 Christus
2873 4288 3314 4349 annuntiaretnr,
3366 4283 3624 4338 nimirum

2040 4394 2163 4433 cum
2191 4377 2356 4433 ludas
2384 4379 2529 4433 inter
2548 4388 2774 4433 czeteros
2803 4378 3074 4448 apostolos
3094 4393 3124 4430 a
3155 4376 3382 4430 Domino
3398 4374 3627 4436 missus,

2042 4480 2097 4525 et
2128 4470 2389 4525 miracula
2420 4470 2635 4534 fecerit,
2662 4478 2716 4523 et
2742 4468 3013 4524 Christum
3038 4464 3456 4527 annuntiaverit,
3489 4471 3545 4517 et
3570 4462 3625 4515 in

339 4615 347 4625 κ
427 4544 555 4610 Xll.
581 4556 732 4624 Quod
767 4557 1134 4630 interrogatis,
1163 4567 1345 4613 utrum
1386 4568 1547 4615 .iceat
1577 4559 1633 4614 in
1677 4559 1942 4616 festivita-
1969 4539 2263 4617 Duomine
2312 4560 2429 4630 ejus
2476 4561 2674 4615 multos
2720 4559 3098 4630 baptizaverit.
3148 4555 3332 4625 itaque
3375 4562 3435 4607 ut
3483 4552 3630 4608 sedis

353 4646 501 4702 tibus
545 4656 858 4701 sanctorqu
897 4647 1162 4715 judicium
1192 4651 1415 4722 peragi,
1444 4660 1501 4705 et
1526 4661 1710 4707 utrum
1750 4653 1939 4707 eadem

332 4736 442 4791 .die
477 4735 671 4791 debeat
707 4737 890 4803 homo,
917 4739 961 4793 si
995 4740 1189 4807 dignus
1213 4739 1397 4802 fuerit,
1431 4742 1498 4795 ad
1527 4755 1754 4797 mortem
1789 4744 1939 4813 judi—

351 4826 512 4882 cari?
556 4827 836 4882 sciendum
875 4830 1133 4898 quoniam
1184 4831 1237 4884 in
1284 4833 1371 4886 his
1418 4831 1836 4898 festivitatibus,
1880 4837 1935 4890 in

350 4916 550 4985 quibus
577 4916 824 4986 superius
850 4917 920 4972 ab
946 4920 1091 4973 omni
1121 4935 1286 4990 opere
1315 4924 1588 4978 mundano
1615 4927 1932 4980 cessandum

334 5022 475 5064 «esse
506 5008 943 5072 monstravimus,
982 5009 1152 5065 multo
1184 5013 1360 5083 magis
1394 5029 1424 5067 a
1456 5015 1810 5071 saecularibus
1844 5030 1938 5070 nc-

350 5096 534 5167 gottis,
573 5105 631 5152 et
667 5096 844 5152 adhuc
887 5114 920 5152 a
956 5098 1227 5154 mortibus
1268 5102 1647 5155 abstinendum
1688 5103 1806 5157 fore
1844 5105 1939 5159 de-

348 5189 627 5247 cernimus
669 5204 685 5243 :
736 5189 994 5260 quoniam
1054 5192 1304 5259 quamvis
1362 5203 1653 5263 utrumque
1706 5195 1939 5252 fortasse

350 5284 474 5339 sine
513 5281 671 5351 culpa
710 5281 890 5337 valeat
930 5283 1207 5348 exerceri,
1239 5285 1455 5354 quando
1482 5294 1662 5340 tamen
1705 5287 1791 5342 his
1819 5303 1940 5358 qua:

334 5374 448 5435 _Dei
494 5384 637 5438 sunt,
674 5375 887 5430 arctius
925 5373 1088 5429 homo
1115 5374 1276 5430 debet
1318 5376 1551 5441 haerere,
1578 5391 1700 5446 qua:
1752 5379 1937 5434 mundi

344 5471 480 5533 ,snnt
509 5481 539 5518 a
569 5482 628 5523 se
654 5466 910 5522 convenit
937 5466 1154 5537 penitus
1182 5481 1435 5524 resecare
1459 5485 1475 5522 :
1505 5468 1781 5539 praecipue
1812 5485 1934 5524 cum

353 5568 420 5607 eo
453 5554 538 5609 die
564 5556 635 5611 ad
668 5555 915 5612 militiam
945 5555 1186 5613 divinam
1231 5559 1497 5614 accedens
1541 5559 1726 5624 homo,
1762 5559 1938 5631 impli-

353 5646 467 5701 cari
512 5663 621 5704 non
649 5651 843 5705 debeat
886 5650 1118 5721 negotiis
1164 5650 1518 5707 saecularibus
1551 5651 1638 5718 (II
1666 5652 1801 5706 Tim.
1828 5653 1931 5724 n):

332 5739 508 5794 'ct'ob
552 5740 910 5796 reverentiam
953 5750 1118 5800 tanta:
1146 5734 1505 5800 soletnnitatis
1536 5759 1642 5800 non
1687 5753 1934 5816 Oporteat

2045 4653 2355 4723 apostolica:
2380 4652 2577 4722 praesul
2615 4651 2808 4706 scribit
2832 4649 3173 4710 Anastasius,
3217 4660 3323 4698 non
3364 4642 3628 4713 quaeritur

2040 4746 2182 4814 quis,
2211 4743 2496 4813 vel-qualis
2523 4743 2793 4813 pmdicet,
2824 4741 2918 4795 sed
2942 4754 3103 4815 quem
3134 4734 3388 4808 praedicet
3415 4733 3623 4796 (Annae.

2040 4848 2103 4897 ιι,
2132 4833 2187 4885 in
2210 4834 2358 4902 epist.
2388 4831 2458 4884 ad
2487 4833 2672 4885 Anast.
2700 4830 2877 4899 ξιτψ).

2112 4924 2225 4980 XV.
2272 4925 2440 4979 Porro
2485 4923 2850 4991 interrogatis,
2888 4930 3070 4974 utrum
3117 4916 3366 4971 homines
3413 4914 3487 4970 illi
3533 4913 3629 4984 qui

2037 5020 2142 5075 hoc
2184 5016 2255 5074 ab
2282 5020 2373 5073 illo
2401 5019 2666 5087 baptisma
2700 5021 3038 5083 receperunt,
3064 5010 3360 5067 Christiani
3389 5009 3520 5071 sint,
3550 5024 3618 5062 an

2021 5112 2235 5166 iterum
2260 5109 2525 5180 baptizari
2554 5107 2806 5162 debeant.
2835 5105 2941 5160 Sed
2974 5105 3026 5158 in
3060 5103 3283 5158 nomine
3311 5116 3538 5157 summae
3561 5115 3627 5154 ac

2038 5204 2327 5258 individnm
2362 5200 2646 5255 Trinitatis
2680 5197 2938 5268 baptizati
2983 5196 3154 5259 fuere,
3183 5192 3474 5249 Christiani
3504 5206 3630 5261 pro-

2041 5292 2185 5347 fecto
2214 5299 2363 5349 sunt.
2405 5300 2462 5345 et
2487 5304 2581 5345 eos
2608 5303 2641 5343 a
2668 5302 2993 5358 quocunque
3031 5285 3344 5341 Christiano
3371 5281 3628 5353 baptizati

2041 5391 2188 5446 sunt,
2232 5382 2433 5436 iterato
2464 5380 2741 5450 baptizare
2783 5394 2891 5433 non
2921 5378 3209 5443 convenit;
3254 5376 3533 5446 quoniam,
3570 5381 3629 5427 ut

2033 5470 2149 5540 jam
2183 5470 2495 5525 nominatus
2533 5469 2855 5526 Anastasius
2894 5468 3226 5539 apostolicus
3272 5464 3511 5537 pontifex
3557 5464 3627 5518 ad

2020 5561 2441 5632 «coaequivocum
2485 5575 2642 5616 suum
2682 5560 2878 5615 scribit
2923 5559 3270 5624 Augustum;
3321 5564 3378 5611 et
3424 5552 3629 5622 baptis-

2024 5668 2210 5717 mum,
2241 5655 2386 5723 quod
2421 5652 2608 5723 procul
2636 5653 2710 5707 sit
2744 5650 2816 5706 ab
2843 5651 3096 5715 ecclesia,
3125 5649 3241 5705 sive
3263 5648 3332 5701 ab
3359 5644 3626 5709 adultero,

2036 5747 2120 5801 vel
2163 5763 2192 5802 a
2243 5745 2362 5801 fure
2403 5745 2569 5802 fuerit
2617 5746 2839 5811 datum,
2882 5744 2952 5800 ad
2998 5742 3383 5814 percipientem
3425 5750 3634 5792 munus
