4050 6324
503 317 605 371 987

1855 314 2130 371 NICOIAI
2166 311 2365 367 ΡΑΡᾸΞ
2399 312 2418 366 l

504 431 750 502 pervenit
792 433 1095 497 illibatum;
1144 435 1268 502 quia
1317 450 1416 488 vox
1470 433 1556 486 illa
1602 449 1722 502 qua:
1767 433 1946 487 sonuit
1992 447 2086 499 per
2113 435 2158 489 Α
2189 429 2492 498 eulpabilis,
2522 428 2574 481 in
2607 435 2685 482 tot
2729 427 3038 484 hominibus
3073 429 3354 484 conversis
3393 430 3522 492 satis
3560 432 3804 485 exstitit

506 522 846 588 columbam,
893 539 1105 577 onmem
1160 522 1422 577 maculam
1473 523 1722 577 humanae
1777 521 2088 592 pollutionis

506 614 767 675 excludit,
793 629 897 684 qua
927 615 1251 677 declaratur,
1281 630 1343 669 ac
1373 614 1570 668 dicitur
1595 632 1608 668 :
1640 612 1743 667 llic
1781 624 1855 667 est
1885 613 1974 681 qui
2000 614 2090 665 ba-

507 709 672 776 ptizat
713 706 892 778 (Joan.
932 711 992 775 ι).
1041 708 1096 762 Si
1143 709 1305 779 igitur
1348 709 1596 778 quamvis
1640 709 1967 779 baptismum
2015 707 2084 762 ab

511 797 776 864 adultero,
811 799 892 854 vel
942 800 1057 854 fure
1111 799 1298 854 datum
1345 798 1540 864 fuerit,
1590 799 1657 854 ad
1705 798 2091 868 percipientem

515 898 694 945 tamen
725 906 919 945 munus
945 891 1190 960 pervenit
1225 890 1522 955 illibatum;
1553 905 1714 960 quam
1743 891 1812 944 ob
1840 904 1954 943 rem
1985 902 2092 942 non

511 979 805 1044 illibatum,
847 987 902 1034 et
950 981 1067 1034 sine
1119 981 1225 1034 ulla
1279 981 1569 1036 iteratione
1617 980 1906 1042 subsistat,
1951 977 2094 1046 quod

512 1068 737 1140 quilibet
780 1070 1085 1125 mundanus
1124 1071 1285 1126 homo
1320 1071 1536 1136 tribuit,
1578 1080 1632 1126 et
1677 1070 1946 1126 nescimus
1989 1083 2095 1139 qua

514 1164 812 1218 intentione
837 1179 893 1220 se
920 1167 1297 1235 presbyterum
1327 1165 1568 1236 ﬁngens?
1593 1175 1650 1220 et
1678 1173 1829 1220 certe
1867 1165 2101 1218 Aeacius

515 1254 1142 1324 Constantinopolitanus
1181 1257 1454 1327 quondam
1494 1257 1804 1326 episcopus,
1835 1270 1894 1308 se
1919 1267 2100 1308 sacer-

515 1345 697 1399 dotem
741 1345 996 1417 ﬁngebat,
1045 1362 1166 1402 eum
1206 1348 1368 1403 fuerit
1399 1366 1430 1402 a
1461 1349 1640 1404 Felice
1671 1362 1806 1418 papa
1852 1346 2100 1400 Romano

517 1440 841 1496 damnatus:
869 1444 965 1498 sed
1003 1444 1133 1514 quid
1166 1443 1278 1512 jam
1322 1446 1500 1500 dictus
1529 1445 1594 1500 de
1626 1460 1691 1500 eo
1732 1444 1926 1514 praisul
1959 1443 2104 1496 Ana-

517 1531 716 1585 stasius
750 1532 913 1597 dicat,
943 1534 1245 1600 audiamus;
1276 1535 1354 1588 ait
1393 1535 1536 1590 enim
1563 1536 1708 1590 inter
1731 1535 1832 1588 alia
1868 1533 2098 1606 (Ibid.):

518 1619 653 1672 Cum
691 1619 792 1674 sibi
824 1621 1121 1678 sacerdotis
1149 1639 1345 1678 nomen
1371 1626 1603 1679 Aeacius
1637 1624 1890 1678 videlicet
1931 1622 2106 1677 vindi-

520 1711 722 1766 caverit
752 1712 1164 1779 condemnatus,
1192 1713 1244 1768 in
1276 1714 1446 1785 ipsius
1476 1715 1679 1770 vertice
1712 1714 1978 1784 superbiae
2023 1723 2106 1766 tu-

2192 518 2495 573 Iaudabilis.
2536 517 2758 584 Quarto,
2787 519 2915 588 quia
2939 519 3040 574 etsi
3075 534 3235 588 plena
3263 519 3458 589 dignus
3482 531 3644 584 erat,
3694 536 3804 575 non

2191 618 2371 664 tamen
2403 609 2676 664 debuisset
2718 608 2936 663 modum
2989 609 3211 664 ultionis
3255 611 3548 673 excedere,
3591 625 3715 664 nec
3755 611 3808 665 in

2192 723 2355 762 unum
2406 705 2678 761 hominem
2733 714 2855 770 tot,
2903 715 2960 761 et
3005 716 3114 760 tam
3163 706 3403 761 crudelia
3452 707 3806 761 detrimenta

2192 814 2488 870 congerere
2517 813 2532 854 :
2561 814 2683 854 cum
2717 800 2958 854 dimissis
2983 801 3032 854 ei
3060 801 3307 863 naribus,
3323 809 3375 855 et
3400 800 3644 854 auribus
3679 812 3807 868 pro-

2195 893 2346 963 priis,
2379 890 2651 946 sulliceret
2691 891 2759 945 ad
2790 906 3008 962 poenam
3059 890 3133 946 illi
3162 890 3402 962 repulsio
3427 905 3457 944 a
3487 889 3691 960 patria
3718 903 3814 944 ve-

2196 992 2344 1048 stra,
2388 997 2548 1051 quam
2598 997 2721 1036 eum
2771 982 3182 1038 detruncatione
3230 983 3610 1038 membrorum
3647 979 3807 1052 judi-

2199 1072 2448 1127 cantibus
2469 1072 2622 1126 vobis
2655 1081 2913 1141 expertus
2939 1083 3044 1126 εει.

2272 1162 2432 1217 XVII.
2463 1163 2630 1234 Igitur
2653 1163 2982 1228 referentes,
3013 1163 3248 1235 qualiter
3271 1164 3452 1220 divina
3492 1163 3810 1220 clementia

2202 1255 2567 1311 Christianam
2617 1256 2932 1326 religionem
2991 1257 3388 1327 perceperitis,
3443 1257 3816 1328 qualiterque

2203 1349 2457 1421 populum
2489 1358 2730 1404 vestrum
2779 1350 3046 1420 baptizari
3077 1365 3296 1404 omnem
3337 1348 3588 1405 feceritis
3625 1366 3642 1402 :
3676 1364 3814 1418 qua-

2205 1442 2328 1496 liter
2349 1450 2526 1495 autem
2556 1441 2627 1495 illi
2657 1451 2939 1511 postquam
2982 1442 3243 1512 baptizati
3272 1441 3442 1505 fuere,
3473 1443 3816 1497 insurrexe-

2210 1533 2320 1587 rint
2349 1533 2679 1586 unanimiter
2710 1548 2831 1586 eum
2879 1548 3075 1602 magna
3123 1533 3407 1588 ferocitate
3455 1542 3664 1588 contra
3692 1547 3814 1597 vos,

2210 1623 2483 1685 dicentes,
2531 1637 2636 1676 non
2664 1625 2861 1676 bonam
2893 1639 2988 1678 vos
3026 1625 3104 1679 eis
3149 1623 3319 1695 legem
3359 1625 3689 1688 tradidisse,
3723 1639 3819 1678 vo—

2211 1713 2384 1768 lentes
2411 1713 2574 1766 etiam
2607 1728 2706 1767 vos
2740 1714 3008 1778 occidere,
3044 1725 3099 1769 et
3145 1731 3327 1786 regem
3377 1716 3545 1770 alium
3595 1717 3815 1771 consti-

521 1814 642 1853 mor
669 1798 903 1856 iuﬁietus
936 1811 1040 1866 est,
1083 1803 1206 1873 quia
1253 1818 1360 1858 non
1392 1804 1638 1874 populus,
1667 1805 1759 1873 qui
1795 1804 2109 1859 ministeriis
2140 1787 2182 1846 Β
2215 1814 2387 1870 tuere,
2438 1814 2493 1858 et
2540 1806 2771 1874 qualiter
2794 1822 2913 1869 vos,
2944 1806 3124 1861 divina
3160 1819 3484 1877 cooperante
3530 1809 3814 1878 potentia,

523 1894 721 1949 donum
752 1894 920 1965 ipsius
949 1896 1184 1962 sitiebat,
1211 1897 1465 1952 exclusus
1489 1907 1573 1953 est
1599 1917 1610 1952 :
1641 1897 1734 1952 sed
1763 1897 1943 1950 anima
1969 1895 2103 1962 sola,

523 2001 644 2053 quae
678 1996 1019 2054 peccaverat,
1040 1985 1190 2054 justo
1213 1985 1419 2056 judicio
1445 1989 1663 2058 proprie
1688 1997 1807 2042 erat
1829 1987 2061 2042 obnoxia
2093 2003 2106 2040 :

525 2076 669 2145 quod
718 2077 899 2145 itaque
946 2093 1236 2132 numerosa
1289 2077 1693 2146 Scripturarum
1743 2086 1976 2131 testatur
2021 2075 2106 2129 in-

527 2167 778 2230 structio,
824 2177 879 2223 et
929 2184 1113 2223 revera
1158 2169 1283 2238 quia
1330 2168 1627 2223 secundum
1692 2167 2111 2221 famosissimum

527 2257 844 2328 Apostolutn
877 2275 1038 2328 neque
1064 2259 1156 2330 qui
1201 2259 1430 2328 plantat,
1472 2258 1524 2313 id
1551 2267 1636 2314 est
1662 2259 1992 2321 cateehizat;
2026 2273 2114 2310 ne-

528 2368 626 2421 que
663 2350 751 2420 qui
785 2350 991 2420 irrigat,
1019 2351 1070 2405 id
1105 2359 1191 2405 est
1225 2351 1485 2419 baptizat,
1520 2360 1594 2403 est
1628 2349 1864 2418 aliquid;
1894 2349 1984 2402 sed
2025 2349 2114 2418 qui

527 2444 903 2494 incrementum
940 2441 1032 2494 dat
1073 2441 1214 2495 Deus
1265 2440 1314 2511 (Ι
1358 2440 1479 2495 Cor.
1521 2439 1621 2511 ιιι).
1667 2439 1733 2493 Ει
1777 2439 1897 2492 ideo
1945 2438 2117 2494 malus

529 2535 668 2587 bona
701 2532 1060 2586 ministrando
1102 2549 1207 2586 non
1241 2531 1383 2596 aliis,
1419 2531 1511 2585 sed
1555 2531 1657 2586 sibi
1687 2529 1997 2584 detrimenti
2025 2543 2117 2581 cu-

532 2623 734 2679 mulum
759 2624 977 2694 ingerit,
1003 2639 1067 2678 ac
1094 2640 1189 2694 per
1210 2624 1313 2678 hoc
1339 2631 1545 2678 certum
1573 2630 1678 2685 est,
1709 2620 1834 2690 quia
1865 2635 2000 2689 quos
2028 2619 2118 2672 ille

532 2716 752 2770 Graecus
801 2714 1125 2785 baptizavit,
1174 2714 1317 2768 nulla
1365 2713 1541 2784 portio
1590 2713 1824 2767 Iaesiouis
1869 2710 2114 2780 attingit,

533 2816 754 2878 prepter
783 2807 951 2860 illud:
992 2805 1090 2859 llic
1131 2817 1206 2861 est
1243 2807 1332 2878 qui
1360 2806 1611 2875 baptizat,
1644 2805 1697 2858 id
1737 2815 1818 2858 est
1847 2804 2116 2867 Christus,

479 2883 498 2900 ’
532 2907 587 2950 et
614 2899 808 2951 iterum
832 2911 846 2949 :
876 2896 1012 2950 Deus
1037 2899 1409 2952 incrementum
1435 2897 1548 2963 dat,
1573 2896 1909 2962 subauditur,
1934 2905 1987 2950 et
2011 2911 2118 2950 non

536 2989 719 3042 homo.

611 3081 746 3137 XVI.
772 3082 882 3137 Vos
912 3082 1000 3152 qui
1041 3081 1122 3136 sic
1167 3097 1455 3150 personam
1499 3081 1643 3135 illam
1682 3079 1989 3149 judicastis,
2038 3079 2121 3133 in-

536 3172 841 3243 vestigatis,
865 3173 910 3226 si
941 3171 1184 3227 debeatis
1211 3171 1337 3225 hinc
1376 3171 1747 3240 paenitentiam
1779 3187 1940 3241 agere
1969 3189 1980 3223 :
2017 3170 2122 3222 uti-

541 3280 647 3332 que
682 3263 912 3331 denique
940 3277 1102 3316 omne
1147 3270 1429 3331 peceatum
1459 3262 1772 3329 poenitentia
1794 3301 1810 3326 ,
1851 3277 1970 3331 quae
2015 3277 2120 3314 non

541 3352 667 3417 nisi,
720 3351 814 3406 Dei
847 3351 1022 3418 gratia
1061 3352 1381 3416 comitante,
1411 3351 1662 3419 proﬁcit,
1694 3352 1934 3406 diluitur.
1987 3350 2124 3406 Nam

541 3443 803 3498 Dominus
829 3443 1061 3512 primum
1103 3440 1321 3496 Petrum
1355 3442 1630 3512 respexit,
1679 3450 1734 3496 et
1782 3450 1909 3496 tunc
1936 3441 2128 3496 Petrus

543 3536 613 3590 ad
659 3535 926 3606 lacrymas
964 3548 1086 3589 sese
1133 3533 1422 3588 convertit.
1471 3533 1756 3586 Peccatum
1809 3541 1988 3586 autem
2032 3547 2130 3586 vos

543 3629 597 3682 in
627 3627 775 3682 illum
799 3625 1072 3681 hominem
1101 3633 1442 3696 perpetrasse
1463 3623 1806 3678 manifestum
1829 3623 2130 3678 est.Primo

543 3720 786 3791 quidem,
815 3718 1070 3789 quoniam
1100 3727 1361 3788 quantum
1385 3731 1484 3772 nos
1513 3717 1974 3785 comprehendere
2002 3730 2130 3783 pos-

545 3827 752 3878 sumus,
781 3811 1019 3866 nondum
1047 3809 1196 3866 clare
1235 3810 1411 3879 patuit
1437 3809 1686 3864 eumdem
1719 3808 1995 3862 hominem
2023 3824 2130 3862 non

545 3917 667 3957 esse
690 3903 1090 3972 presbyterum,
1119 3907 1174 3955 et
1215 3899 1476 3968 scriptum
1509 3906 1592 3954 est
1633 3915 1645 3952 :
1687 3896 1866 3952 Nolite
1885 3899 2133 3968 judicare

548 3978 673 4049 ante
702 4005 901 4064 tempus
932 3993 982 4063 (1
1016 3991 1138 4047 Cor.
1173 3991 1268 4063 tv).
1314 3990 1588 4056 Secundo,
1635 3991 1890 4059 quoniam
1945 3990 2046 4044 etsi
2077 4005 2135 4044 se

550 4086 709 4140 ﬁnxit
729 4100 848 4139 esse
877 4085 1020 4154 quod
1063 4100 1170 4138 non
1193 4093 1331 4148 erat,
1379 4100 1487 4138 non
1518 4092 1697 4138 tamen
1728 4083 1857 4139 I'eeit
1890 4085 2032 4152 quod
2064 4081 2136 4136 fa-

551 4191 698 4234 ctum
732 4177 841 4232 Deo
861 4177 945 4232 vel
989 4176 1235 4232 ﬁdelibus
1281 4175 1398 4246 ejus
1436 4190 1540 4230 non
1585 4177 1796 4246 placeat
1828 4193 1840 4228 :
1870 4174 2138 4245 praecipue

551 4287 674 4326 eum
709 4271 762 4324 in
797 4285 858 4324 ea
881 4279 1063 4339 gente,
1096 4271 1148 4324 in
1175 4285 1282 4339 qua
1307 4284 1476 4339 usque
1497 4269 1564 4323 ad
1596 4268 1725 4323 illud
1755 4277 1965 4336 tempus
1992 4265 2136 4322 nulla

556 4372 706 4418 recta
752 4363 925 4427 ﬁdes,
973 4363 1116 4416 tmlla
1147 4378 1275 4418 vera
1313 4363 1504 4433 religio
1553 4361 1870 4426 colebatur,
1921 4360 2141 4415 sibimet

2217 1895 2478 1950 adversus
2504 1911 2598 1950 eos
2641 1897 2934 1966 preparati,
2965 1911 2996 1950 a
3027 1897 3268 1951 maximo
3301 1913 3476 1968 usque
3510 1898 3587 1953 ad
3641 1899 3819 1953 modi-

2217 2003 2340 2043 cum
2365 1987 2768 2055 superaveritis,
2796 1996 2853 2042 et
2893 1988 3146 2043 manibus
3176 1991 3373 2044 vestris
3419 1990 3687 2047 detentos
3725 1991 3819 2044 ha-

2217 2078 2465 2142 bueritis,
2496 2077 2834 2147 qualiterque
2863 2092 3052 2132 omnes
3088 2070 3348 2148 primates
3395 2094 3618 2144 eormn,
3654 2089 3819 2149 atque

2220 2171 2453 2240 majores
2480 2186 2599 2224 eum
2628 2170 2773 2223 omni
2826 2169 2978 2239 prole
3025 2184 3121 2224 sua
3167 2169 3343 2240 gladio
3377 2168 3587 2224 fuerint
3639 2171 3816 2224 inter-

2221 2259 2420 2328 empti;
2472 2259 2777 2314 mediocres
2841 2273 3011 2323 vero,
3063 2273 3158 2313 seu
3212 2259 3447 2313 minores
3485 2259 3632 2314 nihil
3693 2257 3820 2314 mali

2221 2356 2562 2426 pertulerint,
2598 2355 2664 2410 de
2693 2356 2776 2409 his
2804 2369 2964 2409 nosse
2999 2353 3320 2409 desideratis
3343 2355 3438 2423 qui
3461 2354 3578 2408 vita
3611 2353 3817 2425 privati

2225 2456 2370 2510 sunt,
2393 2455 2572 2500 utrum
2603 2460 2670 2498 ex
2701 2445 2808 2498 illis
2834 2453 3113 2513 peccatum
3143 2444 3408 2508 habeatis,
3438 2443 3589 2512 quod
3631 2445 3820 2512 utique

2227 2539 2343 2593 sine
2366 2547 2592 2608 peccato
2614 2552 2832 2592 erasum
2879 2551 2984 2590 non
3025 2545 3138 2601 est;
3172 2551 3269 2590 nec
3294 2537 3414 2590 sine
3437 2536 3600 2605 culpa
3633 2544 3816 2590 vestra

2228 2630 2341 2684 ﬁeri
2385 2631 2579 2697 potuit,
2609 2637 2668 2682 ut
2719 2627 2920 2698 proles,
2972 2643 3092 2696 qua:
3143 2627 3197 2681 in
3245 2627 3469 2682 consilio
3520 2637 3817 2696 parentum

2227 2735 2332 2774 non
2366 2719 2488 2784 fuit,
2542 2735 2640 2773 nec
2677 2719 2936 2772 adversus
2961 2733 3058 2771 vos
3101 2731 3252 2771 arma
3296 2716 3583 2772 sustulisse
3619 2719 3816 2786 proba-

2231 2820 2353 2874 tur,
2399 2811 2660 2863 innocens
2714 2824 2837 2862 cum
2889 2807 3211 2862 nocentibus
3257 2807 3644 2862 trucidaretur.
3680 2805 3814 2860 Nam

2230 2901 2356 2955 hinc
2388 2900 2684 2971 psalmista,
2712 2908 2998 2968 postquam
3027 2893 3241 2952 dixerat
3270 2912 3285 2950 :
3313 2897 3436 2952 Non
3465 2899 3578 2952 sedi
3608 2900 3662 2952 in
3693 2915 3813 2952 con-

2228 2992 2348 3046 silio
2378 2992 2623 3044 vanitatis
2641 3031 2655 3054 ,
2677 3000 2725 3042 et
2749 3006 2865 3042 cum
2896 2989 3076 3059 iniqua
3105 2989 3398 3058 gerentibus
3422 3006 3524 3044 non
3551 2990 3810 3042 introibo:

2231 3082 2367 3136 adiri
2408 3081 2829 3150 congregationes
2860 3078 3232 3149 malignorum,
3261 3089 3311 3134 et
3358 3096 3478 3134 cum
3506 3081 3680 3150 impiis
3708 3097 3805 3134 non

2225 3173 2410 3228 sedebo
2435 3189 2452 3236 ;
2478 3172 2634 3241 paulo
2659 3181 2779 3240 post
2805 3172 3102 3241 deprecans
3128 3172 3415 3226 Dominum
3451 3173 3529 3227 ait
3558 3192 3570 3227 :
3597 3173 3678 3226 Ne
3695 3188 3805 3242 per-

2225 3265 2322 3317 das
2362 3279 2482 3316 cum
2512 3263 2685 3332 impiis
2732 3263 2962 3315 animam
2991 3279 3184 3326 meam,
3213 3272 3262 3316 et
3291 3280 3411 3317 cum
3456 3265 3579 3318 uiris
3604 3262 3800 3333 sangui-

2228 3371 2352 3406 num
2398 3355 2555 3408 vitam
2598 3369 2760 3407 meant
2802 3351 2979 3423 (Psal.
3032 3352 3183 3422 xxv).
3219 3352 3360 3408 Hinc
3400 3353 3648 3408 Dominus
3696 3365 3790 3419 per

2229 3444 2571 3499 Ezechielem
2647 3446 2964 3514 prophetam
3059 3443 3309 3513 perhibet
3391 3445 3568 3499 dicens
3633 3442 3791 3513 (cap.

2231 3535 2388 3606 xvtn)
2427 3552 2440 3587 :
2473 3533 2541 3588 Ut
2567 3536 2745 3588 anima
2774 3535 2960 3603 patris,
3009 3533 3082 3587 ita
3113 3543 3160 3586 et
3205 3535 3386 3588 anima
3412 3534 3511 3602 ﬁlii
3551 3550 3663 3587 mea
3694 3541 3794 3586 est:

2231 3627 2408 3679 anima
2435 3641 2551 3695 qua?
2575 3625 2882 3694 peccaverit,
2914 3625 3028 3693 ipsa
3067 3625 3342 3678 morietur.
3391 3624 3459 3678 Et
3487 3634 3611 3694 post
3648 3635 3791 3694 pauca

2232 3717 2300 3772 de
2344 3727 2498 3786 patre
2523 3718 2654 3773 dicit
2684 3735 2696 3770 :
2728 3716 2883 3782 Quod
2931 3717 2980 3770 si
3021 3717 3255 3786 genuerit
3285 3716 3480 3786 ﬁlium,
3507 3717 3602 3786 qui
3641 3715 3794 3770 ridens

2234 3810 2410 3861 omnia
2443 3818 2656 3878 peccata
2681 3809 2847 3878 patris
2891 3809 2975 3861 sui
3001 3823 3120 3878 quae
3158 3807 3314 3876 fecit,
3345 3809 3600 3873 timuerit,
3640 3818 3684 3861 et
3711 3822 3799 3860 non

2237 3901 2413 3970 fecerit
2459 3899 2632 3954 simile
2676 3901 2773 3964 eis,
2797 3916 2954 3963 super
2996 3909 3222 3952 montem
3273 3916 3378 3953 non
3431 3899 3732 3959 comederit,
3759 3903 3799 3949 et

2237 3991 2415 4045 oculos
2444 4007 2568 4046 suos
2604 4009 2708 4046 non
2754 3992 2996 4046 levaverit
3035 3992 3106 4045 ad
3135 3991 3278 4046 idola
3321 3992 3509 4046 domus
3547 3990 3804 4050 Israel,“

2238 4099 2453 4138 uxorem
2483 4083 2710 4152 proximi
2731 4083 2814 4136 sui
2842 4099 2946 4136 non
2976 4081 3266 4146 violaverit,
3293 4091 3342 4135 et
3375 4083 3544 4136 uirum
3569 4097 3672 4144 non
3696 4093 3804 4132 con-

2239 4176 2544 4238 tristarerit,
2577 4175 2764 4245 pignus
2799 4191 2902 4228 non
2929 4173 3219 4237 retinuerit,
3246 4182 3295 4226 et
3327 4173 3569 4242 rapinam
3601 4187 3699 4224 non
3732 4183 3805 4219 ra-
3881 4158 3893 4173 ’

2239 4268 2432 4339 puerit,
2459 4283 2646 4336 panem
2672 4283 2827 4321 suum
2854 4265 3101 4320 esurienti
3132 4265 3356 4329 dederit,
3393 4273 3442 4318 et
3482 4263 3680 4318 nudum
3701 4273 3807 4328 ope-

2242 4361 2406 4414 ruerit
2431 4359 2751 4423 vestimento,
2783 4375 2815 4412 a
2839 4358 3084 4428 pauperis
3111 4357 3312 4424 iniuria
3340 4358 3589 4411 averterit
3615 4367 3807 4410 manuni

552 4457 752 4510 ostium
781 4453 978 4509 multos
1008 4454 1249 4508 lucrandi
1273 4453 1529 4508 divinitus
1558 4453 1765 4508 videret
1797 4461 2062 4522 apertum,
2085 4460 2142 4506 et
2171 4494 2221 4552 Β
2245 4466 2394 4503 suant
2415 4489 2430 4512 ,
2462 4464 2677 4502 usuram
2725 4457 2774 4501 et
2818 4446 3357 4518 superabundantiam
3399 4463 3504 4499 non
3555 4441 3808 4514 acceperil,

557 4546 645 4600 ille
676 4545 902 4600 forsitan
948 4544 1228 4599 anhelaret
1267 4545 1526 4614 plurimos
1573 4547 1641 4600 ad
1686 4555 1892 4599 tantum
1941 4547 2142 4599 donum

556 4638 876 4709 perducere,
909 4639 959 4691 in
997 4653 1104 4706 quo
1153 4653 1210 4693 se
1239 4636 1409 4692 Deum
1445 4647 1692 4693 senserat
1721 4639 2145 4692 misericorditer

557 4729 832 4800 adjuvare.
866 4729 1110 4800 Denique
1136 4729 1180 4784 si
1232 4727 1398 4782 David
1425 4743 1544 4782 esse
1574 4744 1633 4782 se
1676 4729 1940 4783 furiosum
1989 4729 2147 4782 tinxit

560 4823 611 4892 (ι
648 4823 776 4892 llcq.
807 4823 948 4892 XXI),
997 4830 1057 4875 ut
1105 4835 1260 4875 suam
1289 4827 1496 4874 tantum
1528 4819 1756 4874 salutem
1801 4821 2015 4890 operari
2055 4834 2148 4889 po-

561 4914 772 4977 tuisset,
802 4930 964 4983 quam
1010 4929 1204 4968 noxam
1253 4912 1563 4976 contraxit,
1601 4913 1691 4982 qui
1740 4920 1820 4966 tot
1868 4912 2146 4966 hominum

564 5002 966 5058 multitudinem
1012 5002 1396 5073 quoquomodo
1440 5003 1508 5056 de
1547 5011 1814 5072 potestate
1841 5001 2066 5066 diaboli,
2100 5009 2156 5056 et

565 5107 781 5150 aeterna}
805 5096 1121 5164 perditionis
1151 5093 1449 5149 abstraxit?
1477 5093 1710 5155 maxime
1733 5109 1856 5148 cum
1887 5108 1947 5148 se
1975 5107 2158 5147 sacer-

567 5191 750 5244 dotem
792 5189 1155 5252 simulaverit,
1191 5204 1297 5242 non
1352 5196 1531 5242 tamen
1588 5187 1642 5240 in
1692 5186 2017 5256 baptizando
2047 5187 2158 5256 egit

569 5281 714 5350 quod
769 5287 965 5350 przeter
1007 5281 1342 5336 sacerdotem
1404 5280 1457 5334 in
1510 5289 1618 5333 tam
1672 5279 1909 5334 evidenti
1962 5293 2153 5333 neces-

571 5376 733 5430 sitate
767 5388 927 5443 agere
955 5372 1157 5425 nullutn
1193 5380 1407 5440 oportet
1441 5389 1454 5424 :
1489 5371 1866 5440 presbyterum
1911 5385 2064 5434 vero,
2096 5378 2155 5424 ut

572 5465 880 5534 opinamur,
925 5461 1128 5516 ideirco
1156 5477 1214 5516 se
1239 5462 1392 5516 ﬁnxit
1421 5477 1576 5526 esse;
1610 5462 1866 5530 quoniam
1891 5459 2001 5530 jam
2029 5475 2154 5515 sen-

579 5564 728 5612 serat
752 5553 906 5612 vobis
933 5551 1096 5608 fuisse
1135 5568 1372 5615 suasum,
1406 5553 1547 5622 quod
1575 5551 1883 5622 baptizandi
1917 5550 2161 5605 ministe-

577 5650 721 5706 rium
759 5664 864 5704 non
898 5647 1000 5703 nisi
1044 5645 1374 5718 presbyteris
1428 5652 1639 5698 tantum
1677 5651 1821 5699 esset
1871 5641 2156 5697 indultum.

576 5741 782 5810 Tertio,
811 5743 1063 5813 quoniam
1090 5739 1190 5797 etsi
1237 5738 1292 5795 in
1321 5739 1423 5795 ista
1474 5737 1817 5795 simulatione
1864 5737 2016 5792 valde
2061 5734 2163 5791 fuit

2241 4541 2449 4611 judicia
2499 4557 2612 4594 mea
2661 4539 2861 4608 fecerit,
2908 4539 2962 4592 in
2989 4536 3259 4607 prwceptis
3295 4535 3422 4590 meis
3463 4529 3805 4591 ambulaverit.

2251 4633 2334 4686 hic
2365 4648 2468 4685 non
2498 4631 2751 4684 morietur
2788 4630 2844 4683 in
2871 4629 3146 4698 iniquitate
3185 4625 3350 4696 patris
3376 4626 3484 4691 sui,
3515 4625 3609 4679 sed
3637 4625 3728 4678 rita
3754 4619 3812 4673 si-

2251 4735 2328 4780 uet
2353 4737 2370 4776 :
2395 4733 2544 4792 pater
2564 4722 2678 4792 ejus
2699 4722 2824 4792 quia
2849 4720 3201 4774 calumniatus
3233 4726 3328 4782 est,
3369 4727 3417 4772 et
3447 4717 3548 4771 vim
3574 4716 3694 4785 fecit
3717 4712 3814 4782 fra-

2256 4819 2345 4882 tri,
2373 4826 2422 4870 et
2454 4813 2653 4868 malum
2679 4824 2922 4883 operatus
2951 4822 3025 4866 est
3068 4812 3123 4864 in
3153 4811 3323 4864 medio
3367 4807 3547 4880 populi
3591 4808 3694 4870 sui,
3720 4817 3814 4858 erce

2257 4918 2493 4962 mortuus
2533 4917 2606 4960 est
2638 4906 2693 4958 in
2721 4905 2995 4974 iniquitate
3019 4919 3140 4965 sua,
3166 4910 3215 4954 et
3253 4899 3427 4953 dicitis
3451 4913 3469 4950 :
3516 4898 3696 4964 Quare
3729 4909 3814 4948 non

2257 5001 2480 5073 portavit
2501 4999 2642 5068 ﬁlius
2672 4998 2998 5068 iniquitatem
3024 4994 3190 5064 patris
3211 4991 3239 5047 2
3275 4990 3526 5045 Videlicet
3549 4992 3676 5061 quia
3697 4987 3814 5058 ﬁlius

2257 5101 2304 5146 et
2323 5091 2584 5161 judicium
2621 5099 2668 5142 et
2689 5087 2958 5156 justitiam
2984 5093 3230 5152 operatus
3251 5089 3347 5143 est,
3378 5080 3556 5133 omnia
3585 5082 3814 5148 pmcepla

2259 5199 2374 5237 mea
2413 5179 2722 5241 custodiuit,
2766 5186 2815 5230 et
2842 5177 2961 5246 fecit
2989 5174 3106 5239 illa,
3135 5174 3242 5226 vita
3285 5171 3436 5225 vivet.
3490 5170 3685 5224 Anima
3723 5177 3817 5235 qius

2258 5273 2542 5346 peccaverit
2600 5273 2716 5342 ipsa
2749 5270 3004 5323 morietur
3033 5280 3051 5319 :
3093 5265 3237 5335 ﬁlius
3267 5280 3368 5318 non
3397 5263 3628 5333 portabit
3657 5255 3820 5346 iniqui-

2261 5345 2420 5423 latent
2444 5364 2630 5436 patris,
2667 5371 2716 5416 et
2759 5369 2908 5432 pater
2938 5375 3040 5413 non
3071 5355 3299 5428 portabit
3346 5354 3676 5424 iniquitatem
3723 5345 3821 5419 ﬁlii.

2263 5459 2520 5529 Quamvis
2561 5465 2616 5511 et
2655 5455 2724 5509 de
2767 5452 3083 5523 parentibus
3135 5448 3228 5518 qui
3268 5446 3649 5516 comprehensi
3692 5447 3812 5498 sunt.

2265 5551 2449 5607 mitius
2495 5561 2656 5616 agere
2691 5542 3010 5605 debueritis,
3036 5538 3244 5595 scilicet
3285 5547 3347 5590 ut
3372 5551 3471 5606 pro
3499 5534 3594 5589 Dei
3643 5541 3821 5587 amore.

2267 5642 2359 5714 qui
2388 5655 2482 5696 eos
2508 5641 2562 5694 in
2606 5652 2800 5692 manus
2824 5642 3034 5689 vestras
3077 5630 3394 5693 tradiderat,
3426 5627 3594 5681 vitam
3623 5624 3724 5679 illis
3738 5631 3822 5714 ’το-

2233 5711 2604 5796 'servaretis,
2667 5734 2933 5799 quatenus
2989 5722 3043 5780 iu
3101 5720 3349 5777 oratione
3407 5717 3687 5774 Dominica
3737 5711 3822 5767 Deo
