4050 6324
367 369 471 436 989

1508 370 1904 455 srmone:
1945 378 2032 432 ET
2071 378 2407 436 DECKETA.

3519 382 3627 438 990

364 473 614 562 prompte
643 488 821 543 dicere
854 485 1108 544 valeretis
1142 507 1154 541 :
1198 483 1415 542 Dimitte
1451 488 1597 543 nobis
1626 489 1802 542 debita
1850 505 1943 541 no-
1971 492 2020 550 Α
2051 490 2223 555 mixti;
2259 491 2527 560 quomodo
2551 492 2813 548 rationem
2838 494 3124 549 redderent
3159 495 3226 550 de
3253 495 3480 563 imperio
3523 511 3626 548 suo

289 593 292 595 λ
364 593 518 646 stra,
576 582 709 637 sicut
771 589 820 634 et
866 597 960 635 nos
1007 581 1318 634 dimittimus
1371 581 1691 634 debitoribus
1749 581 1941 634 nostris

365 671 585 743 (Matth.
610 673 710 742 vt).
751 671 856 728 Sed
901 673 1002 727 etsi
1039 672 1157 727 illos
1206 687 1487 728 reservare
1517 673 1790 741 potuistis,
1845 673 1937 743 qui

363 762 614 820 bellando
643 763 912 827 interiere,
935 772 989 818 et
1015 764 1236 818 minime
1261 763 1444 818 vivere
1471 762 1813 834 permisistis,
1838 778 1940 817 nec

363 853 575 908 salvare
601 854 868 918 voluistis,
897 870 1002 908 non
1029 853 1272 908 consulte
1295 869 1517 924 prorsus
1539 853 1725 921 egistis
1753 868 1766 916 ;
1799 853 1938 908 scri-

364 954 515 1014 ptum
537 944 734 1014 quippe
759 951 844 998 est
882 961 895 996 :
923 944 1192 998 Iudicium
1221 945 1317 998 erit
1345 945 1456 999 sine
1475 944 1830 997 misericordia
1860 943 1939 997 illi

363 1037 454 1108 qui
481 1053 584 1089 non
611 1038 789 1105 [ecerit
821 1032 1231 1090 misericordiam
1254 1033 1397 1104 (Jac.
1428 1036 1510 1104 ιι).
1544 1035 1610 1090 Ει
1637 1051 1736 1104 per
1777 1051 1940 1104 supra

365 1126 698 1181 nominatum
752 1128 1070 1197 prophetam
1128 1127 1386 1182 Dominus
1430 1126 1774 1198 :Nunquidg
1821 1127 1936 1191 ait,

363 1214 644 1268 voluntatis
676 1231 802 1268 mea:
831 1225 903 1268 est
932 1231 1071 1269 mors
1099 1215 1266 1286 impii,
1298 1217 1424 1269 dicit
1470 1213 1726 1269 Dominus
1760 1215 1936 1280 ,Deus,

362 1316 410 1358 et
437 1322 540 1360 non
592 1316 645 1360 ut
685 1315 1011 1361 convertatur
1059 1325 1090 1360 α
1121 1308 1215 1362 viis
1265 1308 1398 1372 suis,
1437 1317 1486 1361 et
1515 1308 1690 1362 vivat?
1719 1306 1935 1378 (Ezech.

361 1401 540 1469 xvtn.)
577 1399 775 1455 Verum
823 1402 946 1470 quia
992 1401 1108 1456 zelo
1152 1401 1476 1457 Christiana:
1523 1403 1840 1472 religionis,
1885 1410 1940 1458 et

362 1492 658 1562 ignorantia
687 1493 864 1563 potius
895 1509 1056 1562 quam
1105 1493 1214 1549 alio
1252 1495 1384 1548 vitio
1412 1494 1738 1562 deliquistis,
1767 1496 1940 1564 pteni-

360 1585 527 1638 tentia
553 1587 912 1655 subsequente
940 1601 1037 1654 per
1062 1586 1260 1641 Christi
1283 1587 1512 1658 gratiam
1551 1587 1938 1659 indulgentiam

361 1675 427 1730 de
462 1674 545 1728 his
575 1683 630 1729 ct
659 1675 1085 1729 misericordiam
1120 1675 1537 1744 consequimini.

431 1765 615 1822 XVIII.
646 1767 800 1822 Scire
834 1783 930 1822 vos
961 1766 1095 1822 velle
1123 1767 1461 1838 signiﬁcatis,
1500 1768 1628 1837 quid
1657 1767 1724 1822 de
1744 1767 1829 1824 his
1847 1769 1940 1839 qui

2043 581 2188 636 Deo?
2229 585 2426 654 quippe
2468 599 2593 639 cum
2639 586 2908 654 pertineat
2971 585 3072 640 hoc
3130 585 3197 640 ad
3245 601 3402 656 reges
3435 585 3622 640 szeculi

2040 672 2432 749 Christianos,_
2462 685 2522 730 ut
2566 677 2897 744 temporibus
2937 676 3050 731 suis
3096 683 3340 746 pacatam
3392 683 3450 729 et
3504 674 3624 730 sine

2040 761 2394 819 diminutione
2434 765 2600 820 velint
2627 765 2832 821 servari
2863 776 3088 821 matrem
3122 781 3273 820 suam
3302 762 3624 826 Ecclesiam,

2039 855 2181 909 unde
2224 855 2538 924 spiritaliter
2578 858 2692 912 nati
2731 866 2878 913 sunt.
2929 856 3208 927 Siquidem
3259 854 3622 910 Nabuchodo-

2039 964 2206 1004 nosor
2232 965 2353 1014 rex,
2375 951 2465 1020 qui
2509 959 2744 1005 statuam
2790 965 2943 1005 suam
2983 957 3255 1012 erexerat,
3299 954 3356 1001 et
3396 946 3465 1000 ad
3499 960 3624 1000 eam

2039 1040 2369 1095 adorandum
2398 1057 2589 1096 omnes
2616 1049 2906 1112 coegerat,
2947 1040 3196 1095 laudibus
3229 1039 3390 1094 triqu
3427 1053 3627 1107 puero.

2040 1147 2159 1185 rum
2184 1133 2250 1187 de
2270 1133 2393 1203 igne
2421 1132 2771 1187 liberatorem
2819 1141 3124 1187 commotus
3153 1129 3356 1184 dixisse
3385 1127 3622 1197 legitur:

2040 1222 2108 1277 Et
2131 1239 2224 1292 ego
2256 1239 2447 1294 ponam
2483 1224 2748 1278 decretum
2789 1222 3026 1276 omnibus
3058 1221 3293 1274 tribubus
3335 1229 3383 1273 et
3430 1217 3626 1287 linguis

2039 1315 2094 1367 in
2129 1314 2269 1368 omni
2309 1323 2481 1377 terra;
2510 1323 2556 1367 et
2596 1315 2890 1383 quicunque
2929 1311 3118 1366 dixerit
3163 1308 3537 1379 blasphemiam
3568 1308 3627 1362 in

2039 1405 2208 1459 Deum
2233 1404 2478 1470 Sidrach,
2533 1403 2763 1467 Misach,
2807 1415 2855 1458 et
2901 1403 3220 1473 Abdenago,
3266 1403 3321 1456 in
3356 1401 3626 1455 interitum

2039 1508 2224 1561 erunt,
2252 1507 2301 1550 et
2347 1498 2534 1551 domus
2581 1511 2763 1550 eorum
2810 1495 2864 1549 in
2909 1494 3253 1564 perditionem
3297 1490 3460 1561 (Dan.
3515 1489 3622 1558 ιιι).

2043 1585 2101 1640 Si
2142 1602 2270 1656 ergo
2314 1588 2393 1641 sic
2441 1587 2594 1641 smvit
2637 1602 2732 1640 rex
2778 1586 3074 1650 barbarus,
3126 1599 3193 1638 ne
3225 1583 3628 1652 blasphemetur

2044 1674 2384 1741 Denslsrael,
2415 1679 2539 1747 quia
2567 1678 2741 1747 potuit
2772 1687 2883 1732 tres
2919 1692 3116 1747 pueros
3147 1676 3214 1731 de
3250 1675 3372 1746 igne
3415 1683 3626 1744 tempo-

2043 1769 2143 1823 rali
2193 1769 2454 1836 liberare;
2503 1778 2707 1838 quanto
2763 1770 2944 1840 potius
2993 1769 3184 1824 saevire
3225 1768 3421 1822 debent
3469 1779 3630 1835 reges

360 1860 532 1932 legem
563 1861 924 1916 Christianam
967 1871 1229 1931 respuunt
1257 1877 1416 1932 agere
1443 1861 1722 1917 debeatis:
1747 1861 1800 1916 in
1831 1878 1938 1931 quo
1969 1865 2013 1923 Β
2041 1862 2359 1927 Christiani,
2391 1863 2516 1930 quia
2564 1860 2814 1916 Christus
2853 1863 3152 1932 abnegatnr
3179 1868 3234 1914 et
3275 1859 3555 1920 irridetur,
3595 1873 3628 1913 a

361 1953 657 2008 notandum
687 1963 792 2016 est,
823 1953 1076 2022 quoniam
1105 1953 1282 2007 omnis
1313 1953 1476 2008 homo
1514 1953 1655 2008 sicut
1679 1967 1776 2021 per
1803 1952 1938 2006 alte-

361 2045 474 2098 rius
496 2044 734 2112 culpam,
759 2043 810 2096 id
837 2051 920 2098 est
941 2043 1100 2105 Adae,
1133 2045 1410 2098 contraxit
1445 2045 1585 2098 unde
1625 2045 1941 2112 purgatione

357 2148 454 2202 per
483 2151 676 2203 aquam
699 2135 1037 2202 baptismatis
1063 2146 1247 2204 egeat;
1282 2137 1353 2189 ita
1375 2152 1498 2190 eum
1525 2137 1592 2189 ad
1631 2136 1788 2190 ﬁdem
1817 2151 1940 2204 pro-

357 2226 671 2279 mittendum
714 2226 780 2279 ad
811 2226 1236 2295 regenerationis
1263 2226 1502 2280 occurrit
1531 2227 1749 2289 undam,
1775 2226 1938 2281 alium

353 2317 504 2386 eligit
529 2317 924 2386 quodammodo
953 2325 1182 2386 patrem,
1225 2317 1560 2387 spiritualem
1610 2317 1880 2383 videlicet,
1905 2334 1937 2372 a

353 2424 463 2478 quo
479 2408 1094 2479 susceptusinstruatur,
1124 2417 1179 2463 et
1201 2410 1343 2462 omni
1370 2406 1614 2464 custodia
1643 2409 1936 2474 muniatur,

354 2509 408 2552 et
434 2508 691 2568 tanquam
730 2498 1029 2568 depositum
1062 2499 1332 2568 quoddam
1359 2498 1546 2554 lectori
1588 2499 1828 2554 ecclesia:
1855 2515 1940 2553 re-

353 2599 728 2660 przesentetur.
759 2589 1026 2644 Prmterea
1057 2589 1147 2657 qui
1191 2588 1350 2643 fidem
1395 2589 1600 2659 respuit
1621 2603 1785 2657 quam
1814 2602 1939 2656 pro~

355 2681 522 2744 misit,
552 2681 619 2734 ab
649 2681 735 2733 illo
767 2695 796 2732 a
830 2695 938 2748 quo
986 2688 1268 2749 susceptus
1294 2688 1399 2744 est,
1427 2689 1482 2734 et
1525 2680 1616 2750 qui
1650 2679 1773 2734 [id-ti
1822 2677 1938 2746 ejus

356 2775 694 2827 interventor
719 2771 946 2832 exstitit,
981 2772 1141 2826 debet
1166 2787 1264 2840 per
1286 2773 1468 2826 omnia
1508 2771 1773 2827 revocari.
1816 2768 1935 2824 Jam

359 2879 490 2918 vero
518 2865 562 2918 si
601 2881 704 2917 non
752 2865 980 2918 audierit
1009 2878 1131 2917 eum
1161 2880 1320 2932 quem
1353 2865 1465 2934 ipse
1489 2879 1587 2933 pro
1619 2879 1678 2918 se
1719 2862 1939 2918 dederat

355 2953 874 3017 vadem,dicendum
919 2962 1003 3008 est
1030 2953 1310 3019 Ecclesiaa,
1342 2971 1371 3008 a
1398 2970 1501 3024 qua
1526 2953 1718 3023 majori
1763 2953 1939 3008 studio

351 3045 419 3098 ad
453 3043 592 3097 ovile
613 3045 888 3114 pr0prium
922 3060 1076 3098 ovem
1109 3044 1296 3099 reduci
1343 3045 1596 3099 convenit
1643 3060 1761 3112 qua:
1789 3059 1938 3099 erra-

351 3139 462 3203 vit;
497 3148 552 3194 et
594 3147 651 3191 nt
678 3137 744 3191 ad
771 3138 915 3190 viam
943 3137 1210 3199 veritatis,
1261 3152 1380 3207 qua:
1416 3137 1666 3191 Christus
1701 3145 1812 3201 est,
1846 3151 1936 3190 re-

2041 1968 2148 2022 quo
2181 1969 2284 2007 non
2329 1961 2441 2007 tres
2487 1953 2640 2023 pueri
2673 1962 2906 2018 tantum,
2933 1954 3026 2008 sed
3069 1952 3314 2007 et-orbis
3358 1961 3626 2006 terrarum

2040 2061 2162 2099 cum
2209 2045 2341 2114 ipsis
2385 2045 2602 2115 regibus
2649 2061 2680 2097 a
2731 2045 3006 2115 perpetuis
3057 2044 3266 2112 ignibus
3319 2041 3629 2096 liberatur?

2039 2135 2174 2188 Nam
2202 2135 2292 2202 qui
2335 2134 2440 2188 illis
2468 2135 2704 2198 mentiri,
2753 2134 2835 2187 vel
2867 2149 2987 2188 esse
3021 2133 3264 2188 iulideles
3289 2133 3630 2186 convincun-

2040 2231 2144 2284 tur,
2194 2232 2288 2275 aut
2331 2224 2420 2276 vix
2459 2231 2553 2276 aut
2591 2239 2868 2292 nunquam
2922 2225 2990 2277 ab
3038 2223 3121 2277 eis
3161 2223 3343 2278 vivere
3378 2221 3628 2292 proiecto

2039 2315 2291 2369 sinuntur
2331 2326 2426 2370 :et
2449 2317 2718 2385 quomodo
2748 2333 2853 2371 non
2890 2316 3261 2386 indignentur,
3291 2326 3346 2370 et
3381 2317 3626 2383 saeviant,

2039 2410 2253 2478 quando
2277 2410 2461 2464 vident
2510 2409 2828 2474 Christum,
2881 2411 2972 2478 qui
3018 2418 3101 2465 est
3135 2409 3246 2464 Rex
3301 2424 3484 2480 regum
3511 2450 3526 2474 ,
3572 2419 3629 2464 et

2040 2500 2302 2555 Dominus
2355 2501 2791 2565 dominantium,
2844 2501 2914 2554 ab
2964 2501 3275 2556 hominibus
3327 2501 3626 2571 abncgari.

2039 2593 2206 2656 illudi,
2248 2592 2371 2646 etei
2401 2593 2558 2646 iidem
2600 2592 2922 2660 promissam
2953 2608 3058 2646 non
3099 2593 3397 2648 custodiri?
3440 2593 3628 2648 Zelen-

2041 2693 2128 2737 tur
2159 2683 2337 2751 itaque
2368 2682 2484 2736 telo
2512 2681 2641 2746 Dei,
2674 2683 2799 2750 quia
2854 2683 3060 2752 seipsos
3107 2699 3202 2753 per
3227 2683 3501 2738 Christum
3543 2697 3630 2737 reo

2039 2775 2222 2829 colunt
2257 2774 2512 2827 liberatos
2541 2790 2569 2826 a
2602 2775 2848 2843 gehenna
2899 2775 3070 2845 magis
3095 2791 3258 2845 quam
3297 2775 3386 2829 ille
3424 2775 3517 2847 qui
3541 2783 3628 2829 at.

2042 2867 2212 2921 tendit
2239 2875 2349 2920 tres
2386 2881 2582 2934 pueros
2618 2875 2835 2935 ereptos
2870 2881 2900 2919 a
2931 2865 3167 2920 ﬂamma.

2113 2956 2254 3010 XIX.
2279 2956 2415 3023 Quid
2435 2955 2558 3024 jure
2587 2958 2655 3009 de
2684 2956 2766 3009 his
2790 2954 3091 3010 faciendum
3131 2957 3219 3018 sit,
3257 2957 3350 3026 qui
3376 2957 3442 3011 ad
3468 2957 3619 3012 occi-

2040 3047 2271 3101 dendum
2324 3062 2502 3116 regem
2564 3045 2997 3107 insurrexerint,
3054 3046 3373 3101 venerandae
3426 3046 3618 3116 leges,

2046 3155 2182 3209 quas
2213 3139 2414 3209 seripto
2463 3138 2760 3200 mittemus,
2803 3153 2900 3192 vos
2933 3135 3138 3190 all'atim
3166 3137 3488 3192 edocebunt.
3527 3137 3631 3192 Ve-

3637 2862 3662 2885 δ

352 3232 494 3294 deat,
525 3229 698 3282 modis
723 3229 975 3282 omnibus
1011 3227 1284 3292 revocari;
1324 3225 1588 3294 siquidem
1615 3227 1684 3280 ab
1728 3242 1789 3280 ea
1824 3235 1940 3280 tan-
1968 3233 2012 3292 (ζ
2047 3238 2350 3282 rumtameu
2384 3228 2484 3282 hoc
2519 3228 2573 3281 iu
2603 3226 2830 3282 arbitrio
2861 3227 3003 3297 regis
3028 3235 3232 3292 manet,
3261 3227 3352 3296 qui
3386 3241 3492 3281 non
3541 3241 3630 3281 se-

350 3336 514 3389 quam
547 3336 576 3373 a
617 3329 810 3380 matre,
839 3328 1093 3387 tanquam
1133 3333 1164 3370 a
1210 3317 1465 3388 magistra
1493 3317 1826 3371 suadendum
1855 3324 1938 3370 est

351 3412 427 3466 illi
469 3419 736 3481 quatenus
769 3410 991 3464 videat:
1045 3409 1300 3480 quoniam
1340 3416 1638 3478 apostatam
1686 3407 1934 3476 spiritum

353 3507 597 3561 imitatus
623 3513 727 3568 est,
757 3504 822 3558 de
853 3519 960 3572 qtto
999 3503 1260 3571 scriptum
1293 3509 1409 3564 est,
1453 3501 1594 3568 quod
1626 3499 1677 3553 in
1707 3498 1937 3552 veritate

351 3616 459 3656 non
513 3598 728 3652 steterit
775 3597 956 3666 (Joan.
1014 3595 1158 3663 vin).
1209 3593 1530 3648 Consideret
1581 3592 1746 3646 etiam
1793 3589 1937 3659 quod

350 3688 546 3746 Petrus
589 3691 838 3761 princeps
885 3687 1250 3757 apostolorum
1296 3685 1530 3739 clamat:
1566 3683 1627 3740 Si
1661 3684 1798 3737 enim
1851 3697 1931 3736 re-

352 3784 628 3854 fugientes,
661 3782 930 3852 inquiens,
973 3779 1417 3849 coinquinationes
1445 3777 1628 3830 mundi
1667 3777 1720 3829 in
1757 3776 1934 3844 cogni-

352 3877 493 3930 tione
537 3875 746 3930 Domini
793 3873 978 3943 nostri,
1009 3883 1057 3926 et
1107 3871 1380 3926 salvatoris
1427 3866 1556 3923 Jesu
1609 3867 1824 3929 Christi,
1853 3868 1936 3922 his

359 3985 546 4022 rursus
578 3967 832 4036 implicati
857 3973 1207 4034 superantur;
1231 3963 1372 4031 facta
1401 3970 1523 4016 sunt
1550 3961 1623 4014 eis
1646 3960 1936 4029 posteriora

351 4061 611 4115 deteriora
632 4059 891 4129 prioribus
917 4071 934 4109 :
957 4039 1141 4111 melius
1165 4057 1302 4110 enim
1336 4066 1446 4110 erat
1483 4055 1587 4109 illis
1612 4072 1714 4109 non
1740 4071 1934 4122 cognoc

353 4167 495 4206 scere
538 4145 672 4206 riam
691 4149 936 4220 justitia',
966 4153 1121 4216 quam
1149 4157 1260 4216 post
1292 4148 1610 4217 agnitionem
1652 4156 1935 4200 retrorsum

353 4243 580 4298 converti
604 4244 668 4296 ab
711 4258 794 4305 eo,
821 4241 960 4307 quod
987 4239 1092 4293 illis
1143 4240 1400 4292 traditum
1439 4247 1539 4300 est,
1579 4247 1757 4291 sancto
1787 4252 1938 4290 man—

352 4333 497 4386 dato.
525 4331 752 4402 Contigit
777 4333 915 4385 enim
944 4331 1017 4384 eis
1041 4329 1172 4383 illud
1199 4330 1489 4400 proverbii:
1519 4326 1680 4383 Canis
1707 4343 1938 4382 reversus

355 4425 424 4476 ad
451 4425 697 4478 vomitum
737 4441 911 4485 suum,
940 4433 988 4476 et
1027 4439 1116 4476 sus
1143 4421 1249 4476 lota
1294 4422 1349 4476 in
1397 4421 1667 4476 volutabra
1709 4420 1804 4474 luti
1850 4416 1937 4490 (II

356 4513 501 4570 Petr.
553 4533 622 4582 n;
664 4513 820 4570 Prov.
852 4514 1236 4579 xxv1;Matth.
1293 4514 1474 4580 xvm).
1533 4514 1703 4568 Porro
1743 4513 1787 4567 si
1839 4527 1938 4567 nec

354 4607 652 4662 Ecclesium
669 4608 924 4668 audierit,
940 4608 1012 4660 sit
1027 4606 1276 4660 omnibus
1300 4622 1484 4660 revera
1501 4607 1640 4660 sicut
1663 4605 1935 4669 etlmicus,

355 4702 407 4756 id
433 4709 516 4754 est
539 4700 776 4770 gentilis,
811 4714 873 4751 ac
896 4714 992 4767 per
1012 4698 1112 4751 hoc
1141 4696 1252 4764 jam
1282 4699 1476 4751 merito
1517 4712 1614 4764 per
1641 4704 1936 4766 potestates

354 4805 572 4850 exteras
623 4801 878 4860 tanquam
930 4800 1219 4844 extraneus
1267 4790 1623 4858 Opprimatur.
1697 4790 1936 4858 Denique

356 4892 564 4938 certum
586 4891 690 4944 est,
722 4880 975 4948 quoniam
1005 4895 1144 4948 saepe
1192 4880 1332 4933 Deus
1375 4880 1614 4934 concitat
1641 4889 1936 4948 potestates

357 4974 618 5028 adversus
663 4972 1020 5040 abnegatores
1065 4970 1286 5032 Christi,
1339 4970 1601 5023 adversus
1631 4970 1936 5024 desertores

356 5064 607 5135 baptismi
641 5071 736 5116 :et
762 5062 962 5116 idcirco
990 5075 1148 5114 nemo
1187 5061 1430 5121 miretur,
1457 5059 1578 5127 quia
1619 5060 1759 5114 Deus
1807 5075 1936 5114 con-

357 5162 510 5220 citat,
558 5165 612 5210 ut
644 5164 845 5226 ponant
885 5153 1156 5215 cervices,
1187 5160 1242 5206 et
1291 5152 1556 5206 humiliati
1602 5152 1823 5205 redeant
1869 5152 1934 5206 ad

358 5249 654 5304 Ecclesium
679 5265 692 5300 :
721 5246 844 5315 quia
872 5253 928 5299 et
947 5245 1091 5313 Agar
1125 5260 1246 5298 cum
1274 5244 1616 5298 discessisset
1648 5259 1678 5296 a
1717 5244 1934 5298 domina

361 5355 457 5395 sua
487 5340 723 5393 occurrit
752 5338 798 5390 ei
823 5335 1062 5405 angelus,
1086 5345 1140 5388 et
1168 5335 1304 5390 dixit
1331 5335 1380 5389 ei
1413 5349 1427 5386 :
1467 5334 1607 5400 Quid
1635 5345 1710 5388 est
1734 5375 1748 5398 ,
1796 5336 1938 5404 Agar

359 5433 551 5487 ancilla
588 5430 778 5486 Saraz?
821 5427 1094 5483 Revertere
1139 5429 1208 5480 ad
1261 5428 1528 5481 dominam
1583 5436 1725 5480 luant
1761 5423 1930 5497 (Gen.

361 5522 494 5592 xvr).
520 5523 598 5576 Ad
629 5523 733 5577 hoc
775 5535 904 5591 ergo
950 5519 1040 5589 qui
1093 5516 1399 5586 hujusmodi
1444 5525 1527 5570 est
1572 5512 1845 5586 allligitur,
1879 5522 1937 5568 ut

362 5624 686 5678 revertatur,
711 5624 873 5682 atque
899 5613 1105 5666 utinam
1133 5619 1459 5671 revertatur,
1501 5610 1626 5679 quia
1673 5625 1794 5664 cum
1823 5607 1934 5662 fra-

363 5706 534 5758 tribus
583 5703 944 5757 hatreditatem
994 5702 1319 5770 promissam
1359 5699 1584 5769 recipiet
1620 5717 1631 5750 :
1662 5716 1786 5752 nam
1834 5700 1932 5754 nisi

359 5804 706 5847 moverentur
754 5804 1040 5858 poli-states
1086 5793 1403 5847 Christiana:
1435 5791 1691 5845 adversus
1746 5791 1932 5858 hujus-

2039 3321 2145 3376 mel
2182 3330 2412 3384 tantum,
2443 3322 2536 3376 sed
2584 3329 2640 3374 et
2673 3320 2981 3390 septuagies
3007 3321 3208 3389 septies
3237 3320 3396 3374 debet
3439 3335 3632 3389 pecca‘

2040 3421 2151 3467 tum
2205 3414 2499 3475 dimittere,
2540 3413 2694 3480 juxta
2737 3412 2881 3482 quod
2913 3411 3172 3466 Dominus
3223 3411 3275 3465 in
3331 3409 3626 3480 Evangelio

2038 3515 2226 3559 sancto
2267 3504 2428 3559 Petro
2476 3502 2799 3558 mandavit:
2836 3501 2978 3556 Nam
3022 3505 3108 3556 cui
3156 3501 3273 3572 plus
3324 3502 3626 3564 dimittitur,

2036 3596 2152 3665 plus
2201 3596 2405 3666 diligit;
2445 3604 2499 3649 ct
2540 3595 2996 3665 quemadmodum
3045 3593 3396 3663 Evangelium
3442 3591 3624 3658 docet,

2038 3703 2132 3741 rex
2164 3688 2351 3742 decem
2383 3684 2546 3740 millia
2580 3685 2800 3749 talenta,
2834 3685 2886 3738 id
2916 3693 3000 3740 est
3043 3683 3214 3738 multa
3248 3691 3305 3736 et
3367 3683 3626 3737 immania

2038 3788 2256 3847 peccata
2285 3793 2442 3832 servo
2471 3793 2576 3831 non
2629 3777 2946 3838 dimitteret,
2993 3776 3038 3830 si
3085 3775 3200 3842 ipse
3225 3789 3490 3828 conservo
3525 3789 3626 3829 suo

2037 3880 2258 3925 centum
2291 3870 2562 3933 denarios,
2606 3869 2660 3923 id
2685 3878 2770 3924 est
2823 3869 3032 3923 minora
3062 3866 3337 3922 dimittere
3364 3865 3631 3922 noluisset

2040 3960 2254 4032 (Matth.
2281 3975 2443 4026 xvnt;
2485 3957 2616 4013 Luc.
2650 3961 2770 4028 vn).

2110 4052 2229 4106 XX.
2257 4053 2394 4120 Quid
2422 4053 2487 4107 de
2535 4051 2753 4106 homine
2789 4049 2960 4106 libero
3003 4048 3356 4121 iudicandum
3405 4048 3497 4114 sit,
3533 4047 3628 4118 qui

2038 4146 2104 4200 de
2129 4146 2300 4213 patria
2333 4159 2430 4198 sua
2461 4143 2582 4213 fuga
2607 4141 2788 4212 lapsus
2814 4140 2999 4206 fuerit,
3023 4141 3068 4196 si
3091 4139 3624 4210 comprehendatur?

2038 4238 2173 4292 nihil
2197 4238 2414 4305 utique,
2455 4235 2559 4289 nisi
2605 4233 2749 4302 quod
2805 4233 2950 4304 leges
2992 4234 3313 4288 decernunt.
3346 4229 3632 4286 Verumta-

2039 4343 2163 4382 men
2204 4327 2401 4381 multos
2438 4333 2747 4380 sanctorum
2778 4323 2845 4378 de
2890 4322 3064 4392 patria
3113 4339 3209 4378 sua
3240 4321 3442 4386 exisse,
3473 4329 3529 4374 et
3571 4321 3627 4376 in

2040 4422 2143 4476 alia
2169 4420 2436 4476 celebrius
2460 4426 2748 4473 veneratos
2771 4415 2964 4479 fuisse,
2994 4431 3164 4470 sacrm
3197 4414 3435 4484 produnt
3457 4412 3628 4466 histoo

2043 4515 2168 4579 riae;
2223 4511 2317 4569 sed
2367 4511 2488 4566 aliis
2538 4527 2644 4566 non
2699 4508 3060 4565 existentibus
3109 4506 3289 4562 causis
3329 4504 3400 4559 ob
3453 4503 3629 4558 solum

1964 4590 2014 4649 Ῐ)
2040 4608 2245 4661 exitum
2290 4619 2567 4674 nunquam
2615 4601 2916 4671 culpabiles
2941 4600 3215 4669 judicatos
3244 4595 3542 4657 exstitisse,
3574 4595 3628 4648 ni
3701 4599 3708 4608 ‘

2041 4697 2216 4761 fallor,
2249 4695 2452 4758 inveni,
2497 4693 2803 4763 przesertim
2834 4706 2958 4745 cum
3010 4687 3242 4743 Abraba:
3271 4685 3408 4756 patri
3440 4691 3629 4738 nostro

2037 4790 2218 4843 divina
2249 4805 2378 4842 voce
2397 4788 2609 4842 dicatur
2635 4800 2650 4838 :
2680 4783 2940 4854 Egredere
2965 4781 3030 4834 de
3058 4790 3220 4843 terra,
3249 4787 3296 4832 et
3326 4777 3390 4830 de
3421 4792 3620 4846 cogna-

2040 4881 2178 4933 tione
2208 4889 2298 4932 tua
2330 4876 2482 4949 (Cen.
2517 4877 2614 4945 ιιι)
2642 4893 2654 4928 :
2684 4884 2741 4928 et
2779 4871 3018 4928 nonnulli
3059 4870 3284 4924 Patrum
3311 4875 3622 4922 nostrorum

2038 4968 2252 5024 exsules
2277 4984 2372 5038 per
2401 4951 2663 5036 plurimos
2685 4978 2856 5017 annos
2884 4963 2936 5014 in
2969 4970 3111 5014 terra
3146 4974 3253 5013 non
3290 4973 3385 5012 sua
3416 4956 3626 5012 habita-

2042 5060 2251 5126 verint;
2285 5058 2521 5127 alioquin
2551 5056 2687 5110 liber
2715 5069 2819 5108 non
2849 5061 2955 5116 est,
3001 5051 3046 5104 si
3084 5051 3151 5105 de
3180 5049 3351 5119 patria
3379 5063 3474 5104 sua
3505 5048 3627 5117 quis

2043 5168 2150 5206 non
2181 5151 2342 5204 audet
2374 5148 2580 5220 egredi.
2613 5147 2782 5202 Porro
2807 5145 2850 5200 si
2879 5143 3016 5197 liber
3057 5151 3161 5206 est,
3192 5150 3248 5196 et
3279 5139 3402 5209 jure
3429 5139 3629 5194 nullius

2041 5242 2366 5296 conditionis
2400 5240 2628 5295 nexibus
2681 5244 2898 5292 tenetur
2937 5233 3268 5297 obstrictus,
3305 5247 3410 5286 non
3467 5231 3624 5300 fugit.

2043 5334 2136 5386 sed
2178 5330 2289 5384 exit
2317 5331 2382 5384 de
2424 5327 2600 5398 patria
2631 5341 2748 5388 sua,
2785 5322 3234 5392 quemadmodum
3273 5329 3328 5376 et
3358 5321 3614 5385 Abrahae,

2044 5439 2149 5476 non
2185 5421 2355 5490 Fuge,
2385 5418 2478 5474 sed
2508 5417 2604 5471 Exi
2646 5417 2712 5471 de
2744 5423 2888 5470 terra
2925 5423 3014 5466 tua
3042 5412 3271 5478 dicitur;
3323 5411 3464 5482 quod
3498 5409 3624 5480 quia

2043 5511 2172 5569 fecit
2193 5513 2466 5571 obediens,
2497 5509 2710 5565 nemine
2745 5506 3044 5576 judicante,
3084 5521 3299 5578 pmnam
3330 5502 3628 5574 quamlibet

2044 5583 2263 5675 protulit
2298 5603 2474 5674 [forte,
2505 5600 2742 5672 pertulit,
2769 5597 2988 5671 lixam].

2132 5694 2273 5750 XXI.
2306 5695 2360 5749 Si
2403 5708 2594 5749 servus
2638 5707 2669 5746 a
2705 5691 2924 5746 domino
2965 5688 3175 5761 fugiens
3207 5680 3531 5743 recesserit,
3578 5677 3622 5735 si

2044 5787 2464 5858 comprehensus
2493 5784 2676 5844 fuerit,
2713 5781 3092 5854 ignoscendum
3135 5785 3217 5833 est
3247 5775 3297 5830 ei
3325 5793 3337 5829 ;
3370 5773 3501 5828 alias
3530 5787 3622 5824 au-
3648 5827 3650 5831 ,
