4050 6324
501 314 605 374 991

1766 324 1773 333 '
1812 312 2086 370 NICOIAI
2127 311 2383 369 PAPIRI

504 443 615 487 tem
644 432 823 502 legum
848 431 984 487 scita
1010 442 1116 487 non
1140 430 1592 485 transcendantur
1610 430 1663 483 in
1692 444 1779 485 eo.
1804 428 2088 485 Verumta-
2113 430 2166 491 Α
2192 426 2579 483 trucidaverint
2598 467 2617 494 ,
2688 427 3010 484 veneranda:
3073 427 3223 500 leges
3262 414 3553 499 proprium
3630 431 3810 488 robur

507 540 630 581 men
657 538 881 595 semper
905 523 1031 579 illud
1060 522 1284 594 apostoli
1309 522 1460 576 Pauli
1487 537 1599 592 prae
1627 521 1803 577 oculis
1824 523 2092 577 habeatur

505 617 739 673 salubris
771 614 1160 671 admonitionis
1185 615 1416 669 dicentis
1449 630 1467 668 :
1494 613 1705 667 Domini
1727 614 1867 685 quod
1882 614 2090 684 justum

505 718 584 764 est
612 718 663 764 et
689 724 894 779 (equum
916 707 1077 761 servis
1103 712 1372 777 praestate,
1400 707 1619 760 scientes
1646 707 1895 776 quoniam
1928 715 1977 759 et
2001 721 2092 760 vos

505 800 788 854 Dominum
813 798 1012 852 habetis
1037 799 1093 852 in
1121 797 1248 852 creto
1288 796 1517 865 (Coloss.
1547 798 1655 870 tv);
1702 808 1760 853 et
1792 796 1941 861 alibi,
1967 813 2093 853 cum

506 892 682 946 seﬂis
716 899 777 944 ut
806 890 1093 945 obedirent
1119 889 1351 945 dominis
1386 889 1696 945 carnalibus
1728 889 2090 961 praecepisset,

501 978 749 1048 adiunxit
780 994 795 1032 :
836 977 1094 1040 Scientes,
1124 978 1400 1047 inquiens,
1436 978 1577 1049 quod
1611 980 1965 1049 unusquisque
2010 995 2094 1032 ve-

499 1080 668 1124 strum
712 1067 1058 1139 quodcunque
1104 1068 1286 1139 fecerit
1338 1068 1530 1122 bonum
1553 1109 1571 1135 ,
1618 1068 1717 1121 hoc
1752 1076 2095 1138 consequetur

500 1169 534 1216 ἁ
566 1161 827 1227 Domino,
876 1162 985 1214 sive
1021 1172 1235 1223 seruus,
1290 1160 1401 1214 sire
1446 1158 1618 1224 liber;
1657 1169 1706 1214 et
1751 1175 1840 1213 vos
1894 1158 2094 1213 domini

499 1254 683 1310 eodem
722 1252 880 1321 facite
906 1251 976 1305 ad
1009 1246 1129 1306 illos
1157 1251 1475 1305 remittentes
1515 1252 1706 1313 minas,
1730 1251 1946 1304 scientes
1968 1251 2095 1320 quia

498 1352 551 1400 et
583 1352 751 1399 tester
771 1351 822 1397 et
858 1359 1040 1397 eorum
1086 1342 1342 1396 Dominus
1376 1342 1434 1395 in
1463 1339 1603 1395 caelis
1632 1351 1741 1404 est,
1769 1350 1820 1395 et
1846 1356 2097 1411 persona-

500 1436 619 1490 ru'nt
646 1435 876 1506 acceptio
914 1448 1018 1487 non
1055 1443 1131 1487 est
1166 1433 1307 1503 apud
1348 1432 1635 1486 Dominum
1657 1430 1883 1501 (Ephes.
1915 1431 2020 1498 vt).

506 1537 512 1543 ‘
571 1525 737 1582 XXII.
768 1526 922 1582 Circa
950 1525 1050 1579 hos
1096 1524 1214 1595 qui,
1257 1522 1475 1595 quando
1510 1523 1577 1578 ad
1626 1538 1873 1595 pugnam
1904 1532 2094 1578 contra

497 1619 686 1674 hostes
705 1612 1022 1688 proceditis,
1048 1615 1229 1687 fugam
1255 1614 1544 1685 arripiunt,
1573 1615 1617 1668 si
1652 1628 1761 1668 non
1788 1613 2098 1669 misericor-

498 1710 642 1765 diter
671 1708 967 1780 praeveniat
984 1709 1309 1780 compassio,
1334 1708 1524 1764 saltem
1558 1709 1735 1780 legum
1762 1716 2095 1779 temperetur

498 1803 787 1859 Severius.
907 1809 911 1815 ‘

570 1892 760 1949 XXIII.
816 1893 894 1949 De
945 1893 1031 1949 his
1073 1893 1269 1965 quibus
1298 1892 1510 1963 iussum
1549 1902 1636 1949 est
1668 1903 1855 1949 contra
1908 1895 2095 1952 hostes

500 1982 777 2055 progredi,
808 1980 1105 2051 etjussioni
1129 1996 1321 2052 parere
1346 1991 1721 2049 contemnunt,
1759 1983 1947 2039 eadem
1971 1998 2096 2039 sua-

501 2073 711 2129 demus.

506 2186 510 2191 ’
571 2164 761 2223 XXIV.
794 2164 934 2233 Quid
954 2165 1247 2236 parricida,
1276 2165 1331 2219 id
1364 2174 1449 2220 est
1492 2166 1583 2235 qui
1613 2174 1821 2235 patrem
1846 2166 1930 2221 vel
1978 2181 2094 2222 ma-

502 2264 641 2314 trem
670 2257 890 2320 occidit,
920 2256 1004 2312 vel
1045 2255 1208 2310 etiam
1260 2256 1352 2326 qui
1409 2255 1667 2318 fratrem,
1709 2264 1803 2309 aut
1848 2270 2092 2312 sororem

502 2345 779 2411 lntertlcit,
810 2346 922 2416 pati
968 2347 1182 2410 debeat,
1215 2346 1362 2416 leges
1407 2347 1682 2411 indicant;
1735 2362 1901 2418 porro
1940 2348 1986 2402 si
2023 2348 2094 2404 ad

501 2436 788 2493 ecclesiam
817 2436 1143 2508 confugerit,
1187 2437 1238 2491 id
1267 2437 1412 2506 quod
1447 2439 1733 2507 episcopus
1758 2439 1859 2493 loci
1890 2439 1972 2493 vel
2005 2454 2093 2494 sa.

503 2531 719 2594 cerdos,
746 2530 837 2598 qui
868 2530 939 2583 ab
965 2529 1056 2584 illo
1080 2529 1408 2584 constitutus
1437 2538 1542 2596 est,
1574 2530 1899 2601 providerit,
1930 2545 2094 2601 agen-

504 2622 634 2676 dum
661 2622 1027 2676 decernimus.

574 2710 744 2768 XXV.
783 2712 1200 2771 Consuetudinis
1224 2731 1346 2772 esse
1375 2717 1565 2786 patriae
1599 2728 1798 2772 vestrm
1835 2718 2094 2788 perhibes

468 2802 593 2873 'tis,
618 2806 830 2879 semper
870 2811 1124 2866 custodes
1155 2811 1297 2865 inter
1323 2814 1553 2881 patriam
1598 2823 1856 2879 vestram,
1883 2820 1938 2866 et
1963 2812 2093 2867 alio-

502 2913 623 2953 rum
654 2898 809 2967 juxta
841 2884 1106 2955 terminos
1149 2901 1432 2972 invigilare
1469 2917 1486 2955 :
1532 2910 1589 2957 et
1636 2903 1681 2957 si
1725 2917 1944 2964 servus,
1997 2910 2091 2955 aut

500 2989 642 3045 liber
661 3006 758 3060 per
783 2992 1029 3046 eamdem
1076 2992 1373 3046 custodiam
1401 3007 1726 3064 quocunque
1750 2993 1911 3047 modo
1940 2991 2092 3063 fuge-

502 3080 611 3147 rit,
651 3082 771 3137 sine
800 3084 945 3138 omni
983 3084 1383 3138 intermissione
1411 3083 1663 3139 custodes
1686 3098 1782 3156 pro
1807 3099 1870 3139 ea
1901 3084 2089 3139 interi-

2191 518 2493 573 obtineant.
2529 517 2637 573 Sed
2667 519 2811 573 si‘ad
2840 518 3131 574 ecclesiam
3164 519 3619 585 convolaverint,
3650 538 3804 577 moro

2193 609 2267 664 tis
2315 610 2533 681 quidem
2587 610 2799 683 legibus
2849 620 3113 668 eruantur
3167 629 3186 666 :
3238 612 3591 680 paenitentia
3630 628 3809 680 vero,

2194 717 2356 772 quant
2403 703 2632 759 antistes
2676 704 2804 769 loci,
2855 703 2941 758 vel
2988 703 3276 775 presbyter
3319 704 3804 772 consideraverit,

2195 793 2397 863 absque
2426 794 2591 849 dubio
2618 794 3049 849 submittantur:
3082 792 3246 858 Nolo,
3278 793 3456 863 inquit
3498 794 3806 858 Dorninus,

2193 894 2411 937 mortem
2436 884 2751 954 peccatoris,
2769 884 2860 939 sed
2883 893 2939 937 nt
2970 892 3394 949 convertatur,“
3416 883 3558 938 visat
3572 882 3801 952 (Exeat.

2195 975 2373 1046 svnt).

2204 1108 2211 1119 .
2264 1063 2474 1139 XXYII.
2513 1065 2591 1120 De
2618 1066 2705 1121 his
2743 1066 2833 1136 qui
2880 1066 3101 1122 socium
3144 1082 3306 1123 suum
3347 1067 3514 1123 morti
3556 1051 3805 1124 tradide-

2194 1156 2326 1220 rint,
2360 1156 2411 1210 id
2441 1158 2615 1227 ipsum
2646 1158 2803 1228 quod
2817 1173 2982 1229 supra
3012 1159 3379 1215 decernimus.

2204 1288 2209 1292 -
2265 1247 2498 1304 XXVIII.
2531 1251 2608 1306 De
2634 1266 2700 1306 eo
2730 1251 2825 1321 qui
2878 1254 2946 1306 ad
2976 1267 3202 1307 uxorem
3260 1253 3488 1308 alterius
3537 1267 3798 1323 compre-

2194 1343 2397 1399 hensus
2432 1343 2781 1413 fuerit,quid
2818 1344 3169 1415 iudicandum
3225 1345 3319 1409 sit,
3373 1344 3539 1400 lectis
3593 1344 3804 1415 legibus

2192 1436 2498 1506 reperietis.
2527 1436 2646 1490 Jam
2679 1452 2807 1491 vero
2840 1437 2886 1493 si
2915 1439 2982 1492 ad
3011 1437 3299 1492 ecclesiam
3348 1436 3575 1492 adulter
3619 1436 3804 1491 confu-

2193 1528 2368 1599 gerit,
2425 1527 2778 1597 iudicandum
2828 1528 2897 1583 ab
2936 1529 3193 1599 episcopo
3251 1528 3368 1582 fore
3415 1527 3799 1589 decernimus,

2194 1621 2338 1691 quod
2369 1635 2555 1676 sacros
2591 1628 2808 1676 constat
2844 1620 3101 1676 dillinisse
3137 1636 3410 1686 canones,
3437 1620 3529 1675 vel
3578 1629 3800 1674 sanctos

2194 1713 2502 1785 apostolica:
2531 1713 2679 1768 sedis
2706 1714 2965 1783 praesules
2988 1714 3194 1769 clarum
3220 1723 3307 1769 est
3332 1713 3627 1768 statuisse.

2120 1788 2168 1850 Β
2264 1800 2457 1859 XXIX.
2499 1802 2762 1858 Similiter
2802 1813 2860 1858 et
2892 1804 2960 1858 de
3003 1818 3072 1858 eo
3103 1819 3414 1867 censemus,
3441 1803 3542 1872 qui
3573 1803 3648 1856 ad
3679 1817 3801 1871 pro-

2198 1896 2398 1951 ximam
2433 1894 2714 1964 sanguinis
2736 1895 2821 1950 sui
2846 1894 3181 1966 ingreditur;
3231 1910 3422 1950 verum
3447 1895 3623 1963 huius
3656 1894 3793 1947 tanti

2194 1984 2392 2056 piaculi
2439 1984 2648 2056 Iepram
2703 1984 2895 2040 melius
2942 1985 3011 2039 ad
3055 1985 3355 2041 sacerdotis
3396 1983 3798 2041 consideratio-

2194 2092 2341 2141 nem,
2373 2086 2429 2133 ct
2448 2075 2714 2145 judicium
2743 2077 2991 2145 profecto
3013 2077 3319 2148 dirigimus.

2267 2167 2437 2224 XXX.
2480 2170 2557 2224 De
2583 2182 2651 2223 eo
2675 2168 2767 2239 qui
2795 2168 2987 2223 nolens
3012 2168 3286 2224 hominem
3335 2168 3711 2231 interfecerit,
3743 2168 3790 2222 id

2194 2258 2484 2313 statuimus
2534 2257 2679 2327 quod
2707 2273 2877 2313 sacra:
2903 2257 3104 2329 regulae
3127 2249 3395 2319 st'atuant,
3412 2275 3558 2328 quas
3584 2260 3790 2328 cpisco-

2195 2364 2321 2419 pum
2347 2359 2588 2402 vestrum
2628 2346 2769 2418 apud
2797 2363 2858 2403 se
2894 2363 3061 2419 penes
3088 2364 3188 2403 vos
3210 2350 3446 2420 positum
3473 2365 3595 2420 pra:
3624 2350 3795 2403 mani-

2194 2442 2296 2496 bus
2325 2451 2540 2511 oportet
2568 2459 2782 2515 semper
2812 2444 3036 2500 habere.

2222 2566 2227 2571 -
2267 2533 2459 2588 XXXI.
2501 2535 2656 2589 Circa
2689 2536 2839 2591 fures
2861 2536 3175 2591 animaliqu
3222 2535 3267 2591 si
3318 2551 3425 2591 non
3473 2535 3786 2591 miscricor-

2193 2626 2302 2691 dia,
2334 2628 2529 2682 saltem
2550 2628 2727 2699 legum
2767 2628 2942 2684 edicta
2973 2638 3276 2705 serventur.

2265 2716 2482 2772 XXXII.
2525 2718 2790 2773 Similiter
2817 2719 2998 2774 dehis
3029 2719 3122 2788 qui
3147 2718 3324 2794 virum
3370 2727 3465 2772 aut
3521 2717 3773 2772 feminam

2194 2812 2496 2881 rapuerint,
2524 2812 2910 2881 permittimus.

2266 2900 2505 2956 XXXIII.
2544 2902 2787 2969 Quando-
2816 2900 3228 2972 prmiiutniuire
3256 2900 3399 2957 soliti
3431 2902 3622 2967 eratis,
3647 2900 3775 2955 indi-

2191 2993 2332 3048 catis
2374 3008 2471 3048 vos
2506 2994 2769 3047 hactenus
2813 2993 2866 3047 in
2913 2994 3068 3063 signo
3108 2992 3327 3047 militari
3377 2993 3608 3048 caudam
3656 2988 3773 3060 equi

2195 3094 2454 3152 portasse.
2499 3094 2555 3140 et
2585 3085 2934 3140 sciscitamini
2969 3085 3097 3155 quid
3133 3100 3277 3140 nunc
3303 3085 3420 3160 vice
3464 3086 3611 3139 illius
3649 3099 3764 3152 por-

501 3181 745 3240 utuntur,
778 3176 970 3229 deinde
994 3177 1409 3243 percontamini,
1456 3177 1582 3245 quid
1608 3192 1706 3231 nos
1732 3176 1857 3232 inde
1876 3177 2085 3247 judice—
2114 3157 2161 3219 δ
2193 3184 2308 3230 tare
2339 3165 2772 3246 debeatis;'quid
2802 3175 2948 3231 aliud
2971 3176 3184 3246 utique,
3209 3175 3314 3231 nisi
3340 3157 3556 3247 signum
3582 3181 3765 3230 sancti

500 3276 657 3322 mus;
696 3268 750 3316 et
777 3264 844 3318 de
867 3263 970 3319 hoc
996 3266 1048 3319 in
1073 3264 1279 3335 legibus
1311 3273 1398 3320 est
1420 3267 1824 3336 requirendum.
1860 3267 2091 3322 Verum-

501 3362 685 3411 tamen
710 3356 851 3411 absit
874 3371 904 3410 a
926 3358 1198 3412 mentibus
1218 3358 1436 3420 vestris,
1466 3367 1525 3411 ttt
1550 3366 1655 3411 tam
1677 3359 1840 3429 impie
1866 3357 1978 3427 jam
2002 3358 2089 3426 ju-

506 3447 722 3512 dicetis,
755 3449 845 3518 qui
869 3457 978 3503 tam
1013 3450 1161 3520 pium
1184 3449 1351 3503 Deum
1366 3456 1421 3503 et
1443 3449 1728 3504 Dominum
1754 3451 2084 3521 agnovistis:

500 3538 805 3611 praesertim
847 3552 970 3594 cum
1001 3541 1172 3612 magis
1201 3550 1481 3611 oporteat,
1536 3552 1595 3597 ut
1643 3544 1785 3598 sicut
1829 3544 2090 3600 hactenus

505 3633 575 3689 ad
603 3635 834 3689 mortem
864 3632 1020 3690 facile
1061 3650 1308 3706 quosque
1336 3639 1698 3708 pertraxistis,
1732 3639 1805 3693 ita
1836 3639 2093 3710 deinceps

500 3734 609 3779 non
646 3724 712 3778 ad
745 3734 990 3789 mortem,
1025 3727 1119 3781 sed
1149 3728 1219 3782 ad
1246 3728 1413 3782 vitam
1458 3743 1594 3799 quos
1641 3731 1867 3798 potestis
1897 3730 2095 3786 nihilo.

498 3814 681 3869 minus
699 3815 1027 3885 perducatis.
1056 3816 1133 3871 Ita
1164 3824 1222 3870 ut
1245 3817 1700 3887 quemadmodum
1733 3820 1927 3874 beatus
1961 3835 2093 3890 apo-

499 3908 672 3960 stolus
700 3905 897 3961 Paulus
929 3907 1080 3975 prius
1105 3917 1439 3975 persecutor,
1467 3918 1523 3963 et
1555 3910 2012 3975 contumeliosus,
2036 3917 2093 3966 et

500 3998 715 4067 spirans
747 3999 1011 4052 minarum
1033 3992 1284 4056 et'caedis
1310 4001 1363 4054 in
1382 4001 1676 4069 discipulos
1710 4001 1920 4056 Domini
1950 4002 2088 4072 (Act.

502 4082 609 4156 ix),
648 4095 1001 4159 posteaquam
1033 4089 1462 4145 misericordiam
1502 4101 1832 4147 consecutus
1869 4100 1971 4155 est,
2017 4092 2095 4147 di-

500 4178 627 4231 vina
653 4177 980 4233 revelatione
1008 4192 1323 4247 conversus,
1353 4195 1459 4234 non
1501 4179 1673 4235 solum
1721 4181 1944 4235 minime
1974 4181 2092 4236 cui—

501 4268 635 4326 libet
665 4270 854 4325 mortis
879 4283 1098 4340 pinnam
1129 4272 1332 4337 intulit,
1366 4288 1553 4327 verum
1604 4274 1768 4327 etiam
1801 4274 2094 4327 anathema

501 4374 624 4416 esse
645 4360 868 4429 optabat
905 4374 1005 4431 pro
1035 4362 1294 4417 fratribus
1322 4362 1496 4435 (Rom.
1524 4362 1603 4432 ix)
1621 4403 1635 4426 ,
1661 4372 1717 4416 ct
1741 4362 2095 4418 libentissime

502 4451 840 4523 impendere,
868 4462 924 4505 et
958 4454 1358 4524 superimpendi
1412 4463 1634 4524 paratus
1672 4463 1791 4508 erat
1838 4470 1939 4525 pro
1972 4454 2095 4508 ani-

500 4546 694 4601 mabtts
741 4545 978 4601 fidelium
1015 4546 1101 4618 (II
1134 4545 1259 4602 Cor.
1292 4550 1393 4619 xn)
1425 4566 1439 4602 :
1474 4550 1546 4602 ita
1590 4556 1646 4603 et
1675 4564 1775 4602 vos
1811 4557 2095 4618 postquam

503 4638 767 4695 electione
788 4639 879 4693 Dei
904 4641 1101 4707 vocati,
1124 4648 1179 4695 et
1201 4640 1403 4695 lumine
1431 4641 1603 4710 ipsius
1628 4640 1916 4695 illuminati
1944 4640 2094 4702 estis,
2128 4706 2139 4720 ι

503 4745 609 4785 non
639 4730 750 4798 jam
790 4732 931 4786 sicut
951 4732 1103 4803 prius
1127 4730 1393 4787 mortibus
1426 4728 1660 4796 inhiare,
1694 4733 1788 4786 scd
1811 4746 2002 4786 omnes
2029 4731 2098 4785 ad

501 4823 669 4877 vitam
706 4832 813 4878 tam
858 4826 1126 4895 corporis,
1156 4838 1318 4895 quam
1357 4825 1552 4880 anima:
1580 4824 1790 4879 debetis
1813 4824 1961 4878 omni
2006 4837 2099 4878 oc—

505 4913 723 4968 casione
764 4914 983 4970 inventa
1013 4915 1199 4988 procul
1245 4915 1409 4971 dubio
1436 4929 1718 4981 revocare,
1748 4924 1803 4969 et
1838 4914 1977 4969 sicut
2006 4928 2100 4969 vos

502 5003 756 5060 Christus
790 5006 858 5060 de
895 5018 1067 5061 morte
1104 5006 1362 5078 perenni,
1391 5022 1497 5076 qua
1546 5004 1935 5061 detinebamini
1962 5044 1977 5067 ,
2025 5003 2094 5057 ad

500 5094 672 5148 vitam
698 5102 954 5148 :Pternam
983 5097 1215 5161 reduxit,
1238 5096 1313 5151 ita
1343 5098 1443 5168 ipsi
1483 5113 1589 5152 non
1634 5098 1810 5152 solum
1843 5094 2096 5151 innoxios

500 5194 789 5251 quosque,
841 5197 1027 5236 verum
1077 5185 1243 5240 etiam
1289 5195 1345 5241 et
1397 5187 1587 5242 noxios
1616 5202 1644 5241 a
1688 5186 1880 5240 mortis
1926 5184 2097 5240 exitio

508 5273 740 5342 satagite
776 5281 1000 5328 cunctos
1027 5290 1256 5343 eruere,
1306 5279 1604 5333 secundum
1643 5277 1771 5331 illud
1801 5277 2095 5348 sapientis-

506 5367 632 5422 simi
664 5365 1007 5424 Salomonis:
1036 5369 1176 5425 Erue
1209 5389 1295 5426 eos
1317 5373 1405 5444 qui
1438 5373 1705 5427 ducuntur
1737 5373 1808 5427 ad
1833 5383 2095 5437 mortem;

507 5470 555 5514 et
604 5460 693 5529 qui
737 5460 1024 5514 trahuntur
1066 5462 1135 5516 ad
1183 5463 1488 5529 interitum,
1545 5464 1770 5519 liberare
1822 5480 1888 5519 ne
1930 5479 2094 5519 cesses

541 5550 690 5606 Prov.
731 5550 867 5620 XIV).

504 5636 539 5657 π’
584 5634 769 5699 XXVI.
816 5643 891 5698 De
921 5642 1004 5700 his
1030 5644 1120 5716 qui
1173 5646 1500 5716 proximum,
1540 5648 1594 5703 id
1642 5656 1726 5703 est
1776 5645 2099 5717 consangui-

514 5748 672 5789 neum
696 5753 874 5805 suum,
904 5750 960 5793 ut
987 5749 1070 5795 cst
1095 5737 1317 5808 fratrer,
1345 5740 1723 5807 consobrinus,
1770 5748 1862 5795 aut
1905 5754 2095 5809 tmpus,

2189 3266 2405 3321 crucis?
2435 3266 2612 3335 Ipsum
2638 3275 2722 3320 est
2741 3266 2888 3323 enim
2913 3281 3023 3335 quo
3044 3265 3260 3338 Moyses
3288 3280 3439 3320 mare
3480 3265 3667 3324 divisit,
3705 3269 3755 3314 et

2185 3356 2409 3412 Amalec
2431 3356 2699 3411 interfecit
2725 3355 2931 3427 (Exod.
2954 3356 3054 3427 tv),
3083 3373 3191 3425 quo
3214 3355 3434 3412 cheon
3464 3352 3748 3410 Madianitas

2190 3450 2463 3521 superavit
2493 3448 2699 3519 (ludio.
2730 3449 2864 3520 vn);
2915 3459 2972 3505 et
3007 3448 3258 3504 Christus
3310 3450 3569 3503 Dominus
3591 3452 3756 3500 noster

2190 3542 2481 3606 diabolum,
2510 3541 2612 3611 qui
2631 3541 2864 3597 habebat
2890 3541 3081 3596 mortis
3126 3540 3443 3611 imperium,
3471 3555 3578 3594 non
3603 3536 3752 3591 solum

2192 3631 2488 3701 superavit,
2522 3631 2616 3686 sed
2645 3640 2701 3685 et
2722 3630 3049 3701 prostravit;
3090 3631 3266 3700 ipsum
3293 3639 3378 3685 est
3404 3630 3614 3700 signum
3637 3623 3754 3694 quod

2189 3730 2472 3791 portamus
2504 3721 2558 3775 in
2592 3720 2862 3776 frontibus
2915 3721 3158 3775 nostris:
3202 3721 3319 3788 ipso
3363 3736 3393 3773 a
3443 3720 3647 3775 cunctis
3679 3717 3757 3768 de-

2193 3810 2468 3867 fendinmr
2497 3813 2764 3872 hostibus,
2790 3821 2848 3866 et
2888 3814 2956 3865 ab
3003 3811 3258 3865 omnibus
3292 3810 3571 3864 munimur
3607 3809 3757 3860 iocur»

2192 3903 2460 3959 sionibus.
2504 3901 2619 3958 Hoc
2659 3912 2744 3958 est
2781 3905 2995 3974 signttm
3046 3903 3192 3966 fidei,
3239 3910 3296 3957 et
3345 3901 3541 3971 ingens
3592 3900 3755 3954 horror

2193 3992 2412 4056 diaboli,
2443 3994 2563 4062 quo'
2595 3994 2894 4049 Christiani
2940 3993 3214 4064 principes
3266 3992 3319 4046 in
3373 3988 3755 4048 necessitatibus

2195 4086 2308 4141 suis
2360 4100 2579 4155 semper
2626 4094 2873 4149 utuntur,
2919 4096 2976 4141 et
3022 4099 3176 4154 reges
3225 4099 3411 4139 veram
3474 4082 3757 4151 religionem

2197 4185 2474 4233 sectantes
2502 4193 2648 4247 saepe
2680 4177 2926 4232 celebres
2957 4177 3177 4231 Christo
3207 4176 3445 4247 propitio
3489 4170 3757 4240 triumphos

2194 4278 2264 4334 de
2304 4278 2552 4333 hostibus
2580 4286 2901 4345 operantur.
2937 4274 3044 4330 Sed
3090 4283 3151 4328 ut
3194 4274 3540 4328 manifestius
3582 4266 3758 4325 sciatis,

2197 4370 2326 4441 quid
2360 4387 2465 4441 pro
2493 4370 2581 4425 illa
2609 4369 2807 4439 equina
2834 4368 3008 4423 cauda
3045 4366 3099 4421 in
3132 4367 3347 4437 signum
3391 4362 3631 4419 debeatis
3669 4354 3757 4410 nti-

2197 4461 2358 4516 litare
2378 4459 2813 4522 convenientius,
2834 4473 2967 4525 .cum
2999 4457 3052 4510 in
3082 4465 3405 4526 apparatum
3434 4452 3562 4508 belli
3590 4459 3753 4519 proce-

2200 4550 2346 4612 ditis.
2370 4559 2617 4620 portare;
2647 4564 2820 4619 pauca
2845 4549 2912 4603 de
2931 4546 3274 4604 Constantini
3320 4545 3535 4600 actibus
3581 4550 3757 4597 IIICIIIO‘

2202 4641 2372 4695 randa
2399 4640 2670 4705 ducimus,
2698 4640 2790 4710 qui
2830 4640 3108 4710 piissimus
3162 4639 3532 4693 Romanorum
3578 4626 3759 4687 essum

2203 4732 2521 4802 imperator,
2558 4741 2616 4788 et
2652 4731 3079 4787 Christianitatis
3118 4730 3520 4786 famosissimus
3550 4722 3757 4783 omnium

2200 4834 2548 4897 Pmpagalor-
2595 4825 2688 4880 Ille
2729 4825 2929 4895 quippe
2980 4839 3105 4880 cum
3153 4825 3415 4879 adversus
3462 4817 3757 4876 Maxentium

2202 4915 2355 4970 urbis
2394 4916 2580 4971 Roma
2615 4926 2910 4987 tyrannum
2930 4916 3232 4971 exercitum
3260 4914 3508 4976 duceret,
3530 4917 3637 4967 erat
3660 4902 3759 4973 qui-

2204 5008 2327 5062 dem
2353 5007 2466 5078 jam
2495 5016 2622 5062 tunc
2646 5007 2974 5063 Christiana:
3007 5007 3283 5079 religionis
3325 5007 3528 5069 fautor,
3553 4999 3755 5058 nondum

2205 5107 2411 5163 tamen,
2437 5107 2497 5153 ut
2531 5108 2617 5154 est
2650 5098 2893 5154 solenme
2919 5100 3119 5154 nostris
3154 5099 3383 5162 initiari,
3414 5099 3623 5170 signum
3665 5090 3754 5145 Do-

2205 5191 2420 5246 minicae
2448 5190 2718 5262 passionis
2743 5200 3047 5262 acceperat.
3067 5192 3201 5247 Cum
3225 5192 3389 5263 igitur
3417 5190 3580 5245 multa
3604 5193 3752 5241 secum

2203 5281 2271 5335 de
2301 5281 2556 5337 instantis
2582 5282 2756 5352 przelii
2783 5283 3119 5338 necessitate
3159 5283 3480 5353 pervolvens
3519 5286 3617 5335 iter
3654 5285 3755 5343 οεο-

2204 5382 2307 5438 ret,
2339 5372 2526 5442 utique
2565 5373 2633 5428 ad
2676 5374 2875 5428 coelum
2935 5375 3132 5445 sacpius
3167 5375 3407 5429 elevaret
3453 5373 3605 5446 [forte
3636 5366 3751 5421 deut

2200 5462 2434 5536 oculos],
2465 5470 2521 5518 et
2548 5463 2675 5519 inde
2719 5464 2819 5519 sibi
2862 5465 3107 5521 divinum
3146 5473 3464 5536 precaretur
3506 5458 3748 5517 auxilium.

2203 5553 2339 5609 vidit
2358 5568 2456 5624 per
2478 5569 2731 5625 soporem
2755 5555 2824 5609 ad
2845 5555 3306 5625 orientispartem
3327 5556 3383 5610 in
3410 5553 3551 5609 coelo
3574 5550 3745 5619 signum

2203 5645 2385 5701 erucis
2408 5645 2564 5716 igneo
2611 5644 2824 5716 fulgore
2868 5645 3125 5712 rutilare;
3182 5660 3421 5717 cumque
3474 5652 3616 5701 tanto
3656 5634 3749 5686 Vis“

2209 5735 2400 5795 [uisset
2430 5736 2753 5803 exterritus,
2793 5752 2858 5793 ac
2903 5751 3041 5793 novo
3088 5737 3503 5807 pcrturbaretur
3544 5733 3734 5801 aspull
