4050 6324
338 366 341 367 ί
381 290 491 357 99s

1558 279 1921 351 EPISTQLE
1958 280 2047 339 ΕΤ
2084 280 2431 353 DECRETA.

3559 281 3670 345 99‘

380 418 558 467 astare
587 376 692 464 sibi
718 450 721 455 .
744 398 879 462 vidit
920 402 1141 476 angelos
1179 402 1425 458 dicentes
1450 418 1467 455 ι
1503 398 1881 462 Constantine,
1911 397 1965 450 in
1993 399 2042 461 Α
2072 407 2193 449 cum
2224 405 2408 451 vetere
2436 394 2655 451 homine
2682 402 2739 451 et
2768 394 2976 453 actibus
3020 394 3137 467 ejus
3187 395 3404 467 quando
3460 410 3670 477 novum

378 503 486 559 hoc
512 502 669 558 vince
710 518 727 557 :
770 509 882 556 tum
913 497 1223 555 veroiaztus
1246 494 1510 557 redditus,
1544 500 1600 547 et
1626 493 1695 547 de
1738 490 1971 547 victoria

372 595 488 664 jam
512 610 755 657 securus,
784 594 998 663 signum
1027 589 1228 653 crucis,
1268 586 1413 658 quod
1460 586 1514 639 in
1553 582 1691 640 cosio
1734 582 1966 646 viderat,

380 691 558 744 insua
597 688 773 744 fronte
800 688 1067 756 designat.
1113 692 1170 739 et
1213 684 1317 739 hoc
1367 681 1419 734 in
1470 677 1725 733 militaria
1774 676 1969 732 vexilla

382 777 755 839 transfumat.
781 792 846 832 ac
888 776 1163 836 labarum,
1193 786 1354 842 quem
1388 770 1612 832 dicunt,
1650 768 1706 822 in
1733 766 1969 836 speciem

380 869 679 926 Dominicre
709 868 891 923 crucis
916 873 1167 936 exaptat;
1225 871 1281 919 et
1338 863 1412 918 ita
1455 859 1622 915 armis
1663 866 1719 913 et
1759 856 1972 913 vexillis

381 961 661 1032 religionis
691 960 991 1015 instructus
1016 958 1278 1012 adversus
1306 952 1594 1023 impiorum
1626 963 1777 1003 arma
1798 945 1968 1018 proti-

378 1052 623 1115 ciscitur,
653 1060 711 1106 et
733 1050 851 1105 sine
871 1063 1065 1106 cruore
1090 1043 1318 1102 Romani
1350 1041 1553 1112 populi,
1576 1049 1638 1096 ut
1662 1039 1778 1110 ipse
1799 1039 1968 1094 Deum

377 1143 724 1215 precabatur,
745 1140 1015 1197 Maxentio
1043 1139 1098 1193 in
1132 1131 1709 1199 ﬂumenulemerso,de
1741 1138 1971 1201 tyranno

382 1232 615 1289 miriﬁce
641 1230 1015 1298 triumphavit.

454 1363 693 1422 XXXIV.
734 1365 1005 1420 Przeterea
1050 1361 1358 1425 consulitis,
1388 1359 1433 1415 si
1462 1356 1726 1419 debeatis,
1754 1354 1972 1426 quando

367 1460 605 1515 'nuntius
646 1457 858 1512 venerit
898 1464 957 1510 ut
1002 1455 1068 1509 ad
1123 1452 1474 1525 praeliaudum
1527 1455 1801 1519 pergatur,
1845 1459 1972 1500 mox

364 1548 651 1622 'proiicisci
687 1563 702 1602 :
732 1563 798 1602 an
827 1546 898 1601 sit
925 1545 1102 1615 aliqua
1130 1545 1268 1610 dies,
1292 1542 1344 1598 in
1371 1557 1476 1611 qua
1495 1556 1607 1596 non
1634 1546 1881 1610 oporteat.
1905 1537 1971 1591 ad

381 1638 733 1711 prmliandum
760 1636 946 1691 exire?
973 1636 1025 1690 in
1046 1651 1153 1704 quo
1170 1632 1588 1702 respondemus:
1616 1629 1732 1683 Non
1761 1638 1847 1683 est
1865 1627 1973 1682 ulla

381 1728 502 1787 dies
531 1732 583 1785 in
608 1730 1019 1800 quibuseunque
1049 1727 1279 1798 negotiis
1306 1723 1646 1794 incipiendis,
1677 1722 1761 1775 vei
1807 1736 1970 1776 exer-

383 1821 572 1876 cendis
620 1819 835 1890 penitus
881 1818 1251 1880 observanda,
1288 1825 1487 1887 prater
1538 1813 1604 1886 (si
1653 1813 1818 1867 nimia
1864 1828 1973 1867 non

383 1921 573 1982 urgeat
597 1909 913 1981 necessitas)
942 1924 1103 1979 supra
1151 1915 1485 1962 memoratos
1534 1906 1650 1961 dies
1687 1905 1975 1961 celeberri-

383 2019 523 2068 mos,
540 2014 595 2058 et
622 2003 874 2058 omnibus
901 2002 1240 2058 venerabiles
1259 2000 1612 2065 Christianis;
1640 2016 1744 2054 non
1769 2014 1877 2069 quo
1891 1998 1974 2053 vel

383 2092 553 2149 in‘bis
581 2093 695 2149 ‘ta'le
733 2092 860 2162 quid
912 2093 1030 2148 fieri
1072 2093 1449 2162 prohibeatur,
1477 2106 1598 2145 cum
1644 2106 1749 2145 non
1802 2091 1873 2145 sit
1900 2090 1971 2144 .in

383 2182 572 2238 diebus
597 2198 721 2254 spes
749 2191 933 2238 noStra
970 2183 1242 2252 ponenda,
1272 2196 1372 2237 nec
1396 2197 1425 2236 a
1450 2182 1660 2244 diebus,
1685 2180 1777 2235 sed
1802 2197 1830 2233 a
1861 2180 1974 2234 Deo

384 2272 501 2329 solo
526 2266 647 2329 v‘ivo
675 2285 731 2331 et
752 2290 881 2329 vero
908 2275 1054 2330 salus
1083 2276 1261 2330 omnis
1287 2273 1506 2343 penitus
1556 2273 1918 2343 exspectanda
1954 2289 1969 2326 :

384 2364 479 2420 sed
514 2381 640 2435 quo,
671 2366 716 2420 si
747 2365 1071 2421 inevitabilis
1111 2365 1415 2420 necessitas
1462 2379 1567 2418 non
1617 2372 1723 2427 est,
1768 2377 1972 2417 vacan-

385 2461 513 2515 dum
557 2468 641 2516 est
687 2460 740 2514 in
784 2460 870 2515 his
910 2459 1072 2514 solito
1116 2456 1412 2513 studiosius
1441 2457 1702 2520 orationi,
1727 2465 1782 2511 et
1811 2463 1974 2509 tantae

384 2546 693 2606 festivitatis
720 2550 978 2622 mysteria
1015 2548 1438 2619 frequentanda;
1471 2563 1595 2602 nam
1619 2562 1740 2601 cum
1762 2544 1972 2599 IIelmei

385 2644 656 2711 quondam
688 2640 985 2696 Sabbatum
1030 2639 1381 2695 observantes
1429 2637 1731 2694 noluissent
1783 2644 1973 2690 contra

385 2734 572 2788 hostes
625 2746 753 2786 suos
805 2731 892 2785 die
938 2731 1287 2785 sabbatorum
1338 2744 1490 2783 arma
1539 2725 1825 2782 sustollere
1851 2765 1867 2790 ,
1920 2731 1976 2779 et

387 2823 531 2877 Deus
556 2822 901 2892 omnipotens
931 2820 1074 2891 quod
1105 2821 1160 2875 in
1193 2835 1254 2875 se
1287 2829 1524 2883 tantum,
1553 2828 1608 2873 et
1633 2817 1822 2872 nonin
1863 2818 1971 2872 ‘ob-

387 2912 659 2970 servantia
694 2913 903 2968 dierum
953 2928 1076 2982 spes
1121 2921 1266 2968 esset
1311 2921 1367 2968 et
1415 2911 1675 2966 fortitudo
1714 2910 1972 2975 locanda,

375 3004 646 3061 voluisset
670 3006 982 3071 oStendere;
1026 3005 1195 3060 occisi
1216 3014 1344 3060 sunt
1376 3020 1440 3059 ex
1472 3003 1539 3058 iis
1568 3002 1713 3057 mille
1739 3002 1865 3066 viri,
1888 3002 1974 3058 ita

387 3106 451 3152 ut
475 3097 799 3166 superstites
840 3096 1159 3166 pteriitentia
1208 3094 1353 3151 ducti
1395 3094 1626 3149 invicem
1672 3092 1916 3149 dicerent
1955 3110 1971 3146 :
2003 3123 2051 3187 ϐ

386 3189 453 3246 Si
485 3204 661 3242 omnes
701 3187 975 3257 fecerimus
1006 3187 1145 3240 sicut
1172 3186 1367 3256 fratres
1391 3186 1556 3240 nostri
1577 3184 1767 3255 fecere,
1793 3192 1841 3239 et
1869 3200 1976 3238 non

390 3279 794 3350 pugnaverimus
821 3279 1069 3332 adversus
1100 3288 1273 3347 gentes
1298 3293 1393 3348 pro
1442 3276 1720 3331 animabus
1758 3276 1973 3341 nostris,

379 3368 948 3449 et_justiﬁcationibus
996 3369 1211 3436 nostris,
1256 3368 1410 3424 citius
1456 3368 1757 3439 disperdent
1802 3383 1898 3423 nos
1944 3383 1979 3422 α

390 3471 534 3516 terra
565 3458 616 3530 (1
641 3455 815 3515 Much.
844 3459 929 3530 ιι).

461 3593 678 3652 XXXV.
716 3594 953 3652 Refertis
1006 3596 1151 3667 quod
1196 3596 1342 3669 soliti
1386 3595 1635 3663 fueritis,
1668 3595 1890 3667 quando
1921 3594 1979 3651 in

390 3686 638 3761 praelium
671 3685 1186 3756 progrediebamini,
1206 3687 1326 3742 dies
1361 3695 1418 3742 et
1465 3687 1628 3742 horas
1661 3685 1979 3750 observare,

390 3788 452 3835 et
479 3778 897 3841 incantationes,
925 3786 978 3832 et
1019 3776 1163 3846 ioca,
1211 3787 1267 3832 et
1298 3777 1575 3842 carmina,
1622 3784 1680 3831 et
1722 3775 1980 3833 nonnulla

393 3869 619 3942 auguria
650 3883 937 3934 exercere;
983 3877 1041 3923 et
1082 3867 1276 3927 instrui
1307 3866 1651 3933 desideratis,
1677 3866 1807 3937 quid
1834 3882 1982 3922 nunc

392 3960 549 4016 vobis
574 3958 839 4031 agendum
869 3959 980 4013 sit;
1012 3959 1078 4013 de
1104 3973 1214 4028 quo
1259 3973 1360 4013 nos
1405 3958 1712 4013 necessario
1758 3973 1855 4013 vos
1899 3957 1982 4013 in-

395 4061 752 4116 strueremur,
782 4050 886 4106 nisi
914 4065 1078 4121 super
1102 4051 1203 4106 hoc
1242 4066 1337 4106 vos
1380 4050 1638 4107 divinitus
1683 4051 1983 4107 instructos

396 4153 781 4198 contueremur
820 4159 833 4196 :
881 4156 1046 4211 super
1088 4141 1329 4196 divinum
1379 4141 1523 4197 enim
1570 4140 1984 4198 fundamentum

395 4248 498 4289 nos
517 4232 784 4289 aedificare
804 4232 1096 4302 quidquam
1117 4246 1224 4286 non
1251 4245 1559 4303 possumus.
1577 4231 1756 4301 igitur
1780 4246 1905 4288 eum
1927 4233 1983 4287 in

396 4324 642 4398 praelium
671 4324 941 4396 proficisci
965 4322 1273 4395 disponitis,
1306 4324 1458 4393 quod
1510 4322 1610 4392 ipsi
1649 4336 1983 4379 commemo-

399 4417 587 4483 rastis,
615 4432 776 4489 agere
806 4419 860 4472 in
887 4416 982 4471 Dei
1009 4417 1228 4473 nomine
1256 4432 1363 4471 non
1392 4415 1665 4478 emittere.
1694 4416 1747 4472 id
1791 4425 1877 4472 est
1905 4417 1982 4472 ad

2073 481 2351 547 induistis,
2376 486 2598 543 omnino
2631 485 2981 565 deposuistis.
3697 551 3706 573 ι

2142 575 2384 633 XXXVI.
2420 576 2477 632 Si
2503 578 2587 634 die
2614 564 2897 635 Dominico
2919 579 3002 634 vel
3029 579 3245 637 caeteris
3274 579 3426 636 festis
3454 581 3667 646 diebus.

2074 667 2294 737 quando
2336 669 2635 724 necessitas
2677 680 2855 741 urget,
2904 669 3064 725 liceat
3111 670 3422 736 ambulare,
3465 671 3551 727 vel
3597 671 3669 737 ad

2074 758 2385 814 bellandum
2413 761 2740 829 procedere?
2778 777 2843 817 ex
2885 762 3163 835 trigesimo
3208 773 3401 834 quarto
3434 764 3669 835 capitulo

2075 848 2268 904 harum
2297 850 2706 923 responsionum
2739 861 3046 923 nostrarum
3091 854 3320 923 potestis
3364 856 3671 921 advertere.

2146 939 2413 997 XXXVII.
2444 942 2635 998 Libros
2665 959 2799 1013 quos
2832 944 2986 999 vobis
3022 945 3091 1000 ad
3138 961 3378 1015 praesens
3409 962 3665 1013 necessa-

2075 1034 2188 1093 rios
2223 1049 2345 1090 esse
2374 1035 2801 1096 consideramus,
2845 1037 2982 1091 sicut
3028 1036 3274 1107 poscitis,
3321 1037 3503 1092 animo
3540 1053 3669 1107 gra+

2078 1125 2213 1182 tanti
2242 1127 2589 1201 concedimus
2616 1135 2672 1182 et
2699 1127 2907 1198 plures,
2932 1129 3043 1185 Deo
3084 1129 3369 1200 largiente,
3398 1139 3673 1213 praestare

1976 1278 1979 1281 Α
2078 1211 2473 1275 desideramus.

2148 1292 2436 1363 XXXVIII.
2474 1308 2662 1367 Dicitis
2699 1311 2844 1381 quod
2894 1309 3113 1381 quando
3155 1311 3208 1366 in
3252 1311 3457 1368 castris
3512 1313 3669 1377 estis,

2076 1398 2379 1455 orationem
2401 1383 2724 1469 perfectam,
2748 1409 2803 1456 et
2829 1416 3124 1471 congruam
3161 1401 3340 1457 facere
3362 1396 3671 1473 nequeatis,

2078 1504 2143 1546 ac
2170 1506 2267 1559 per
2290 1490 2395 1547 hoc
2418 1491 2613 1561 exponi
2641 1491 2841 1561 cupitis
2867 1492 2995 1561 quid
3030 1508 3194 1563 agere
3221 1494 3464 1549 debeatis
3487 1513 3502 1550 :
3527 1495 3677 1561 unde

2078 1598 2179 1639 nos
2207 1591 2397 1639 contra
2427 1583 2736 1645 suademus,
2762 1593 2820 1638 ut
2839 1595 3049 1653 quanto
3075 1583 3194 1654 plus
3219 1585 3401 1641 hostes
3418 1587 3670 1660 saeviunt.

2078 1684 2135 1733 et
2155 1676 2457 1733 necessitas
2474 1676 2560 1730 vel
2589 1664 2864 1731 tribulatio
2890 1677 3173 1735 incumbit.
3197 1685 3351 1747 tanto
3376 1679 3677 1751 instantius

2000 1752 2049 1813 Β
2076 1767 2309 1824 orationi
2330 1759 2550 1837 operam
2573 1768 2731 1823 detis.
2749 1767 2884 1824 Nam
2902 1778 3087 1838 patres
3105 1769 3276 1825 nostri
3295 1770 3421 1841 plus
3441 1770 3673 1840 orando,

2079 1876 2240 1931 quam
2264 1862 2551 1934 pugnando
2573 1861 2807 1917 victores
2838 1862 3008 1923 fuere,
3039 1870 3094 1915 et
3111 1863 3225 1918 voti
3252 1872 3529 1933 compotes
3548 1863 3677 1933 plus

2077 1952 2351 2022 precibus,
2394 1967 2556 2020 quam
2586 1952 2786 2022 praeliis
2815 1953 3158 2008 exstiterunt.
3191 1953 3432 2023 Denique
3460 1953 3679 2027 Moyses

2077 2041 2292 2105 orabat,
2317 2049 2376 2096 et
2418 2041 2583 2097 Josue
2633 2043 2925 2112 pugnabat,
2974 2044 3067 2097 sed
3114 2043 3235 2112 plus
3277 2043 3368 2099 ille
3416 2045 3674 2103 vincebat

2078 2132 2307 2195 orando,
2336 2147 2496 2202 quam
2521 2133 2625 2188 iste
2651 2134 2977 2203 pugnando;
3014 2134 3195 2207 aptius
3222 2150 3354 2205 ergo
3376 2134 3446 2191 ab
3475 2136 3669 2203 armis,

2078 2237 2242 2292 quam
2271 2223 2339 2275 ab
2362 2224 2607 2278 oratione
2630 2223 2931 2278 vacandum
2962 2232 3066 2280 est.
3132 2210 3133 2213 “

2150 2312 2392 2369 XXXIX.
2418 2315 2493 2369 De
2506 2316 2972 2387 consanguinitate
2995 2318 3402 2386 generationum
3423 2317 3670 2388 exquiri-g

2078 2406 2169 2471 tis,
2204 2416 2262 2460 ut
2298 2406 2495 2476 quibus
2541 2407 2727 2477 utique
2754 2407 2970 2462 feminis
2997 2402 3148 2477 iungi
3179 2409 3445 2473 debeatis,
3468 2408 3673 2479 liquide

2079 2499 2450 2570 cognoscatis;
2500 2508 2686 2553 verum
2717 2499 2859 2569 quod
2903 2498 3054 2567 leges
3095 2500 3222 2554 hinc
3266 2500 3520 2555 sanciunt
3556 2500 3676 2575 jam.

2078 2590 2447 2655 meminimus,
2478 2598 2535 2645 et
2557 2591 2736 2646 denuo
2782 2606 3085 2646 memorare
3137 2592 3449 2647 summatim
3490 2606 3675 2661 opera:

2077 2682 2312 2752 pretium
2361 2681 2630 2747 ducimus,
2678 2682 2834 2745 aiunt
2880 2683 3025 2738 enim
3075 2682 3273 2753 :Ergo
3316 2697 3424 2738 non
3477 2698 3677 2745 omnes

2078 2772 2237 2828 nobis
2265 2788 2467 2829 uxores
2495 2772 2840 2828 ducere-licet
2872 2792 2885 2829 :
2920 2790 3045 2828 nam
3075 2774 3432 2845 quarumdam
3467 2775 3673 2849 nuptiis

2081 2862 2357 2917 abstinere
2387 2862 2677 2927 debemus,
2729 2863 2872 2918 inter
2916 2879 3011 2918 eas
3056 2865 3200 2918 enim
3246 2879 3512 2934 personas
3550 2846 3673 2933 quid

2080 2964 2387 3025 parentum,
2442 2954 2804 3011 liberorumve
2857 2955 3035 3010 locum
3090 2956 3233 3011 inter
3280 2971 3338 3011 se
3383 2956 3671 3033 obtinent,

2081 3047 2283 3116 nuptia:
2312 3048 2561 3102 contrahi
2591 3063 2696 3103 non
2732 3056 2976 3118 possunt,
3004 3048 3169 3103 veluti
3202 3048 3344 3103 inter
3379 3057 3586 3119 patrem
3615 3056 3677 3127 et

2085 3140 2273 3206 ﬁliam,
2297 3140 2380 3195 vel
2403 3156 2563 3195 avum
2587 3150 2639 3197 et
2662 3150 2906 3210 neptem,
2930 3152 3160 3199 matrem
3190 3150 3243 3197 et
3274 3141 3466 3206 tilium,
3493 3139 3675 3215 aviam

2080 3239 2137 3286 et
2173 3240 2450 3302 nepotem,
2473 3240 2529 3286 et
2553 3246 2725 3304 usque
2753 3232 2819 3286 ad
2850 3231 3143 3297 inﬁnitum,
3165 3232 3312 3286 inter
3336 3247 3430 3287 eas
3452 3245 3675 3301 quoque

2078 3337 2340 3396 personas
2363 3338 2485 3394 qua:
2507 3339 2575 3378 ex
2601 3332 2911 3380 transverso
2949 3323 3120 3394 gradu
3169 3321 3510 3393 cognationis
3548 3321 3675 3392 junq

2081 3424 2302 3484 guntur,
2320 3425 2404 3472 est
2427 3417 2673 3486 quaedam
2696 3416 2888 3488 similis
2906 3416 3234 3476 observatio.
3252 3416 3347 3471 sed
3364 3431 3472 3471 non
3497 3423 3671 3470 tanta.

2082 3506 2675 3573 Saeriverocanones,
2722 3516 2779 3563 et
2831 3508 3101 3579 praecipue
3151 3507 3429 3562 Zachariae
3473 3509 3677 3569 summi

2081 3594 2333 3666 praesulis
2385 3596 2603 3652 decreta
2654 3597 2783 3666 quid
2833 3598 2959 3653 hinc
3004 3596 3385 3667 promulgent,
3419 3598 3676 3668 episcopo

2082 3693 2268 3742 vestro
2290 3687 2446 3742 vobis
2481 3685 2869 3757 explorandum
2901 3685 3277 3756 relinquimus.
3658 3724 3665 3733 ι

2154 3775 2270 3832 XL.
2337 3776 2793 3835 Consuetudinem
2853 3778 3047 3848 patriae
3110 3785 3306 3833 vestrae
3374 3777 3676 3847 perhibetis

2085 3870 2295 3935 inesse,
2339 3878 2402 3925 ut
2448 3870 2772 3941 priusquam
2827 3870 2893 3924 ad
2948 3884 3182 3941 pugnam
3227 3870 3673 3940 progrediamini,

2084 3964 2388 4019 mittatura
2417 3962 2787 4018 dominatione
2808 3971 2989 4017 vestra
3041 3961 3390 4017 fidelissimus
3436 3971 3493 4017 et
3539 3977 3677 4033 prus

2084 4055 2431 4115 dentissimus
2454 4055 2562 4118 vir,
2581 4054 2671 4125 qui
2703 4063 2895 4110 cuncta
2917 4070 3069 4109 arma
3094 4062 3150 4109 et
3182 4054 3444 4122 caballos,
3470 4064 3526 4113 et
3551 4070 3675 4125 quae

2086 4146 2391 4204 necessaria
2421 4161 2612 4216 pugnae
2631 4144 2891 4211 existunt,
2907 4143 3249 4209 consideret;
3279 4153 3334 4201 et
3349 4145 3491 4218 apud
3511 4160 3680 4215 quem

2085 4236 2352 4293 inutiliter
2376 4244 2682 4306 prteparata
2711 4235 2926 4290 inventa
2947 4232 3184 4301 fuerint,
3212 4236 3388 4306 capite
3410 4237 3671 4305 punitur:

2078 4342 2231 4383 nunc
2259 4334 2441 4381 autem
2463 4340 2625 4382 nosse
2655 4325 2874 4398 cupitis,
2899 4325 3030 4396 quid
3052 4342 3152 4382 nos
3177 4326 3305 4398 hinc
3337 4327 3454 4382 fieri
3482 4328 3678 4383 decer-

2085 4432 2299 4473 namus.
2330 4414 2438 4472 Sed
2473 4416 2588 4470 Ilaec
2617 4431 2716 4471 nos
2742 4427 2936 4472 cuncta
2959 4417 3112 4472 vobis
3137 4418 3205 4472 ad
3230 4417 3491 4487 spiritalis
3510 4428 3679 4488 appa‘é

398 4511 660 4567 ecclesias
713 4511 814 4575 ire,
855 4509 1131 4565 orationes
1179 4524 1461 4581 peragere,
1503 4510 1854 4580 peccantibus
1895 4512 1982 4564 in-
2013 4499 2063 4559 Ι)
2090 4517 2241 4565 ratus
2299 4517 2632 4563 armaturam
2680 4517 2999 4564 convertere
3051 4510 3371 4575 suademus,
3414 4518 3471 4565 et
3516 4518 3680 4565 tanta

400 4603 647 4674 dulgere,
676 4603 964 4657 missarum
1017 4602 1295 4657 solemniis
1341 4602 1639 4667 interesse,
1680 4602 1989 4659 oblationes

399 4692 633 4756 oﬂ‘erre,
682 4689 1079 4746 confessionem
1128 4691 1445 4747 delictorum
1495 4693 1869 4749 sacerdotibus
1905 4693 1988 4748 fa-

399 4799 554 4850 cere,
585 4782 1078 4837 reconciliationem
1113 4790 1169 4837 et
1211 4783 1646 4839 communionem
1683 4787 1984 4857 percipere,

402 4892 656 4934 carceres
693 4876 926 4946 aperire,
973 4875 1186 4932 vincula
1234 4876 1551 4943 dissolvere,
1602 4886 1658 4933 et
1699 4894 1886 4935 servos
1933 4889 1989 4936 et

404 4968 677 5042 praecipue
702 4967 1010 5025 confractus
1032 4976 1087 5024 et
1112 4967 1349 5035 debiles,
1375 4977 1536 5039 atque
1559 4971 1801 5041 captivos
1828 4971 1991 5027 liber-

406 5061 507 5119 tati
531 5061 753 5124 donare,
777 5072 844 5112 ac
889 5057 1256 5130 indigentibus
1300 5058 1673 5131 eleemosynas
1720 5076 1987 5133 erogare;

406 5163 676 5226 quatenus
703 5152 992 5223 impleatur
1012 5152 1157 5221 quod
1177 5150 1471 5221 Apostolus
1489 5152 1744 5207 admonet
1765 5153 1950 5209 dicens
1970 5172 1987 5210 :

410 5248 579 5304 Omne
601 5248 944 5317 quodcunque
971 5243 1146 5314 facitis
1179 5245 1235 5298 in
1260 5244 1410 5299 verba
1428 5283 1445 5310 ,
1469 5255 1560 5298 aut
1588 5245 1644 5300 in
1676 5261 1848 5315 opere,
1876 5263 1990 5302 om-

410 5339 804 5398 niainnomine
827 5337 1039 5393 Dommi
1073 5337 1203 5392 Iesu
1243 5334 1381 5407 (Col.
1408 5335 1513 5406 ιιι).
1556 5334 1691 5391 Nam
1731 5336 1840 5402 illa,
1872 5352 1992 5407 quae

412 5428 898 5495 commemorastis,
932 5427 984 5483 id
1009 5435 1096 5483 est
1136 5427 1242 5482 diei
1272 5435 1329 5482 et
1364 5426 1513 5482 hora:
1557 5426 1987 5494 observationes,

412 5522 841 5589 incantationes,
861 5521 1009 5593 joea,
1029 5528 1086 5576 et
1118 5519 1302 5589 iniqua
1336 5517 1599 5585 carmina,
1631 5528 1794 5589 atque
1823 5534 1992 5588 augu-

411 5615 520 5680 ria,
541 5629 749 5685 pompae
774 5630 838 5671 ac
867 5612 1211 5685 operationes
1238 5609 1434 5667 diaboli
1455 5618 1604 5675 sunt,
1632 5611 1852 5681 quibus,
1881 5609 1992 5667 Deo

413 5702 793 5781 gratias,jam
842 5703 896 5760 in
946 5702 1270 5775 baptismate
1314 5700 1754 5769 abrenuntiastis,
1789 5709 1842 5760 et
1878 5701 1992 5760 hac

2089 4600 2397 4658 severitatis
2420 4602 2655 4670 rigorem
2689 4601 2755 4656 ad
2786 4601 3001 4671 pietatis
3040 4600 3362 4655 exercitium
3410 4600 3680 4659 inclinare

2092 4708 2404 4759 monemus;
2439 4693 2513 4747 ita
2543 4702 2603 4747 ut
2635 4693 2777 4748 sicut
2810 4693 3073 4747 hactenus
3104 4691 3196 4745 illa
3225 4693 3550 4761 praeparatio
3587 4709 3681 4750 ar-

2091 4800 2301 4841 morum
2343 4793 2400 4839 et
2440 4800 2705 4855 equorum
2755 4782 3041 4855 diligenter
3070 4782 3465 4852 inquirebatur,
3492 4794 3677 4843 utrum

2092 4880 2233 4935 bene
2261 4888 2385 4947 apta
2414 4886 2559 4933 esset
2607 4884 2795 4931 contra
2848 4874 3087 4930 visibiles
3139 4875 3355 4943 hostes;
3404 4876 3479 4932 ita
3531 4893 3681 4937 nunc

2090 4970 2333 5027 studiose
2359 4968 2734 5038 investigetur,
2761 4974 2989 5020 utarma
3020 4966 3303 5035 spiritalia,
3328 4966 3380 5021 id
3406 4976 3509 5035 est,
3532 4967 3685 5026 bona

2091 5076 2259 5132 opera
2285 5059 2482 5130 singuli
2516 5066 2817 5127 prmparata
2842 5056 3149 5127 possideant
3180 5058 3438 5113 adversus
3473 5060 3592 5128 prin
3606 5061 3686 5115 ci-

2092 5165 2192 5221 pes
2237 5158 2292 5204 et
2316 5156 2632 5220 potestates,
2659 5148 2917 5202 adversus
2954 5148 3137 5202 mundi
3165 5156 3404 5205 rectores
3426 5152 3685 5208 tenebra-

2094 5259 2221 5298 rum
2243 5244 2458 5309 harum,
2482 5250 2672 5298 contra
2698 5240 2960 5312 spiritalia
2989 5242 3244 5310 nequitia:
3281 5243 3335 5297 in
3365 5243 3686 5299 caelestibus

2095 5333 2314 5408 (Ep/tes.
2346 5334 2424 5404 vt)
2458 5348 2660 5402 :porro
2706 5347 2878 5403 equus
2921 5333 3136 5389 animus
3178 5332 3518 5405 intelligitur,
3549 5335 3675 5403 quia

2095 5427 2352 5483 nimirum
2381 5426 2522 5482 sicut
2548 5428 2710 5482 homo
2754 5434 3004 5496 portatur
3045 5441 3207 5496 equo,
3251 5427 3330 5482 sic
3373 5435 3429 5482 et
3469 5425 3681 5495 regitur

2096 5518 2297 5584 animo,
2326 5518 2530 5588 optime
2555 5532 2705 5589 ergo,
2733 5520 2825 5588 qui
2854 5533 3007 5573 arma
3033 5529 3222 5574 contra
3252 5519 3438 5579 hostes
3469 5532 3683 5588 praepa-

2095 5621 2214 5669 rata
2244 5627 2351 5668 non
2380 5610 2561 5676 habet,
2593 5613 2763 5683 perit;
2796 5613 2944 5683 quia,
2979 5621 3040 5668 ut
3077 5613 3336 5681 scriptum
3370 5618 3479 5677 est,
3506 5608 3682 5669 Maleo

2095 5703 2264 5761 dictus
2286 5702 2362 5758 vir
2387 5701 2485 5775 qui
2502 5702 2631 5771 facil
2654 5719 2783 5773 opus
2815 5702 2911 5758 Dei
2940 5703 3256 5774 negligenter
3294 5699 3432 5771 (Jer.
3462 5702 3679 5786 ttulit}.
