4050 6324
438 301 543 358 995

438 417 515 472 De
543 430 684 486 equo
714 427 863 475 vero,
890 411 981 482 qui
1031 412 1323 480 imparatus
1365 419 1448 464 est
1491 409 1702 472 animo,
1747 408 1884 461 bene
1935 423 2028 476 per
2059 416 2102 470 Α

436 509 782 566 Psalmistam
830 507 1068 561 dicitur:
1121 502 1312 557 Falsus
1349 519 1521 573 equus
1551 502 1618 554 ad
1666 500 1909 563 salutem,
1975 501 2030 553 in

441 598 769 652 abundantia
795 609 968 649 autem
992 595 1197 647 virtutis
1225 593 1337 662 ejus
1369 609 1471 646 non
1499 593 1595 645 erit
1647 590 1821 644 salvus
1855 587 2030 658 (Psal.

437 689 658 758 x-xxm).
687 685 797 741 Nisi
828 685 973 740 enim
1007 683 1172 738 falsus
1195 689 1358 746 esset,
1386 683 1684 752 imparatus
1714 696 1820 736 non
1852 694 2028 745 esset;

441 795 584 849 equo
609 786 794 833 contra
823 778 888 831 de
911 782 1210 845 praeparato
1232 774 1428 828 dicitur
1462 789 1474 826 .'
1509 770 1691 842 Equus
1722 779 1942 840 paratur
1961 770 2032 824 ad

439 870 578 924 diem
625 867 764 929 belli,
817 865 1075 919 Dominus
1123 874 1295 917 autem
1344 863 1565 916 salutem
1616 861 1795 915 tribuit
1845 858 2028 930 (Prov.

437 961 576 1029 xxi).
615 956 705 1012 Sic
753 956 934 1024 itaque
993 954 1135 1024 quod
1191 955 1452 1008 hactenus
1506 951 1798 1006 carnaliter
1847 949 2033 1004 obser-

438 1049 628 1111 vastis,
653 1054 709 1100 et
735 1061 885 1100 arma
919 1059 1039 1114 quae
1070 1043 1294 1098 forsitan
1327 1044 1394 1098 ab
1437 1042 1686 1112 inepibus
1729 1041 1845 1094 haec
1895 1053 2032 1109 pra:-

437 1153 635 1210 parare
664 1152 772 1192 non
804 1135 1107 1190 valentibus
1127 1134 1419 1189 crudeliter
1449 1131 1726 1201 exegistis,
1747 1129 1860 1199 jam
1891 1145 2035 1185 nunc
2115 1156 2122 1162 -

441 1227 762 1300 spiritaliter
782 1225 1149 1289 veneramini;
1205 1234 1261 1280 et
1305 1225 1422 1280 haec
1467 1238 1693 1294 magnos
1735 1231 1791 1278 et
1835 1237 2033 1294 parvos

438 1333 750 1392 praeparare
777 1318 865 1386 pie
889 1325 946 1370 et
969 1315 1342 1370 indesinenter
1365 1314 1678 1369 hortamini.

518 1409 656 1464 XLI.
698 1409 775 1463 De
804 1409 871 1462 iis
907 1416 1087 1461 autem
1116 1406 1211 1475 qui
1237 1403 1666 1461 Christianitatis
1697 1404 1900 1458 bonum
1943 1417 2034 1457 su-

435 1505 645 1575 ecipere
679 1510 932 1565 renuunt,
963 1509 1018 1554 et
1045 1498 1202 1554 idolis
1232 1501 1538 1565 immolant,
1570 1499 1656 1553 vel
1687 1515 1861 1566 genua
1899 1513 2032 1552 eur-

434 1601 585 1658 vant,
617 1590 750 1646 nihil
790 1590 935 1645 aliud
976 1590 1216 1644 scribere
1259 1603 1548 1660 possumus
1593 1587 1765 1648 vobis,
1820 1587 1924 1642 nisi
1974 1595 2037 1640 ut

435 1699 532 1740 eos
567 1683 635 1738 ad
689 1682 848 1736 tidem
895 1690 1101 1736 rectam
1152 1681 1393 1744 monitis,
1440 1678 1933 1742 exhortationibus,
1979 1686 2035 1732 et

1761 289 2030 348 NlCOLAl
2073 292 2152 346 PA
2165 293 2270 347 ι’ίε
2313 293 2333 346 l

3677 299 3807 354 996

2133 424 2283 462 suam
2315 417 2540 472 sectam,
2571 424 2731 478 quam
2773 419 3017 465 nostram
3067 411 3342 468 existimet
3387 415 3803 484 religionem.

2133 499 2360 568 Propter
2387 500 2772 554 conscientiam
2811 515 2941 571 ergo
2984 517 3307 574 magnopere
3356 504 3492 559 idola
3563 504 3802 558 coleu-

2135 602 2266 646 uum
2295 591 2531 647 cavenda
2565 601 2647 646 est
2679 593 2901 647 omnino
2927 595 3238 648 communio
3267 611 3284 649 :
3322 611 3448 650 nam
3483 597 3614 664 qui
3658 595 3802 648 ido-

2133 683 2340 737 lolalris
2365 685 2750 747 communicat,
2775 686 2906 754 ipsis
2939 686 3116 752 idolis,
3145 687 3252 741 imo
3275 688 3582 742 dmmoniis
3618 703 3798 742 como

2133 775 2411 828 municare
2435 775 2649 829 videtur
2675 792 2688 828 :
2717 774 2910 831 Omnes
2940 779 3078 830 enim
3103 777 3180 830 dii
3204 780 3434 846 gentium
3464 779 3800 832 daemonia

2134 865 2305 937 (Psal.
2335 867 2456 939 xcv)
2477 887 2490 932 ;
2513 876 2567 923 et
2587 869 2876 938 Apostolus
2903 869 3128 925 dicens:
3163 870 3616 936 Quwimmolant
3649 888 3800 941 gen-

2133 968 2228 1020 tes,
2250 959 2523 1014 dwmoniis
2553 960 2847 1027 immolant,
2874 972 2923 1015 et
2954 980 3059 1016 non
3092 963 3200 1017 Deo
3222 1004 3238 1027 ,
3274 962 3474 1032 adjecit
3505 978 3527 1017 :
3571 963 3756 1018 Nolo
3778 1001 3798 1025 ,

2133 1051 2329 1120 inquit,
2353 1069 2438 1106 vos
2464 1055 2634 1107 socios
2660 1054 2777 1122 ﬁeri
2806 1055 3187 1109 dwmoniorum
3219 1056 3272 1126 (1
3297 1055 3420 1110 Cor.
3451 1057 3542 1127 ι).

2202 1142 2359 1198 XLII.
2398 1143 2654 1199 Asseritis
2678 1145 2820 1214 quod
2845 1161 2942 1201 rex
2990 1155 3175 1201 vester
3212 1162 3336 1201 cum
3375 1150 3441 1201 ad
3489 1147 3789 1202 mandi)-

2131 1234 2364 1288 candum
2395 1233 2449 1286 in
2479 1233 2659 1298 sedili,
2684 1235 2827 1289 sicut
2854 1250 2971 1290 mos
2994 1243 3101 1299 est,
3127 1237 3193 1289 ad
3228 1251 3476 1290 mensam
3505 1237 3788 1301 sederit,

2133 1336 2293 1377 nemo
2317 1322 2384 1376 ad
2406 1324 2835 1379 convescendum
2861 1326 3046 1391 etiam,
3076 1341 3252 1396 neque
3285 1342 3422 1380 uxor
3446 1327 3594 1394 ejus
3639 1343 3786 1381 cum

2135 1429 2200 1468 eo
2229 1413 2550 1478 discumbat,
2578 1414 2731 1470 vobis
2756 1416 2943 1485 procul
2973 1417 3026 1471 in
3055 1417 3205 1472 sellis
3251 1418 3653 1473 residentibus
3674 1460 3694 1482 ,
3728 1428 3789 1478 et

2135 1503 2188 1557 in
2219 1512 2360 1557 terra
2397 1502 2885 1570 manducantibus;
2930 1514 2986 1559 et
3011 1506 3214 1562 idcirco
3245 1507 3374 1576 quid
3407 1509 3583 1562 vobis
3637 1508 3789 1562 hinc

2133 1598 2542 1668 przecipiamus,
2572 1613 2733 1654 nosse
2771 1600 3109 1655 desideretis.
3156 1600 3309 1655 Unde
3339 1616 3436 1656 nos
3464 1601 3621 1671 quia
3660 1617 3784 1655 non

2134 1697 2323 1742 contra
2345 1687 2504 1742 fidem
2527 1689 2668 1757 quod
2693 1689 2871 1760 agitur
2899 1699 3019 1757 est;
3051 1691 3176 1746 licet
3201 1692 3370 1745 bonos
3392 1707 3598 1746 mores
3627 1693 3781 1746 satis

437 1779 649 1833 ratione
703 1775 823 1830 illos
868 1775 1048 1844 potius
1101 1788 1264 1843 quam
1314 1772 1387 1836 vi,
1437 1771 1582 1840 quod
1631 1785 1770 1823 vane
1819 1769 2033 1838 sapiant
2062 1765 2107 1824 B
2136 1777 2435 1847 impugnet,
2475 1793 2580 1832 non
2630 1787 2738 1831 tam
2789 1781 3184 1850 praecipientes,
3229 1797 3390 1852 quam
3439 1784 3782 1838 suadentes

435 1865 771 1922 couvincatis
799 1882 814 1918 :
845 1879 1010 1935 opera
1043 1878 1300 1918 manuum
1331 1876 1570 1923 suarum,
1601 1867 1656 1914 et
1696 1857 2033 1914 insensibilia

435 1956 700 2011 elementa
719 1994 735 2018 ,
766 1969 890 2008 cum
921 1954 1029 2007 sint
1055 1953 1306 2007 homines
1333 1951 1609 2005 intellectu
1638 1948 1844 2004 habiles
1865 1989 1880 2013 ,
1903 1949 2035 2002 ado-

437 2056 644 2111 rantes,
673 2048 781 2100 imo
819 2045 1099 2100 daemoniis
1145 2058 1296 2098 suam
1337 2042 1602 2098 cervicem
1652 2041 1929 2095 ﬂectentes
1977 2047 2034 2094 et

437 2138 800 2195 immolantes.
836 2135 991 2200 Nam,
1021 2144 1082 2190 ut
1119 2133 1408 2204 Apostolus
1437 2133 1634 2187 docet:
1667 2130 1874 2186 Scimus
1901 2147 2032 2199 quo-

440 2232 583 2285 niam
613 2230 745 2284 nihil
777 2239 851 2284 est
876 2228 1098 2293 idolum,
1128 2227 1219 2282 sed
1245 2244 1363 2298 qua:
1390 2225 1663 2280 immolant
1693 2234 1889 2295 gentes,
1919 2226 2030 2279 da:-

438 2325 632 2380 moniis
673 2321 948 2378 immolant
981 2321 1032 2392 (I
1079 2320 1204 2374 Cor.
1247 2319 1388 2390 vm).
1422 2319 1541 2374 Jam
1569 2333 1696 2373 vero
1728 2317 1772 2370 si
1799 2333 1894 2372 vos
1925 2333 2032 2371 non

437 2416 730 2480 audierint,
764 2430 888 2470 cum
920 2414 1000 2468 eis
1046 2428 1148 2468 nec
1195 2412 1375 2468 cibum
1427 2426 1664 2476 sumere,
1718 2425 1821 2464 nec
1867 2410 2031 2466 ullam

434 2507 653 2578 penitus
704 2504 1141 2560 communionem
1193 2502 1445 2558 habere:
1489 2501 1584 2556 sed
1629 2515 1725 2555 eos
1770 2509 2029 2570 tanquam

436 2599 668 2662 alienos,
696 2608 858 2667 atque
881 2595 1116 2666 pollutos
1146 2611 1176 2649 a
1204 2595 1398 2650 vestris
1422 2594 1696 2663 obsequiis
1721 2601 1776 2648 et
1799 2592 2032 2646 familia-

437 2690 600 2746 ritate
625 2702 904 2743 removere
925 2685 1154 2750 debetis,
1183 2694 1242 2740 ut
1272 2685 1360 2738 tali
1387 2684 1524 2747 forte
1552 2683 1864 2739 confusione
1886 2697 2032 2737 com-

439 2781 624 2851 puncti
651 2785 1059 2842 convertantur,
1118 2775 1418 2845 inspirante
1451 2773 1582 2838 Deo,
1615 2773 1684 2827 ad
1733 2773 1908 2842 ipsum
1939 2770 2030 2839 qui

433 2883 519 2928 est
542 2886 700 2927 verus
721 2880 906 2927 etnon
935 2868 1103 2924 falsus
1127 2869 1294 2932 Deus,
1324 2866 1554 2922 Creator
1577 2874 1634 2919 et
1659 2879 1765 2919 non
1796 2872 2028 2927 creatus,

435 2980 544 3020 non
584 2963 779 3027 factus,
813 2961 912 3016 sed
951 2959 1126 3015 factor
1170 2959 1412 3013 omnium
1445 2977 1458 3012 :
1491 2973 1637 3021 nam,
1669 2967 1730 3010 ut
1772 2955 2032 3011 Dominus

434 3055 678 3126 praecipit
708 3053 925 3125 (Matth.
951 3051 1031 3116 χ),
1059 3053 1125 3106 de
1159 3051 1320 3105 domo
1361 3049 1504 3105 illius
1541 3050 1632 3119 qui
1679 3064 1787 3103 uon
1835 3048 2028 3112 credit,

435 3161 545 3201 non
592 3144 768 3198 solum
815 3143 1024 3206 cibum,
1055 3156 1246 3196 verum
1286 3139 1453 3193 etiam
1499 3154 1601 3193 nec
1651 3138 1926 3207 pulverem
1971 3137 2027 3191 in
2057 3119 2102 3181 C

435 3234 666 3306 pedibus
715 3234 876 3289 debet
918 3233 1149 3287 educere
1199 3231 1572 3295 Christianus,
1607 3230 1661 3283 in
1714 3239 1920 3284 tantum
1973 3238 2036 3307 ut

437 3324 685 3396 discipuli
713 3324 1022 3379 nescientes
1045 3323 1190 3393 quod
1219 3317 1512 3388 acciderat,
1533 3322 1758 3377 moleste
1786 3321 2030 3390 tulerint,

434 3416 577 3486 quod
617 3416 810 3470 Petrus
837 3414 1091 3484 princeps
1123 3429 1310 3468 eorum
1338 3414 1406 3467 ad
1453 3413 1762 3468 Cornelium
1816 3415 2026 3485 ingres-

434 3519 530 3560 sus
563 3503 762 3568 fuerat,
792 3517 956 3573 quem
983 3503 1116 3572 ipse,
1155 3503 1268 3559 Deo
1295 3504 1663 3574 praecipiente,
1700 3503 1933 3573 primum
1963 3519 2030 3558 ex

439 3597 690 3667 gentibus
719 3593 924 3650 fecerat
963 3593 1329 3649 Christianum
1375 3595 1514 3666 (Act.
1558 3595 1657 3667 x):
1692 3596 1833 3650 nulla
1865 3596 2031 3666 igitur

439 3705 564 3746 cum
586 3689 672 3744 his
692 3687 781 3757 qui
803 3701 908 3741 non
935 3686 1183 3753 credunt,
1201 3687 1450 3756 idolaque
1479 3686 2027 3750 adorant,miscenda

438 3778 748 3835 communio
767 3787 871 3832 est.
905 3776 1074 3833 Porro
1109 3777 1215 3832 illis
1237 3777 1514 3840 violentia,
1542 3786 1602 3830 ut
1627 3777 1882 3841 credant,
1912 3776 2033 3830 nul—

434 3869 645 3925 latentis
675 3867 964 3931 inferenda
997 3876 1098 3922 est.
1129 3866 1264 3921 Nam
1295 3881 1457 3922 omne
1486 3867 1628 3936 quod
1656 3883 1726 3921 ex
1763 3875 1892 3922 voto
1922 3883 2030 3922 non

433 3969 539 4026 est,
564 3960 763 4014 bonum
791 3974 912 4016 esse
941 3974 1048 4015 non
1065 3967 1277 4030 potest;
1317 3959 1580 4029 scriptum
1612 3968 1697 4014 est
1718 3961 1862 4014 enim
1889 3978 1902 4014 :
1938 3959 2034 4014 Vo-

434 4053 666 4108 luntarie
683 4053 993 4123 sacriﬁcabo
1009 4053 1102 4106 tibi
1127 4051 1298 4124 (Psal.
1317 4054 1466 4125 Lm);
1490 4061 1546 4108 ct
1567 4067 1755 4107 rursus
1783 4070 1795 4106 :
1833 4051 2030 4106 Volun-

393 4155 396 4162 '
433 4143 597 4208 toria,
625 4142 819 4211 inquit,
849 4145 955 4198 oris
985 4144 1084 4197 mei
1111 4143 1431 4215 beneplacita
1465 4143 1572 4213 fac,
1599 4143 1820 4197 Domine
1857 4142 2030 4214 (Psal.

437 4234 668 4303 cxvnl);
701 4240 757 4287 et
783 4232 981 4288 iterum
1009 4249 1024 4286 :
1056 4233 1125 4287 Et
1146 4249 1211 4288 ea:
1229 4233 1492 4288 voluntate
1514 4249 1632 4288 mea
1655 4234 1938 4302 conﬁtebor
1955 4233 2036 4286 illi

434 4321 611 4393 (Psal.
629 4322 831 4395 xxvii);
862 4321 1108 4378 ultronea
1125 4323 1322 4394 quippe
1348 4325 1490 4379 Deus
1511 4323 1791 4393 obsequia,
1807 4332 1862 4379 et
1886 4323 2034 4379 exhi-

435 4411 553 4468 beri
577 4421 786 4468 tantum
812 4413 882 4468 ab
899 4412 1162 4468 ultroneis
1185 4415 1457 4485 praecipit:
1479 4431 1602 4469 nam
1630 4416 1674 4470 si
1697 4415 1802 4469 vim
1830 4414 2029 4470 inferre

435 4503 726 4569 voluisset,
755 4504 934 4560 nullus
981 4505 1386 4576 omnipotentize
1439 4506 1584 4562 illius
1629 4506 1883 4561 resistere
1931 4521 2026 4576 po-

435 4594 796 4652 tuisset.Jam
840 4612 972 4653 vero
1019 4597 1065 4653 si
1114 4598 1381 4668 quaeritis,
1422 4598 1550 4668 quid
1597 4598 1665 4654 de
1719 4596 2024 4666 huiusmodi

433 4687 657 4758 perfidis
676 4687 1027 4759 iudicandum
1072 4688 1167 4753 sit,
1204 4687 1506 4759 apostolum
1557 4687 1781 4742 Paulum
1824 4687 2023 4751 audite,

435 4779 528 4848 qui
556 4793 681 4835 cum
703 4779 1001 4836 Corinthiis
1026 4781 1310 4844 scriberet,
1335 4779 1411 4833 ait
1436 4795 1451 4835 :
1480 4777 1624 4844 Quid
1653 4779 1790 4832 enim
1810 4778 1938 4831 mihi
1960 4779 2025 4832 de

431 4869 516 4926 his
539 4871 628 4941 qui
651 4871 778 4941 foris
799 4881 922 4926 sunt
942 4871 1226 4942 judicare?
1254 4887 1424 4925 nonne
1443 4871 1508 4924 de
1530 4872 1611 4925 his
1631 4871 1723 4941 qui
1744 4872 1883 4924 intus
1902 4881 2023 4925 sunt

433 4976 523 5014 vos
550 4960 802 5030 iudicatis
823 4963 850 5017 ?
877 4979 1000 5017 nam
1025 4979 1113 5016 eos
1137 4963 1229 5033 qui
1259 4961 1388 5030 foris
1411 4971 1554 5025 sunt,
1579 4960 1721 5014 Deus
1745 4960 2024 5030 judicabit.

432 5049 650 5118 Auferte
676 5050 872 5106 malum
896 5069 963 5106 ea:
991 5053 1131 5106 vobis
1158 5052 1284 5122 ipsis
1317 5050 1403 5123 (11
1432 5050 1554 5106 Cor.
1580 5050 1667 5119 v);
1708 5065 1771 5105 ac
1799 5051 1845 5105 si
1879 5051 2025 5106 dice-

435 5149 521 5196 ret
546 5158 560 5194 :
592 5139 669 5195 De
693 5140 779 5196 his
807 5141 899 5210 qui
923 5151 1079 5197 extra
1106 5142 1422 5213 religionem
1457 5149 1696 5195 nostram
1739 5149 1868 5195 sunt
1889 5141 2022 5195 nihil

431 5245 537 5304 ego
555 5229 759 5300 judico,
788 5231 885 5286 sed
919 5247 1013 5288 eos
1044 5233 1139 5287 Dei
1177 5232 1381 5302 judicio
1424 5246 1672 5298 reservo,
1697 5232 1788 5303 qui
1810 5231 2022 5300 judica-

436 5332 594 5378 turus
622 5330 708 5378 est
742 5336 957 5377 omnem
987 5339 1228 5379 carnem.
1259 5323 1641 5380 Verumtamen
1669 5325 1879 5380 auferte
1907 5340 2019 5378 ma-

434 5413 547 5469 lum
572 5429 640 5469 es
665 5413 820 5469 vobis
841 5414 992 5484 ipsis,
1021 5431 1088 5470 ne
1118 5416 1366 5471 videlicet
1401 5415 1678 5472 vobiscum
1707 5432 1924 5473 morans
1959 5427 2019 5472 ut

432 5521 634 5564 cancer
669 5516 854 5578 serpat
896 5525 911 5564 :
953 5518 1046 5564 aut
1088 5517 1237 5565 certe
1261 5509 1388 5564 dum
1417 5525 1448 5565 a
1478 5510 1725 5565 ﬁdelibus
1748 5512 1848 5566 sibi
1873 5527 2016 5567 com-

433 5599 698 5656 municari
729 5601 1012 5669 conspicit,
1043 5615 1156 5656 sua:
1199 5615 1413 5670 quoque
1450 5603 1673 5657 vanitati
1720 5604 2019 5656 communi-

434 5691 724 5749 earinutet
757 5711 771 5748 ε
809 5708 871 5766 ac
918 5709 1015 5756 per
1063 5694 1166 5750 hoc
1213 5694 1542 5749 veraciorem
1590 5706 1644 5748 et
1691 5696 2014 5751 sanctiorem

2133 1865 2441 1932 hortamur,
2467 1875 2526 1920 ut
2545 1867 2612 1922 ad
2637 1865 2963 1922 Christianae
2989 1868 3266 1940 religionis
3311 1869 3564 1925 cultores
3606 1871 3773 1940 prin-

2132 1956 2280 2026 cipes
2308 1958 2621 2023 attendatis,
2653 1967 2709 2012 et
2736 1959 3058 2014 humilitatis
3095 1974 3282 2014 eorum
3319 1960 3778 2015 considerantes

2132 2049 2428 2120 fastigium,
2467 2050 2748 2120 deponatis
2794 2064 2861 2104 ex
2909 2051 3260 2128 vobis_omne
3306 2049 3374 2104 ad
3422 2049 3572 2104 nihil
3625 2050 3774 2104 utile

2132 2141 2480 2209 supercilium
2515 2158 2529 2194 ε
2561 2140 2810 2209 legerunt
2869 2141 3013 2195 enim
3059 2141 3133 2196 illi
3173 2141 3226 2194 in
3265 2139 3616 2211 Evangelia,
3684 2142 3772 2194 di-

2132 2239 2288 2285 cente
2317 2229 2544 2284 Domino
2573 2248 2585 2282 :
2617 2229 2813 2284 Discite
2841 2246 2873 2282 a
2903 2247 2984 2283 me
3009 2231 3132 2302 quia
3160 2231 3301 2284 mitis
3346 2247 3483 2295 sum,
3541 2240 3600 2284 et
3658 2231 3776 2283 Itu-~

2133 2318 2268 2372 milis
2294 2320 2470 2382 corde,
2505 2328 2553 2372 et
2599 2319 2863 2373 invenietis
2912 2322 3137 2390 requiem
3202 2320 3481 2372 animabus
3555 2321 3764 2374 vestris

2133 2407 2350 2478 (Matth.
2383 2409 2482 2478 xl).
2508 2408 2640 2463 Nam
2685 2409 2892 2479 antiqui
2920 2425 3099 2480 reges,
3128 2424 3358 2478 quorum
3405 2409 3567 2463 multi
3616 2427 3758 2465 sano

2133 2512 2344 2556 ctorum
2374 2503 2706 2556 consortium
2737 2517 3003 2565 meruere,
3033 2517 3096 2556 ac
3121 2503 3239 2555 idco
3269 2502 3545 2556 veraciter
3587 2517 3761 2572 reges

2133 2594 2259 2648 dicti
2285 2600 2428 2657 sunt,
2459 2594 2714 2662 quoniam
2746 2592 2924 2646 sancti
2955 2591 3151 2662 reperti
3180 2601 3327 2652 sunt,
3357 2608 3478 2645 cum
3516 2593 3752 2656 amicis,

2132 2685 2373 2754 quinimo
2400 2700 2522 2738 cum
2571 2684 2743 2738 servis
2773 2683 2885 2737 suis
2907 2683 3176 2738 convivali
3214 2681 3379 2738 fuisse
3417 2697 3751 2736 memoran-

2135 2783 2252 2840 tur;
2281 2775 2411 2844 quin
2443 2773 2622 2843 potius
2644 2775 2759 2842 ipse
2787 2773 2904 2827 Rex
2945 2788 3156 2842 regum,
3181 2780 3236 2825 et
3261 2771 3525 2826 Dominus
3556 2771 3745 2824 domi-

2133 2868 2400 2931 nantium,
2433 2866 2764 2936 Rcdemptor
2807 2873 3025 2928 uoster,
3059 2881 3163 2918 non
3197 2863 3370 2917 solum
3397 2878 3520 2916 cum
3553 2863 3738 2916 servis

2133 2965 2188 3010 et
2217 2956 2406 3010 amicis
2433 2955 2566 3018 suis,
2589 2953 2896 3024 apostolicis
2924 2953 3134 3008 scilicet
3161 2952 3504 3017 recubuisse,
3534 2967 3732 3006 verum

2136 3051 2298 3104 etiam
2336 3062 2457 3103 cum
2486 3047 2785 3118 publicanis
2816 3057 2869 3100 ct
2901 3045 3277 3116 peccatoribus
3308 3053 3365 3098 et
3389 3044 3728 3108 recubuisse,

2133 3155 2186 3198 et
2223 3141 2577 3196 manducasse
2609 3139 2957 3194 describitur.

2207 3231 2383 3287 XLIll.
2425 3231 2554 3298 Quae
2585 3230 2859 3292 animalia,
2892 3244 2988 3284 seu
3019 3227 3256 3283 volatilia
3287 3227 3451 3283 liceat
3490 3226 3709 3281 mandu-

2133 3340 2282 3390 care,
2309 3333 2578 3392 quantum
2607 3322 2858 3376 existimo
2885 3321 3145 3375 Dominus
3166 3320 3444 3374 evidenter
3462 3316 3701 3377 ostendit,

2134 3431 2255 3470 cum
2286 3420 2407 3484 post
2436 3412 2698 3466 diluvium
2728 3410 2983 3464 animalia
3025 3420 3221 3464 cuncta
3273 3408 3388 3464 Noe
3434 3408 3608 3462 tribuit
3653 3413 3709 3457 et

2135 3507 2260 3560 liliis
2289 3504 2406 3572 ejus
2437 3503 2664 3567 edenda,
2688 3502 2874 3556 dicens
2900 3519 2912 3554 :
2946 3500 3138 3555 Omnes
3163 3500 3331 3570 pisces
3355 3499 3515 3551 maris
3537 3493 3708 3549 manui

2133 3610 2315 3654 uestris
2342 3598 2526 3652 traditi
2551 3607 2690 3660 sunt,
2715 3606 2764 3650 et
2794 3611 2945 3670 omne
2966 3595 3105 3664 quod
3132 3601 3366 3646 movetur
3395 3602 3442 3644 et
3466 3592 3607 3652 sivit,
3623 3589 3709 3641 erit

2134 3693 2276 3746 vobis
2301 3693 2355 3745 in
2385 3691 2558 3744 cibum
2596 3689 2748 3756 quasi
2777 3689 2920 3742 olera
2949 3688 3172 3742 virentia
3207 3683 3362 3756 (Gen.
3396 3685 3476 3754 Ix)
3511 3690 3602 3737 :et
3624 3681 3708 3735 de-

2135 3781 2450 3837 monstratis
2489 3780 2706 3835 ctelitus
2735 3780 2895 3833 beato
2925 3777 3090 3832 Petro
3121 3779 3172 3830 in
3199 3775 3290 3830 illo
3321 3775 3498 3837 disco,
3527 3787 3707 3844 quam-

2133 3875 2217 3928 vis
2242 3875 2346 3928 boc
2378 3872 2540 3926 altius
2573 3870 2985 3940 intelligendum
3033 3869 3126 3933 sit,
3171 3868 3385 3923 cunctis
3430 3863 3708 3920 animanti-

2134 3964 2256 4029 bus,
2287 3964 2524 4018 dicitur:
2563 3961 2766 4026 Macta,
2807 3971 2855 4015 et
2902 3961 3164 4014 manduca
3212 3960 3352 4031 (Act.
3404 3959 3484 4030 x);
3535 3957 3706 4026 Itaque

2131 4069 2292 4109 omne
2315 4053 2535 4118 animal,
2567 4053 2722 4124 cujus
2765 4051 2917 4107 cibus
2969 4053 3193 4106 minime
3230 4053 3447 4122 corpori
3493 4051 3708 4106 nocivus

2132 4162 2253 4202 esse
2275 4148 2559 4217 probatur,
2587 4154 2642 4200 et
2669 4145 2902 4200 societas
2929 4144 3031 4199 hoc
3052 4145 3106 4199 in
3137 4144 3317 4198 cibum
3349 4143 3588 4198 admittit
3614 4142 3702 4194 hu-

2134 4255 2318 4305 mana,
2349 4237 2560 4294 comedi
2610 4254 2717 4293 non
2759 4238 3077 4308 prohibetur
3117 4255 3130 4290 :
3164 4253 3290 4291 nam
3329 4238 3470 4303 ideo,
3515 4247 3573 4291 ut
3593 4250 3706 4290 san-

2134 4342 2253 4387 ctus
2304 4341 2356 4386 et
2401 4331 2820 4386 facundissimus
2874 4331 3064 4386 doctor
3110 4331 3303 4386 scribit
3345 4331 3703 4402 Augustinus,

2135 4423 2482 4477 morticinum
2519 4422 2587 4476 ad
2631 4436 2810 4476 escam
2843 4437 2972 4476 usus
3015 4419 3295 4474 hominum
3337 4435 3444 4475 non
3475 4419 3702 4478 admisit,

2131 4529 2198 4569 eo
2233 4512 2375 4582 quod
2407 4527 2513 4567 non
2544 4511 2848 4566 occisorum
2891 4511 2986 4565 sed
3017 4519 3355 4564 mortuorum
3401 4508 3699 4564 animalium

2130 4607 2377 4661 morbida
2401 4621 2529 4661 caro
2551 4613 2656 4668 est,
2691 4621 2791 4660 nec
2811 4612 2938 4674 apta
2965 4603 3032 4657 ad
3059 4602 3288 4658 salutem
3321 4603 3586 4672 corporis,
3613 4614 3699 4655 cn-

2123 4697 2210 4768 jus
2231 4713 2396 4754 causa
2422 4696 2688 4752 sumimus
2723 4696 3057 4751 alimentum.
3098 4695 3266 4750 Porro
3290 4709 3480 4751 eorum
3509 4691 3702 4766 opinioo

2127 4803 2284 4852 nem,
2325 4787 2416 4857 qui
2447 4787 2722 4858 quippiam
2757 4787 2811 4841 in
2845 4787 2983 4843 cibis
3020 4787 3354 4844 immundum
3386 4803 3507 4843 esse
3535 4783 3701 4858 perbi-

2125 4878 2272 4942 bent,
2305 4893 2404 4948 per
2421 4893 2481 4933 se
2501 4878 2760 4933 Dominus
2789 4878 3015 4933 destruit
3045 4879 3231 4938 dicens
3265 4897 3278 4933 :
3310 4878 3435 4932 Non
3465 4878 3604 4949 quod
3621 4877 3699 4929 in-

2129 4977 2234 5022 trat
2273 4969 2328 5022 in
2360 4985 2418 5022 os
2448 4968 2750 5038 coinquinat
2779 4968 3071 5032 hominem,
3102 4970 3192 5022 sed
3231 4969 3372 5039 quod
3394 4969 3694 5038 procedits:

2126 5075 2237 5124 ore,
2253 5060 2352 5114 hoc
2376 5061 2676 5130 coinquinat
2701 5060 2964 5113 hominem
2994 5059 3212 5128 (Matth.
3242 5059 3356 5131 xv);
3387 5069 3443 5114 et
3467 5058 3693 5130 apostolo

2124 5149 2286 5206 Petro
2315 5151 2573 5205 divinitus
2599 5150 2798 5205 dicitur
2833 5167 2847 5203 :
2883 5149 3038 5215 Quod
3069 5150 3210 5204 Deus
3248 5150 3620 5218 sanctiﬁcavit,
3642 5155 3689 5200 ut

2123 5259 2395 5296 commune
2422 5241 2521 5312 (vel
2541 5241 2890 5311 immundum)
2911 5258 2983 5302 ue
3012 5242 3208 5296 dixeris
3235 5240 3370 5312 (Act.
3394 5241 3449 5310 Χ)
3479 5258 3494 5308 ;
3524 5251 3580 5297 et
3613 5253 3691 5295 co-

2127 5331 2401 5402 apostolus
2447 5333 2564 5402 ejus
2612 5331 2813 5387 Paulus
2859 5333 3104 5387 scribens
3157 5350 3169 5386 :
3224 5331 3452 5396 Omnia,
3510 5330 3685 5401 inquit,

2125 5423 2321 5476 munda
2344 5423 2573 5486 mundis,
2597 5423 2946 5494 coinquinatis
2969 5434 3142 5477 autem
3176 5435 3224 5476 et
3261 5424 3554 5491 inﬁdelibus
3575 5419 3686 5476 nihil

2124 5525 2198 5567 est
2230 5514 2482 5567 mundum
2515 5513 2644 5584 (Tit.
2678 5515 2739 5582 ι).
2795 5515 3175 5569 Verumtamen
3208 5529 3278 5568 ne
3313 5514 3451 5568 forte
3480 5513 3684 5583 quilibet

2122 5620 2190 5659 ex
2216 5603 2398 5660 Veteri
2429 5605 2582 5659 vobis
2601 5605 2951 5660 Testamento
2973 5607 3220 5675 quaedam
3247 5605 3516 5676 prohibita
3539 5602 3681 5656 velint

2125 5695 2378 5751 animalia
2429 5696 2830 5762 demonstrare,
2866 5707 3026 5767 atque
3065 5699 3131 5753 ab
3161 5712 3345 5755 eorum
3391 5712 3482 5753 vos
3523 5692 3678 5758 edulio
