4050 6324
326 321 436 382 99'!

1469 315 1821 373 EPISTOLE
1863 317 1948 372 Ετ
2007 317 2342 372 DECBE'I'A.

3504 323 3608 382 998

326 446 610 498 coercere;
657 431 956 489 notandum
993 439 1100 497 est,
1151 431 1292 486 inter
1341 430 1428 485 illa
1473 447 1594 500 qua:
1639 432 1906 500 prohibita
1940 439 1984 494 Α
2017 433 2116 484 nisi
2156 432 2501 500 reproborum
2540 432 3146 488 venationesexeculsse
3172 448 3327 489 sacra
3361 435 3606 507 designet

327 534 475 592 sunt,
498 525 661 580 etiam
693 539 916 596 porcum
948 523 1368 588 connumerari;
1404 523 1472 578 de
1502 539 1607 594 qua
1636 540 1695 579 re
1725 524 1918 594 prcefa—

327 625 420 673 tus
455 623 680 671 sanctus
716 614 1050 685 Augustinus
1088 614 1155 669 de
1193 613 1408 668 czeteris
1444 613 1659 668 interim
1695 623 1876 669 tacens
1901 656 1916 680 ,

330 708 580 765 scribens
610 706 775 762 etiam
806 706 968 774 hujus
997 705 1246 760 animalis
1283 706 1530 759 meminit
1560 707 1746 761 dicens
1778 726 1792 760 :
1824 707 1917 761 Te-

330 808 604 859 stamento
626 797 834 864 Veteri,
860 799 948 853 ubi
973 798 1192 868 quidam
1217 798 1324 852 cibi
1352 798 1597 852 carnium
1619 798 1914 867 prohiben—

331 904 438 961 tur,
474 909 572 949 cur
610 907 716 947 non
751 892 823 946 sit
863 891 1135 946 contraria
1172 891 1274 945 ista
1309 891 1602 954 sententia,
1636 905 1741 960 qua
1786 890 1919 945 dicit

328 987 618 1057 Apostolus
643 1003 657 1039 :
681 983 871 1040 Omnia
895 985 1090 1038 munda
1119 985 1329 1038 mundis
1348 1026 1362 1048 ,
1404 995 1451 1039 et
1479 984 1648 1038 omnis
1677 996 1917 1040 creatura

328 1077 429 1135 Dei
462 1079 598 1132 bona
631 1087 706 1133 est
744 1074 956 1147 (I-Tim.
989 1075 1094 1145 ιν),
1123 1075 1166 1129 si
1194 1085 1448 1145 possunt,
1489 1075 1789 1145 intelligant
1815 1076 1918 1131 hoc

329 1168 645 1240 Apostolum
667 1168 733 1224 de
756 1167 887 1238 ipsis
903 1167 1104 1222 dixisse
1125 1167 1366 1231 naturis;
1394 1167 1500 1222 illis
1515 1177 1690 1222 autem
1708 1168 1917 1224 litteras

329 1260 840 1333 propter.quasdam
874 1259 1338 1330 przeﬁgurationes
1365 1261 1592 1329 tempori
1619 1277 1918 1332 congruen-

330 1363 414 1410 tes
436 1353 688 1408 animalia
727 1351 972 1422 quaedam
1002 1367 1108 1406 non
1135 1361 1358 1416 natura,
1399 1352 1494 1406 sed
1531 1351 1918 1422 signiﬁcatione

329 1444 604 1500 immunda
633 1442 853 1498 dixisse.
885 1441 1072 1511 Itaque
1096 1441 1242 1496 verbi
1274 1440 1479 1512 gratia,
1509 1441 1552 1496 si
1579 1443 1645 1496 de
1671 1457 1833 1512 porco
1862 1450 1920 1496 et

329 1550 469 1606 agno
490 1534 820 1604 requiratur,
849 1543 1136 1602 utrumque
1157 1542 1347 1586 natura
1371 1533 1627 1587 mundum
1652 1543 1764 1599 est;
1789 1533 1916 1604 quia

330 1627 503 1680 omnis
543 1634 786 1679 creatura
819 1623 917 1677 Dei
953 1623 1087 1677 bona
1127 1632 1203 1677 est
1244 1623 1420 1693 (ibid.)
1457 1637 1471 1676 :
1515 1623 1748 1693 quadam
1789 1639 1917 1679 vero

329 1715 724 1788 signiﬁcatione
756 1728 930 1784 agnus
952 1712 1208 1776 mundus,
1239 1727 1438 1782 porcus
1465 1712 1772 1768 immundus
1795 1723 1912 1780 est;

2022 525 2270 578 historia.

2092 615 2255 670 XLV.
2297 615 2339 669 Α
2371 617 2526 673 nobis
2563 618 2704 672 scire
2741 618 2938 688 cupitis
2982 619 3025 674 si
3065 621 3118 676 in
3156 621 3610 692 quadragesimali

2022 705 2478 775 temporejudicia
2503 709 2611 763 sint
2635 711 2956 776 exercenda,
2986 720 3042 774 et
3063 712 3129 766 ad
3154 722 3382 768 mortem
3407 714 3605 785 aliquis

2021 797 2368 864 addiccndus,
2403 800 2587 869 inquo
2618 818 2716 857 nos
2772 804 3030 858 noveritis
3064 805 3252 859 eadem
3278 806 3343 858 de
3365 808 3603 875 quadra-

2019 889 2261 960 gesimali
2287 898 2528 961 tempore
2546 907 2708 962 super
2731 895 2831 950 hac
2847 896 3173 964 respondere
3189 883 3627 961 consultatione...

2019 995 2140 1049 quae
2184 979 2374 1035 diebus
2416 980 2570 1037 festis
2609 999 2708 1038 nos
2731 984 3049 1040 duodecimo
3083 987 3272 1040 harum
3299 988 3605 1056 responsio-

2021 1087 2149 1124 num
2201 1079 2511 1126 nostrorum
2568 1073 2804 1144 capitulo
2854 1073 2970 1144 jam
3028 1076 3372 1145 resliondisse
3423 1077 3612 1146 digno-

2020 1176 2094 1216 SCI
2107 1177 2241 1215 mur.
2335 1225 2338 1228 .

2095 1252 2277 1308 XLVI.
2319 1253 2436 1309 Jam
2464 1271 2597 1312 vero
2616 1257 2661 1312 si
2686 1258 3140 1330 quadragesimali
3169 1267 3407 1330 tempore
3426 1259 3609 1326 liceat,

2019 1345 2064 1400 si
2098 1345 2390 1401 necessitas
2418 1348 2606 1418 exigit,
2637 1349 2722 1405 vel
2743 1349 2788 1404 si
2825 1365 2930 1403 non
2956 1350 3128 1420 exigit
3146 1350 3252 1405 ulla
3291 1352 3610 1418 necessitas,

2019 1438 2085 1492 ad
2110 1438 2250 1493 bella
2286 1442 2600 1510 procedere,
2631 1457 2736 1496 non
2759 1442 2912 1497 vobis
2930 1453 3014 1497 est
3047 1445 3416 1498 necessarium
3446 1459 3611 1514 expo-

2020 1532 2276 1593 nendum,
2311 1548 2434 1587 cum
2478 1549 2546 1588 ex
2576 1534 2818 1604 priorum
2864 1535 3289 1604 propositionum
3324 1533 3608 1590 solutioni-

2018 1623 2118 1679 bus
2140 1625 2269 1694 quid
2297 1640 2393 1680 vos
2423 1627 2707 1682 conveniat
2735 1643 2916 1698 agere,
2939 1628 3101 1682 etiam
3129 1629 3286 1684 nobis
3306 1631 3611 1684 tacentibus

2017 1713 2129 1784 jam
2181 1715 2283 1784 ipsi
2331 1715 2606 1785 colligitis.
2639 1716 2910 1772 Bellorum
2951 1717 3149 1788 quippe
3188 1733 3255 1773 ac
3293 1718 3604 1787 prmliorum

327 1819 590 1878 tanquam
616 1806 661 1863 si
687 1806 911 1860 stultum
939 1815 995 1862 et
1014 1805 1312 1876 sapientem
1337 1805 1547 1861 diceres
1576 1823 1590 1860 :
1623 1815 1912 1878 utrumque
1946 1781 1991 1841 Β
2017 1806 2336 1870 certamina,
2379 1821 2593 1862 necnon
2623 1808 2864 1863 omnium
2887 1807 3191 1880 iurgiorum
3235 1809 3388 1863 initia
3417 1808 3608 1863 diabo-

325 1901 434 1956 hoe
461 1898 686 1954 verbum
727 1905 919 1957 natura
949 1897 1126 1962 vocis,
1157 1905 1212 1951 et
1240 1897 1539 1951 litterarum
1558 1937 1574 1962 ,
1602 1905 1656 1952 et
1683 1898 1915 1969 syllabas

326 2002 448 2040 rum
479 1989 674 2057 quibus
702 1997 938 2052 constat,
979 1989 1166 2058 utique
1194 1989 1452 2044 mundum
1476 1999 1594 2052 est;
1641 1989 1914 2054 signiﬁca-

324 2077 472 2131 tione
499 2087 680 2133 autem
710 2095 876 2134 unum
903 2081 1094 2134 horum
1119 2081 1364 2143 verbum,
1391 2081 1533 2148 quod
1559 2081 1758 2136 dicitur
1780 2080 1912 2136 stul-

321 2177 459 2233 tum,
505 2169 839 2225 immundum
881 2171 986 2226 dici
1032 2179 1230 2240 potest,
1280 2186 1386 2225 non
1434 2179 1625 2238 natura
1667 2173 1772 2237 sui,
1817 2172 1911 2226 sed

321 2261 578 2330 quoniam
607 2263 861 2331 quiddam
891 2263 1223 2318 immundum
1248 2263 1522 2332 signiﬁcat
1547 2282 1562 2318 :
1596 2274 1651 2320 et
1679 2264 1911 2321 fortasse

323 2351 465 2420 quod
505 2358 591 2406 est
627 2352 682 2406 in
722 2367 904 2408 rerum
935 2354 1118 2424 ﬁguris
1146 2369 1373 2424 porcus,
1399 2356 1500 2411 hoc
1522 2364 1606 2411 est
1639 2357 1693 2412 in
1727 2373 1908 2412 rerum

323 2455 521 2511 genere
549 2441 776 2508 stultus;
813 2451 870 2497 et
900 2451 1008 2496 tam
1032 2443 1161 2498 illud
1191 2445 1391 2499 animat
1410 2485 1425 2508 ,
1459 2461 1622 2515 quam
1649 2447 1766 2501 istze
1791 2448 1909 2502 dua:

323 2535 561 2608 syllabae,
590 2537 736 2606 quod
764 2535 962 2591 dicitur
982 2536 1225 2601 stultum,
1261 2538 1515 2606 quiddam
1544 2554 1710 2593 unum
1740 2539 1911 2593 idem-

321 2641 428 2696 que
473 2626 742 2696 signiﬁcat
779 2644 792 2680 :
831 2627 1166 2682 immundum
1200 2628 1395 2698 quippe
1439 2627 1570 2683 illud
1610 2629 1809 2682 animal
1852 2630 1904 2682 in

321 2718 438 2787 lege
461 2719 692 2788 positum
721 2727 842 2785 est,
869 2734 935 2774 eo
973 2720 1115 2790 quod
1146 2736 1252 2778 non
1285 2721 1550 2785 ruminet;
1589 2736 1695 2775 non
1724 2730 1908 2775 autem

321 2809 424 2864 hoc
443 2809 559 2878 ejus
579 2810 788 2873 vilium,
815 2811 910 2866 sed
932 2819 1122 2866 natura
1143 2819 1246 2866 est.
1273 2810 1414 2866 Sunt
1435 2821 1613 2866 autem
1638 2812 1904 2876 homines,

320 2901 411 2971 qui
441 2916 538 2971 per
575 2903 680 2956 hoc
715 2902 916 2956 animal
954 2902 1349 2973 signiﬁcantur,
1393 2902 1657 2956 immundi
1686 2903 1907 2972 proprio

319 2991 471 3054 vitio,
515 3007 622 3046 non
666 3001 896 3055 natura;
930 2992 1022 3062 qui
1057 3007 1180 3047 cum
1221 2991 1454 3048 libenter
1492 2992 1716 3046 audiant
1742 2993 1906 3047 verba

318 3084 620 3154 sapientiae,
651 3094 837 3155 postea
866 3085 934 3140 de
961 3085 1046 3140 his
1070 3063 1431 3141 omninohnon
1454 3086 1693 3154 cogitant
1719 3105 1732 3140 :
1760 3085 1903 3156 quod

317 3175 466 3229 enim
486 3175 615 3230 utile
633 3175 889 3242 audieris,
910 3175 1056 3232 velut
1074 3177 1329 3232 intestino
1355 3176 1628 3232 memoria:
1651 3187 1907 3247 tanquam

320 3264 494 3322 sd.os
535 3265 905 3336 cogitationis,
955 3266 1274 3321 recordandi
1329 3265 1610 3321 dulcedine
1652 3266 1905 3332 volvere;

319 3356 453 3428 quid
489 3365 573 3412 est
605 3357 784 3423 aliud,
830 3373 990 3428 quam
1019 3359 1336 3428 spiritaliter
1377 3358 1776 3428 quodammodo
1807 3375 1904 3413 ru-

321 3450 566 3505 minare?
606 3452 750 3520 quod
785 3451 876 3521 qui
920 3467 1026 3506 non
1067 3450 1293 3516 faciunt,
1339 3451 1552 3506 illorum
1592 3450 1907 3506 animalium

322 3554 520 3612 genere
549 3541 866 3612 ﬁgurantur.
906 3541 1058 3597 Unde
1097 3552 1153 3596 et
1191 3542 1307 3612 ipsa
1350 3557 1380 3596 a
1421 3541 1617 3597 talibus
1642 3542 1906 3596 carnibus

321 3635 669 3700 abstinentia,
700 3635 806 3690 tale
835 3634 1026 3688 vitium
1057 3650 1156 3690 nos
1180 3648 1374 3689 cavere
1401 3634 1742 3702 przelnouuit.
1769 3633 1905 3688 Cum

317 3725 466 3782 enim
495 3725 562 3780 de
590 3725 692 3780 hac
727 3725 992 3780 munditia
1031 3725 1337 3779 ruminandi
1368 3725 1474 3778 alio
1504 3724 1626 3778 loco
1661 3725 1733 3778 ita
1771 3724 1907 3778 scri-

320 3827 473 3890 ptum
510 3825 594 3872 est
619 3834 632 3872 :
660 3815 960 3871 Tltesaurus
1002 3815 1362 3871 desiderabitis
1410 3815 1682 3886 requiescit
1721 3814 1777 3869 in
1817 3829 1906 3868 ore

319 3913 600 3983 sapientis,
622 3911 704 3965 vir
724 3921 899 3966 autem
937 3909 1127 3966 stultus
1147 3909 1297 3979 glutit
1321 3907 1470 3962 illum
1498 3906 1680 3978 (Prov.
1707 3912 1902 3978 xxvn).

319 4005 431 4062 Has
457 4013 635 4059 autem
658 4003 1040 4060 similitudines
1064 4016 1245 4056 rerum
1275 4000 1328 4054 in
1350 4000 1709 4055 locationibus
1732 4009 1789 4053 et
1809 3999 1908 4054 ob-

319 4098 716 4154 servationibus
750 4096 994 4168 ﬁguratis
1031 4103 1251 4164 propter
1283 4093 1559 4162 quierendi
1599 4102 1654 4148 et
1681 4106 1902 4162 compa-

318 4191 475 4246 randi
514 4190 956 4247 exercitationem
1000 4185 1292 4242 rationales
1335 4192 1546 4239 mentes
1589 4183 1797 4238 utiliter
1847 4189 1905 4236 et

320 4281 560 4338 suaviter
601 4277 812 4336 noverit
841 4298 854 4334 :
888 4279 984 4334 sed
1009 4277 1176 4350 priori
1208 4275 1408 4347 populo
1439 4274 1605 4329 multa
1640 4273 1766 4328 talia
1795 4287 1901 4328 non

319 4352 532 4428 tantum
559 4373 824 4429 audienda
841 4413 856 4439 ,
881 4387 1067 4428 verum
1083 4371 1248 4427 etiam
1273 4370 1604 4426 observanda
1634 4377 1902 4438 praecepta

321 4475 463 4523 sunt.
491 4465 724 4538 Tempus
753 4466 898 4521 enim
927 4474 1066 4531 erat,
1093 4479 1200 4535 quo
1224 4480 1329 4520 non
1361 4472 1570 4518 tantum
1594 4463 1774 4527 dictis,
1806 4462 1902 4518 sed
1932 4497 1980 4556 υ

319 4558 482 4614 etiam
521 4557 680 4613 factis
717 4558 1030 4628 prophetari
1059 4566 1354 4627 oporteret,
1388 4565 1444 4612 et
1483 4571 1547 4612 ea
1572 4570 1692 4625 qua:
1718 4564 1896 4626 poste-

319 4649 450 4706 riori
473 4661 715 4720 tempore
734 4649 944 4721 fuerant
963 4649 1268 4716 revelanda,
1290 4650 1488 4720 quibus
1498 4663 1596 4720 per
1608 4646 1904 4713 Christum,

322 4753 485 4813 atque
508 4743 561 4797 in
584 4741 800 4797 Christo
825 4741 1096 4807 revelatis,
1121 4743 1244 4798 ﬁdei
1270 4743 1506 4812 gentium
1534 4757 1699 4798 onera
1719 4743 1906 4797 obser-

320 4835 598 4886 vationum
620 4845 726 4886 non
751 4839 876 4886 sunt
897 4831 1171 4902 imposita,
1193 4833 1492 4902 prophetia:
1514 4843 1694 4888 tamen
1721 4843 1908 4888 aucto-

320 4923 456 4979 ritas
476 4923 874 4978 commendata.

391 5030 577 5088 XLIV.
618 5031 775 5088 Nulla
807 5034 948 5088 ratio
974 5033 1047 5090 sit
1080 5034 1135 5090 in
1173 5033 1626 5106 quadragesimali
1666 5041 1909 5106 tempore

319 5131 700 5190 venationibus
733 5132 811 5186 uti
840 5151 853 5186 :
886 5141 1149 5188 venantes
1175 5134 1320 5188 enim
1343 5133 1475 5188 nihil
1499 5140 1696 5202 praeter
1712 5149 1906 5188 carnes

321 5242 564 5307 captant,
596 5243 656 5290 ut
685 5249 814 5306 ergo
841 5233 1211 5289 nihilcarnale
1237 5233 1434 5290 sectari
1461 5233 1770 5298 videamini,
1805 5234 1901 5288 dc-

321 5346 508 5394 center
541 5353 570 5392 a
602 5337 856 5393 carnibus
888 5337 1168 5407 captandis
1199 5337 1252 5390 in
1288 5335 1736 5408 quadragesima“
1769 5351 1903 5405 pran-

320 5438 478 5507 cipue
506 5446 745 5508 tempore
773 5436 925 5491 vobis
952 5443 1037 5490 est
1072 5434 1476 5499 abstinendum;
1521 5443 1724 5505 quanto
1756 5435 1901 5490 enim

317 5531 506 5602 jejunii
538 5544 777 5606 tempore
807 5534 1012 5589 arctius
1037 5543 1122 5590 est
1159 5534 1356 5589 divinis
1385 5534 1618 5589 cultibus
1644 5535 1899 5589 insisten-

322 5634 473 5698 dum,
507 5643 656 5690 tanto
682 5645 764 5691 est
786 5637 838 5691 in
859 5637 1069 5692 cunctis
1098 5636 1282 5690 mundi
1307 5637 1515 5691 nocivis
1538 5637 1904 5692 oblectamen-

325 5735 396 5791 tis
433 5734 644 5807 longius
675 5739 1067 5807 recedendum;
1106 5739 1407 5809 praesertim
1457 5755 1580 5795 cum
1629 5739 1899 5795 neminem

2017 1897 2133 1954 lica:
2165 1897 2354 1954 fraude
2387 1908 2514 1955 sunt
2541 1900 2676 1955 artis
2703 1901 2948 1970 profecto
2986 1909 3199 1970 reperta
3220 1939 3235 1966 ,
3267 1909 3322 1954 et
3347 1899 3608 1955 dilatandi

2017 1989 2168 2059 regni
2196 1991 2422 2059 cupidus
2441 2031 2455 2054 ,
2479 1990 2563 2046 vel
2591 1990 2719 2056 iraa,
2749 1990 2836 2045 vel
2865 1989 3080 2045 invidia:
3098 2031 3114 2056 ,
3145 1989 3230 2044 vel
3257 1989 3398 2045 alius
3422 1989 3606 2060 cujus-

2013 2080 2158 2150 piam
2198 2081 2314 2134 vitii
2354 2081 2582 2136 dilector
2617 2090 2827 2136 tantum
2867 2081 2953 2136 his
2980 2082 3299 2146 intendere,
3332 2094 3427 2136 seu
3460 2080 3609 2136 dele-

2013 2170 2150 2226 ctari
2177 2171 2543 2225 convincitur.
2571 2171 2636 2225 Et
2657 2171 2800 2236 ideo,
2825 2171 2873 2226 si
2901 2170 3047 2226 nulla
3075 2179 3265 2242 urgeat
3285 2171 3607 2234 necessitas.

2014 2274 2119 2314 non
2170 2259 2342 2313 solum
2382 2259 2838 2330 quadragesimali
2879 2268 3152 2329 tempore,
3191 2261 3289 2316 sed
3327 2261 3474 2316 omni
3521 2271 3606 2316 est

2011 2351 2212 2422 prmliis
2233 2353 2633 2407 abstinendum.
2666 2351 2723 2407 Si
2750 2360 2932 2407 autem
2967 2352 3295 2407 inevitabilis
3318 2361 3474 2423 urget
3501 2367 3604 2422 op-

2013 2443 2354 2512 portunitas,
2385 2458 2486 2498 nec
2525 2443 2977 2514 quadragesimali
2995 2452 3079 2498 est
3111 2452 3353 2512 tempore
3377 2458 3475 2514 pro
3513 2443 3606 2496 dc.-

2013 2533 2257 2589 l‘ensioue
2285 2543 2396 2588 tam
2430 2549 2525 2588 sua
2545 2574 2560 2598 ,
2589 2549 2751 2602 quam
2777 2533 2967 2602 patria:
2987 2573 3002 2597 ,
3027 2547 3119 2587 seu
3152 2532 3329 2603 legum
3356 2541 3603 2602 paterna-

2013 2643 2168 2688 rum.
2210 2627 2475 2682 bellorum
2519 2627 2705 2696 procul
2745 2625 2910 2680 dubio
2953 2624 3333 2695 prmparationi
3380 2640 3606 2694 parcen-

2013 2719 2174 2783 dum;
2217 2733 2285 2773 ne
2311 2718 2561 2773 videlicet
2586 2719 2754 2772 Deum
2783 2717 3034 2772 videatur
3065 2717 3228 2772 homo
3271 2723 3508 2777 tentare,
3555 2718 3604 2771 si

2013 2809 2176 2865 habet
2201 2809 2346 2879 quod
2370 2809 2558 2876 faciat,
2585 2818 2640 2865 et
2663 2825 2774 2866 sure
2797 2824 2862 2864 ac
2887 2808 3113 2863 aliorum
3133 2807 3290 2862 saluti
3317 2807 3604 2864 consulere

2011 2918 2119 2958 non
2164 2912 2438 2972 procurat,
2481 2911 2536 2958 et
2574 2913 2774 2958 sancta:
2813 2901 3085 2972 religionis
3127 2902 3448 2956 detrimenta
3495 2917 3604 2954 non

2009 3004 2294 3066 prmcavet.
2324 2995 2494 3051 Porro
2522 2995 2659 3049 muri
2679 2994 2895 3050 Iericho
2917 2992 3219 3048 ﬁliislsrael
3239 3032 3254 3056 ,
3279 2991 3371 3062 qui
3402 2991 3606 3046 Sabba-

2012 3095 2124 3141 tum
2156 3087 2268 3158 jam
2297 3087 2696 3142 observandum
2736 3094 3120 3155 susceperant,
3157 3084 3321 3138 etiam
3365 3082 3604 3138 Sabb'ato

2012 3178 2200 3233 urbem
2229 3179 2690 3235 circumeuntibus
2715 3188 2769 3234 et
2803 3179 2947 3234 tubis
2974 3177 3352 3248 clangentibus
3388 3177 3458 3232 ad
3490 3184 3601 3230 ter-

2011 3286 2126 3325 ram
2152 3271 2412 3340 protracti
2439 3279 2568 3326 sunt
2595 3270 2734 3332 (los.
2763 3271 2859 3340 vi).

2079 3358 2283 3414 XLVII.
2323 3361 2616 3416 Consulitis
2643 3359 2691 3415 si
2713 3360 2873 3415 liceat
2895 3359 2948 3413 in
2977 3357 3432 3430 quadragesimali
3464 3367 3600 3412 tem-

2006 3470 2142 3526 pore
2165 3453 2306 3523 jocis
2341 3469 2570 3518 vacare;
2600 3453 2742 3522 quod
2785 3467 2894 3505 non
2937 3451 3108 3506 solum
3144 3451 3197 3505 in
3244 3447 3596 3520 quadragesi-

2008 3547 2162 3610 mali,
2220 3561 2410 3600 verum
2455 3545 2618 3599 etiam
2661 3544 2717 3598 in
2769 3542 2916 3597 nullo
2974 3551 3216 3612 tempore
3263 3541 3469 3595 licitum
3519 3548 3603 3596 est

2007 3636 2368 3701 Christianis;
2401 3635 2496 3690 sed
2524 3635 2650 3703 quia
2676 3632 2853 3696 vobis,
2882 3631 2974 3701 qui
3002 3634 3054 3686 in
3091 3639 3329 3685 montem
3355 3629 3594 3682 nondum

2009 3729 2307 3785 ascendere
2331 3736 2586 3797 tanquam
2614 3725 2815 3780 inﬁrmi
2837 3725 3089 3796 potestis,
3117 3732 3175 3777 ut
3197 3723 3322 3777 inde
3349 3722 3601 3777 sublimia

1969 3868 1974 3874 .
2006 3822 2261 3878 mandata
2291 3821 2384 3875 Dei
2409 3819 2743 3890 percipiatis,
2765 3819 2859 3874 sed
2885 3818 2938 3872 in
2967 3816 3383 3886 campestribus,
3408 3829 3597 3884 quem-

2006 3911 2293 3967 admodum
2339 3910 2434 3966 ﬁlii
2481 3912 2754 3981 quondam
2797 3907 2984 3975 Israel,
3027 3899 3188 3978 positi
3217 3906 3373 3970 estis,
3403 3905 3595 3960 utsal-

2009 4011 2115 4056 tem
2146 4002 2217 4057 ibi
2251 4002 2407 4073 plana
2455 4010 2512 4057 et
2539 4003 2760 4056 minora
2785 4015 3012 4071 qumque
3043 4009 3313 4069 prmcepta
3345 3998 3596 4061 sumatis,

2005 4093 2235 4148 necdum
2264 4109 2554 4164 possumus
2599 4095 2865 4159 suadere,
2911 4102 2972 4147 ut
3011 4091 3158 4147 omni
3190 4100 3431 4161 tempore
3461 4088 3600 4157 jocis

2004 4185 2356 4249 abstineatis,
2395 4193 2452 4240 et
2488 4184 2926 4254 quadragesima,
2977 4197 3043 4237 ac
3079 4181 3271 4253 jejunii
3330 4192 3597 4251 tempore,

2005 4276 2220 4345 quando
2240 4275 2572 4346 peramplius
2591 4285 2646 4331 et
2674 4276 2966 4330 instantius
2985 4273 3219 4330 orationi
3245 4282 3300 4328 et
3319 4273 3599 4329 abstinen-

2005 4367 2113 4430 tiae,
2157 4375 2212 4421 ct
2249 4367 2574 4422 omnimoda:
2601 4367 2935 4437 poenitentia:
2964 4366 3104 4421 sicut
3147 4364 3306 4434 longe
3349 4362 3599 4432 superius

2005 4457 2354 4527 exposuimus
2372 4497 2386 4523 ,
2409 4473 2600 4512 vacare
2625 4458 2854 4522 debetis,
2879 4473 2986 4513 non
3009 4457 3186 4512 solum
3209 4455 3350 4525 jocis
3367 4495 3382 4516 ,
3405 4469 3595 4508 verum

2004 4551 2169 4604 etiam
2193 4549 2260 4603 ab
2279 4550 2427 4604 omni
2449 4549 2776 4618 vaniloquio,
2803 4558 2856 4604 et
2877 4549 3224 4608 scurrilitate,
3245 4561 3364 4616 qua:
3387 4545 3454 4599 ad
3480 4559 3593 4598 rem

2006 4657 2113 4697 non
2171 4641 2464 4711 pertinent,
2517 4651 2680 4712 atque
2713 4641 2783 4698 ab
2823 4642 2942 4711 ipso
2983 4639 3158 4696 otioso
3185 4639 3372 4703 verbo,
3433 4646 3494 4691 ut
3542 4635 3593 4689 in

2007 4733 2297 4804 Evangelia
2325 4732 2584 4788 Dominus
2619 4734 2750 4789 dicit
2787 4751 2801 4786 :
2837 4732 2990 4798 Quod
3013 4730 3176 4784 locuti
3204 4729 3398 4797 fuerint
3429 4725 3579 4780 homi-

2009 4841 2117 4888 nes,
2149 4824 2362 4878 reddent
2385 4824 2451 4879 de
2477 4840 2536 4879 eo
2558 4825 2811 4878 rationem
2832 4822 3048 4892 (Matth.
3073 4820 3173 4891 xu)
3203 4835 3222 4874 :
3249 4818 3298 4874 si
3329 4820 3394 4873 de
3418 4817 3594 4872 otioso

2007 4925 2212 4985 quanto
2241 4917 2413 4987 magis
2443 4917 2508 4970 de
2543 4915 2705 4970 noxio
2728 4923 2784 4970 et
2812 4913 3139 4968 criminose?
3166 4911 3310 4966 nulla
3339 4925 3471 4980 ergo
3497 4925 3593 4963 vos

2013 5004 2368 5074 voluptatum,
2398 5012 2454 5058 et
2474 5005 2741 5074 jocorum,
2764 5011 2822 5058 et
2848 5001 3086 5056 maxime
3112 5002 3168 5056 in
3191 5012 3433 5071 tempore
3447 4999 3592 5071 jeju-

2012 5097 2224 5150 niorum
2243 5136 2258 5160 ,
2287 5096 2497 5150 vanitas
2523 5093 2782 5149 seducere
2817 5092 3019 5158 valeat;
3051 5107 3158 5148 non
3181 5091 3325 5147 enim
3361 5091 3592 5147 lamenta

2011 5203 2135 5244 cum
2158 5187 2297 5258 jocis
2325 5185 2672 5249 conveniunt,
2703 5191 2757 5236 et
2783 5181 2964 5248 fallax,
2994 5198 3058 5239 ac
3079 5182 3356 5253 deceptrix
3383 5181 3589 5247 laetitia,

2009 5294 2235 5334 veraces
2282 5278 2549 5348 lacrymas
2606 5275 2906 5346 producere
2961 5274 3134 5329 nescit
3185 5273 3238 5328 in
3294 5273 3586 5343 proximo:

2008 5381 2268 5440 praeterea
2292 5379 2376 5424 est
2397 5368 2587 5436 iudex,
2619 5368 2708 5436 qui
2735 5366 2870 5421 dixit
2899 5381 2913 5419 :
2959 5363 3045 5420 Va:
3095 5364 3238 5419 vobis
3289 5364 3379 5436 qui
3411 5363 3590 5417 ridetis

2008 5478 2164 5524 nunc,
2188 5463 2310 5530 quia
2332 5461 2590 5530 lugebitis,
2606 5471 2652 5516 et
2673 5461 2860 5530 ﬂebitis
2883 5447 3031 5532 (Luc.
3059 5463 3167 5528 VI);
3189 5462 3313 5515 hinc
3336 5458 3589 5514 Salomon

2008 5555 2084 5607 ait
2113 5571 2125 5606 :
2160 5553 2319 5606 Risus
2339 5551 2518 5606 dolore
2543 5553 2861 5619 miscebitur,
2891 5563 2938 5608 et
2959 5563 3194 5608 extrema
3213 5551 3394 5622 gaudii
3416 5550 3588 5602 luctus

2007 5655 2224 5716 occupat
2254 5642 2436 5715 (Prov.
2459 5646 2605 5715 xw);
2639 5647 2764 5702 hinc
2792 5648 2985 5702 iterum
3014 5646 3145 5702 dicit
3175 5664 3190 5700 :
3222 5645 3401 5698 Risum
3433 5657 3586 5708 repu-

2009 5739 2116 5791 tavi
2149 5753 2398 5802 errorem,
2440 5745 2488 5785 et
2520 5737 2713 5806 gaudia
2741 5737 2854 5792 dixi
2874 5752 2891 5792 :
2913 5735 3050 5804 Quid
3076 5737 3274 5807 [rustra
3301 5729 3590 5798 deciperis?
