4050 6324
527 323 640 382 999
1862 324 1871 329 *
1892 300 2117 361 ἰκΊοοᾓ

2223 297 2415 358 ΡᾹΡέεΕ
2451 298 2475 356 ῐ

521 435 720 513 (Eccle.
747 434 833 505 tt.)
874 432 1013 488 Hinc
1042 426 1229 485 rursus
1256 424 1331 483 ait
1366 444 1382 484 :
1411 425 1517 483 Cor
1544 424 1881 495 sapientium,
1908 413 1997 474 ubi
2023 420 2117 473 tri-
2147 430 2190 482 Α
2221 416 2377 486 perit.
2420 414 2490 470 Ut
2516 430 2633 513 cap.
2682 413 2750 469 78
2785 412 3427 513 communitatem},
3463 418 3854 489 compellatur

517 511 664 585 stitia
699 536 808 592 est;
838 533 890 579 et
928 540 1020 577 cor
1043 521 1358 584 stultorum,
1403 516 1492 571 ubi
1526 515 1711 569 la’titia
1748 511 1959 585 (ibid.);
1994 523 2115 581 gra-

518 629 637 676 tum
674 630 908 687 namque
933 614 1043 669 Deo
1073 609 1400 668 sacriﬁcium
1426 615 1509 662 est
1533 604 1751 660 alllictio
1775 613 1965 658 contra
1995 614 2120 671 pec-

519 719 727 772 catum,
766 706 1050 762 Psalmista
1082 711 1336 766 testante,
1369 701 1462 771 qui
1493 701 1568 753 ait
1596 715 1612 754 :
1639 696 1975 765 Sacriﬁcium
2003 693 2112 747 Deo

523 802 746 871 spiritus
773 795 1155 852 contribulatus
1180 793 1353 863 (Psal.
1389 792 1464 864 L).

593 890 823 948 XLVIII.
865 888 1019 946 Unde
1036 902 1137 943 nec
1152 900 1379 940 uxorem
1397 885 1614 946 ducere,
1641 895 1746 936 nec
1766 876 2012 934 convivia
2036 874 2118 930 fa-

521 997 647 1038 cere
692 982 743 1035 in
798 976 1260 1050 quadragesimali
1322 982 1565 1044 tempore
1616 969 1906 1027 convenire
1961 981 2120 1036 posse

526 1073 836 1128 nullatenus
856 1071 1207 1125 arbitramur.
1236 1062 1435 1121 Iterum
1465 1064 1595 1134 quid
1622 1064 1749 1118 hinc
1776 1059 1921 1116 sacri
1947 1072 2118 1114 cano-

523 1177 623 1217 nes
650 1162 832 1216 dicant
862 1160 1114 1229 episcOpo
1145 1165 1328 1213 vestro
1356 1155 1584 1210 docente
1617 1152 1822 1208 scietis.
2063 1203 2067 1207 .
2096 1144 2115 1155 “

550 1286 551 1289 η
598 1250 785 1307 XLIX.
824 1250 1096 1306 Prieterea
1144 1248 1535 1312 sciscitamini,
1583 1246 1628 1301 si
1679 1245 1804 1299 licet
1859 1242 2120 1298 exhibere

522 1344 678 1399 vobis
705 1342 1164 1413 quemadmodum
1202 1341 1354 1411 prius
1384 1340 1440 1394 in
1479 1339 1659 1393 dotem
1687 1327 2006 1407 conjugibus
2028 1350 2125 1388 ve-

523 1434 657 1489 stris
685 1445 896 1497 aurum,
921 1440 1224 1503 argentum,
1249 1430 1434 1493 boves,
1456 1442 1647 1498 equos,
1671 1435 1799 1491 etc.,
1824 1426 1966 1494 quod
1991 1425 2119 1495 quia

529 1524 734 1581 nullum
773 1532 1056 1595 peccatum
1088 1531 1174 1578 est
1201 1529 1258 1576 et
1289 1520 1435 1591 leges
1461 1520 1564 1575 hoc
1592 1519 1917 1583 connivent,
1940 1524 1992 1570 et
2021 1530 2120 1570 nos

525 1625 586 1671 ut
613 1615 705 1671 flat
728 1616 949 1670 minime
973 1613 1349 1683 prohibemus;
1378 1622 1434 1666 et
1455 1626 1560 1664 non
1581 1608 1756 1664 solutn
1779 1608 1904 1671 hoc,
1929 1620 2118 1661 verum

523 1706 691 1761 etiam
722 1706 983 1776 quidquid
1009 1713 1135 1759 ante
1153 1703 1479 1772 baptismum
1498 1701 1710 1772 egistis,
1737 1708 1794 1755 et
1823 1713 1967 1754 nunc
1985 1714 2118 1767 quo-

2221 508 2518 575 suscipere.
2558 504 2803 575 Denique
2837 505 2941 562 hoc
2974 514 3083 562 tam
3115 507 3356 564 immane
3382 508 3565 565 scelus
3600 520 3741 577 est,
3788 523 3851 567 ut

2222 598 2495 654 homicidii
2527 595 2749 667 quidem
2779 607 3062 665 peccatum
3080 638 3095 662 ,
3124 599 3272 667 quod
3298 598 3431 654 Cain
3458 600 3511 656 in
3538 601 3701 655 Abel
3728 600 3848 656 fra-

2224 700 2359 745 trem
2386 704 2543 745 snum
2587 689 2867 743 commisit
2890 687 3046 758 (Gen.
3070 689 3184 760 tv),
3212 690 3440 759 septima
3467 691 3851 761 generatione

2220 781 2548 851 cataclysqu
2597 778 2929 833 vindicatum
2969 777 3134 834 fuerit
3182 779 3336 850 (Gen.
3377 785 3510 850 vn);
3552 781 3839 837 adulterii
3875 774 3891 827 ἓ

2223 880 2404 926 autem
2442 870 2727 941 ﬂagitium,
2764 872 2910 939 quod
2940 870 3175 926 Latnech
3219 873 3463 927 omnium
3505 875 3751 944 primus
3789 877 3843 932 in

2224 963 2435 1017 duabus
2457 962 2715 1017 uxoribus
2749 964 3081 1034 perpetravit
3109 964 3262 1035 (Gen.
3295 968 3405 1035 tv),
3442 969 3680 1023 nonnisi
3711 984 3843 1023 san-

2221 1053 2385 1122 guine
2414 1052 2615 1108 Christi
2645 1052 2905 1109 abolitum
2945 1056 3235 1120 exstiterit,
3264 1057 3355 1126 qui
3392 1058 3640 1127 septima
3666 1068 3732 1112 et
3761 1074 3843 1114 se-

2222 1142 2559 1215 ptuagesima
2581 1144 2932 1213 generatione
2959 1146 3257 1201 secundum
3283 1146 3654 1218 Evangelium
3688 1149 3844 1204 luxe-

2223 1234 2293 1287 rit
2323 1235 2375 1288 in
2405 1234 2684 1289 mundum.

2291 1325 2398 1381 LII.
2441 1325 2499 1381 Si
2521 1341 2682 1382 nosse
2706 1326 3023 1384 desideratis
3045 1328 3173 1398 quid
3199 1329 3264 1385 de
3282 1330 3371 1387 his
3394 1332 3486 1401 qui
3518 1331 3843 1401 quemlibet

2220 1418 2584 1474 cunucbizant
2617 1418 2970 1488 judicandum
3006 1422 3097 1488 sit,
3146 1424 3370 1494 paginas
3408 1423 3602 1496 legum
3648 1425 3838 1481 revol-

2227 1509 2358 1563 vite.

2294 1599 2424 1655 LIII.
2462 1598 2756 1657 Consulitis
2783 1602 2828 1658 si
2851 1602 2977 1658 licet
3005 1620 3170 1676 super
3189 1622 3456 1674 mensam,
3481 1609 3540 1664 in
3590 1624 3712 1679 qua
3752 1626 3838 1666 sa-

2222 1693 2413 1746 cerdos
2430 1731 2447 1755 ,
2483 1701 2579 1746 aut
2604 1693 2866 1754 diaconus
2892 1695 3079 1760 deest,
3107 1696 3360 1752 vexillum
3386 1706 3600 1753 sanctae
3646 1703 3835 1756 crucis

523 1811 631 1868 que
657 1797 824 1852 vobis
863 1809 1025 1867 agerc
1052 1792 1295 1864 profecto
1317 1792 1632 1847 conceditur
1660 1789 1744 1862 (S.
1778 1789 1934 1860 Greg.
1971 1789 2114 1842 hom.
2153 1780 2193 1839 Β
2221 1782 2532 1852 imprimere
2566 1791 2624 1837 et
2667 1783 2953 1838 comedere
2992 1803 3008 1839 :
3044 1786 3189 1856 quod
3229 1787 3416 1857 procul
3454 1788 3637 1845 dubio
3680 1791 3833 1853 licet.

521 1887 595 1941 24
624 1889 682 1941 in
718 1886 949 1958 evang.).
992 1884 1130 1939 Nam
1169 1884 1491 1954 piscatorem
1531 1883 1776 1947 Petrum,
1807 1880 2116 1936 Matthzemn

526 1993 659 2034 vero
684 1979 1004 2034 telonarium
1034 1979 1265 2040 scimus,
1298 1985 1352 2030 et
1382 1984 1505 2046 post
1526 1975 1938 2029 conversionem
1966 1987 2122 2027 suam

522 2069 717 2126 Petrus
746 2069 811 2123 ad
838 2069 1189 2139 piscationem
1220 2065 1399 2133 rediit,
1422 2066 1706 2120 Matthmus
1728 2080 1859 2119 vero
1879 2064 1949 2119 ad
1984 2064 2119 2117 telo-

523 2161 603 2218 nii
629 2160 900 2231 negotium
927 2175 1035 2214 non
1061 2158 1280 2218 resedit,
1303 2158 1432 2227 quia
1453 2167 1509 2212 et
1536 2156 1682 2211 aliud
1700 2166 1784 2210 est
1806 2156 2003 2210 victum
2024 2169 2124 2223 per

522 2250 884 2324 piscationem
930 2262 1196 2318 qumrere,
1243 2247 1386 2300 aliud
1432 2245 1616 2300 telonii
1656 2245 1822 2300 lucris
1862 2244 2121 2314 pecunias

524 2357 744 2414 augere.
775 2341 913 2395 Sunt
952 2339 1096 2394 enim
1126 2338 1385 2409 pleraque
1414 2338 1626 2407 negotia
1646 2378 1662 2403 ,
1688 2350 1809 2406 quae
1836 2336 1955 2391 sine
1985 2350 2119 2406 pec-

525 2441 650 2488 cato
681 2429 928 2484 exhibui
957 2438 1050 2483 aut
1080 2428 1193 2494 vix,
1220 2437 1314 2481 aut
1340 2427 1646 2481 nullatenus
1666 2433 1909 2495 possunt,
1936 2426 2002 2479 ad
2030 2414 2119 2480 illa

524 2534 656 2594 ergo
686 2530 924 2583 tantum,
955 2533 1075 2589 qua:
1115 2518 1182 2573 ad
1223 2526 1503 2587 peccatum
1547 2517 1849 2587 implicant,
1894 2530 2119 2572 necesse

525 2624 611 2671 est
631 2622 688 2668 ut
710 2621 829 2684 post
855 2611 1271 2667 conversionem
1296 2610 1511 2664 animus
1532 2624 1639 2663 non
1666 2617 1916 2663 recurrat
1939 2626 1952 2662 :
1973 2608 2119 2677 quod

524 2719 655 2760 vero
683 2705 910 2773 quisque
939 2710 1064 2757 ante
1093 2701 1503 2757 conversionem
1542 2700 1658 2754 sine
1698 2708 1922 2768 peccato
1949 2714 2114 2753 exere

524 2794 665 2859 cuit,
695 2794 798 2848 hoc
832 2809 956 2849 eum
996 2802 1120 2863 post
1145 2791 1558 2848 conversionem
1594 2799 1840 2861 repetere
1876 2804 1987 2844 non
2031 2798 2119 2846 est

525 2885 702 2955 culpa.
840 2891 848 2899 '

595 2977 661 3033 L.
701 2978 839 3046 Quid
864 2980 930 3033 de
949 2992 1033 3041 eo,
1055 2977 1148 3046 qui
1168 2975 1234 3031 de
1255 2973 1709 3045 quadragesimali
1728 2983 1970 3044 tempore
1990 2988 2115 3029 cum

522 3084 692 3124 uxore
717 3084 813 3125 sua
835 3070 1047 3134 coierit,
1073 3069 1145 3124 sit
1159 3067 1533 3137 judicandum,
1563 3064 1805 3137 episcopi
1828 3067 1992 3122 vestri
2015 3105 2034 3131 ,
2058 3074 2114 3121 et

524 3151 934 3227 sacerdotis'qui
965 3159 1033 3212 ab
1060 3172 1127 3212 eo
1166 3158 1524 3211 constituetur
1546 3196 1563 3219 ,
1607 3155 1831 3211 arbitrio
1862 3155 2113 3211 conside-

524 3252 753 3306 randum
774 3291 790 3315 ,
819 3266 884 3305 ac
913 3250 1280 3304 dilliniendum
1310 3248 1731 3310 committimus,
1756 3247 1848 3317 qui
1872 3245 2117 3318 singulo-

524 3357 647 3396 rum
694 3356 873 3397 mores
913 3353 1211 3412 agnoscere
1260 3347 1545 3410 poterunt;
1583 3348 1639 3393 et
1694 3336 2117 3406 uniuscujusque

527 3441 770 3489 vestrum
798 3448 990 3488 causas
1015 3431 1226 3485 libratis
1250 3430 1532 3500 personis,
1560 3445 1627 3485 ac
1652 3427 1983 3499 temporibus
2009 3428 2121 3484 dis-

525 3536 780 3589 cernere,
821 3538 916 3578 seu
959 3521 1232 3577 moderari
1259 3520 1555 3576 debebunt.
1585 3520 1756 3575 Porro
1785 3535 1907 3575 cum
1930 3534 1993 3575 ea
2026 3535 2120 3577 eo-

523 3615 646 3672 dem
662 3625 900 3685 temporc
925 3615 1042 3670 sine
1063 3614 1239 3685 aliqua
1261 3613 1723 3668 contaminatione
1739 3611 1978 3667 dormire
2004 3626 2120 3666 om-

524 3706 654 3762 nino
677 3705 899 3786 liceret,
927 3706 972 3760 si
1005 3704 1168 3775 ignis,
1210 3715 1267 3758 et
1292 3703 1446 3774 palea
1472 3703 1592 3759 sine
1633 3703 1849 3758 laesione
1875 3717 2119 3758 commu-

2223 1889 2348 1927 nam
2378 1874 2631 1930 omnibus
2663 1875 2849 1930 datum
2877 1885 2983 1942 est,
3011 1888 3073 1934 ut
3107 1889 3164 1934 et
3190 1881 3373 1936 omnia
3402 1888 3599 1937 nostra
3630 1884 3741 1939 hoc
3760 1886 3830 1939 εἰ.

2221 1981 2327 2036 gno
2355 1967 2650 2023 debeamus
2680 1969 2748 2024 ab
2778 1969 2991 2026 insidiis
3014 1972 3228 2028 munire
3255 1973 3452 2030 diaboli
3475 2014 3495 2041 ,
3517 1986 3579 2031 et
3612 1977 3690 2031 ab
3713 1976 3834 2045 ejus

2220 2061 2472 2116 omnibus
2510 2062 3007 2133 impugnationibus
3032 2065 3087 2119 in
3115 2063 3317 2120 Christi
3349 2067 3578 2122 nomine
3629 2069 3823 2122 trium-

2221 2152 2391 2223 phare
2416 2170 2430 2207 :
2463 2161 2713 2223 superest
2748 2163 2990 2220 tantum,
3021 2167 3081 2209 ut
3109 2171 3235 2211 cum
3263 2155 3441 2226 potior
3465 2157 3657 2225 adest,
3690 2159 3827 2213 infe-

2221 2244 2334 2298 rior
2362 2245 2465 2300 hoc
2498 2244 2603 2300 sibi
2633 2245 2738 2300 nisi
2766 2246 2950 2317 jussus
2983 2263 3091 2303 non
3119 2248 3317 2303 audeat
3343 2264 3614 2320 arrogare
3647 2269 3664 2305 :
3689 2267 3829 2321 quo-

2220 2337 2388 2403 niam,
2412 2337 2535 2392 Non
2559 2348 2635 2392 est
2667 2338 2958 2409 discipulus
2978 2357 3134 2411 super
3155 2342 3462 2410 magistrum
3484 2342 3716 2413 (Matth.
3742 2345 3823 2413 x),

2219 2434 2274 2480 et
2301 2426 2494 2482 iterum
2522 2429 2768 2499 praecipit
2789 2428 3078 2499 Apostolus
3097 2430 3282 2487 dicens
3307 2449 3325 2486 :
3352 2430 3577 2509 Honore
3598 2435 3822 2489 invicem

2217 2521 2590 2588 pramenieutes
2619 2519 2799 2593 (Rom.
2827 2521 2953 2595 xtl).

2287 2609 2421 2665 LIV.
2462 2612 2649 2668 Dicitis
2674 2614 2818 2682 quod
2856 2613 3033 2671 Grzeci
3057 2614 3327 2673 fateantur
3350 2619 3497 2689 quod
3532 2619 3590 2674 in
3626 2619 3819 2676 Eccle-

2216 2714 2295 2755 sta
2330 2700 2420 2770 qui
2459 2716 2564 2756 non
2594 2703 2902 2758 constrictis
2941 2705 3008 2759 ad
3056 2714 3244 2774 pectus
3285 2709 3541 2763 manibus
3567 2712 3806 2772 steterit,

2216 2794 2513 2848 maximum
2534 2795 2732 2851 habeat
2751 2806 3031 2864 peccatum
3054 2815 3069 2851 :
3094 2799 3199 2854 hoc
3219 2810 3279 2854 ut
3304 2799 3457 2856 ﬁeret
3475 2810 3808 2871 pmoptum

2215 2882 2385 2939 fuisse
2410 2901 2675 2956 nusquam
2695 2927 2712 2953 ,
2740 2887 2797 2943 ni
2822 2887 3093 2957 fallimur,
3121 2890 3426 2957 invenitur,
3463 2907 3532 2947 ac
3560 2908 3659 2963 per
3683 2909 3805 2958 hoc.

2214 2977 2316 3032 nisi
2338 2976 2451 3043 llat,
2477 2988 2754 3047 peccatum
2779 2996 2886 3061 non
2909 2990 2993 3036 est
3022 2998 3038 3035 :
3067 2998 3193 3037 nam
3212 2983 3429 3053 quidem
3449 2983 3654 3038 faciunt
3677 2984 3794 3047 hoc,

2219 3071 2436 3138 quidam
2465 3071 2593 3125 illud
2616 3111 2635 3138 ,
2668 3086 2814 3127 nunc
2839 3071 2929 3128 isti
2956 3073 3059 3128 hoc
3081 3089 3252 3146 genus
3274 3074 3631 3141 humilitatis,
3663 3091 3798 3130 nunc

2221 3163 2350 3219 illud
2377 3172 2694 3221 ostentant:
2720 3165 2825 3220 nisi
2849 3164 2989 3222 forte
3009 3167 3103 3237 qui
3121 3168 3471 3236 pertinaciter
3497 3178 3698 3223 recuset
3719 3166 3795 3222 fa—

2219 3270 2368 3321 cere,
2393 3258 2535 3327 quod
2561 3272 2753 3313 omnes
2778 3259 2976 3314 viderit
3003 3258 3284 3316 facientes.
3314 3259 3511 3316 Verum
3530 3273 3583 3315 et
3603 3262 3717 3323 hoc,
3734 3268 3787 3315 et

2219 3345 2388 3402 multa
2424 3347 2478 3401 in
2511 3348 2750 3405 diversis
2774 3348 2908 3405 locis
2933 3350 3040 3405 alia
3074 3351 3398 3407 humilitatis
3426 3352 3610 3407 indicio
3633 3351 3773 3413 ﬁunt,

2216 3446 2273 3492 et
2300 3437 2421 3503 hoc,
2455 3453 2578 3494 cum
2602 3440 2697 3507 sit,
2722 3443 3288 3499 nonnisihumilitatis
3314 3444 3481 3516 gratia
3506 3442 3594 3507 fit,
3619 3452 3671 3497 et
3694 3456 3777 3496 re-

2215 3547 2345 3587 vera
2370 3534 2632 3603 scriptum
2658 3544 2742 3590 est
2773 3553 2788 3589 :
2822 3535 3009 3591 Oratio
3033 3536 3425 3592 humiliantium
3443 3553 3499 3591 se
3521 3535 3669 3589 nubes
3696 3550 3779 3603 pec

2216 3625 2440 3679 netrabit
2474 3625 2675 3699 (Eccle.
2703 3630 2896 3696 xxxv),
2941 3628 3168 3698 proinde
3206 3628 3322 3684 sive
3351 3629 3478 3692 hoc,
3517 3627 3627 3683 sive
3653 3624 3771 3680 aliud

2215 3713 2346 3782 quid
2375 3714 2700 3771 humilitatis
2727 3717 3041 3786 excogitare
3070 3725 3247 3788 potest
3267 3717 3453 3783 homo,
3474 3733 3581 3772 non
3606 3726 3681 3771 est
3698 3728 3774 3767 re-

3699 304 3859 367 10M.

525 3798 743 3855 nionem
772 3797 1009 3867 aliquam
1037 3796 1388 3860 habuissent,
1416 3795 1502 3849 vel
1530 3796 1573 3850 si
1604 3793 1884 3850 diabolicae
1908 3792 2117 3847 fraudis

524 3891 737 3946 astutia:
774 3867 1119 3944 nesciren't‘ur
1162 3902 1285 3941 nam
1322 3886 1415 3941 ubi
1452 3885 1723 3940 masculus
1751 3900 1872 3940 cum
1914 3884 2114 3940 femina

523 3982 731 4053 pariter
756 3990 1166 4043 conversantur,
1184 3976 1398 4032 dillicile
1422 3986 1503 4031 est
1529 3976 1750 4031 insidias
1774 3976 1945 4031 hostis
1972 3975 2113 4029 anti-

528 4069 623 4140 qui
653 4070 841 4125 deesse
861 4108 876 4134 ,
900 4082 1019 4138 quae
1044 4068 1299 4122 nimirum
1334 4082 1441 4120 non
1468 4066 1689 4122 defuere
1713 4107 1727 4128 ,
1756 4066 1847 4120 ubi
1869 4065 2113 4121 solitaria

529 4162 721 4217 fratris
747 4169 802 4216 et
835 4160 1068 4226 sororis,
1100 4160 1361 4216 Amnonis
1390 4158 1597 4214 scilicet
1623 4166 1680 4213 et
1712 4157 1949 4213 Thamar
1970 4199 1987 4223 ,
2017 4172 2111 4212 ex-

2223 4170 2304 4241 qui
2331 4179 2456 4225 ante
2479 4170 2668 4236 Deum,
2699 4171 2793 4241 qui
2823 4181 2905 4228 est
2932 4180 3201 4238 aeternus,
3224 4173 3514 4238 terribilis,
3540 4182 3594 4229 et
3616 4169 3777 4227 excel-

526 4254 664 4311 Blllil
707 4252 1032 4324 parvissima
1073 4253 1247 4322 spatio
1283 4251 1638 4307 commoratio
1680 4249 1745 4321 (Ῑ
1784 4250 1914 4322 Ῑὶες.
1956 4251 2110 4322 XIII).
2211 4274 2325 4324 sus,
2354 4261 2665 4326 accesserit,
2702 4277 2825 4316 cum
2846 4261 2995 4317 omni
3020 4276 3219 4332 pavore
3240 4276 3305 4316 ac
3332 4270 3569 4317 tremore
3589 4275 3684 4315 non
3699 4273 3777 4313 so-

595 4345 681 4401 LI.
725 4345 782 4401 Si
814 4344 976 4399 liceat
999 4358 1106 4397 uno
1133 4351 1375 4412 tempore
1403 4342 1605 4398 habere
1624 4342 1761 4397 duas
1790 4356 1992 4397 uxores
2010 4357 2110 4396 ex-
2209 4346 2320 4403 lum
2347 4358 2493 4406 stare
2520 4350 2791 4415 convenit,
2821 4351 2916 4406 sed
2936 4359 2992 4406 et
3019 4351 3174 4422 quasi
3197 4366 3414 4407 servum
3444 4351 3770 4419 semetipsum

435 4432 447 4445 ’
524 4437 739 4535 quiritis
755 4476 772 4502 ,
803 4434 1019 4535 quod-si
1044 4449 1154 4535 non.
1177 4435 1335 4535 licet,
1532 4433 1760 4535 cupitis,
1784 4433 1923 4535 apud
1944 4449 2107 4535 quem
2137 4475 2187 4535 Β
2214 4439 2267 4493 in
2296 4450 2587 4511 conspectu
2612 4442 2730 4512 ejus
2763 4442 3041 4497 humiliter
3063 4451 3413 4514 praesentare,
3435 4451 3491 4497 et
3515 4443 3637 4514 quia
3661 4453 3775 4510 quo-

523 4529 806 4586 inventum
833 4526 1017 4591 fuerit,
1066 4525 1193 4596 quid
1234 4526 1428 4581 exinde
1461 4524 1643 4582 facere
1673 4524 1933 4581 debeatis.
1965 4526 2110 4582 Duas
2137 4524 2183 4535 '
2216 4528 2461 4584 rumdam
2503 4529 2556 4585 in
2589 4530 2883 4601 Evangelio
2912 4532 3264 4602 reproborum
3304 4531 3458 4600 ligari
3489 4544 3698 4593 manus,
3725 4535 3774 4585 et

522 4628 765 4690 tempore
789 4633 899 4673 uno
931 4618 1134 4672 habere
1159 4630 1385 4681 uxores,
1414 4631 1515 4671 nec
1536 4616 1653 4686 ipsa
1680 4617 1831 4688 origo
1859 4617 2111 4672 humanae
2214 4620 2379 4691 pedes
2426 4622 2810 4692 praecipiuntur
2853 4621 3071 4694 (Matth.
3119 4624 3294 4692 xxtt),
3337 4622 3467 4691 quid
3514 4621 3651 4678 aliud
3696 4618 3772 4674 isti

524 4709 850 4766 conditionis
876 4708 1132 4771 admittit,
1162 4721 1262 4762 nec
1288 4705 1377 4760 lex
1403 4705 1830 4762 Christianorum
1854 4706 1961 4761 ulla
1990 4723 2108 4777 per-
2213 4718 2380 4781 agunt
2406 4710 2494 4780 qui
2525 4726 2717 4766 manus
2741 4726 2868 4766 suas
2887 4728 3068 4767 coram
3100 4713 3327 4769 Domino
3348 4711 3540 4784 ligant,
3566 4711 3659 4767 nisi
3679 4710 3772 4764 Deo

523 4798 711 4854 mittit.
749 4796 883 4853 Nam
914 4797 1076 4857 Deus,
1108 4796 1201 4867 qui
1232 4794 1357 4851 fecit
1388 4795 1695 4861 hominem,
1720 4797 1788 4851 ab
1819 4797 1973 4852 initio
1997 4814 2109 4852 ma-
2212 4801 2607 4871 quodammodo
2633 4803 2853 4870 dicunt,
2878 4804 3124 4869 Domine,
3157 4820 3225 4860 ne
3248 4819 3440 4860 manus
3468 4820 3614 4861 meas
3637 4800 3768 4873 ligari

526 4887 734 4944 sculum
772 4903 937 4943 unum
970 4886 1097 4942 fecit
1125 4896 1182 4941 et
1210 4901 1372 4940 unam
1404 4886 1657 4942 feminam
1697 4895 1902 4942 tantum
1949 4884 2102 4959 (Gen.
2211 4892 2510 4961 praecipias,
2533 4900 2591 4946 ut
2617 4893 2803 4948 mittar
2824 4894 2876 4948 in
2903 4895 3155 4951 tenebras
3178 4897 3516 4951 exteriores:
3541 4894 3767 4967 quoniam

526 4978 605 5048 ι),
648 4976 734 5031 cui
762 4977 935 5046 potuit
960 4976 1148 5045 utique
1178 4976 1223 5031 si
1257 4975 1417 5031 vellet
1455 4976 1590 5031 duas
1617 4991 1815 5032 uxores
1845 4978 2107 5044 tribuere,
2203 4979 2316 5051 jam
2346 4995 2446 5052 ego
2470 4996 2564 5036 eas
2592 4981 2754 5053 ligavi
2775 5023 2792 5048 ,
2816 4989 2870 5036 et
2897 4997 3027 5039 ecce
3050 4984 3118 5038 ad
3144 4983 3351 5054 ﬂagella
3384 4994 3609 5055 paratus
3630 4980 3767 5038 sum?

526 5065 626 5121 sed
652 5064 858 5130 noluit;
890 5064 1150 5134 scriptum
1178 5064 1375 5134 quippe
1398 5073 1483 5119 est
1512 5082 1526 5119 :
1560 5062 1786 5135 Propter
1806 5066 1904 5119 hoc
1951 5065 2111 5121 relin-
2212 5072 2347 5126 Hinc
2389 5074 2556 5128 etiam
2602 5083 2790 5144 pectus
2825 5075 3160 5145 percutimus
3202 5077 3480 5148 signantes
3523 5076 3759 5133 videlicet.

528 5165 646 5229 quet
672 5155 824 5208 homo
855 5163 1056 5222 patrem
1079 5165 1126 5208 et
1154 5165 1376 5210 matrem
1395 5195 1412 5222 ,
1436 5166 1484 5210 et
1508 5156 1795 5211 adharebit
1823 5158 1975 5212 uxori
1999 5175 2110 5214 sua:
2210 5161 2354 5231 quod
2383 5162 2630 5232 nequiter
2651 5162 2878 5234 egimus,
2911 5161 3195 5233 displicere
3220 5166 3393 5231 nobis,
3416 5179 3480 5221 ac
3501 5167 3617 5220 ideo
3638 5169 3763 5217 ante-

530 5244 688 5319 (Gen.
714 5244 797 5314 tt),
823 5258 929 5299 non
947 5244 1102 5308 dixit,
1132 5247 1422 5312 uxoribus;
1449 5256 1504 5303 et
1538 5248 1733 5303 iterum
1763 5263 1778 5302 :
1810 5247 1983 5304 Erunt
2004 5251 2110 5305 duo
2211 5266 2372 5320 quam
2399 5251 2542 5308 Deus
2568 5251 2746 5317 feriat,
2788 5253 2839 5308 id
2862 5269 2962 5309 nos
2992 5254 3043 5308 in
3068 5254 3223 5310 nobis
3247 5255 3378 5325 ipsis
3406 5254 3589 5318 ferire,
3615 5262 3663 5308 et
3685 5264 3762 5304 an-

525 5339 586 5393 ἐκ
617 5350 774 5390 carne
809 5350 916 5387 una
955 5333 1149 5404 (ibid.),
1180 5336 1447 5393 masculus
1500 5337 1707 5394 scilicet
1734 5348 1791 5394 et
1824 5339 2023 5395 femina
2054 5342 2111 5395 in
2213 5350 2429 5411 teqnam
2453 5342 2586 5398 ultio
2606 5354 2852 5400 extrema
2875 5345 3078 5412 veniat,
3109 5346 3458 5401 commissum
3483 5339 3760 5416 ptenitentia

527 5444 697 5486 carne
723 5442 860 5494 una,
890 5437 947 5482 et
966 5442 1071 5482 non
1103 5436 1211 5485 tres
1238 5438 1331 5484 aut
1350 5429 1551 5499 plures.
1576 5430 1761 5501 Itaque
1784 5432 1925 5502 apud
1947 5449 2105 5503 quem
2212 5430 2374 5502 digna
2400 5432 2615 5501 punire.

527 5536 647 5602 uno
676 5528 919 5601 tempore
938 5518 1058 5575 dua:
1085 5534 1282 5576 uxores
1310 5521 1678 5589 inveniuntur,
1701 5523 1921 5579 interim
1941 5525 2109 5595 priori
2281 5521 2389 5577 LV.
2429 5521 2549 5577 Jam
2587 5538 2718 5579 vero
2742 5522 2887 5594 quod
2926 5523 3201 5590 asseritis,
3243 5521 3461 5579 Graecos
3486 5538 3583 5579 vos
3606 5514 3763 5594 prohi-

2214 3804 2650 3873 prehendendus,
2700 3807 2830 3876 quia
2874 3806 3172 3862 secundum
3215 3806 3586 3877 Evangelium,
3618 3804 3700 3877 qui
3727 3819 3775 3858 ss

2212 3894 2455 3949 Itumiliat
2502 3895 2819 3950 excitabitur
2871 3896 3027 3968 (Luc.
3066 3896 3243 3969 xvnt).
3274 3897 3332 3953 Si
3357 3897 3506 3952 enim
3534 3897 3648 3968 quis
3669 3902 3775 3949 ante

2211 3986 2510 4057 principem
2534 3989 2820 4044 mortalem
2849 3988 3075 4045 veniens
3103 4005 3227 4044 cum
3253 3990 3403 4046 omni
3424 3989 3707 4046 reverentia
3726 3992 3776 4045 ot

2213 4078 2406 4133 timore
2431 4087 2560 4144 stat,
2590 4078 2848 4150 loquitur,
2880 4091 2934 4135 et
2969 4081 3170 4138 incedit
3189 4122 3206 4146 ,
3243 4092 3450 4152 quanto
3480 4086 3651 4153 potius
3667 4095 3777 4143 eum.

527 5620 736 5669 retenta
785 5611 1143 5683 posteriorem
1180 5621 1405 5683 cogatur
1442 5614 1695 5672 amittere
1732 5634 1748 5670 :
1793 5615 2015 5686 insuper
2052 5625 2108 5672 et

526 5699 899 5766 paenitentiam
926 5716 1090 5774 quam
1128 5701 1231 5757 loci
1260 5702 1513 5760 sacerdos
1538 5703 1847 5775 prteviderit
1887 5703 2107 5777 [prtecc-

2209 5614 2339 5671 bere
2373 5617 2808 5674 communionem
2838 5618 3118 5689 suscipere
3147 5618 3263 5673 sine
3300 5616 3565 5688 cingulis,
3594 5610 3758 5685 quib!“

2207 5722 2377 5765 sacra:
2399 5706 2693 5778 Scriptura:
2721 5708 3044 5795 testimoniis
3061 5708 3164 5765 hoc
3187 5706 3478 5778 prohibere
3504 5708 3617 5763 iure
3648 5712 3750 5763 oro-

3994 3032 4000 3133 ο
