4050 6324
358 470 496 528 1001

1567 473 1929 533 ΕΡΙδΤΟΙΑΕ
1972 475 2062 532 ΕΤ
2100 473 2443 534 DECRETA.

3487 491 3625 547 1002

347 566 566 629 beMur,
618 578 716 622 nos
743 562 973 636 'penitus
1008 564 1321 638 ignoramus
1341 606 1356 632 ,
1380 566 1486 624 nisi
1521 567 1663 625 forte
1693 569 1786 626 illo
1825 586 1934 641 quo
1960 575 2010 636 Α
2036 582 2126 642 ραι
2150 583 2307 645 caput
2335 589 2524 640 suum;
2546 589 2707 628 unum
2728 582 2804 630 est
2824 574 2963 630 enim
2985 592 3048 630 ac
3068 578 3113 632 si
3139 578 3458 648 decaloetur,
3497 599 3621 638 nam

349 657 614 714 Dominus
635 657 882 729 praecipit
902 657 1089 714 dicens
1121 675 1135 713 :
1167 657 1286 714 Sint
1305 658 1471 714 lumbi
1485 661 1640 716 uestri
1663 661 1936 733 praecincti

347 751 501 824 (Luc.
530 754 687 826 χχιι).
713 752 910 811 Verum
938 755 1042 813 hoc
1060 755 1234 813 sancti
1258 756 1536 831 Evangelii
1564 759 1935 816 testimonium

347 858 454 900 non
480 858 580 916 per
606 844 842 903 litteram
860 887 876 914 ,
912 848 1009 905 sed
1035 863 1132 920 per
1162 849 1413 922 spiritum
1446 858 1660 923 oportet
1696 851 1932 924 impleri.

347 935 482 991 Nam
521 937 567 993 si
593 938 661 994 ad
687 939 792 996 hoc
825 940 969 998 istud
989 951 1322 1014 prreceptum
1341 951 1429 1000 est
1450 952 1514 1000 ut
1540 944 1726 1002 taliter
1749 959 1936 1004 serva-

346 1037 516 1096 retur,
538 1044 639 1091 cur
656 1045 762 1088 non
777 1032 912 1089 ﬁunt
928 1033 1134 1106 pariter
1147 1050 1268 1107 qua:
1288 1045 1609 1108 sequuntur,
1627 1046 1688 1094 ut
1704 1037 1935 1095 lucerna:

344 1120 586 1177 ardentes
603 1123 630 1176 2
649 1121 846 1195 (Exod.
876 1125 1033 1198 XVIII)
1062 1135 1118 1183 et
1143 1127 1498 1203 sicutagnum
1524 1131 1935 1188 comedentibus

336 1209 597 1281 jubetur,
639 1223 702 1270 ut
744 1216 996 1272 baculum
1043 1217 1098 1272 in
1141 1219 1394 1276 manibus
1436 1222 1696 1278 teneant?
1732 1220 1936 1280 habent

342 1317 500 1358 suum
547 1303 650 1361 ista
693 1308 1046 1378 mysterium,
1105 1317 1162 1366 et
1206 1310 1626 1384 intelligentibus
1667 1311 1932 1369 itaclara

341 1402 490 1461 sunt,
517 1403 576 1450 ut
611 1411 676 1452 ea
707 1398 880 1470 magis
899 1439 914 1466 ,
937 1415 1040 1470 qua
1070 1401 1256 1469 decet,
1287 1403 1680 1476 signiﬁcatione
1706 1417 1930 1460 serven-

341 1493 451 1542 tur.
481 1485 616 1542 Nam
638 1488 692 1545 in
725 1488 1031 1547 lumborum
1059 1492 1446 1564 praecinctione
1475 1495 1732 1562 castitas,
1759 1495 1815 1551 in
1840 1497 1934 1552 ba-

339 1576 462 1634 culo
487 1578 729 1650 regimen
758 1582 1049 1652 pastorale,
1082 1583 1138 1639 in
1159 1583 1399 1642 lucernis
1421 1585 1739 1642 ardentibus
1763 1585 1934 1643 bono-

339 1685 461 1726 rum
485 1670 744 1742 splendor
773 1688 1021 1744 operum,
1053 1677 1121 1731 de
1150 1675 1350 1746 quibus
1380 1676 1619 1733 dicitur:
1654 1676 1746 1734 Sic
1773 1695 1932 1750 opera

339 1772 511 1818 uestra
541 1761 748 1820 luceant
775 1764 992 1837 (Matth.
1018 1767 1096 1839 v),
1120 1767 1412 1825 indicatur.
1441 1768 1624 1826 Rudes
1651 1784 1780 1842 ergo
1802 1770 1930 1826 lide-

339 1853 472 1909 lium
505 1864 738 1924 mentes,
769 1864 830 1912 ut
849 1867 1071 1914 sanctus
1095 1867 1153 1925 et
1175 1861 1424 1934 egregius
1442 1871 1810 1934 propugnator
1830 1863 1930 1919 Ec-

2038 665 2215 720 sinon
2249 663 2451 720 velatur
2496 664 2706 733 mulier,
2751 666 3062 735 tondeatur;
3116 671 3164 724 si
3208 687 3327 727 vero
3368 683 3518 746 turpe
3545 688 3625 733 est

2036 752 2245 808 mulieri
2271 754 2476 809 tonderi
2499 764 2592 810 aut
2633 754 2920 823 decalvari,
2967 757 3095 814 velet
3135 770 3290 832 caput
3328 779 3520 832 suum;
3565 778 3624 824 et

2036 843 2235 900 iterum
2265 844 2456 915 :Ideo,
2480 847 2675 918 inquit,
2727 849 2876 906 debet
2922 850 3116 907 mulier
3159 853 3391 911 uelamen
3431 859 3627 916 habere

2035 951 2194 1007 super
2232 946 2390 1007 caput
2432 946 2644 1008 propter
2681 938 2923 1010 angelos,
2969 941 3142 1007 idest,
3190 945 3531 1014 sacerdotes;
3567 959 3627 1006 et

2035 1042 2228 1084 rursus
2255 1027 2335 1083 ait
2362 1046 2375 1084 :
2417 1027 2521 1085 Vos
2542 1029 2643 1100 ipsi
2665 1029 2926 1100 judicate,
2947 1032 3091 1089 decet
3110 1033 3383 1092 mulierem
3405 1055 3509 1094 non
3544 1058 3626 1096 ve-

2034 1114 2202 1173 latam
2221 1134 2374 1175 orare
2394 1118 2679 1176 Dominum
2702 1122 2728 1175 ?
2774 1139 2866 1178 nec
2913 1123 3028 1193 ipsa
3074 1135 3268 1182 natura
3317 1128 3466 1185 docet
3512 1149 3624 1199 vos,

2033 1209 2175 1280 quod
2198 1210 2276 1264 uir
2301 1209 2511 1282 quidem
2531 1211 2580 1266 si
2599 1228 2801 1267 comam
2827 1215 3048 1280 nutriat,
3077 1217 3370 1288 ignominia
3399 1231 3475 1276 est
3498 1221 3578 1278 illi
3604 1241 3622 1278 :

2034 1297 2225 1353 mulier
2244 1314 2361 1354 vero
2380 1301 2426 1355 si
2451 1317 2653 1356 comam
2682 1304 2918 1372 nutriat,
2934 1303 3104 1376 gloria
3130 1317 3206 1363 est
3235 1307 3355 1364 illi?
3372 1315 3623 1382 quoniam

2035 1387 2214 1460 capilli
2239 1407 2334 1461 pro
2355 1391 2606 1450 velamine
2622 1395 2673 1449 ei
2701 1395 2814 1450 dati
2832 1407 2974 1452 sunt.

2107 1480 2244 1538 LIX.
2276 1482 2431 1551 Quod
2459 1485 2527 1541 de
2547 1485 2896 1544 lemoralibus
2927 1491 3302 1560 sciscitamini,
3363 1512 3624 1569 superva-

2037 1590 2200 1632 cuum
2237 1590 2360 1634 esse
2377 1587 2664 1649 putamus;
2697 1597 2796 1639 nos
2829 1585 2976 1640 enim
3007 1601 3114 1642 non
3144 1589 3473 1647 exteriorem
3514 1594 3626 1648 cul-

2036 1675 2153 1722 tum
2189 1669 2421 1724 vestium
2453 1680 2783 1740 vestrarum,
2813 1675 2910 1730 sed
2943 1676 3223 1733 interioris
3245 1680 3486 1736 hominis
3509 1700 3627 1739 mo-

2036 1759 2208 1815 resin
2233 1761 2387 1817 vobis
2405 1764 2605 1818 mutari
2639 1765 3028 1832 desideramus,
3064 1785 3176 1839 nec
3215 1773 3344 1840 quid
3391 1774 3628 1848 induatis

2034 1859 2234 1922 praeter
2252 1852 2552 1920 Christum,
2583 1866 2832 1928 quotquot
2854 1860 2992 1913 enim
3020 1861 3075 1914 in
3121 1857 3331 1917 Christo
3375 1864 3626 1935 baptizati

339 1944 519 2002 clesiae
558 1962 699 2019 papa
735 1948 1061 2007 Ctelestinus
1102 1953 1292 2009 scribit
1337 1953 1510 2027 (epist.
1550 1955 1604 2027 l)
1640 1954 1792 2026 cujus
1818 1956 1923 2012 haec

2039 1943 2183 2010 estis,
2214 1943 2480 2000 Christum
2508 1946 2753 2002 induistis
2794 1946 2939 2019 (Gal.
2961 1950 3080 2020 in);
3115 1952 3209 2006 sed
3255 1955 3526 2022 quomodo
3574 1957 3626 2011 in

335 2043 652 2099 summatim
685 2045 848 2102 verba
869 2047 1097 2103 mutuati
1123 2063 1312 2106 sumus
1333 2089 1348 2116 ,
1377 2050 1445 2105 ad
1476 2051 1603 2106 talia
1633 2065 1739 2107 non
1773 2051 1932 2107 debe-

335 2146 460 2189 mus
485 2133 743 2192 inducere
762 2176 778 2202 ,
803 2136 1032 2193 docendi
1057 2139 1203 2195 enim
1229 2149 1357 2198 sunt
1381 2141 1563 2212 potius
1619 2157 1780 2213 quam
1812 2141 1932 2196 illu-

334 2222 534 2294 dendi,
577 2241 682 2283 nec
709 2227 1035 2299 imponenda
1061 2245 1249 2287 eorum
1285 2232 1494 2303 oculis,
1527 2233 1621 2290 sed
1653 2233 1929 2290 mentibus

335 2315 672 2375 infundenda
697 2331 968 2392 praecepta
989 2329 1137 2378 sunt.

357 2419 361 2423 ’
407 2407 542 2465 LVI.
577 2409 750 2468 Nosse
769 2427 867 2469 vos
887 2412 1024 2470 velle
1047 2416 1388 2482 asseveratis,
1415 2417 1461 2473 si
1490 2417 1652 2474 liceat
1673 2419 1929 2477 omnibus

334 2506 537 2562 vestris
562 2507 838 2579 praecipue
859 2516 1104 2582 tempore
1128 2510 1391 2568 siccitatis
1411 2551 1426 2578 ,
1458 2512 1526 2566 ad
1556 2511 1791 2582 pluviam
1827 2527 1926 2582 po:

334 2594 644 2653 stulandam
664 2595 933 2669 jejunium
960 2609 1016 2656 et
1045 2601 1345 2658 orationem
1379 2601 1594 2669 facere,
1625 2603 1782 2660 vobis
1809 2605 1928 2674 qui-

337 2686 462 2744 dem
499 2688 604 2746 hoc
641 2704 805 2761 agere
845 2690 974 2748 licet
1005 2709 1018 2747 :
1048 2693 1303 2764 quoniam
1338 2689 1604 2762 jejunium
1649 2702 1707 2748 et
1751 2695 1927 2750 oratio

333 2796 545 2856 magna:
558 2783 789 2841 virtutes
805 2784 964 2858 [forte
977 2826 993 2853 ,
1010 2786 1246 2854 virtutis,
1261 2785 1462 2860 ΗΑιω.]
1477 2795 1605 2844 sunt
1618 2828 1634 2855 ,
1661 2795 1718 2844 et
1740 2789 1807 2844 ad
1829 2789 1926 2845 has

332 2874 534 2951 jugiter
566 2877 842 2935 faciendas
871 2888 1056 2936 vestra
1095 2879 1323 2936 multum
1350 2879 1495 2937 valet
1523 2879 1795 2947 hortatio;
1828 2880 1924 2937 sed

335 2971 723 3041 congruentius
760 2980 845 3028 est
869 2972 916 3027 si
942 2973 1054 3028 haec
1083 2989 1182 3044 per
1206 2973 1587 3045 episcoporum
1615 2972 1926 3044 dispositio-

333 3071 462 3112 nem
492 3059 660 3116 ﬁant:
688 3062 791 3134 ipsi
811 3077 1046 3134 namque
1071 3072 1197 3119 sunt
1221 3064 1313 3135 qui
1334 3063 1554 3136 ligandi,
1575 3064 1926 3137 solvendique

333 3158 655 3222 potestatem
699 3155 992 3228 accipiunt,
1033 3155 1102 3212 ad
1132 3157 1330 3212 horum
1368 3171 1558 3212 vocem
1598 3156 1781 3228 populi
1827 3153 1923 3213 Dei

334 3252 516 3299 castra
542 3255 858 3314 moventur,
888 3257 944 3303 et
971 3247 1320 3319 requiescunt
1352 3265 1366 3303 :
1398 3248 1516 3304 sine
1549 3247 1635 3304 his
1662 3257 1923 3319 tanquam

2035 2033 2164 2100 ﬁde,
2184 2049 2249 2091 ac
2271 2035 2430 2092 bonis
2448 2038 2706 2108 operibus
2726 2039 3024 2109 proﬁciatis
3048 2042 3394 2112 inquirimus.
3423 2048 3625 2103 Verum

2033 2124 2161 2194 quia
2193 2125 2514 2196 simpliciter
2541 2130 2608 2184 de
2637 2129 2722 2184 his
2753 2131 3124 2202 interrogatis,
3179 2144 3435 2192 verentes
3477 2139 3627 2194 vide-

2032 2216 2160 2274 licet
2184 2234 2253 2275 ne
2273 2219 2430 2276 vobis
2459 2221 2514 2277 in
2537 2233 2822 2292 peccatum
2851 2226 3167 2296 imputetur,
3193 2230 3240 2286 si
3272 2241 3470 2301 praeter
3495 2233 3628 2290 alio-

2031 2328 2154 2368 rum
2182 2315 2626 2372 consuetudinem
2652 2320 2783 2388 quid
2829 2320 3020 2376 saltem
3071 2323 3124 2378 in
3154 2325 3419 2388 minimis
3465 2327 3628 2398 agitis

2029 2400 2465 2460 Christianorum
2494 2447 2508 2471 ,
2547 2422 2618 2463 ne
2636 2408 2768 2478 quid
2791 2409 3062 2469 desiderio
3091 2425 3274 2470 vestro
3304 2417 3625 2473 subtrahere

2030 2492 2332 2562 videamur,
2375 2496 2630 2563 dicimus,
2660 2500 2917 2568 quoniam
2949 2502 3005 2556 in
3032 2501 3189 2559 libris
3219 2507 3422 2561 nostris
3463 2506 3620 2575 jussa

2029 2596 2158 2642 sunt
2177 2587 2456 2644 femoralia
2481 2589 2620 2657 ﬁeri,
2654 2607 2762 2647 non
2787 2603 2846 2648 ut
2889 2595 2978 2650 his
3018 2597 3273 2654 mulieres
3315 2608 3619 2668 uterentur,

2030 2679 2128 2732 sed
2148 2678 2253 2733 viri
2290 2693 2477 2736 :nunc
2533 2691 2732 2749 autem,
2790 2692 2852 2738 ut
2893 2687 3350 2755 quemadmodum
3393 2705 3426 2744 a
3452 2693 3621 2747 veteri

2031 2771 2101 2825 ad
2136 2787 2339 2828 novum
2370 2773 2641 2831 transistis
2679 2776 2973 2841 hominem,
3007 2779 3081 2834 ita
3107 2779 3175 2835 de
3195 2781 3364 2851 priori
3393 2797 3625 2838 consue-

2029 2864 2219 2920 tudine
2249 2865 2318 2921 ad
2345 2880 2554 2922 morem
2583 2877 2828 2924 nostrum
2855 2885 2952 2940 per
2979 2873 3160 2928 omnia
3198 2876 3487 2931 transeatis
3536 2876 3619 2930 fa-

2029 2957 2291 3025 cite;,sin
2315 2968 2518 3027 autem,
2552 2964 2695 3033 quod
2726 2963 2904 3034 placet
2926 2966 3088 3036 agite.
3159 2967 3295 3023 Nam
3347 2969 3461 3024 sive
3504 2986 3620 3037 vos,

2030 3051 2145 3108 sive
2172 3051 2388 3110 feminae
2409 3064 2623 3123 vestrm,
2657 3059 2773 3116 sive
2795 3061 3099 3131 deponatis,
3137 3064 3252 3121 sive
3279 3065 3518 3123 induatis
3546 3067 3622 3122 fe-

2030 3143 2279 3210 moralia,
2322 3162 2422 3202 nec
2451 3147 2613 3202 saluti
2637 3147 2822 3216 oﬁicit,
2852 3166 2956 3208 nec
2984 3153 3054 3208 ad
3102 3153 3364 3211 virtutum
3409 3165 3622 3212 vestra-

2030 3253 2151 3294 rum
2177 3239 2391 3309 proﬁcit
2421 3240 2834 3298 incrementum.
2880 3243 3023 3302 Sane
3074 3248 3330 3318 quoniam
3384 3250 3622 3306 diximus
3677 3283 3684 3289 -

335 3334 454 3391 sine
477 3336 653 3406 capite
677 3336 795 3394 fore
815 3338 1095 3406 videmini,
1123 3348 1178 3394 et
1209 3338 1364 3409 quasi
1393 3353 1522 3395 oves
1550 3347 1832 3406 errantes,
1863 3348 1921 3395 et

2027 3326 2174 3399 iussa
2204 3331 2374 3388 fuisse
2409 3332 2690 3389 lemoralia
2711 3335 2854 3400 ﬁeri,
2887 3337 3185 3395 notandum
3218 3348 3321 3404 est,
3352 3341 3479 3408 quia
3520 3357 3620 3398 nos

334 3444 443 3486 non
463 3429 725 3488 habentes
769 3439 1040 3503 pastorem
1078 3433 1344 3492 inceditis.
1394 3433 1672 3505 Siquidem
1708 3434 1763 3489 in
1795 3433 1921 3490 tali-

333 3525 436 3580 bus
460 3525 640 3596 prisco
660 3533 904 3598 tempore
921 3567 937 3595 ,
973 3528 1116 3599 quod
1140 3543 1284 3584 nunc
1315 3541 1532 3600 quoque
1557 3536 1745 3585 sancta
1775 3535 1924 3584 tenet

333 3615 596 3684 Ecclesia,
623 3617 968 3678 sacerdotum
990 3617 1333 3689 praecedebat
1358 3618 1647 3683 institutio,
1671 3617 1923 3674 et'omnis

331 3710 549 3782 penitus
575 3711 878 3781 ordinatio,
909 3719 966 3769 et
998 3721 1125 3771 tunc
1158 3712 1383 3784 reliquae
1410 3711 1587 3783 plebis
1627 3711 1922 3781 subseque.

330 3803 492 3858 batur
513 3818 800 3872 assensus,
830 3817 898 3860 ac
931 3817 1030 3875 per
1058 3804 1160 3860 hoc
1200 3803 1390 3859 ordine
1422 3801 1606 3858 debito
1628 3801 1918 3867 custodito,

330 3903 384 3951 et
413 3895 771 3952 unanimitate
798 3903 1035 3960 servata,
1053 3893 1166 3954 Deo
1186 3893 1481 3965 largiente,
1502 3892 1613 3948 voti
1627 3891 1921 3964 praestaba-

332 3987 422 4045 tur
450 3989 695 4047 effectus.
1721 3983 1723 3986 l

400 4081 555 4140 LVII.
583 4083 802 4141 Graecos
822 4091 1008 4140 vetare
1031 4082 1328 4157 perhibetis
1383 4082 1660 4138 eunuchos
1709 4079 1919 4134 anima-

329 4175 401 4232 lia
426 4183 607 4232 vestra
629 4183 892 4242 mactare,
919 4175 996 4231 ita
1031 4183 1094 4230 ut
1116 4189 1242 4230 eum
1262 4173 1355 4244 qui
1385 4188 1455 4228 ex
1499 4169 1826 4227 animalibus
1851 4169 1922 4224 ab

329 4267 437 4323 illis
455 4267 652 4325 occisis
672 4266 992 4333 comederit,
1037 4280 1202 4338 grave
1250 4262 1591 4322 commisisse
1635 4268 1919 4334 peceatum

329 4357 611 4415 aﬁirment.
637 4357 747 4415 Sed
775 4358 932 4415 nobis
962 4353 1119 4413 valde
1165 4356 1431 4412 absonum
1481 4361 1587 4423 est,
1637 4361 1694 4408 et
1739 4351 1920 4406 adhuc

328 4453 577 4510 frivolum
603 4463 780 4523 sonat,
805 4453 949 4526 quod
971 4453 1191 4511 dicitur.
1231 4448 1403 4508 Porro
1448 4449 1576 4522 quia
1625 4446 1921 4504 ratiocina-

328 4546 531 4603 tionem
567 4548 674 4604 ista
703 4547 1001 4605 dicentium
1028 4562 1137 4603 non
1168 4546 1438 4610 audimus,
1501 4541 1639 4598 nihil
1699 4539 1916 4596 interim

327 4640 392 4696 de
420 4640 726 4697 assertione
752 4639 994 4711 ipsorum
1024 4637 1261 4694 nondum
1297 4637 1456 4707 plene
1483 4635 1701 4706 cognita
1728 4633 1920 4689 decer-

2032 3421 2385 3492 spiritualiter
2408 3422 2686 3479 induimur
2705 3424 3075 3494 lemoralibns,
3102 3443 3225 3483 cum
3269 3431 3450 3486 carnis
3501 3430 3625 3487 libi—

2030 3511 2212 3568 dinem
2238 3529 2335 3583 per
2360 3513 2744 3571 abstinentiam
2774 3525 3116 3574 coarctamus
3150 3533 3164 3572 :
3197 3535 3323 3576 nam
3360 3520 3452 3576 illa
3501 3521 3617 3578 loca

2029 3602 2380 3661 femoralibus
2406 3607 2876 3677 constringuntur,
2905 3608 2960 3662 in
3012 3609 3206 3678 quibus
3254 3609 3483 3666 luxuria:
3530 3629 3619 3668 se-

2029 3696 2124 3750 des
2161 3710 2282 3752 esse
2318 3704 2636 3763 noscuntur,
2662 3699 3018 3768 quamobrem
3044 3699 3276 3756 fortasse
3313 3703 3473 3772 primi
3527 3704 3623 3758 lio-

2025 3786 2200 3842 mines
2220 3796 2342 3857 post
2369 3796 2648 3858 peccatum
2677 3788 2730 3843 in
2754 3790 3014 3846 membris
3052 3791 3167 3846 suis
3224 3792 3440 3848 illicitos
3499 3810 3622 3849 sen-

2027 3879 2222 3935 tientes
2253 3887 2432 3936 motus
2459 3880 2527 3936 ad
2559 3881 2774 3936 arboris
2800 3881 3044 3938 ﬁculnea
3071 3881 3200 3938 folia
3224 3896 3613 3941 concurrentes

2025 3971 2126 4026 sibi
2149 3970 2478 4041 perizomata
2507 3981 2796 4028 texuerunt
2831 3971 2986 4044 (Gen.
3020 3973 3139 4046 III);
3185 3973 3280 4031 sed
3305 3975 3423 4032 haec
3449 3977 3614 4047 spiri-

2026 4063 2190 4118 tualia
2213 4073 2358 4129 sunt,
2388 4079 2510 4135 qua:
2532 4064 2798 4120 hactenus
2827 4074 3049 4135 portare
3081 4081 3189 4122 non
3218 4068 3496 4138 poteratis,
3523 4067 3614 4123 sccl

2025 4155 2266 4222 necdum,
2323 4164 2382 4210 ut
2428 4171 2570 4212 eum-
2605 4157 2864 4228 Apostolo
2903 4157 3077 4214 dicam
3102 4160 3377 4229 ,potestis
3392 4176 3425 4228 ,1
3446 4160 3616 4213 adhuc

2024 4249 2162 4304 enim
2184 4249 2307 4303 estis
2337 4248 2575 4305 carnales
2600 4248 2653 4320 (1
2679 4248 2804 4305 Cor.
2830 4253 2946 4322 1n);
2970 4260 3025 4307 et
3044 4252 3165 4309 ideo
3194 4252 3322 4310 hinc
3344 4267 3616 4324 perpauca.

2025 4341 2280 4408 diximus,
2306 4356 2431 4398 eum
2451 4341 2607 4413 plura
2629 4343 2741 4398 Deo
2784 4343 3018 4399 donante
3054 4344 3238 4402 dicere
3288 4345 3612 4402 valeremusr

2096 4434 2210 4492 LX.
2239 4436 2660 4495 Consulentibus
2691 4439 2844 4495 vobis
2867 4439 2915 4496 si
2944 4440 3111 4498 liceat
3139 4442 3347 4511 absque
3380 4439 3608 4510 jejunio.

2024 4544 2145 4584 rum
2184 4537 2425 4600 tempore
2477 4530 3013 4603 quantulumcunque
3076 4532 3230 4588 valde
3255 4547 3416 4588 mane
3441 4548 3597 4589 come

2023 4624 2151 4680 dere
2182 4665 2197 4689 ,
2242 4623 2651 4694 respondemus,
2691 4627 2949 4698 quoniam
2974 4628 3246 4683 neminem
3272 4635 3488 4701 patrum
3523 4645 3616 4683 no.
3671 4651 3687 4656 ~

325 4748 456 4789 nere
474 4730 756 4788 dillinitive
771 4703 1042 4786 valemus.
1090 4728 1267 4784 Unum
1297 4703 1492 4784 tamen
1517 4703 1740 4792 scimus,
1773 4741 1914 4797 quo-
1938 4703 1997 4764 Ῐ)
2019 4724 2258 4772 suorum
2284 4727 2412 4781 ante
2449 4718 2642 4774 horam
2670 4719 2777 4777 diei
2827 4719 3043 4774 tertiam
3095 4718 3472 4786 manducasse.
3514 4736 3617 4778 nec

324 4826 473 4881 niam
497 4825 545 4882 si
572 4824 804 4880 eunuchi
836 4831 1104 4895 praecepta
1134 4821 1228 4878 Dei
1277 4820 1658 4884 custodierint,
1707 4818 1775 4874 ad
1828 4833 1917 4874 re-

325 4931 491 4987 gnum
519 4914 741 4971 coeleste
785 4913 1192 4986 percipiendum
1221 4911 1356 4966 nihil
1392 4910 1473 4967 eis
1503 4911 1700 4965 obesse
1744 4925 1916 4965 mem-

324 5008 549 5063 brorum
575 5005 778 5076 poterit
803 5005 1168 5070 detruncatio,
1199 5018 1319 5059 cum
1344 5000 1642 5058 secundum
1685 5000 1916 5072 Aposto-

326 5098 436 5153 lum
491 5098 548 5152 in
583 5097 982 5154 resurrecﬁone
1009 5111 1199 5152 omnes
1246 5108 1600 5151 occurramus
1646 5094 1703 5148 in
1732 5093 1912 5150 virum

324 5186 996 5261 perfectum(Eplies.1v),
1028 5195 1084 5242 et
1127 5201 1226 5258 per
1263 5185 1586 5257 prophetam
1627 5184 1910 5252 Dominus,

325 5280 369 5336 si
391 5281 511 5353 ejus
547 5281 806 5338 mandata
853 5278 1282 5345 observaverint,
1333 5275 1599 5333 eunuchis
1653 5275 1912 5332 nonnulla

325 5374 446 5431 laeta
466 5373 753 5447 promittat
779 5372 912 5446 (Isa.
941 5371 1071 5444 va).
1111 5369 1391 5441 Siquidem
1416 5377 1471 5426 et
1514 5369 1604 5425 ille
1631 5369 1914 5426 eunuchus

325 5467 577 5539 .Ethiops
604 5484 636 5523 a
657 5474 844 5524 sancto
887 5464 1033 5522 Luca
1081 5462 1414 5537 evangelista
1458 5477 1557 5534 pro
1606 5461 1810 5518 virtute
1859 5471 1916 5518 et

328 5559 640 5632 integritate
693 5561 779 5615 vir
825 5558 1128 5632 appellatur
1164 5557 1296 5614 dum
1345 5554 1521 5612 dicit:
1555 5555 1624 5610 Et
1674 5571 1791 5609 ecce
1834 5554 1912 5609 vir

328 5649 577 5722 Ethiops
595 5652 862 5708 eunuchus
889 5661 1070 5724 potens
1097 5651 1362 5707 Candacis
1384 5651 1578 5722 regina:
1601 5648 1744 5721 (Act.
1766 5647 1920 5719 vm).

396 5739 574 5800 LVIII.
601 5744 795 5802 Utrum
827 5744 1006 5802 velato
1029 5759 1100 5801 an
1128 5745 1332 5802 nudato
1374 5743 1555 5816 capite
1609 5741 1806 5799 mulier
1856 5741 1910 5796 in

327 5832 554 5890 ecclesia
581 5843 727 5892 stare
751 5835 965 5903 debeat,
1011 5836 1300 5908 Apostolus
1337 5835 1495 5892 docet
1549 5833 1599 5907 (I
1629 5833 1752 5890 Cor.
1781 5835 1858 5904 χι)
1895 5851 1908 5886 :

329 5925 522 5983 Mulier
544 5941 722 5997 orans,
746 5939 836 5984 aut
857 5931 1169 6000 prophetans
1198 5947 1302 5984 non
1325 5928 1490 5986 velato
1515 5928 1704 5999 capite,
1729 5927 1909 6013 detur-

763 6023 1035 6086 PnnoL.
1069 6026 1299 6089 CXIX.

2022 4820 2210 4868 saneta
2231 4809 2475 4870 Ecclesia
2519 4823 2644 4870 ante
2697 4814 2886 4870 horam
2924 4815 3068 4870 hanc
3127 4814 3469 4871 traditionem
3525 4834 3615 4872 su-

2020 4905 2202 4962 mendi
2240 4905 2426 4962 cibum
2458 4905 2735 4976 accepisse
2762 4903 3072 4972 recolimus,
3127 4905 3210 4960 vel
3248 4909 3614 4964 monumentis

2017 4999 2430 5071 quibuscunque
2481 4999 2826 5070 reperimus:
2877 5015 2909 5054 e
2943 5000 3218 5057 contrario
3268 5017 3400 5059 vero
3451 5019 3616 5074 quos-

2017 5091 2143 5148 dam
2172 5107 2366 5149 eorum
2389 5105 2561 5162 usque
2588 5091 2656 5146 ad
2683 5106 2990 5163 vesperum,
3035 5091 3170 5149 alios
3213 5101 3394 5151 autem
3441 5111 3615 5166 usque

2022 5184 2091 5239 ad
2112 5199 2312 5242 nonam
2345 5187 2539 5242 horam
2569 5183 2674 5240 diei
2705 5203 2718 5239 :
2749 5199 2914 5255 porro
2939 5184 3074 5242 alios
3097 5201 3266 5257 usque
3287 5187 3357 5242 ad
3402 5197 3609 5244 sextam

2021 5277 2323 5336 invenimus
2349 5279 2624 5352 jejunasse
2652 5296 2666 5333 :
2692 5279 2894 5335 nullum
2916 5288 3098 5337 autem
3119 5295 3277 5339 mane
3300 5281 3403 5338 cibi
3433 5292 3609 5353 quan-

2019 5369 2405 5440 tulumcunque
2429 5371 2728 5442 sumpsisse
2747 5371 3131 5442 comperimus,
3157 5386 3278 5426 cum
3301 5371 3481 5443 potius
3518 5369 3609 5427 Vat

2019 5459 2222 5516 dictum
2249 5461 2344 5531 qui
2380 5476 2541 5518 mane
2583 5463 2875 5519 comedunt
2924 5461 3089 5520 fuisse
3139 5461 3429 5532 legerimus
3469 5461 3606 5530 (lsa.

2018 5550 2096 5618 v).
2127 5549 2492 5617 Quamobrem
2511 5552 2580 5610 ab
2599 5553 2705 5609 isto
2753 5552 3042 5610 maledicto
3091 5567 3188 5608 vos
3234 5551 3439 5607 alienos
3488 5565 3611 5606 esse

2021 5640 2392 5700 desiderantes
2420 5643 2721 5711 hortamur,
2750 5652 2812 5700 ut
2837 5652 2965 5702 ante
2991 5645 3184 5702 horam
3236 5641 3344 5698 diei
3395 5640 3608 5697 tertiam

2020 5731 2225 5788 nullum
2253 5735 2474 5792 omnino
2501 5734 2837 5807 corporalem
2861 5736 3040 5794 cibum
3062 5737 3226 5791 etiam
3256 5734 3308 5789 in
3354 5733 3486 5805 ipsis
3531 5733 3610 5789 in-

2018 5827 2264 5900 signibus
2283 5828 2717 5889 solemnitatibus
2754 5833 2976 5888 omnino
3023 5829 3249 5888 sumatis
3277 5844 3290 5881 :
3316 5843 3441 5883 nam
3465 5844 3608 5900 qua!

2019 5923 2332 5980 solemnitas
2361 5933 2541 5994 potest
2578 5940 2698 5984 esse
2721 5927 3038 5981 Pentecoste
3061 5921 3363 5986 sublimior,
3397 5919 3451 5974 in
3501 5935 3604 5991 qua
