4050 6324
295 450 437 511 1005

1483 396 1840 499 Erasmus
1878 428 1969 496 er
2004 430 2344 493 omnem.

3429 431 3454 486 1
3464 433 3570 489 006

292 564 436 637 quod
461 561 661 618 invitus
682 560 805 631 quis
830 558 1054 631 patitur,
1105 557 1160 613 in
1209 557 1420 628 culpam
1471 559 1521 613 ei
1570 572 1676 614 non
1721 558 1881 615 debet

2000 564 2068 604 .er
2102 548 2207 602 alia
2231 546 2367 603 dixit
2415 545 2609 617 (Epist.
2647 544 2737 600 lib.
2766 560 2861 610 xu,
2894 544 3043 615 epist.
3077 543 3170 613 5i)
3216 561 3226 597 :
3263 542 3320 597 Si
3375 544 3573 601 mulier

291 654 570 727 imputari,
600 664 663 710 ac
689 666 787 723 per
816 648 918 708 hoc
977 658 1078 707 nec
1106 665 1137 706 a
1163 648 1575 723 participatione
1614 650 1749 706 tanti
1796 664 1880 706 re-

292 746 456 802 medii
484 745 769 803 coerceri:
801 745 1049 801 novimus
1074 758 1311 815 namque
1350 744 1475 815 quia
1523 743 1716 801 mulier
1762 758 1882 816 qua:

290 837 497 894 ﬁuxum
529 836 836 910 patiebatur
884 836 1183 910 sanguinis,
1232 844 1354 907 post
1399 845 1608 909 tergum
1668 835 1881 893 Domini

291 927 570 986 humiliter
589 928 812 984 veniens
850 927 1158 984 vestimenti
1197 926 1315 999 ejus
1363 925 1633 983 ﬁmbriam
1683 928 1880 999 tetigit,

294 1031 459 1092 atque
487 1022 554 1078 ab
576 1036 638 1078 ea
662 1021 847 1077 statim
887 1020 1174 1077 infirmitas
1194 1021 1436 1078 recessit.
1470 1018 1528 1076 Si
1559 1020 1740 1091 itaque
1764 1036 1883 1076 mu-

293 1117 397 1174 lier
416 1118 530 1174 haec
553 1118 608 1173 in
637 1116 783 1173 ﬂuxu
811 1117 1089 1190 sanguinis
1126 1121 1298 1189 posita
1342 1116 1652 1173 vestimenti
1696 1117 1882 1172 Domi-

293 1211 402 1269 nici
452 1220 598 1269 tactu
620 1216 727 1268 non
774 1209 1053 1281 iudicatur“
1110 1210 1347 1284 indigna,
1400 1208 1513 1266 uno
1557 1208 1727 1282 ipsius
1775 1209 1883 1267 Do-

295 1303 450 1371 mini,
481 1319 605 1360 nam
628 1304 743 1376 ipse
763 1303 899 1360 dixit
926 1323 938 1359 :
966 1300 1153 1376 Tetigit
1182 1320 1264 1359 me
1288 1301 1479 1375 aliquis
1529 1300 1744 1374 (Matth.
1768 1302 1878 1373 ix);

294 1411 395 1453 cur
420 1396 469 1452 ei
492 1396 583 1467 qui
614 1392 895 1467 sanguinis
917 1408 985 1452 ex
1004 1410 1101 1452 ore
1124 1394 1209 1451 vel
1251 1394 1474 1451 naribus
1525 1390 1750 1449 liuor-em
1796 1406 1886 1449 su-

294 1485 483 1551 stinet,
509 1498 617 1541 non
647 1483 807 1543 liceat
830 1484 1112 1542 salutifera
1133 1484 1342 1542 Christi
1369 1486 1713 1541 sacramenta
1759 1498 1885 1554 per-

295 1578 477 1649 cipere
489 1578 515 1632 ?

366 1664 555 1726 LXVI.
588 1670 809 1728 Graecos
835 1671 1128 1743 prbhibere
1151 1684 1248 1728 vos
1298 1669 1545 1728 asseritis
1589 1672 1712 1727 c‘uin
1761 1670 1889 1741 liga-

294 1768 415 1817 tura
436 1761 588 1818 lintei
613 1778 776 1833 quam
807 1762 862 1820 in
880 1763 1056 1834 capite
1077 1763 1322 1836 gestatis,
1339 1760 1624 1820 ecclesiam
1647 1764 1885 1831 intrare;

297 1864 435 1923 quos
466 1852 645 1925 [fat-te,
677 1854 843 1925 quod,
872 1852 1073 1928 Hilam]
1114 1860 1212 1912 nus
1249 1869 1463 1927 quoque
1491 1852 1739 1912 similiter
1780 1860 1889 1912 non

297 1947 397 2002 abs
430 1962 489 2002 re
514 1946 739 2003 forsitan
791 1947 1141 2003 inhibemus:
1176 1963 1302 2002 nam
1356 1962 1500 2017 szepe
1555 1955 1889 2003 memoratus

295 2051 361 2092 ac
383 2051 597 2107 semper
624 2036 1007 2093 memorandus
1033 2037 1308 2107 apostolus
1330 2035 1528 2093 Paulus
1557 2039 1632 2091 ait
1656 2048 1673 2091 :
1704 2036 1891 2091 Omnis

295 2128 376 2183 uir
395 2144 554 2183 orans
579 2130 671 2182 aut
701 2128 1016 2199 prophetam
1035 2128 1200 2184 velato
1222 2129 1411 2198 capite,
1460 2122 1704 2197 deturpat
1734 2134 1891 2195 caput

299 2203 476 2275 suum.
509 2220 574 2274 Et
600 2220 797 2274 iterum
828 2228 843 2272 :'
879 2217 970 2273 Vir
989 2218 1198 2290 quidem
1255 2234 1359 2272 non
1409 2218 1554 2272 debet
1589 2217 1768 2272 velare
1803 2233 1893 2271 ea-

295 2321 408 2384 put,
427 2312 679 2383 quoniam
697 2313 871 2382 imago
895 2319 943 2364 et
967 2309 1141 2382 gloria
1162 2319 1237 2365 est
1261 2306 1358 2366 Dei
1378 2306 1430 2383 (I
1454 2308 1577 2365 Cor.
1598 2307 1710 2382 x1);
1748 2309 1893 2380 quod

295 2403 443 2460 enim
466 2402 531 2458 de
556 2402 823 2458 velamine
850 2400 977 2468 dici,
1006 2402 1170 2456 etiam
1221 2401 1287 2457 de
1323 2400 1573 2470 Iigatnrae
1614 2400 1893 2458 volumine

296 2494 476 2558 debet,
507 2493 797 2559 credimus,
827 2492 1125 2548 observari.

369 2582 576 2641 LXVII.
621 2584 932 2640 Perhibetis
977 2586 1076 2640 vos
1122 2585 1569 2641 consuetudinem
1618 2585 1890 2651 habuisse,

298 2678 729 2751 quotiescunque
754 2676 991 2747 aliquem
1011 2674 1367 2746 jurejurando
1409 2686 1512 2748 pro
1548 2676 1786 2748 qualibet
1834 2690 1894 2733 re

300 2771 668 2841 disponebatis
698 2769 962 2841 obligare,
995 2771 1244 2841 spatham
1296 2771 1353 2824 in
1404 2770 1641 2825 medium
1674 2764 1891 2836 afferre,

301 2872 356 2920 ct
376 2880 478 2935 per
503 2880 622 2920 eam
648 2862 1016 2933 juramentum
1058 2863 1317 2936 agebatur
1348 2878 1363 2916 :
1391 2878 1540 2918 nunc
1569 2858 1749 2917 autem
1798 2877 1896 2933 per

300 2973 437 3030 quos
456 2959 641 3031 jurare
668 2957 915 3015 debeatis
937 2972 969 3012 a
995 2956 1155 3013 nobis
1192 2954 1372 3026 iuberi
1417 2944 1730 3028 deposcitis.
1787 2955 1894 3012 Sed

298 3065 401 3106 nos
424 3059 548 3107 ante
574 3050 757 3105 omnia
782 3064 889 3105 non
911 3049 1085 3105 solum
1106 3062 1205 3121 per
1225 3031 1494 3121 spatham,
1520 3051 1706 3105 verum
1730 3050 1893 3105 etiam

301 3158 399 3216 per
433 3144 593 3199 aliam
626 3143 848 3200 omnino
872 3142 1147 3199 conditam
1188 3141 1426 3212 speciem
1472 3139 1648 3209 iurari
1682 3140 1897 3211 judica-

302 3249 425 3290 mus
449 3234 743 3304 indignum.
782 3231 888 3288 Per
914 3246 1077 3302 quem
1103 3232 1251 3287 enim
1277 3232 1401 3302 quis
1439 3231 1608 3299 jurat,
1648 3231 1893 3302 profecto

301 3337 357 3383 et
377 3326 552 3398 diligit
591 3333 647 3382 et
702 3332 1013 3391 veneratur,
1078 3322 1178 3381 sed
1236 3328 1293 3380 et
1340 3323 1593 3380 ﬁduciam
1633 3330 1785 3381 suam
1841 3326 1891 3382 ei

303 3418 459 3474 ﬁrma
486 3418 777 3475 stabilitate
804 3420 1147 3475 commendat
1179 3436 1192 3474 :
1222 3419 1576 3489 quamobrem
1604 3430 1700 3491 per
1722 3420 1891 3476 Deum

297 3512 586 3584 iurandum
621 3522 724 3580 est,
755 3510 849 3585 qui
874 3512 943 3567 ab
965 3511 1272 3567 hominibus
1312 3511 1611 3584 diligendus
1640 3520 1695 3567 et
1734 3526 1892 3569 vene-

304 3608 527 3675 randus,
549 3616 602 3662 et
633 3609 685 3663 in
717 3621 825 3678 quo
858 3606 1035 3662 omnis
1071 3614 1196 3677 Spes
1221 3613 1279 3659 et
1308 3604 1503 3660 ﬁducia
1528 3612 1611 3659 est
1644 3604 1888 3669 locanda,

304 3707 361 3755 et
384 3713 415 3754 a
444 3714 550 3769 quo
571 3715 682 3771 prae
710 3700 919 3756 cunctis
947 3698 1215 3754 creaturis
1243 3702 1327 3753 est
1361 3700 1579 3767 semper
1630 3696 1889 3752 auxilium

305 3793 749 3863 exspectandum,
775 3806 901 3847 nam
932 3798 1053 3846 cum
1086 3798 1116 3845 a
1152 3782 1381 3845 Domino
1418 3804 1515 3860 per
1539 3788 1759 3855 caelum,
1789 3797 1894 3844 ter-

309 3900 445 3949 ram,
477 3892 637 3954 caput
665 3892 718 3938 et
744 3882 1043 3938 Jerusalem
1078 3897 1184 3937 non
1205 3880 1653 3953 jurarejuhetur,
1681 3881 1757 3936 nil
1788 3881 1891 3937 nisi

308 3984 368 4031 ut
388 3990 486 4045 per
517 3983 823 4031 creaturam
852 3975 1085 4045 juretur,
1142 3972 1332 4044 procul
1382 3972 1544 4029 dubio
1593 3973 1888 4030 inhibetur.

309 4064 462 4133 Quod
502 4074 679 4120 autem
734 4080 831 4135 per
883 4065 977 4121 Dei
1030 4079 1225 4120 nomen
1262 4065 1447 4136 jurare
1493 4064 1890 4136 prtecipiamur,

310 4157 682 4229 ipsojubentc,
707 4157 1013 4212 didicimus.
1038 4154 1181 4212 Sane
1206 4164 1493 4226 possumus
1514 4164 1614 4227 per
1640 4166 1735 4212 eas
1762 4156 1895 4211 dun;

312 4259 459 4306 taxat
485 4260 767 4307 creaturas
799 4250 1008 4322 iurare,
1058 4267 1181 4323 quae
1228 4251 1425 4308 divinis
1476 4256 1602 4308 sunt
1660 4246 1895 4308 cultibus

310 4343 599 4413 deputatae,
628 4352 687 4399 ut
714 4352 798 4400 est
825 4342 1083 4414 templum
1108 4352 1165 4399 et
1209 4343 1397 4410 altare,
1452 4344 1505 4399 in
1557 4345 1755 4414 quibus
1801 4344 1893 4416 qui

303 4437 472 4510 jurat,
499 4439 647 4510 jurat
678 4438 733 4493 in
759 4438 912 4509 ipsis,
958 4446 1013 4494 et
1058 4438 1151 4509 qui
1206 4437 1415 4495 habitat
1468 4440 1523 4494 in
1574 4438 1728 4509 ipsis,
1757 4442 1812 4495 et
1850 4440 1896 4496 si

310 4547 431 4603 qua:
460 4540 585 4588 sunt
608 4531 758 4587 talia.
785 4531 1128 4602 Quapropter
1147 4530 1273 4601 jure
1296 4547 1395 4603 per
1411 4531 1760 4605 Evangelium
1804 4532 1895 4604 ju-

1985 643 2119 699 hora
2148 642 2337 697 eadem
2364 650 2470 712 qua
2502 640 2770 714 genuerit,
2802 647 2988 695 actura
3036 638 3238 710 gratias
3283 637 3453 693 intret
3490 653 3576 694 ec-

1985 734 2227 801 clesiam,
2258 734 2405 790 nullo
2445 734 2650 804 peccati
2695 733 2935 804 pondere
2998 740 3296 802 gravatur:
3326 731 3576 803 voluptas

1985 824 2131 880 enim
2169 825 2371 892 carnis,
2404 838 2513 882 non
2540 824 2693 881 dolor
2718 825 2774 879 in
2804 824 2962 895 culpa
2993 822 3193 904 estniu
3244 823 3426 878 carnis
3481 838 3577 877 au—

1985 926 2095 973 tem
2132 916 2515 973 commistione
2546 916 2793 987 voluptas
2821 926 2938 982 est;
2967 931 3093 973 nam
3143 916 3199 969 in
3243 914 3411 985 prolis
3451 930 3576 984 pro«
3627 958 3631 967 .

1984 1008 2188 1065 latione
2212 1009 2467 1083 gemitus,
2499 1010 2644 1066 unde
2669 1018 2727 1066 et
2752 1009 2854 1081 ipsi
2877 1010 3067 1080 primae
3121 1008 3364 1064 omnium
3415 1008 3572 1062 matri

1986 1104 2185 1161 dicitur
2241 1123 2254 1158 :
2302 1102 2370 1158 In
2433 1103 2705 1160 doloribus
2749 1106 2924 1175 paries
2959 1103 3113 1175 (Gen.
3164 1102 3252 1174 ιιι)
3295 1122 3309 1157 :
3351 1104 3397 1159 si
3448 1118 3579 1175 ergo

1987 1200 2203 1256 enixam
2260 1199 2544 1256 mulierem
2602 1200 2811 1255 intrare
2860 1199 3148 1255 ecclesiam
3203 1200 3577 1270 prohibemus,

1987 1292 2161 1364 ipsam
2190 1294 2240 1350 ei
2265 1306 2485 1365 poenam
2510 1293 2564 1350 in
2593 1294 2807 1364 culpam
2834 1284 3170 1365 deputamus.

2057 1386 2244 1444 LXIX.
2294 1387 2439 1458 Quot
2461 1388 2673 1444 vicibus
2700 1403 2799 1459 per
2822 1392 2993 1444 totum
3021 1402 3224 1444 annum
3252 1389 3581 1460 baptismata

1988 1480 2252 1538 celebrari
2296 1482 2546 1547 debeant,
2586 1478 2672 1537 vel
2716 1480 2763 1537 si
2801 1481 2991 1537 eodem
3017 1480 3104 1537 die
3132 1480 3342 1537 licitam
3369 1482 3439 1537 sit
3463 1496 3585 1537 car-
3656 1516 3675 1525 ι

1989 1589 2087 1631 nes
2122 1576 2354 1641 comedi,
2398 1573 2486 1632 vel
2526 1582 2657 1645 quot
2705 1575 2761 1630 in
2805 1574 3266 1645 consequentibus
3306 1576 3377 1631 ab
3399 1576 3487 1632 bis
3513 1575 3585 1631 sit

1991 1665 2393 1731 abstinendum,
2437 1665 2735 1736 requiritis.
2797 1665 3031 1737 lusignia
3086 1665 3251 1737 igitur
3294 1666 3421 1721 anni
3471 1665 3587 1721 sive

1991 1755 2251 1812 solemnia
2287 1766 2553 1827 tempora,-
2594 1757 2793 1827 qu‘ibus'
2839 1756 3166 1827 baptismate
3215 1756 3583 1824 celebrantur,

1994 1848 2290 1903 secundum
2326 1852 2585 1915 canenes,
2637 1846 2743 1904 duo
2792 1855 2937 1914 sunt,
2996 1847 3219 1904 Pascha
3273 1848 3484 1905 scilicet
3532 1860 3589 1905 et

1917 1929 1968 1991 B
1990 1937 2366 1996 'Pentecostes.
2423 1937 2623 1995 Verum
2667 1942 2812 1996 circa
2844 1948 2940 1997 ves
2967 1941 3112 1996 nulla
3137 1946 3267 1997 sunt
3307 1941 3367 1997 in
3408 1941 3586 2013 bapti-

1993 2029 2168 2086 zando
2196 2034 2442 2100 tempora
2466 2031 2689 2102 penitus
2716 2032 3087 2099 observanda;
3131 2031 3589 2104 quemadmodum

1992 2136 2094 2177 nec
2120 2136 2249 2193 erga
2275 2130 2370 2178 eos
2397 2123 2493 2193 qui
2518 2124 2709 2179 mortis
2733 2124 2927 2180 vicinis
2954 2125 3254 2195 periculum
3280 2132 3590 2184 metuentes

1994 2219 2143 2267 tanto
2172 2211 2388 2267 lavacro
2419 2214 2640 2285 purgari
2664 2214 2978 2271 desiderant
3011 2234 3024 2270 :
3054 2233 3086 2271 a
3126 2218 3385 2275 carnibus
3408 2228 3590 2277 autem

1993 2305 2111 2375 ipso
2131 2304 2219 2361 die
2245 2305 2313 2361 iis
2338 2306 2431 2377 qui
2468 2305 2707 2364 Sabbato
2737 2316 2946 2379 sancto,
3007 2309 3089 2366 vel
3131 2312 3358 2370 sabbato
3398 2310 3594 2371 Pente—

1993 2404 2172 2453 costes
2195 2398 2455 2470 baptizati
2484 2396 2718 2467 iuerint,
2751 2401 3027 2458 abstinere
3052 2402 3241 2473 procul
3275 2402 3437 2461 dubio
3468 2418 3593 2463 cono

1993 2486 2187 2565 venit:
2220 2488 2678 2559 consequentibus
2721 2504 2855 2547 vero
2893 2500 3100 2564 septem
3147 2495 3366 2565 diebus,
3418 2498 3509 2569 qui
3560 2515 3592 2554 a

1996 2578 2271 2634 veteribus
2302 2579 2418 2636 dies
2446 2594 2759 2653 azymorum
2790 2584 3130 2653 dicebantur,
3170 2594 3224 2643 et
3252 2587 3358 2644 diei
3405 2592 3591 2646 resur-

1996 2670 2253 2727 rectionis
2279 2672 2576 2729 Dominicis
2619 2674 2888 2732 convincti
2934 2674 3259 2754 [conjuncti]
3304 2683 3409 2739 rite
3455 2683 3595 2739 cele-

1994 2759 2243 2831 brantur,
2284 2763 2330 2820 si
2359 2765 2643 2841 quisquam
2675 2769 3106 2841 quandocunque
3144 2773 3401 2831 carnibus
3446 2776 3594 2834 ὑθςοί

1996 2852 2234 2923 aﬁ'ectat,
2270 2856 2443 2915 multo
2470 2840 2645 2932 magis
2666 2856 2832 2917 edere
2862 2840 3058 2920 carnes
3085 2870 3319 2935 Oportet.

2066 2944 2230 3002 LXX.
2277 2947 2682 3007 ConSuleudum
2742 2952 3038 3012 decernitis
3086 2964 3268 3014 utrum
3312 2960 3595 3033 presbyte-

1998 3053 2118 3093 rum
2149 3042 2373 3097 uxorem
2400 3040 2695 3100 habentem
2725 3042 2969 3101 debeatis
2994 3046 3302 3107 sustentare
3331 3048 3385 3107 et
3415 3050 3586 3109 hono-

1997 3143 2143 3197 rare,
2175 3145 2246 3186 an
2272 3145 2305 3187 a
2329 3132 2489 3189 vobis
2519 3132 2785 3204 projicere
2813 3153 2827 3190 :
2859 3142 2968 3208 quo
2997 3141 3414 3210 respOndeittus,
3462 3150 3595 3215 quo-

1997 3221 2144 3276 niam
2175 3222 2302 3279 licet
2330 3222 2435 3294 ipsi
2456 3222 2611 3281 valde
2640 3228 3094 3297 reprehensibiles
3118 3230 3248 3300 sint,
3280 3246 3377 3289 vos
3409 3240 3593 3292 tamen

1920 3299 1966 3362 C
1996 3310 2285 3372 Dominum
2328 3317 2535 3373 imitari
2590 3321 2843 3377 convenit
2869 3362 2886 3389 ,
2941 3324 3034 3395 qui
3088 3324 3251 3381 solem
3307 3340 3481 3394 suum,
3534 3341 3596 3385 ut

1997 3410 2347 3484 Evangelium
2378 3422 2632 3483 testatur,
2665 3418 2796 3473 oriri
2824 3418 2954 3491 facit
2985 3426 3140 3492 super
3184 3420 3345 3477 bonos
3386 3433 3433 3478 et
3472 3434 3589 3479 ma-

1997 3502 2074 3558 los
2096 3544 2111 3570 ,
2137 3508 2185 3559 et
2204 3504 2337 3574 pluit
2362 3520 2519 3579 super
2536 3507 2711 3578 justas
2740 3510 2789 3565 el
2815 3512 3042 3581 injustas
3086 3508 3304 3585 (Matth.
3350 3515 3426 3586 v).
3486 3512 3592 3571 De-

1989 3594 2162 3665 jicere
2194 3610 2324 3654 vero
2357 3604 2480 3654 eum
2512 3602 2542 3653 α
2583 3603 2735 3657 vobis
2778 3601 2899 3658 ideo
2929 3618 3036 3660 non
3068 3605 3297 3673 debetis,
3334 3610 3591 3677 quoniam

1996 3703 2096 3744 nec
2115 3688 2307 3746 Judam
2331 3686 2613 3760 Domitius,
2659 3702 2780 3749 eum
2818 3705 2964 3753 esset
3004 3699 3235 3753 mendax
3276 3692 3591 3771 discipulus,

1996 3780 2064 3837 de
2085 3790 2333 3857 numero
2372 3784 2739 3855 apostolorum
2770 3788 2983 3860 deiecit.
3039 3784 3239 3846 Verum
3273 3792 3340 3848 de
3369 3793 3593 3866 presby-

1998 3876 2129 3931 teris
2156 3877 2560 3949 qualescunque
2586 3880 2711 3946 sint,
2760 3883 2932 3949 vobis,
2986 3883 3077 3954 qui
3120 3878 3242 3940 laici
3287 3887 3440 3955 estis,
3492 3904 3592 3945 nec

1992 3968 2344 4039 judicandum
2387 3978 2489 4041 eSt,
2540 3982 2639 4031 nec
2681 3964 2747 4031 de
2782 3976 2893 4032 vita
2920 3977 3160 4049 ipsorum
3205 3979 3477 4052 quidpiam
3510 3983 3594 4038 in-

1995 4063 2393 4134 vestigandum,
2432 4068 2524 4123 sed
2552 4068 2927 4142 episcoporum
2950 4068 3155 4144 judicio
3183 4074 3443 4147 quidquid
3487 4086 3588 4143 est,

1997 4162 2097 4227 per
2120 4158 2302 4214 Onmia
2330 4162 2739 4219 reservandum.

2070 4246 2253 4305 LXXI.
2314 4251 2727 4312 Sciscitantibus
2766 4258 2938 4324 v’obis,
2983 4260 3028 4315 si
3074 4275 3102 4313 a
3155 4266 3456 4330 sacerdote,
3500 4266 3592 4334 qui

2000 4343 2113 4399 sive
2153 4346 2579 4415 comprehensus
2628 4356 2707 4404 est
2758 4349 2811 4404 in
2859 4351 3156 4421 adulterio,
3206 4356 3318 4409 sive
3369 4354 3433 4409 de
3491 4354 3593 4411 hoe

2000 4436 2142 4493 fama.
2209 4439 2312 4495 .ola
2368 4448 2647 4511 respersds
2692 4452 2805 4509 eSt,
2866 4446 3108 4503 debeatis
3157 4449 3591 4503 communionem

2003 4532 2300 4602 suscipere,
2331 4546 2522 4600 necne,
2557 4536 2948 4606 respondemus
2978 4556 2989 4591 :
3017 4536 3132 4592 Non
3185 4546 3365 4609 potest
3401 4538 3595 4610 aliquis

314 4627 541 4682 randum
572 4634 676 4691 est,
707 4624 763 4679 in
793 4639 899 4695 quo
924 4625 1184 4695 quidquid
1223 4628 1554 4694 continetur,
1607 4628 1741 4684 nihil
1792 4628 1895 4684 nisi
1928 4667 1984 4727 Β
2008 4630 2487 4695 quantumcunque
2516 4622 2755 4696 pollutus
2781 4626 2871 4696 sit,
2906 4637 3245 4685 sacramenta
3275 4626 3454 4685 divina
3481 4631 3596 4701 pol-

313 4719 430 4786 Dci,
462 4718 555 4788 qui
580 4718 634 4772 in
673 4730 739 4773 eo
762 4716 1019 4773 scribitur
1046 4724 1103 4771 et
1149 4716 1346 4789 legitur
1365 4733 1509 4785 esse,
1536 4718 1781 4791 profecto
1822 4722 1903 4776 di-

312 4808 593 4883 gnoscitur
622 4827 635 4862 :
667 4809 841 4879 ipsum
872 4817 957 4864 est
980 4808 1124 4863 enim
1152 4807 1238 4863 lex
1265 4819 1474 4874 nostra,
1497 4810 1675 4880 ipsum
1731 4814 1901 4868 testa-

313 4909 555 4956 mentum
577 4906 847 4965 nostrum,
871 4898 1014 4970 quod
1035 4897 1227 4970 legifer
1270 4909 1325 4955 et
1375 4904 1599 4957 testator
1644 4901 1907 4958 Dominus

316 5003 371 5050 et
393 4993 724 5064 Redemptor
761 4996 946 5048 noster
970 4991 1158 5048 electis
1192 4992 1307 5049 suis
1342 4992 1626 5063 disposuit,
1650 4998 1706 5051 et
1730 4994 1775 5050 si
1803 4994 1910 5049 hoc

317 5094 566 5142 amamus
594 5098 695 5155 per
722 5084 897 5155 ipsum
950 5082 1115 5139 etiam
1156 5081 1440 5151 iuramus;
1481 5084 1683 5141 etenim
1730 5083 1909 5140 Omnis

316 5194 445 5237 vera
467 5180 559 5252 qui
591 5178 741 5246 dicit,
769 5190 869 5250 per
901 5182 1023 5235 eum
1039 5170 1190 5246 iurat
1214 5180 1375 5248 quem
1402 5178 1583 5244 amat;
1635 5186 1734 5234 nos
1780 5190 1912 5248 ergo

320 5276 367 5331 si
391 5290 489 5346 per
512 5273 863 5348 Evangelium
895 5274 1164 5345 jurat‘nu‘s,
1187 5279 1242 5327 et
1266 5277 1606 5340 testatorem,
1632 5280 1688 5328 et
1732 5271 1910 5342 ipsum

322 5375 705 5423 testamentum
729 5367 952 5438 diligere
980 5363 1420 5436 comprobainur,
1448 5373 1504 5420 et
1528 5365 1597 5421 ab
1616 5362 1734 5435 ejus
1762 5374 1913 5417 man-

322 5461 465 5517 datis
491 5477 591 5518 nos
617 5461 758 5518 nolle
792 5460 1047 5517 recedere
1077 5458 1264 5529 promi
1315 5454 1478 5515 dubio
1521 5454 1910 5530 signiﬁcamus.

395 5553 624 5611 LXVIII.
656 5552 982 5628 Requisistis
1007 5562 1130 5626 post
1157 5560 1288 5625 quot
1333 5554 1450 5610 dies
1486 5553 1680 5610 mulier
1739 5552 1912 5625 possit

325 5646 610 5703 ecclesiam
640 5649 844 5705 intrare
880 5658 1168 5721 postquam
1220 5648 1469 5721 genuerit
1503 5667 1516 5702 :
1553 5648 1606 5703 in
1661 5662 1770 5718 quo
1815 5661 1915 5705 nos

326 5737 739 5808 przedecessoris
769 5741 940 5796 nostri
988 5740 1131 5796 beati
1186 5738 1431 5812 Gregorii
1488 5754 1641 5812 papae.
1690 5739 1917 5811 vestigia

326 5839 637 5903 sequentes,
686 5833 871 5888 eadem
924 5849 1045 5904 «ius:
1095 5833 1209 5905 ipse
1266 5834 1630 5898 decernimus,
1682 5832 1773 5904 qui
1819 5846 1919 5904 pro

330 5939 469 5983 nova
495 5935 654 5998 gente
684 5925 822 5982 sicut
846 5942 942 5982 nos
965 5927 1123 5983 modo
1154 5927 1471 5985 instruenda
1521 5926 1787 5996 scribens,
1836 5927 1920 5983 in-

2009 4714 2178 4784 tuere,
2210 4732 2329 4788 quae
2351 4719 2667 4790 purgatoria
2692 4722 3014 4776 cunctarIim
3042 4722 3278 4777 remedia
3323 4723 3599 4794 eontagio~

2009 4822 2138 4862 uum
2167 4806 2427 4864 existunt.
2488 4807 2599 4865 Nec
2621 4814 2819 4880 potest"
2849 4810 2978 4867 solis
3019 4812 3203 4867 radius
3248 4826 3343 4883 per
3386 4814 3600 4870 cloacas

2012 4908 2068 4956 et
2091 4899 2314 4958 latrinas
2340 4902 2613 4957 transiens
2646 4901 2849 4973 aliquid
2878 4902 3074 4958 exinde
3119 4905 3599 4961 contaminatiouis

2013 4991 2290 5048 attrahere
2320 5007 2337 5047 :
2365 4993 2592 5063 proinde
2617 4993 3010 5064 qualiscunque
3055 4995 3310 5052 sacerdos
3344 4996 3432 5062 sit,
3481 5013 3603 5069 qute

2014 5091 2206 5142 sancta
2232 5092 2359 5142 sunt
2387 5085 2739 5156 coinquinare
2782 5092 2891 5142 non
2918 5094 3131 5159 potest;
3182 5088 3384 5146 idcirco
3429 5089 3501 5145 ab
3536 5104 3603 5149 eo

2015 5193 2296 5249 usquequo
2338 5178 2715 5249 episcoporum
2758 5176 2965 5249 judicio
2996 5181 3333 5252 reprobetur,
3362 5188 3608 5239 commu-

2015 5271 2108 5328 nio
2131 5268 2479 5343 percipienda
2506 5274 2591 5328 est
2621 5290 2634 5326 :
2663 5273 2918 5343 quoniam
2941 5272 3067 5329 mali
3087 5270 3227 5330 bona
3248 5274 3607 5334 ministrando

2018 5381 2077 5422 se
2109 5366 2483 5422 tantummodo
2511 5366 2712 5423 laedunt
2743 5385 2756 5421 :
2789 5375 2844 5423 et
2889 5382 3047 5425 cerea
3082 5364 3181 5424 fax
3225 5385 3455 5427 accensa
3503 5371 3605 5427 sibi

2019 5452 2242 5528 quidem
2288 5457 2673 5514 detrimentum
2720 5464 2961 5530 praestat,
3014 5460 3135 5517 aliis
3177 5472 3305 5517 vero
3342 5460 3521 5515 lumen
3555 5461 3609 5514 in

2022 5546 2259 5608 tenebris
2287 5551 2653 5618 administrat,
2689 5559 2744 5608 et
2770 5552 2912 5609 unde
2960 5553 3081 5609 aliis
3123 5552 3466 5610 commodum
3514 5564 3611 5606 ex-

2024 5642 2197 5710 hibet,
2224 5634 2352 5699 inde
2394 5642 2495 5699 sibi
2536 5640 2871 5714 dispendium
2920 5645 3142 5717 praebet.
3189 5644 3398 5699 Sumite
3448 5641 3615 5712 igitur

2022 5734 2292 5806 intrepide
2319 5732 2392 5791 ab
2414 5734 2559 5791 Omni
2601 5736 2882 5792 sacerdote
2906 5735 3108 5793 Christi
3153 5735 3429 5807 mysteria,
3478 5746 3653 5804 quon

2026 5828 2173 5911 niam
2209 5829 2393 5885 omnia
2427 5828 2481 5884 in
2510 5827 2615 5883 ﬁde
2640 5840 2962 5901 purgantur.
2995 5828 3155 5884 Fides
3183 5837 3267 5883 est
3295 5826 3461 5893 enim,
3494 5841 3614 5896 quae

2023 5922 2191 5981 vincit
2217 5923 2359 5981 hunc
2382 5923 2664 5993 mundum,
2694 5934 2748 5981 et
2789 5918 3047 5995 quia'uou
3093 5923 3290 5991 dantis,
3338 5923 3433 5979 sed
3476 5921 3620 5977 acci-
