4050 6324
477 441 612 497 100⁸1

1849 415 2119 476 NICOLAI
2153 413 2354 471 PAP/E
2390 413 2409 466 l

3647 401 3794 457 1008

470 554 672 629 pientis
702 553 794 620 sit,
832 551 1061 607 docente
1088 552 1274 603 sancto
1321 541 1673 610 Hieronymo,
1722 533 1791 589 ad
1831 532 2059 588 creden-
2091 535 2142 595 Α
2167 522 2457 596 Apostolus
2489 520 2610 574 ait:
2647 516 2777 572 νοιο
2825 531 2948 588 ergo
2993 517 3129 571 viros
3171 528 3326 569 orare
3369 513 3424 567 in
3467 512 3615 565 omni
3667 511 3791 567 loco

474 619 603 702 dum
630 645 686 699 in
711 641 859 700 omni
887 639 1066 695 anima
1091 634 1416 706 baptismum
1445 643 1567 685 esse
1585 623 1911 698 perfectum,
1935 619 2066 676 etin

475 737 627 794 omni
653 734 932 792 sacerdote
974 742 1170 798 corpus
1207 723 1408 781 Christi
1450 735 1571 777 esse
1608 715 1936 789 perfectum,
1975 711 2065 782 qui

477 845 668 886 rursus
706 840 886 887 sacrae.
904 821 1203 890 Scriptura:
1233 815 1568 872 concordans
1599 810 1676 866 ait
1704 824 1718 864 :
1744 808 2066 877 Priusquam

477 922 690 986 audias,
716 932 785 974 ne
805 912 1136 987 iudicaveris
1163 922 1513 981 quemquam,
1537 913 1698 975 atque
1725 909 1849 957 ante
1869 897 2071 971 proba-

479 1016 683 1072 tionem
710 1006 1069 1067 accusationis
1099 1003 1277 1069 illatae,
1303 999 1576 1056 neminem
1618 1010 1649 1050 a
1687 1003 1777 1050 tua
1830 1007 2072 1047 commu-

477 1108 639 1164 nione
657 1102 978 1176 suspendas,
996 1098 1124 1170 quia
1146 1112 1252 1153 non
1284 1092 1467 1150 statim
1493 1090 1586 1161 qui
1609 1093 1920 1151 accusatur,
1945 1099 2072 1139 reus

477 1208 592 1266 est;
616 1197 711 1254 sed
738 1195 830 1267 qui
861 1190 1227 1255 convincitur,
1259 1184 1605 1243 criminosus.

552 1288 762 1345 LXXII.
812 1283 1140 1357 Requisistis
1168 1280 1216 1336 si
1245 1279 1408 1335 liceat
1428 1277 1483 1333 in
1522 1273 1675 1330 vobis
1707 1269 2072 1343 patriarcham

479 1379 744 1445 ordinari,
795 1378 891 1434 sed
935 1375 1002 1430 de
1051 1374 1157 1429 hcc
1217 1368 1352 1426 nihil
1410 1364 1690 1423 diffinitive
1744 1358 2075 1432 respondere

478 1486 789 1546 possumus,
843 1468 1160 1540 priusquam
1193 1461 1356 1534 legati
1398 1458 1592 1525 nostri,
1635 1469 1771 1526 quos
1795 1451 2075 1506 vobiscum

481 1565 768 1628 mittimus,
799 1559 1005 1616 reversi
1048 1556 1271 1622 fuerint,
1307 1562 1364 1609 et
1407 1551 1584 1617 nobis,
1632 1564 1752 1620 quae
1803 1546 1945 1600 inter
1982 1556 2078 1596 vos

479 1653 770 1711 multitudo
797 1651 868 1707 sit
895 1658 952 1706 et
981 1647 1313 1703 unanimitas
1352 1642 1790 1700 Christianorum
1815 1679 1831 1705 ,
1877 1649 2078 1692 renuit-

479 1745 634 1801 tient.
695 1742 833 1798 Nam
859 1741 1078 1796 interim
1105 1739 1418 1809 episcopum
1446 1736 1726 1798 habetote,
1759 1739 1964 1785 etcum
1993 1727 2078 1782 in-

482 1843 763 1894 cremento
792 1834 986 1890 divinae
1014 1832 1204 1910 gratiae
1237 1827 1624 1885 Christianitas
1670 1824 1745 1879 ibi
1780 1820 1947 1876 fuerit
1991 1818 2075 1874 di-

2169 620 2395 676 levantes
2419 632 2579 688 purae
2605 629 2794 668 manus
2825 611 2877 685 (I
2911 610 3048 668 Tim.
3071 609 3211 683 vni).
3259 607 3528 665 Prmterea
3571 608 3682 678 qui
3736 608 3793 663 in

2167 713 2313 768 bono
2344 724 2507 781 opere
2533 705 2969 781 perseveraverit
3006 705 3061 760 in
3092 703 3278 769 tinem,
3305 702 3394 758 hic
3419 700 3608 758 salvus
3637 700 3789 763 erit;

2169 805 2441 878 praecipue
2493 817 2559 858 eo
2611 811 2878 870 tempore,
2930 797 3145 868 quando
3193 804 3380 852 contra
3425 794 3791 850 inimicorum

2172 900 2281 954 itur
2311 899 2598 962 incursus;
2631 904 2686 951 et
2725 894 2989 956 oratione,
3023 891 3163 947 sicut
3183 889 3298 960 iam
3321 904 3482 961 supra
3509 887 3788 952 diximus,

2174 990 2348 1062 magis
2391 1004 2555 1059 quam
2581 987 2752 1043 armis
2779 983 3085 1056 exspectari
3112 982 3272 1039 debet
3295 983 3366 1038 ab
3393 981 3549 1038 hoste
3576 980 3789 1034 trium-

2174 1085 2340 1155 phus.

2249 1172 2460 1230 LXXV.
2515 1172 2785 1229 Iudicium
2839 1169 3172 1242 paenitentia:
3205 1208 3220 1234 ,
3265 1166 3409 1239 quod
3453 1164 3786 1235 postulatis,

2175 1265 2414 1338 episcopi
2442 1264 2613 1320 nostri
2649 1278 2787 1334 quos
2823 1262 2878 1316 in
2925 1261 3160 1332 patriam
3210 1267 3449 1315 vestram
3497 1256 3788 1318 misimus,

2178 1359 2234 1414 in
2261 1357 2478 1428 scriptis
2503 1371 2687 1412 secum
2726 1354 2914 1424 utique
2955 1351 3233 1417 deferent;
3261 1356 3358 1405 aut
3381 1358 3531 1405 certe
3560 1349 3789 1420 episco-

2178 1465 2302 1521 pus,
2332 1449 2423 1521 qui
2455 1449 2509 1504 in
2536 1449 2688 1504 vobis
2720 1445 3082 1511 ordinabitur,
3134 1446 3236 1500 hoc
3278 1459 3403 1497 cum
3445 1440 3786 1512 oportuerit,

2179 1541 2487 1614 exhibebit;
2517 1554 2640 1594 nam
2673 1536 2960 1594 saeculares
2995 1534 3103 1590 tale
3127 1534 3256 1605 quid
3280 1533 3484 1589 habere
3507 1547 3624 1588 non
3659 1546 3789 1587 con-

2180 1632 2348 1698 venit,
2380 1631 2640 1686 nimirum
2666 1629 2863 1700 quibus
2893 1643 2988 1698 per
3030 1627 3082 1683 id
3129 1642 3459 1698 quemquam
3494 1623 3786 1696 iudicandi

2182 1724 2547 1781 ministerium
2575 1722 2781 1778 nullum
2807 1720 3083 1777 tribuitur.

2253 1815 2487 1872 LXXVI.
2539 1814 2801 1870 Similiter
2829 1823 2886 1868 et
2923 1814 2988 1870 de
3029 1813 3217 1870 codice
3251 1812 3318 1868 ad
3353 1809 3643 1868 faciendas
3669 1809 3789 1864 mis-

480 1930 674 1994 latata,
714 1937 771 1982 et
798 1925 1035 1996 episcopi
1086 1938 1183 1994 per
1225 1919 1465 1992 singulas
1506 1915 1768 1974 ecclesias
1815 1911 2074 1977 ordinati,
2106 1911 2155 1972 Β
2183 1925 2272 1966 sas
2311 1909 2624 1965 asserimus.

481 2030 613 2077 tunc
638 2019 919 2091 eligendus
940 2024 1024 2072 est
1047 2017 1190 2071 inter
1213 2027 1308 2070 eos
1334 2027 1494 2077 unus,
1526 2009 1618 2080 qui
1646 2008 1692 2064 si
1715 2021 1823 2062 non
1844 2003 2076 2076 patriar-

483 2116 612 2180 cha,
642 2121 794 2169 certe
808 2103 1261 2180 archiepiscopus
1297 2103 1647 2176 appellandus
1685 2102 1787 2168 sit;
1819 2098 1887 2155 ad
1916 2113 2077 2169 quem

483 2220 677 2261 omnes
707 2208 1053 2266 concurrant,
1084 2208 1140 2255 et
1184 2198 1337 2268 cujus
1359 2194 1644 2252 consilium
1676 2193 1732 2247 in
1759 2190 1940 2247 causis
1964 2205 2076 2244 ma-

477 2296 692 2366 ioribus
707 2292 1114 2366 praestolentur;
1143 2288 1375 2358 idipsum
1395 2285 1558 2340 etiam
1580 2281 1889 2354 apostolicis
1917 2294 2078 2350 regu—

491 2388 560 2443 lis
589 2382 1029 2457 prazcipientibus
1075 2394 1140 2435 ac
1176 2377 1480 2434 dicentibus
1517 2372 1673 2445 (Can.
1719 2382 1887 2443 apost.
1935 2370 2026 2441 54)
2064 2387 2078 2423 :

483 2481 782 2551 Episcopos
806 2476 1046 2550 gentium
1090 2470 1422 2544 singularum
1463 2467 1606 2522 scire
1636 2465 1914 2531 convenit,
1961 2462 2084 2532 quis

483 2573 630 2628 inter
655 2586 750 2627 eos
778 2569 987 2640 primus
1018 2565 1302 2627 habeatur,
1330 2575 1493 2632 quem
1516 2557 1667 2614 velut
1691 2566 1856 2628 caput
1888 2555 2080 2610 existi-

483 2671 638 2720 ment
659 2671 718 2719 et
746 2660 882 2718 nihil
912 2657 1146 2729 amplius
1173 2661 1372 2726 praeter
1413 2649 1528 2720 eius
1557 2648 1949 2706 conscientiam
1992 2660 2082 2717 ge-

486 2763 635 2821 rant,
665 2763 774 2811 etc.

559 2845 793 2904 LXXllI.
848 2844 896 2898 A
932 2855 1042 2912 quo
1077 2848 1259 2895 autem
1292 2837 1366 2894 sit
1397 2834 1707 2906 patriarcha
1752 2829 2086 2888 ordinandus

481 2939 856 3012 interrogatis,
899 2944 956 2991 et
1000 2934 1206 2990 idcirco
1273 2930 1466 2987 scitote
1525 2928 1652 2998 quia
1706 2926 1762 2980 in
1817 2924 1936 2981 loco
1996 2923 2086 2978 ubi

486 3047 767 3104 nmquam
792 3026 1105 3100 patriarcha
1147 3023 1234 3096 vel
1282 3021 1722 3092 archiepiscopus
1761 3016 2088 3073 constitutus

488 3137 592 3193 est,
638 3141 671 3180 a
710 3121 901 3193 maiori
961 3128 1045 3175 est
1087 3116 1337 3188 primitus
1395 3110 1802 3169 instituendus:
1834 3108 2086 3178 quoniam

487 3217 788 3275 secundum
847 3209 1165 3282 Apostolum
1210 3206 1390 3261 minus
1430 3219 1464 3258 a
1515 3202 1710 3274 majori
1753 3199 2089 3256 benedicitur

2250 1999 2510 2056 LXXVII.
2554 1999 2790 2057 Refertis
2817 2000 2960 2072 quod
2986 1999 3298 2056 Graecorum
3326 1998 3661 2070 quibusdam
3698 2012 3784 2054 co-

2180 2096 2356 2152 dicem
2380 2095 2768 2165 accipientibus
2794 2095 2848 2150 iu
2873 2096 3126 2151 manibus
3146 2094 3408 2162 clausum,
3435 2109 3582 2149 unus
3605 2109 3674 2148 ex
3702 2093 3778 2148 eis

2182 2188 2454 2259 accipiens
2500 2187 2879 2258 parvissimam
2927 2185 3248 2256 particulam
3279 2184 3432 2256 ligni,
3461 2185 3610 2241 hanc
3639 2185 3779 2239 intra

2181 2280 2360 2351 ipsum
2388 2279 2627 2336 codicem
2655 2278 2876 2345 condat,
2902 2285 2958 2334 et
2981 2278 3029 2334 si
3060 2277 3416 2348 undecunque
3441 2277 3630 2348 aliqua
3654 2292 3772 2332 ver-

2185 2373 2321 2428 titur
2348 2371 2670 2443 ambiguitas
2703 2358 2844 2442 :per
2879 2370 2986 2426 hoc
3027 2368 3294 2425 aﬂirment
3333 2369 3474 2425 scire
3519 2384 3582 2424 se
3629 2383 3783 2439 posse

2184 2461 2328 2535 quod
2354 2461 2594 2534 cupiunt.
2654 2459 2764 2517 Vos
2787 2474 2918 2516 vero
2941 2459 3223 2516 consulitis
3255 2459 3300 2514 si
3330 2459 3402 2515 sit
3434 2459 3539 2514 hoc
3582 2467 3768 2515 tenen-

2185 2555 2312 2611 dum
2357 2568 2427 2608 an
2455 2551 2836 2623 respuendum,
2861 2549 3050 2621 utique
3091 2549 3482 2621 respuendum;
3521 2547 3776 2618 scriptum

2185 2653 2270 2702 est
2296 2645 2447 2701 enim
2480 2661 2494 2698 :
2524 2641 2735 2698 Beatus.
2758 2641 2834 2696 vir
2869 2641 3023 2712 cujus
3056 2644 3131 2696 es't
3173 2656 3362 2694 nomen
3403 2638 3620 2694 Domini
3670 2653 3774 2707 spes

2186 2735 2301 2806 ejus
2326 2751 2346 2790 :
2369 2743 2419 2790 et
2445 2750 2549 2789 non
2578 2743 2802 2804 respexit
2850 2733 2905 2786 in
2941 2733 3194 2787 vanitates
3237 2741 3285 2785 et
3332 2730 3570 2785 insanias
3619 2727 3775 2799 falsa:

2189 2827 2364 2902 (Psal.
2393 2830 2604 2901 χχιιι).

2258 2919 2536 2976 LXXVIII.
2586 2919 2869 2976 Enarratis
2899 2917 3045 2990 quod
3081 2919 3309 2991 populus
3336 2919 3426 2975 ille
3452 2919 3544 2990 qui
3567 2927 3770 2990 propter

2190 3017 2555 3074 Christianam
2582 3016 2900 3089 religionem
2932 3014 2999 3070 ad
3029 3012 3385 3070 occidendum
3416 3026 3514 3068 vos
3540 3010 3766 3065 insurre-

2190 3124 2344 3176 xere,
2374 3107 2750 3180 paenitentiam
2776 3119 2938 3178 agere
2972 3103 3223 3169 voluerit,
3255 3111 3312 3158 et
3338 3103 3644 3158 sacerdotes
3669 3097 3760 3162 illi,

2191 3203 2283 3272 qui
2309 3203 2452 3258 inter
2470 3217 2567 3258 vos
2586 3200 2808 3256 advenae
2835 3207 2984 3265 sunt,
3013 3198 3158 3254 hanc
3178 3197 3424 3267 recipere
3446 3194 3723 3252 recusarint
3745 3209 3758 3244 :

488 3310 680 3385 (Ηεῦν-
735 3305 857 3375 νη),
902 3301 1094 3357 deinde
1143 3312 1273 3352 νθνο
1320 3303 1542 3364 accer
1591 3292 1912 3385 Ῐίοθηιίθχθι
1941 3286 2089 3357 pallii
2117 3283 2163 3348 C
2197 3309 2342 3352 nunc
2368 3305 2553 3351 autem
2598 3292 2886 3365 requiritis
2937 3291 3067 3362 quid
3104 3290 3172 3346 de
3198 3290 3279 3346 eis
3305 3288 3562 3361 agendum
3589 3287 3667 3341 sit.
3703 3282 3756 3338 Si

485 3382 591 3460 usu
619 3399 837 3458 ordinat
861 3397 975 3467 ipse
1000 3393 1104 3450 sibi
1131 3391 1384 3460 deinceps
1405 3387 1686 3458 episcopos
1715 3425 1730 3449 ,
1759 3382 1849 3452 qui
1875 3395 2090 3437 succes-

486 3509 668 3552 sorem
711 3506 866 3548 suum
908 3486 1124 3542 valeant
1170 3481 1440 3539 ordinare.
1490 3478 1599 3533 Vos
1637 3485 1817 3531 tamen
1849 3474 1960 3529 sive
1994 3487 2090 3542 pa-

487 3588 806 3653 triarcham,
831 3583 948 3640 sive
972 3577 1464 3648 archiepiscopum,
1496 3570 1614 3626 sive
1644 3569 1958 3640 episcopum
1988 3580 2084 3622 vo-

488 3683 574 3739 bis
611 3676 854 3736 ordinari
882 3669 1188 3744 postuletis,
1234 3682 1266 3721 a
1315 3663 1531 3721 nemine
1587 3675 1732 3716 nunc
1777 3658 1914 3715 velle
1955 3673 2085 3714 con-

485 3772 788 3848 gruentius,
828 3780 992 3839 quam
1013 3779 1045 3818 a
1073 3757 1329 3833 pontiﬁce
1350 3754 1495 3812 sedis
1529 3752 1673 3810 beati
1697 3750 1864 3817 Petri,
1903 3764 1934 3803 a
1981 3763 2089 3819 quo

487 3842 545 3923 et
587 3866 930 3936 episcopatus
960 3864 1016 3913 et
1054 3851 1388 3925 apostolatus
1424 3846 1654 3918 sumpsit
1680 3844 1914 3910 initium,
1945 3842 2090 3896 hunc

485 3934 730 4014 ordinari
762 3950 976 4017 valetis,
1021 3948 1078 4003 in
1120 3960 1228 4017 quo
1273 3943 1363 3998 hic
1403 3951 1486 3997 est
1511 3939 1644 3996 ordo
1673 3934 1994 4000 servandus,
2031 3940 2091 3987 ut

487 4049 740 4107 videlicet
765 4061 798 4100 a
834 4044 979 4101 sedis
1027 4037 1336 4110 apostolicae
1376 4032 1606 4106 praesule
1646 4031 1718 4087 sit
1756 4044 1902 4084 nunc
1935 4026 2089 4083 vobis

489 4149 778 4221 episcopus
813 4137 1232 4201 consecrandus,
1271 4133 1386 4204 qui,
1429 4132 1474 4187 si
1518 4128 1717 4186 Christi
1768 4127 1941 4198 plebs,
1969 4125 2087 4195 ipso

489 4218 807 4314 plvestante,
839 4231 1075 4297 crescit,
1127 4225 1620 4295 archiepiscopatus
1671 4218 1951 4290 privilegia
1990 4231 2088 4288 per

488 4309 591 4392 nos
618 4329 881 4401 accipiat;
910 4334 965 4380 et
993 4324 1068 4379 ita
1095 4323 1311 4378 demum
1333 4317 1614 4388 episcopos
1640 4313 1745 4368 sibi
1768 4309 2084 4373 constituat,

488 4430 582 4501 qui
627 4427 676 4482 ci
731 4417 1011 4481 decedenti
1061 4426 1429 4472 successorem
1484 4408 1687 4480 eligant
1729 4414 1827 4461 :et
1865 4411 2088 4475 propter

487 4493 880 4591 longitudinem
907 4507 1120 4566 itineris
1147 4519 1252 4560 non
1278 4503 1391 4573 iam
1417 4499 1524 4555 huc
1549 4497 1954 4554 consecrandus
1994 4493 2086 4564 qui

486 4589 696 4669 electus
721 4615 804 4662 est
827 4602 1009 4660 veniat
1040 4618 1053 4654 :
1080 4598 1174 4654 sed
1202 4597 1348 4651 hunc
1367 4591 1626 4663 episcopi,
1651 4590 1742 4660 qui
1767 4590 1834 4644 ab
1855 4589 2088 4644 oheuute

488 4701 900 4772 archiepiscopo
919 4689 1223 4751 consecrati
1251 4694 1397 4751 sunt,
1431 4683 1591 4740 simul
1620 4680 1935 4754 congregati
1957 4693 2088 4735 con-

487 4799 717 4857 stituant
749 4811 761 4846 :
797 4805 928 4847 sane
973 4783 1190 4843 interim
1222 4781 1278 4836 in
1321 4778 1516 4833 throno
1552 4791 1660 4831 non
1707 4774 2004 4839 sedentem,
2037 4781 2091 4828 et

487 4900 686 4963 praeter
710 4899 908 4956 corpus
939 4877 1139 4936 Christi
1166 4889 1276 4931 non
1301 4875 1741 4933 consecrantem,
1771 4865 2088 4936 priusquam

489 4959 714 5056 pallium
757 4996 786 5033 a
811 4976 939 5034 sede
969 4974 1214 5028 Romana
1255 4965 1539 5037 percipiat,
1587 4961 1748 5018 sicuti
1791 4959 2087 5016 Galliarum

492 5052 706 5138 omnes,
745 5081 799 5130 ct
841 5065 1163 5129 Germaniae,
1211 5070 1269 5117 ct
1314 5057 1543 5114 aliarum
1593 5054 1872 5125 regionum
1913 5052 2090 5108 archi-

497 5168 740 5243 episcopi
783 5179 944 5236 agerc
971 5157 1432 5232 Leomprobantur.

565 5260 799 5318 LXXIV.
862 5252 1222 5312 Sciscitamini
1265 5250 1333 5316 si,
1358 5255 1537 5319 empta
1567 5246 1839 5312 oratione,
1868 5244 2089 5300 nuntius

492 5353 705 5413 venerit
747 5351 814 5405 de
854 5347 1120 5412 hostibus,
1163 5358 1227 5398 ac
1274 5342 1395 5397 ideo
1421 5339 1594 5412 ipsam
1625 5337 1931 5394 orationem
1954 5350 2087 5392 con-

491 5459 772 5506 summare
795 5439 1166 5511 uequiveritis,
1197 5437 1325 5508 quid
1346 5435 1501 5491 vobis
1523 5433 1793 5507 agendum
1814 5433 1925 5488 sit?
1947 5430 2085 5500 Quid

490 5541 639 5597 aliud
665 5537 872 5607 utique,
900 5529 1003 5586 nisi
1032 5539 1094 5585 ut
1118 5530 1338 5595 bonum,
1373 5527 1516 5598 quod
1545 5526 1808 5598 coepistis,
1842 5539 2086 5596 quocun-

491 5649 599 5707 que
626 5647 725 5688 vos
754 5623 1058 5702 perrexisse
1092 5620 1398 5690 contigerit,
1426 5618 1762 5689 perﬁciatis?
1810 5631 1934 5671 nam
1974 5632 2082 5671 non

491 5737 577 5787 est
622 5721 946 5782 Christianis
995 5732 1132 5773 unus
1178 5715 1327 5770 locus
1376 5711 1657 5775 orationis,
1706 5709 1849 5765 sicut
1885 5707 2084 5765 Judmis

494 5829 615 5877 erat
663 5815 1082 5888 Hierosolymis;
1122 5819 1175 5866 et
1219 5807 1382 5864 veluti
1429 5805 1789 5862 Samaritanis
1818 5791 1872 5860 in
1904 5813 2086 5860 monte

495 5910 755 5975 Garizim,
806 5909 897 5962 sed
944 5907 994 5960 iu
1048 5903 1297 5957 uirtutibus
1346 5898 1499 5965 locis,
1545 5894 1994 5965 quemadmodum
2032 5903 2092 5952 et

2191 3387 2648 3459 quemadmodum
2679 3384 2941 3450 asseritis,
2977 3391 3171 3454 sponte
3204 3381 3562 3452 paenitentiam
3605 3391 3753 3448 agere

2189 3480 2400 3547 volunt,
2444 3493 2551 3534 non
2604 3485 2731 3533 sunt
2756 3474 3110 3547 prohibendi,
3141 3474 3238 3530 sed
3263 3489 3364 3546 per
3390 3470 3557 3528 omnia
3598 3466 3753 3540 poeni-

2191 3573 2373 3629 tentia:
2413 3569 2784 3636 submittendi,
2835 3584 2996 3640 quam
3045 3567 3352 3639 episcopus,
3397 3566 3474 3622 vel
3505 3563 3758 3634 presbyter

2189 3665 2471 3721 ordinatus
2499 3663 2567 3720 ab
2592 3661 2687 3718 illo
2716 3659 3149 3717 consideraverit
3176 3677 3190 3713 :
3219 3674 3344 3714 nam
3371 3673 3481 3714 non
3511 3655 3755 3724 suscipere

2190 3757 2552 3829 pmnitcntes,
2601 3769 2708 3811 non
2755 3761 2840 3810 est
2888 3751 3282 3809 catholicorum
3311 3791 3326 3818 ,
3379 3751 3474 3808 sed
3530 3747 3754 3807 Novati:-

2190 3867 2403 3907 norum.

2261 3942 2499 3999 LXXIX.
2549 3941 2904 3998 Perhibentes
2931 3941 3074 4012 quod
3101 3941 3268 3997 moris
3294 3941 3366 3995 sit
3406 3940 3547 4010 apud
3581 3953 3666 3992 vos
3687 3933 3754 3989 in-

2193 4038 2365 4093 tirmis
2388 4036 2674 4106 ligaturam
2696 4035 2987 4106 quamdam
3004 4034 3075 4090 ob
3107 4034 3394 4089 sanitatem
3425 4028 3752 4101 recipiendam

2189 4128 2334 4183 ferre
2380 4125 2709 4198 pendentem
2751 4127 2852 4182 sub
2882 4133 3118 4197 gutture,
3150 4122 3453 4194 requiritis,
3491 4122 3533 4177 si
3573 4122 3664 4175 lioc
3687 4113 3758 4185 agi

2188 4234 2289 4275 nos
2333 4219 2400 4274 de
2438 4226 2635 4274 caetero
2673 4217 2994 4290 iubeamus;
3040 4215 3184 4286 quod
3225 4229 3332 4270 non
3362 4213 3538 4268 solum
3568 4210 3646 4282 agi
3668 4221 3756 4260 non

2182 4311 2460 4383 iubemus,
2488 4327 2677 4368 verum
2705 4311 2870 4368 etiam
2899 4326 2967 4366 ne
2992 4309 3122 4378 ﬁat,
3152 4307 3328 4365 modis
3367 4306 3618 4363 omnibus
3642 4300 3759 4359 inhi-

2189 4406 2382 4462 bemus
2413 4423 2427 4459 :
2452 4403 2762 4475 huiusmodi
2793 4403 2992 4475 quippe
3017 4402 3283 4472 ligaturae,
3314 4399 3642 4473 phylacteria
3670 4396 3760 4448 dar-

2192 4499 2420 4556 monieis
2447 4507 2574 4555 sunt
2605 4499 2823 4553 inventa
2853 4496 3109 4552 versutiis
3127 4537 3143 4562 ,
3171 4504 3228 4552 et
3255 4496 3565 4550 animarum
3614 4487 3763 4547 homi-

2193 4606 2320 4645 num
2352 4605 2474 4646 esse
2497 4587 2710 4644 vincula
2748 4588 3191 4658 comprobantur,
3224 4601 3288 4642 ac
3319 4585 3440 4642 ideo
3466 4587 3554 4642 his
3579 4591 3761 4640 utentes

2195 4683 2537 4738 anathemate
2566 4680 2860 4752 apostolica
2904 4681 3123 4737 decreta
3145 4679 3426 4751 perculsos
3449 4680 3518 4734 ab
3549 4673 3760 4735 Ecclesia

2194 4773 2317 4845 pelli
2364 4773 2704 4844 praecipiunt.

2263 4866 2479 4922 LXXX.
2526 4866 2660 4923 Cum
2705 4868 3076 4939 generatione,
3112 4883 3234 4940 qua:
3279 4882 3471 4939 pacem
3509 4867 3762 4924 vobiscum

2195 4957 2395 5013 habere
2429 4956 2644 5026 quaerit,
2683 4955 2953 5026 quomodo
2997 4956 3063 5010 ad
3104 4957 3427 5013 alterutrum
3466 4971 3651 5026 pacem
3691 4954 3766 5004 tir-

2192 5063 2343 5104 mare
2396 5056 2454 5105 et
2482 5048 2758 5104 custodire
2798 5049 3071 5114 debeatis,
3107 5047 3398 5119 inquiritis.
3447 5046 3764 5114 Quaecunque

2194 5157 2326 5214 gens
2353 5140 2508 5197 vobis
2529 5154 2716 5212 pacem
2738 5138 2936 5195 oll‘erre
2957 5138 3208 5203 voluerit,
3231 5153 3330 5194 vos
3353 5137 3520 5194 nolite
3540 5147 3761 5194 renuere.

2192 5235 2456 5304 scriptum
2486 5233 2682 5303 quippe
2720 5239 2806 5287 est
2834 5248 2846 5284 2
2880 5227 3075 5286 Pacem
3101 5229 3379 5301 sequimini
3403 5245 3522 5284 cum
3555 5222 3762 5283 omnibus

2193 5325 2381 5397 (Hebr.
2423 5325 2544 5395 xu).
2586 5324 2652 5378 Et
2678 5338 2866 5379 rursus
2894 5340 2906 5377 :
2937 5321 3069 5377 Cum
3095 5321 3336 5377 omnibus
3361 5320 3654 5374 hominibus
3676 5329 3761 5382 pa-

2190 5438 2296 5476 cem
2325 5419 2567 5474 habentes
2601 5416 2779 5489 (Rom.
2809 5416 2910 5488 xu)
2935 5434 2948 5471 :
2983 5416 3075 5471 ubi
3101 5415 3340 5470 omnibus
3364 5421 3544 5477 sonat,
3575 5422 3716 5467 nemo
3737 5420 3760 5455 ει

2193 5524 2381 5572 mutua
2426 5528 2560 5585 pace
2598 5527 2823 5585 prorsus
2850 5509 3139 5582 excipitur.
3182 5507 3463 5577 Quomodo
3500 5521 3627 5561 vero
3665 5501 3760 5569 ipsa

2192 5611 2390 5680 sitpax
2416 5623 2541 5666 cum
2585 5605 2892 5678 huiusmodi
2941 5603 3226 5667 ﬁrmanda,
3274 5600 3358 5654 vel
3412 5590 3757 5654 custodienda,

2193 5705 2296 5761 nisi
2335 5703 2532 5774 gentis,
2574 5717 2696 5758 cum
2746 5716 2852 5772 qua
2903 5714 3009 5768 pax
3067 5694 3305 5752 ineunda
3353 5700 3456 5757 est,
3501 5701 3674 5744 mores
3715 5687 3760 5735 ει

2192 5800 2353 5855 verba
2382 5805 2808 5870 prtenoscantur,
2837 5794 2997 5850 facile
3050 5791 3281 5847 diﬂinire
3328 5805 3434 5844 non
3475 5792 3753 5858 possumus.

2266 5893 2647 5949 Verumtamen
2677 5891 2798 5961 quia.
2821 5897 2902 5943 est
2931 5886 3215 5943 laudabilis
3245 5899 3344 5955 pax
3365 5923 3377 5946 ,
3409 5889 3488 5935 est
3525 5888 3576 5933 et
3603 5871 3754 5946 perni-

3159 6002 3166 6007 .
3198 5985 3235 5999 σο
