4050 6324
395 521 417 574 l
428 517 532 573 009

1585 503 1940 562 EPISTOL/E
1978 503 2067 557 ΕΤ
2107 503 2283 556 DECR
2293 503 2442 557 ETA.

3529 497 3666 551 l0ltt

388 639 533 694 ciosa
558 678 572 702 ,
620 634 1004 708 providendum
1036 642 1138 697 cst,
1170 641 1227 687 ut
1257 631 1309 684 in
1339 627 1485 684 omni
1529 636 1688 696 pacto
1730 625 1977 682 Christus
2005 625 2052 684 Α
2081 638 2241 692 quam
2270 628 2546 692 peccatur,
2578 619 2817 690 profecto
2844 617 3202 688 ctjudicatur.
3256 615 3460 670 Scimus
3491 617 3660 682 enim,

387 737 752 804 prmponatur,
779 729 854 784 ita
876 735 935 783 ut
951 727 1069 798 lege
1095 725 1283 795 ipsius,
1311 733 1366 778 et
1391 721 1660 793 principuc
1682 720 1784 775 iide
1814 719 1977 774 illaesa

386 823 729 895 persistente,
757 820 952 886 foedus,
975 817 1362 891 quodinvicem
1383 815 1652 887 pangitur,
1669 820 1981 885 permaneat

390 917 760 984 incorruptum
792 933 805 968 :
838 929 998 983 quam
1038 921 1218 968 autent
1247 924 1436 982 pacem
1465 907 1658 965 sectari
1712 906 1976 971 debeatis,

388 1006 647 1061 Dominus
693 1003 1022 1066 manifestat.
1078 1017 1201 1060 cum
1259 1001 1428 1057 dicit:
1459 1000 1653 1055 Pacem
1701 1015 1870 1053 meam
1910 997 1978 1052 do

387 1101 525 1155 vobis
556 1099 737 1172 (Joan.
770 1099 915 1172 xiv),
943 1113 1066 1154 cum
1117 1113 1184 1153 eo
1223 1097 1389 1168 igitur
1415 1094 1505 1166 qui
1533 1106 1726 1166 pacem
1774 1089 1976 1146 Christi

389 1208 495 1250 non
527 1195 709 1261 habet,
733 1209 833 1250 nec
866 1208 964 1250 nos
991 1191 1392 1250 communionis
1419 1188 1621 1245 habere
1643 1200 1841 1258 pacem
1886 1186 1978 1240 de-

386 1285 615 1351 bemus;
649 1285 744 1341 sed
774 1299 874 1342 nec
901 1299 1024 1340 cum
1045 1283 1136 1339 illo
1161 1283 1251 1355 qui
1278 1296 1469 1354 pacem
1494 1280 1698 1336 idcirco
1718 1277 1974 1350 postulat,

387 1388 445 1432 ut
472 1377 692 1434 liberius
715 1377 904 1434 nociva
927 1377 1252 1433 committat.

455 1467 695 1522 LXXXI.
747 1467 1055 1524 Percontati
1108 1468 1272 1534 estis,
1332 1466 1378 1522 si
1432 1480 1556 1522 cum
1606 1463 1976 1535 generatione.

325 1596 343 1641 δ
384 1574 506 1630 qua:
532 1559 842 1616 Christiana
892 1568 1011 1621 est,
1046 1558 1223 1614 fmdus
1271 1556 1591 1628 interposito
1635 1570 1702 1611 ex
1754 1563 1980 1624 utraque

319 1717 330 1724 ο
384 1659 539 1722 parte
573 1648 926 1720 jurejurando
957 1648 1220 1715 feceritis,
1252 1656 1308 1704 et
1331 1656 1453 1718 post
1483 1647 1598 1702 haec
1641 1646 1716 1700 illi
1761 1653 1977 1715 pactum

385 1743 715 1813 dirumpere,
745 1751 801 1799 et
824 1757 987 1813 super
1021 1758 1120 1798 vos
1153 1742 1432 1813 insurgere
1457 1739 1763 1805 voluerint;
1796 1745 1978 1793 utrum

384 1843 441 1890 et
487 1849 587 1890 vos
639 1835 793 1892 adire
845 1843 1036 1890 contra
1083 1849 1178 1890 eos
1225 1835 1493 1898 audeatis,
1541 1849 1608 1888 an
1655 1832 1801 1888 aliud
1847 1832 1978 1903 quid

386 1944 546 2002 agere
600 1929 858 1985 debeatis.
899 1928 1101 1984 Verum
1149 1929 1327 1984 omnis
1374 1937 1459 1984 est
1504 1928 1798 1984 necessitas
1838 1925 1974 1982 tole-

2083 725 2143 770 ut
2167 715 2462 771 secundum
2483 713 2796 785 Apostolum
2833 711 3076 766 dicamus
3095 753 3109 777 ,
3132 711 3256 782 quia
3275 710 3424 781 justo
3451 709 3535 764 lex
3561 725 3667 766 non

2081 819 2153 864 est
2177 811 2367 880 posita,
2391 809 2480 864 sed
2510 808 2742 878 injustis,
2771 816 2818 862 et
2849 823 2952 860 non
2992 805 3234 869 subditis,
3274 814 3321 859 et
3369 806 3566 876 impiis,
3617 813 3669 861 et

2080 904 2456 975 peccatoribus,
2504 903 2790 968 sceleratis,
2831 901 3125 973 patricidis,
3157 911 3202 955 et
3232 901 3541 964 matricidis,
3568 902 3669 958 Ito-

2081 994 2310 1060 micidis,
2339 994 2654 1063 fornicariis,
2684 991 3037 1047 masculorum
3065 991 3518 1058 concubitoribus,
3545 991 3666 1064 pla-

2079 1087 2282 1156 giariis,
2316 1087 2676 1153 mendacibus,
2715 1086 2964 1157 perjuris,
2995 1095 3044 1140 et
3081 1085 3128 1140 si
3164 1085 3291 1156 quid
3334 1085 3482 1139 aliud
3521 1104 3667 1143 sanas

2080 1179 2333 1233 doctrina:
2362 1178 2691 1244 adversatur,
2731 1193 2848 1248 quae
2885 1186 2961 1232 est
2995 1176 3280 1231 secundum
3323 1175 3665 1247 Evangelium

2078 1271 2260 1342 gloria:
2290 1271 2425 1326 beati
2455 1270 2553 1325 Dei
2595 1270 2646 1342 (Ι
2689 1269 2825 1324 Tim.
2857 1268 2898 1341 ι)
2931 1288 2942 1324 :
2974 1285 3080 1326 non
3129 1277 3308 1324 autem
3349 1268 3498 1324 vobis
3544 1269 3670 1324 licet

2079 1361 2588 1432 clericosjudicare,
2621 1377 2744 1416 cum
2781 1376 2878 1417 vos
2903 1361 3074 1433 magis
3104 1360 3172 1416 ab
3210 1360 3340 1431 ipsis
3381 1361 3670 1417 conveniat

2073 1451 2334 1521 iudicari.

2151 1564 2436 1622 LXXXIV.
2477 1565 2875 1637 Requirendum
2920 1582 2951 1621 a
2998 1565 3153 1623 nobis
3193 1566 3388 1621 ducitis
3436 1565 3566 1637 quid
3603 1566 3671 1621 de

2079 1671 2146 1714 eo
2191 1655 2543 1727 judicandum
2581 1655 2673 1723 sit,
2713 1656 2805 1726 qui
2844 1655 3137 1726 quemlibet
3174 1655 3310 1710 falso
3349 1655 3672 1711 criminatus

2079 1749 2277 1816 fuerit,
2327 1758 2382 1806 et
2423 1750 2766 1822 postmodum
2811 1759 3097 1807 accusator
3135 1749 3293 1805 fallax
3336 1751 3668 1822 apparuerit.

2079 1842 2157 1898 De
2203 1843 2306 1900 hoc
2353 1843 2602 1913 quamvis
2631 1843 2951 1899 veneranda:
2991 1843 3136 1913 leges
3176 1843 3386 1899 abunde
3415 1843 3558 1913 quod
3580 1842 3669 1910 ju-

2079 1941 2222 1989 stum
2250 1942 2337 1990 est
2363 1934 2627 1998 innuant;
2658 1949 2757 1990 nos
2798 1943 2980 1990 tamen
3027 1935 3206 2006 potius
3247 1951 3366 1990 cum
3413 1935 3673 2006 Apostolo

386 1995 575 2088 randa,
598 2021 770 2093 magis
796 2037 957 2091 quam
996 2037 1026 2074 a
1070 2020 1226 2075 nobis
1263 2019 1516 2090 quaelibet
1552 2018 1812 2090 iniquitas
1853 2032 1972 2088 per-

2080 2042 2177 2084 vos
2203 2027 2272 2083 ad
2306 2027 2692 2084 misericordiae
2713 2028 2922 2084 viscera
2958 2043 3119 2099 quam
3144 2044 3202 2084 se
3233 2029 3370 2084 Deus
3398 2044 3560 2100 super
3586 2045 3672 2085 sa-

382 2115 644 2185 petranda
680 2133 692 2168 :
725 2114 950 2185 proinde
989 2113 1164 2170 foedus
1206 2113 1350 2182 quod
1401 2111 1654 2182 pangitis,
1701 2109 1847 2165 nulla
1891 2117 1976 2164 est

379 2209 667 2264 occasione
692 2207 1018 2271 violandum,
1047 2207 1149 2262 nisi
1177 2206 1318 2261 forte
1362 2207 1415 2260 in
1462 2205 1823 2261 confirmandi
1869 2202 1972 2258 foe-

379 2299 526 2355 deris
562 2298 734 2370 ipsius
758 2298 989 2354 articulo
1029 2297 1409 2368 interpositum
1437 2305 1542 2361 est,
1582 2303 1851 2367 quatenus
1897 2295 1976 2350 sic

378 2404 487 2444 una
521 2403 648 2461 pars
685 2388 741 2444 id
781 2388 924 2445 foret
971 2389 1347 2455 observatura,
1397 2389 1443 2444 si
1485 2403 1609 2458 pars
1658 2389 1761 2444 hoc
1805 2386 1977 2443 altera

379 2479 527 2536 nulla
573 2481 1018 2552 tergiversatione
1062 2479 1364 2547 violasset;
1415 2480 1682 2551 siquidem
1733 2497 1764 2536 a
1817 2480 1975 2536 Chri-

377 2573 556 2629 stiano
583 2587 754 2645 genus
792 2587 953 2628 omne
1000 2571 1268 2627 mendacii
1319 2587 1664 2642 summopere
1703 2571 1977 2627 declinan-

377 2665 506 2719 dum
531 2673 617 2719 est
641 2670 863 2735 propter
901 2663 1050 2728 illud,
1097 2662 1243 2733 quod
1279 2678 1310 2717 a
1351 2661 1464 2718 Deo
1505 2662 1701 2718 dicitur
1732 2680 1746 2716 :
1778 2660 1976 2716 Perdes

380 2772 557 2810 omnes
598 2756 689 2827 qui
733 2754 1020 2827 loquuntur
1062 2753 1397 2808 mendacium
1432 2751 1604 2824 (Psal.
1641 2754 1716 2823 v).
1766 2753 1834 2808 Et
1877 2753 1978 2807 ite-

377 2864 497 2904 rum
525 2867 539 2904 :
572 2847 645 2904 0s
666 2849 806 2921 quod
828 2848 1079 2904 mentitur
1098 2888 1113 2917 ,
1139 2847 1327 2903 occidit
1356 2848 1589 2901 animant
1615 2845 1768 2919 (Sap.
1803 2847 1864 2918 ι).
1909 2846 1978 2901 Et

377 2939 668 3011 Apostolus
705 2957 719 2996 :
753 2939 955 3006 Nolite,
1003 2939 1117 3006 ait,
1167 2938 1375 2994 mentiri
1422 2939 1642 2993 invicem
1683 2937 1821 3008 (Col.
1867 2937 1970 3010 ιιι).

377 3029 497 3086 Jam
547 3046 678 3087 vero
717 3032 763 3087 si
797 3031 873 3087 illi
919 3033 1220 3103 postposito
1265 3031 1601 3101 juramento,
1651 3031 1976 3102 diruptoque

379 3121 584 3180 foedere
608 3132 797 3181 contra
827 3139 923 3181 vos
953 3125 1376 3190 insurrexerint,
1399 3124 1530 3194 quid
1577 3137 1674 3179 vos
1725 3131 1976 3194 oporteat

379 3231 560 3290 agere,
583 3219 866 3290 episcopus
884 3227 1066 3275 vester
1085 3235 1117 3275 a
1137 3221 1292 3277 vobis
1315 3218 1606 3289 inquisitus
1625 3217 1973 3290 respondeat,

379 3311 470 3383 qui
492 3311 646 3382 juxta
675 3312 884 3382 positus
922 3323 979 3368 et
1015 3313 1489 3377 circumstantiam
1512 3327 1715 3378 rerum,
1750 3319 1807 3367 et
1835 3320 1973 3368 tent-

377 3418 570 3474 porum
609 3405 949 3476 qualitatem,
985 3415 1042 3464 et
1083 3421 1264 3463 mores
1307 3422 1689 3477 personarum,
1720 3413 1774 3463 et
1813 3405 1973 3476 justi-

380 3497 514 3554 tiam
556 3499 793 3570 partium
817 3493 962 3557 clare
991 3514 1344 3582 cognoscens,
1403 3500 1547 3570 quod
1589 3499 1976 3572 congruentius

377 3597 432 3645 et
479 3589 912 3648 salubrius'esse
940 3592 1298 3664 perspexerit,
1347 3601 1476 3646 tunc
1522 3591 1734 3647 facilius
1777 3591 1977 3662 poterit

379 3678 650 3747 indicare,
679 3681 885 3752 etquid
930 3681 1014 3753 agi
1063 3681 1350 3738 conveniat
1388 3690 1583 3737 cuncta
1632 3697 1976 3752 praenoscens

378 3771 532 3827 vobis
571 3771 804 3847 pleniter
851 3772 1121 3830 intimare.
1166 3770 1369 3827 Verum
1407 3758 1510 3828 nos
1553 3772 1771 3828 interim
1810 3773 1974 3829 rebus

379 3863 665 3936 incognitis
693 3865 862 3921 satius
899 3864 1250 3921 admonemus
1277 3906 1292 3931 ,
1318 3871 1380 3920 ut
1402 3879 1618 3936 semper
1661 3865 1862 3936 rogetis
1907 3880 1974 3922 ea

376 3971 496 4026 quae
520 3956 670 4027 pacis
696 3966 843 4014 sunt.

447 4046 704 4104 LXXXII.
755 4048 890 4106 Cum
918 4050 1144 4122 paganis
1172 4057 1351 4105 autem
1380 4049 1526 4121 quod
1553 4050 1624 4106 sit
1657 4049 1972 4106 Christiano

376 4148 593 4210 pactum
639 4139 968 4208 faciendum,
1011 4141 1302 4213 Apostolus
1338 4141 1543 4198 indicat
1563 4150 1596 4208 ,'
1621 4143 1713 4213 qui
1767 4142 1970 4199 nullam

376 4234 809 4290 communionem
852 4233 961 4290 luci
1001 4235 1069 4290 ad
1102 4234 1389 4301 tenebras,
1436 4234 1638 4291 Christi
1692 4238 1758 4291 ad
1805 4235 1972 4292 Belial

376 4323 426 4395 (l
475 4320 596 4378 Cor.
639 4322 741 4397 vr),
790 4323 934 4381 ﬁdeli
963 4339 1088 4380 cum
1128 4323 1331 4380 infideli
1368 4325 1463 4380 dat
1493 4324 1722 4397 intelligi
1771 4325 1971 4383 debere

373 4429 597 4486 prorsus
625 4417 878 4473 existere.
927 4414 1128 4474 Verum
1153 4417 1201 4473 si
1225 4432 1292 4474 eo
1324 4416 1498 4475 ﬁdelis
1523 4417 1709 4473 animo
1750 4427 1969 4490 pactum

376 4523 500 4563 cum
548 4499 748 4565 inlidéli
789 4509 1090 4577 constituit,
1117 4517 1180 4565 ut
1205 4524 1330 4566 eum
1360 4511 1431 4566 ad
1467 4510 1672 4568 cultum
1715 4511 1831 4566 veri
1871 4510 1969 4568 Dei

375 4599 548 4670 possit
574 4601 869 4666 attrahere,
907 4615 1014 4656 non
1053 4609 1138 4656 est
1162 4601 1559 4672 prohibendum
1588 4619 1603 4658 :
1628 4604 1967 4676 quandoqui-

377 4694 498 4750 dem
532 4691 822 4762 Apostolus
849 4692 1014 4748 etiam
1055 4693 1484 4761 matrimonium,
1532 4696 1677 4765 quod
1715 4710 1784 4751 ex
1825 4695 1968 4752 ﬁdeli

376 4791 589 4840 constat
615 4793 671 4840 et
691 4783 916 4850 inﬁdeli,
940 4798 1048 4838 non
1076 4783 1283 4840 inhibet
1305 4787 1732 4854 permanendum
1764 4786 1818 4859 (I
1839 4785 1964 4843 Cor.

306 4906 312 4912 ~
374 4877 506 4946 vn);
530 4883 585 4931 et
607 4874 820 4947 Moyses
847 4882 1132 4946 cognatum
1169 4889 1327 4930 suum
1352 4875 1418 4930 ad
1452 4876 1548 4931 Dei
1573 4878 1690 4932 veri
1717 4878 1966 4934 notitiam

378 4967 595 5021 trahere
621 4965 828 5032 volens,
870 4965 989 5036 ejus
1010 4966 1326 5022 societatem
1346 4982 1453 5022 non
1481 4977 1828 5038 aspernatur,
1873 4971 1967 5027 sed

376 5057 656 5114 comitatui
694 5072 793 5114 suo
829 5058 1023 5114 ducem
1071 5056 1187 5113 fore
1233 5073 1576 5129 summopere
1621 5061 1961 5130 deprecatur.

373 5152 728 5210 Inveniuntur
752 5161 932 5208 autem
975 5150 1220 5207 nonnulli
1267 5159 1580 5208 sanctorum
1627 5161 1680 5209 et
1726 5152 1963 5209 ﬁdelium

373 5261 496 5302 cum
543 5243 862 5316 alienigenis
892 5254 950 5301 et
976 5241 1284 5299 inﬁdelibus
1307 5251 1464 5313 pacta
1505 5251 1560 5300 et
1585 5242 1837 5299 amicitia:
1866 5242 1966 5299 foe-

373 5337 503 5392 dera
528 5335 868 5395 contraxisse
888 5335 1101 5392 diversa
1127 5351 1141 5388 :
1174 5333 1270 5390 sed
1299 5346 1392 5390 eos
1414 5349 1519 5390 non
1551 5344 1808 5404 tanquam
1838 5335 1962 5389 inli-

375 5425 652 5484 delitatem
686 5441 897 5494 eorum,
927 5434 983 5481 et
1011 5423 1454 5495 superstitionem
1479 5422 1843 5495 approbantes
1871 5440 1963 5480 co-

375 5519 580 5588 luisse,
626 5522 723 5578 sed
773 5530 1030 5592 tanquam
1080 5520 1134 5576 in
1187 5519 1438 5592 angarias
1492 5517 1720 5574 diversis
1775 5518 1963 5574 usibus

375 5613 684 5683 implicasse
734 5622 789 5669 et
835 5613 1102 5685 praecipue
1150 5611 1204 5668 in
1254 5611 1486 5668 terrenis
1523 5625 1618 5667 eos
1665 5610 1962 5681 quaestibus

375 5711 432 5763 et
467 5705 754 5762 servilibus
788 5721 1102 5778 occupasse.

448 5797 730 5855 LXXXIII.
770 5798 829 5856 Si
859 5800 1018 5856 liceat
1042 5801 1194 5857 vobis
1225 5801 1292 5857 de
1323 5800 1699 5857 criminalibus
1727 5802 1964 5871 peccatis

377 5894 608 5966 aliquem
637 5892 880 5962 judicare
920 5894 1234 5960 consulitis;
1281 5892 1376 5950 sed
1421 5894 1465 5949 si
1505 5909 1663 5950 nemo
1707 5893 1963 5950 voluisset

378 6003 626 6064 peccare,
659 6003 818 6044 nemo
845 5988 1120 6045 debuisset
1166 5988 1398 6060 aliquem
1424 5986 1704 6058 judicare;
1732 5997 1785 6043 at
1817 5997 1964 6064 post-

2079 2119 2345 2175 crilicium
2380 2118 2517 2175 velle
2545 2126 2797 2184 testatur,
2826 2134 3042 2190 semper
3069 2121 3321 2176 convenit
3347 2121 3624 2176 exhortari
3653 2139 3668 2187 ;

2078 2211 2344 2281 siquidem
2387 2210 2505 2282 ipse
2547 2226 2672 2267 cum
2713 2220 2920 2283 gentes,
2967 2227 3194 2283 quarum
3231 2215 3492 2286 magister
3529 2225 3668 2280 erat,

2077 2301 2319 2368 doceret,
2368 2318 2476 2358 non
2522 2304 2591 2359 ad
2636 2303 3012 2359 austeritatem
3055 2303 3210 2377 legis,
3244 2305 3337 2361 sed
3372 2307 3553 2376 potius
3577 2323 3672 2362 eas

2077 2388 2146 2443 ad
2181 2390 2568 2447 misericordia:
2594 2391 2800 2448 viscera
2831 2392 3159 2462 provocabat
3201 2392 3386 2449 dicens
3417 2409 3432 2448 :
3461 2393 3674 2449 lnduite

2077 2495 2167 2534 vos
2195 2497 2316 2551 ergo
2345 2481 2480 2536 sicut
2516 2480 2664 2536 electi
2694 2481 2792 2536 Dei
2834 2484 3005 2537 sancti
3045 2494 3091 2537 et
3133 2483 3308 2539 dilecti
3347 2485 3543 2540 viscera
3577 2487 3674 2540 mi-

2076 2575 2416 2640 sericordiae,
2457 2575 2860 2645 benignitatem,
2905 2575 3287 2643 humilitatem,
3337 2577 3670 2640 modestiam,

2077 2669 2406 2738 patientiam,
2444 2676 2807 2738 supportantes
2836 2668 3071 2732 invicem,
3125 2678 3172 2723 et
3212 2669 3466 2724 derrantes
3507 2671 3674 2724 vobis-

2079 2762 2330 2831 ntetipsis,
2367 2763 2412 2816 si
2461 2761 2577 2832 quis
2626 2761 2874 2816 adversus
2924 2760 3152 2833 aliquem
3191 2762 3343 2816 habet
3385 2762 3669 2834 querelam,

2077 2852 2209 2907 sicut
2251 2863 2297 2908 et
2349 2853 2604 2909 Dominus
2634 2854 2848 2909 donavit
2877 2854 3040 2922 vobis,
3082 2857 3158 2911 ita
3187 2865 3237 2910 et
3276 2873 3363 2911 vos
3391 2854 3526 2928 (Col.
3563 2859 3670 2926 in).

2148 2987 2411 3044 LXXXV.
2455 2990 2597 3062 Ergo
2623 2990 2872 3046 similiter
2893 2999 2948 3048 et
2980 2991 3125 3048 circa
3159 3007 3306 3059 eum,
3335 2993 3401 3048 de
3428 3009 3534 3064 quo
3565 2994 3674 3054 sci-

2079 3081 2371 3146 scitamini,
2417 3083 2507 3153 qui
2538 3081 2877 3137 mortiferum
2913 3083 3043 3155 quid
3095 3083 3301 3139 homini
3350 3085 3558 3140 dederit
3603 3085 3672 3141 ad

2076 3175 2390 3242 bibendum,
2419 3191 2516 3231 vos
2545 3176 2612 3230 ad
2639 3175 3068 3232 misericordiam
3111 3178 3495 3242 exhortamur,
3530 3178 3676 3235 sicut

2076 3274 2131 3321 et
2157 3266 2417 3323 Dominus
2437 3266 2611 3336 jubet,
2639 3268 2824 3325 dicens
2852 3287 2864 3323 :
2893 3267 3173 3334 Dimittite,
3202 3281 3247 3324 et
3270 3270 3562 3327 dimittetur
3587 3289 3674 3333 vo-

1999 3373 2045 3437 c
2079 3359 2156 3415 bis
2181 3360 2332 3432 (Luc.
2363 3360 2462 3434 vx).

2149 3473 2435 3532 LXXXVI.
2495 3475 2552 3532 Si
2584 3477 2670 3533 fur
2696 3478 2782 3534 vel
2823 3478 2964 3536 latro
2994 3479 3363 3552 deprehensus
3409 3482 3592 3547 fuerit,
3619 3493 3674 3540 et

2078 3570 2356 3638 negaverit
2393 3571 2536 3640 quod
2578 3570 2629 3625 ei
2670 3571 3025 3642 impingitur;
3075 3574 3320 3629 asseritis
3365 3576 3505 3644 apud
3551 3592 3668 3640 vos,

2076 3663 2220 3733 quod
2263 3662 2432 3733 judex
2467 3673 2629 3735 caput
2681 3661 2799 3732 ejus
2840 3664 3156 3720 verberibus
3200 3665 3408 3731 tundat,
3449 3675 3504 3720 et
3551 3667 3673 3723 aliis

2077 3753 2311 3809 stimulis
2357 3752 2569 3821 ferreis,
2616 3755 2790 3812 donec
2834 3756 3123 3812 veritatem
3166 3757 3466 3828 depromat,
3501 3759 3673 3830 ipsius

2075 3846 2248 3902 latera
2277 3856 2508 3918 pungat;
2541 3863 2702 3919 quam
2743 3863 2860 3904 rem
2889 3864 2992 3905 nec
3039 3849 3216 3904 divina
3267 3849 3371 3917 lex,
3423 3867 3524 3908 nec
3571 3853 3672 3909 hu-

2077 3958 2237 3998 mana
2263 3958 2487 4014 prorsus
2513 3944 2768 4010 admittit,
2805 3959 2928 4000 cum
2968 3960 3074 3999 non
3107 3945 3295 4011 invita,
3325 3945 3420 4002 sed
3447 3957 3667 4018 sponta-

2075 4049 2175 4090 nea
2205 4035 2398 4092 debeat
2417 4051 2538 4093 esse
2563 4036 2849 4103 confessio,
2878 4052 2980 4093 nec
3001 4037 3072 4093 sit
3096 4037 3360 4094 violenter
3380 4039 3666 4108 elicienda,

2075 4128 2169 4184 sed
2199 4127 2500 4184 voluntarie
2528 4127 2849 4199 proferenda
2881 4149 2893 4185 :
2918 4131 3168 4202 denique,
3195 4131 3238 4186 si
3261 4133 3551 4206 contigerit
3572 4151 3670 4191 vos

2074 4222 2236 4277 etiam
2268 4222 2372 4278 illis
2399 4223 2577 4294 poenis
2606 4222 2788 4289 illatis,
2813 4223 2946 4280 nihil
2983 4225 3051 4280 de
3094 4225 3199 4292 his,
3227 4242 3349 4297 quae
3395 4242 3556 4299 passo
3611 4229 3667 4283 in

2074 4316 2280 4372 crimen
2317 4315 2668 4385 objiciuntur,
2712 4317 2927 4388 penitus
2957 4317 3219 4386 invenire,
3249 4335 3428 4375 nonne
3476 4321 3668 4376 saltem

2073 4414 2204 4462 tunc
2231 4406 2572 4472 erubescitis,
2601 4416 2654 4463 et
2678 4423 2840 4479 quam
2867 4409 3030 4479 impie
3051 4408 3306 4481 judicetis
3336 4413 3626 4483 agnoscitis
3644 4414 3670 4468 ?

2075 4498 2337 4555 Similiter
2362 4507 2542 4555 autem
2571 4500 2617 4556 si
2645 4501 2807 4557 homo
2836 4503 3151 4559 criminatus
3180 4503 3304 4559 talia
3320 4518 3514 4574 passus
3540 4522 3663 4562 sus-

2075 4589 2248 4645 tinere
2280 4604 2389 4644 non
2417 4590 2622 4655 valens,
2653 4591 2850 4646 dixerit
2901 4607 2962 4648 se
2992 4603 3329 4664 perpetrasse
3367 4596 3511 4665 quod
3554 4612 3660 4652 non

2074 4683 2435 4754 perpetravit;
2465 4685 2546 4766 ad.
2561 4698 2744 4756 quem,
2774 4699 2924 4756 rogo,
2957 4693 3119 4740 tantae
3140 4685 3431 4754 impietatis
3454 4691 3665 4758 magni-

2075 4777 2203 4832 tudo
2233 4776 2549 4843 revolvitur,
2597 4777 2700 4832 nisi
2751 4778 2818 4832 ad
2857 4793 2980 4833 eum
3019 4779 3108 4847 qui
3151 4778 3296 4832 hunc
3348 4777 3474 4833 talia
3523 4781 3667 4851 cogit

2073 4869 2406 4926 mendaciter
2437 4870 2726 4926 conﬁteri?
2756 4870 3004 4941 quamvis
3049 4885 3158 4926 non
3185 4870 3432 4928 conﬁteri
3472 4889 3664 4930 nosca-

2073 4971 2182 5026 tur,
2210 4962 2303 5016 sed
2338 4961 2515 5031 loqui,
2550 4962 2642 5030 qui
2671 4961 2774 5017 hoc
2807 4977 2902 5017 ore
2936 4960 3161 5032 profert,
3191 4963 3336 5032 quod
3365 4965 3528 5020 corde
3553 4982 3662 5022 non

2071 5060 2234 5108 tenet.
2285 5051 2595 5123 Belinquite
2626 5053 2805 5123 itaque
2835 5053 2984 5118 talia,
3013 5061 3070 5109 et
3094 5069 3214 5124 qua:
3244 5055 3504 5113 hactenus
3525 5057 3660 5113 insi-

2069 5147 2282 5218 pientes
2323 5145 2666 5211 exercuistis,
2709 5145 3017 5202 medullitus
3064 5149 3444 5216 exsecramini,
3497 5166 3659 5222 quem

2072 5238 2217 5293 enim
2248 5236 2482 5293 fructum
2511 5237 2775 5293 habuistis
2801 5245 2928 5293 tunc
2957 5239 3010 5293 in
3042 5238 3163 5306 illis,
3194 5240 3246 5294 in
3277 5241 3473 5311 quibus
3517 5257 3662 5298 nunc

2069 5330 2432 5387 erubescitis?
2467 5329 2634 5386 Porro
2675 5346 2797 5386 cum
2847 5330 2983 5386 liber
3029 5332 3190 5388 homo
3226 5333 3452 5389 crimine
3502 5334 3663 5388 fuerit

2071 5425 2360 5496 appetitus,
2390 5424 2494 5480 nisi
2516 5423 2626 5493 jam
2650 5424 2858 5495 pridem
2888 5435 3133 5497 repertus
3150 5436 3233 5482 est
3254 5425 3480 5499 alicujus
3500 5426 3662 5482 scele-

2072 5517 2146 5571 ris
2175 5531 2320 5581 reus,
2348 5525 2442 5572 aut
2466 5516 2640 5572 tribus
2660 5517 2888 5572 testibus
2924 5519 3206 5576 convictus
3224 5535 3398 5591 pmnac
3417 5535 3663 5574 succum-

2069 5609 2172 5675 bit,
2199 5618 2292 5664 aut
2317 5610 2364 5664 si
2393 5609 2640 5666 convinci
2667 5625 2772 5666 non
2795 5612 3054 5682 potuerit,
3096 5613 3163 5668 ad
3189 5611 3537 5682 Evangelium
3571 5627 3658 5665 sa-

2068 5715 2243 5766 crum,
2266 5701 2408 5770 quod
2437 5701 2538 5758 sibi
2559 5700 2828 5770 objicitur,
2858 5703 3083 5759 minime
3108 5702 3446 5759 commisisse
3460 5700 3656 5769 jurans

2070 5793 2399 5860 absolvitur;
2428 5802 2482 5849 et
2506 5792 2762 5864 deinceps
2787 5793 2913 5848 huic
2941 5794 3158 5864 negotio
3181 5791 3304 5846 finis
3333 5791 3651 5858 imponitur.

2068 5885 2520 5959 quemadmodum
2564 5886 2760 5940 crebro
2790 5885 2965 5941 dictus
2999 5883 3288 5954 Apostolus
3316 5883 3507 5940 doctor
3531 5899 3662 5954 gen-

2070 5981 2201 6037 tium
2262 5987 2550 6040 attestatur
2605 5999 2618 6036 :
2671 5976 2893 6043 Omnis,
2956 5974 3244 6047 inquiens,
3294 5973 3664 6047 controversia’
