4050 6324
442 357 577 419 1011

441 494 619 531 eorum
687 476 809 547 linis
882 477 950 530 ad
1022 475 1472 546 conﬁrmationem
1539 484 1615 530 est
1674 475 2032 545 jurnmenlum
2065 479 2109 535 Α

444 569 631 637 (Hebr.
691 570 788 639 νι).

515 660 826 718 LXXXVII.
868 661 1059 717 Utrum
1100 661 1143 716 si
1189 660 1470 717 mulierem
1512 661 1728 717 viduam
1767 660 2035 716 nolentem

444 756 612 811 vitam
638 754 993 810 monasticam
1017 753 1315 824 suscipere,
1336 754 1459 824 quis
1478 755 1800 809 monacham
1824 752 2033 818 fecerit,

444 853 725 918 peccatum
758 846 1081 910 committat,
1105 846 1409 915 inquiritis:
1437 847 1531 902 sed
1559 847 1613 901 in
1637 846 1738 902 hoc
1761 845 2036 901 sciendum

444 946 550 1002 est,
575 934 831 1007 quoniam
855 935 976 991 alia;
999 944 1124 991 sunt
1146 937 1396 1003 virtutes,
1423 938 1540 993 sine
1565 936 1761 1007 quibus
1782 937 1846 992 ad
1869 938 2037 992 vitam

445 1029 653 1102 ingredi
685 1044 791 1083 non
812 1043 1118 1099 possumus.
1151 1029 1270 1085 alia:
1298 1045 1429 1085 vero
1459 1039 1587 1086 sunt
1607 1072 1621 1097 ,
1656 1046 1776 1099 quae
1822 1030 2037 1085 nonnisi

445 1122 515 1177 ab
565 1136 827 1192 sponsore
878 1123 1269 1192 requiruntur;
1303 1125 1421 1179 sine
1465 1124 1768 1180 humilitate
1819 1125 2073 1196 quippe,‘

445 1215 696 1269 castitate
721 1222 776 1269 et
798 1214 1193 1286 eleemosynis,
1240 1223 1295 1271 et
1340 1216 1696 1278 orationibus,
1750 1216 1927 1270 nullus
1970 1215 2038 1270 ad

445 1307 612 1362 vitam
640 1308 851 1377 ingredi
877 1308 1032 1372 valet,
1063 1317 1121 1363 et
1149 1309 1254 1364 ista
1294 1317 1420 1364 sunt
1452 1324 1575 1364 eum
1606 1310 1691 1364 his
1739 1308 2034 1375 similibus,

446 1415 568 1469 quae
611 1392 966 1470 requiruntur
1018 1402 1086 1457 ab
1136 1401 1376 1457 homine.
1422 1401 1799 1457 Monachicum
1857 1408 2038 1455 autem

446 1492 695 1549 habitum
723 1492 948 1550 induere
978 1508 1043 1549 ac
1082 1494 1251 1549 vitam
1282 1503 1547 1550 remotam
1575 1495 1793 1559 ducere,
1823 1491 2041 1548 nonnisi

446 1600 477 1641 a
507 1586 808 1655 spondente
847 1585 1106 1642 divinitus
1137 1586 1449 1658 exiguntur.
1477 1584 1634 1643 Unde
1662 1587 1910 1658 quisquis
1928 1586 2041 1641 vim

447 1675 692 1741 intulerit
734 1676 928 1744 alicui,
973 1686 1033 1733 ut
1076 1677 1440 1735 monasticam
1486 1678 1746 1739 habitum,
1778 1686 1832 1733 et
1870 1678 2041 1733 vitam

449 1768 820 1833 remotiorem,
846 1784 1007 1840 quam
1039 1786 1143 1826 non
1170 1773 1392 1840 optavit,
1421 1786 1523 1827 nec
1551 1771 1741 1840 elegit,
1761 1779 1999 1826 assumat
2024 1787 2039 1837 ;

449 1860 538 1917 hic
566 1869 823 1932 tanquam
846 1833 1117 1918 violentus
1144 1833 1426 1934 peccatum
1456 1833 1688 1920 evadere
1723 1833 1830 1919 non
1857 1833 2038 1920 valeti
2072 1833 2122 1895 Β

450 1960 505 2006 et
533 1953 807 2035 quoniam
867 1953 1011 2024 quod
1050 1954 1229 2027 agitur
1277 1969 1347 2011 ex
1395 1954 1714 2024 accipientis
1759 1965 1885 2011 voto
1933 1970 2043 2011 non

454 2043 624 2109 venit,
658 2059 759 2100 nec
794 2045 1067 2115 accipieas
1121 2046 1437 2117 religiosum
1464 2048 1711 2102 habitum
1740 2047 1868 2104 inde
1896 2063 2042 2103 mer-

454 2137 640 2193 cedem
670 2135 856 2204 habet,
889 2152 990 2193 nec
1024 2137 1264 2197 inferens
1303 2138 1642 2197 crudelitatis
1690 2155 1803 2197 suae
1839 2141 2045 2212 judicio

454 2228 681 2287 carebit.

527 2319 858 2388 LXXXVIII.
912 2321 1017 2379 Pro
1070 2323 1384 2391 parentibus
1438 2327 1636 2381 vestris
1661 2367 1675 2391 ,
1730 2326 1798 2382 de
1851 2326 2048 2397 quibus

454 2416 759 2481 consulitis,
793 2418 884 2488 qui
919 2417 1164 2473 infideles
1193 2419 1390 2474 mortui
1423 2428 1569 2483 sunt,
1598 2429 1821 2492 propter
1848 2436 2047 2491 pecca-

456 2518 570 2563 tum
625 2508 1018 2565 incredulitatis
1042 2526 1201 2567 orare
1246 2527 1353 2569 non
1385 2512 1538 2578 licet,
1575 2516 1872 2570 secundum
1919 2514 2051 2571 illud

455 2599 682 2658 Joannis
708 2603 939 2673 apostoli
972 2604 1205 2661 dicentis
1234 2622 1248 2660 :
1286 2606 1382 2661 Est
1401 2619 1672 2678 peccatum
1713 2610 1781 2663 ad
1804 2618 2047 2675 mortem,

458 2714 565 2753 non
608 2698 727 2753 dico
766 2707 823 2753 ut
864 2709 1044 2754 oretur
1089 2718 1183 2770 pro
1230 2718 1290 2756 eo
1348 2700 1404 2774 (1
1430 2703 1592 2757 Joan.
1633 2703 1717 2773 v),
1766 2711 2050 2773 peccatum

458 2790 656 2860 quippe
683 2791 750 2844 ad
779 2799 1008 2848 mortem
1030 2793 1184 2848 estin
1206 2794 1397 2849 eodem
1423 2803 1646 2865 peccato
1666 2794 2048 2850 morientibus.

529 2878 818 2953 LXXXIX.
853 2882 1062 2957 Fruges
1088 2899 1256 2955 novas
1277 2895 1332 2941 et
1360 2902 1541 2941 rerum
1569 2885 1765 2963 oﬂerre
1784 2887 2052 2959 primitias

461 2974 626 3031 etiam
656 2976 930 3032 veteribus
958 2978 1125 3033 moris
1158 2987 1299 3044 erat,
1331 2980 1474 3050 quod
1496 2995 1635 3051 pene
1662 2981 1716 3036 in
1748 2981 1864 3053 ipso
1896 2981 2053 3039 initio

460 3065 649 3120 mundi
681 3065 813 3122 Abel
839 3075 892 3121 et
921 3066 1051 3123 Cain
1078 3068 1254 3141 egisse
1280 3062 1529 3142 legimus.
1804 3126 1815 3137 ,

536 3155 648 3213 XC.
674 3157 945 3235 Animalia
973 3160 1086 3215 sive
1117 3160 1374 3227 volatilia,
1421 3164 1465 3218 si
1494 3164 1611 3219 sine
1637 3162 1783 3223 ferro
1814 3172 2053 3235 macten-

428 3254 573 3315 'tur,
604 3257 660 3305 et
702 3250 817 3305 solo
866 3251 973 3305 ietu
1029 3251 1267 3308 hominis
1312 3268 1567 3323 percussa
1620 3255 1960 3324 moriantur,
2007 3257 2054 3312 si

464 3340 626 3397 liceat
649 3342 859 3397 comedi
890 3343 1262 3398 sciscitamini.
1294 3345 1371 3400 De
1401 3344 1502 3402 hoc
1534 3355 1755 3407 sanctus
1798 3347 2058 3431 Augusti-

438 3450 570 3490 nus
594 3442 783 3490 contra
826 3433 1086 3491 Faustum
1127 3435 1481 3509 Manichaeum
1519 3438 1751 3509 pleniter
1800 3440 2056 3515 scripsit,

466 3528 535 3583 de
575 3526 727 3597 cujus
768 3530 950 3585 verbis
997 3545 1097 3585 nos
1147 3532 1419 3586 modicum
1470 3531 1601 3602 quid
1647 3548 1792 3588 nunc
1834 3542 2059 3609 propter

467 3616 831 3688 prolixitatem
852 3620 1123 3692 tangimus
1150 3640 1163 3675 :
1192 3620 1315 3689 Ubi,
1342 3621 1539 3691 inquit,
1563 3621 1794 3680 ecclesia
1818 3625 2059 3697 gentium

470 3708 592 3763 talis
639 3708 828 3765 effecta
879 3718 992 3777 est,
1032 3720 1094 3766 ut
1140 3711 1193 3765 in
1225 3728 1287 3767 ea
1336 3711 1514 3768 nullus
1551 3713 1793 3770 Israelita
1825 3714 2060 3787 carnalis

469 3808 762 3869 appareat:
809 3801 931 3870 quis
975 3802 1088 3873 jam
1117 3802 1221 3857 hoc
1270 3802 1614 3861 Christianus
1660 3807 1949 3871 observat,
2003 3814 2061 3860 ut

470 3890 685 3955 turdos,
712 3890 799 3945 vel
830 3892 1151 3947 minutiores
1189 3892 1462 3959 aviculae,
1500 3910 1606 3949 non
1643 3897 1905 3967 attingat,
1955 3896 2059 3951 nisi

470 3997 701 4053 quarum
741 3984 962 4055 sanguis
996 3982 1199 4041 eﬂ‘usus
1226 3994 1332 4052 est,
1360 3995 1455 4041 aut
1496 3985 1734 4058 leporem
1766 4004 1870 4044 non
1914 3990 2061 4057 edat,

472 4075 519 4130 si
558 4088 719 4129 manu
749 4089 781 4128 ι
819 4075 1030 4132 cervice
1066 4091 1357 4148 percussus
1400 4078 1547 4134 nullo
1587 4088 1812 4136 cruento
1839 4079 2064 4135 vulnere

472 4166 688 4225 occisus
711 4175 921 4233 est;et
953 4170 1044 4238 qui
1091 4167 1233 4226 forte
1281 4171 1437 4240 pauci
1470 4172 1646 4226 adhuc
1691 4179 1915 4243 tangere
1962 4173 2062 4227 ista

474 4257 790 4324 formidant,
817 4260 1076 4315 acateris
1106 4260 1420 4327 irridentur,
1467 4262 1540 4317 ita
1570 4263 1811 4317 omnium
1856 4260 2067 4318 animos

475 4354 532 4412 in
572 4353 677 4411 hac
722 4354 945 4409 retinuit
980 4353 1069 4410 illa
1110 4356 1376 4413 sententia
1416 4355 1713 4412 Veritatis:
1756 4355 1880 4411 Non
1926 4358 2066 4428 quod

470 4447 637 4502 intrat
667 4447 725 4501 in
766 4464 822 4503 os
860 4456 1089 4503 vestrum
1129 4464 1219 4503 vos
1257 4449 1593 4521 coinquinat,
1639 4450 1728 4505 sed
1774 4451 1912 4520 quod
1959 4452 2064 4505 exit

474 4538 671 4611 (Matth
706 4539 820 4612 xv.)

547 4627 678 4685 XCI.
726 4628 912 4700 Neque
949 4631 1093 4701 quod
1136 4629 1478 4686 Christianus
1517 4633 1862 4709 pqsequitur
1886 4673 1900 4699 ,
1951 4641 2006 4688 et
2037 4648 2065 4686 a

475 4736 687 4795 pagano
714 4724 1019 4794 percutitur
1045 4733 1102 4780 et
1144 4723 1413 4779 occiditur
1440 4723 1642 4778 animal
1667 4766 1681 4789 ,
1713 4739 1889 4794 neque
1925 4726 2066 4795 quod

474 4832 719 4889 paganus
744 4817 1119 4889 persequitur,
1174 4815 1516 4872 Christianus
1558 4816 1789 4882 occidit,
1838 4832 1867 4871 a
1908 4816 2065 4874 Chri-

475 4908 653 4966 stiano
701 4910 1094 4966 comedendum
1141 4912 1271 4972 est;
1319 4924 1387 4964 ne
1427 4909 1677 4965 videlicet
1722 4908 1899 4965 fidelis
1945 4925 2065 4965 cum

476 4998 683 5054 inﬁdeli
711 5000 901 5056 saltem
948 5002 1002 5056 in
1033 5002 1245 5056 modico
1291 5001 1726 5057 communicasse
1776 5001 2062 5057 videatur:

477 5106 596 5161 qua:
635 5092 775 5145 enim
812 5109 935 5162 pars
979 5093 1124 5163 ﬁdeli
1163 5110 1281 5147 cum
1321 5094 1564 5164 inﬁdeli?
1605 5093 1687 5165 (II
1725 5095 1848 5149 Cor.
1896 5096 1971 5165 v1)
2018 5104 2072 5149 et

479 5196 671 5238 rursus
696 5191 918 5251 propter
941 5186 1329 5240 conscientiam
1360 5201 1468 5240 non
1511 5185 1685 5242 fidelis
1727 5187 1931 5259 utique,
1976 5187 2068 5241 sed

479 5271 714 5329 inlldelis
741 5272 1023 5344 gloriantis
1045 5277 1250 5332 scilicet
1281 5293 1362 5343 se,
1386 5277 1527 5348 quod
1558 5279 1660 5334 sibi
1703 5296 1731 5332 a
1760 5278 2070 5335 Christiano

482 5363 648 5419 fuerit
690 5365 1185 5433 communicatum,
1230 5385 1295 5424 ac
1338 5384 1432 5439 per
1463 5370 1565 5426 hoc
1606 5371 1976 5436 autmuantis,
2003 5386 2069 5426 eo

481 5458 626 5529 quod
653 5472 760 5513 non
791 5456 957 5512 fuerit
975 5472 1004 5511 a
1036 5460 1176 5515 ﬁdeli
1200 5471 1437 5531 spretus,
1459 5464 1613 5533 quod
1634 5463 1843 5519 vanitas
1867 5462 2074 5519 erroris

480 5549 563 5606 sui
595 5566 625 5604 a
654 5549 966 5607 Christiano
995 5553 1267 5607 exstiterit
1299 5556 1614 5625 approbata.

556 5641 713 5700 XCII.
736 5644 1070 5702 Desideratis
1089 5661 1249 5703 nosse
1278 5661 1409 5717 quot
1429 5650 1537 5704 sint
1555 5652 1825 5707 veraciter
1844 5652 2073 5724 patriar-

484 5737 621 5795 chae.
668 5737 947 5795 Veraciter
980 5739 1055 5796 illi
1109 5739 1341 5796 habendi
1394 5749 1520 5796 sunt
1572 5744 1929 5812 patriarchae,
1979 5746 2070 5814 qui

483 5827 641 5882 sedes
684 5830 1007 5899 apostolicas
1044 5848 1145 5904 per
1182 5834 1551 5890 successiones
1582 5835 1897 5904 pontificum
1939 5837 2076 5892 obli-
2112 5866 2117 5867 ί

2081 3216 2128 3281 C

1800 356 2073 427 amomi
2109 356 2315 423 pars
2353 358 2373 417 ι

3686 356 3897 415 1012

2139 474 2297 542 nent,
2342 476 2540 541 idest,
2582 476 2674 547 qui
2702 475 2808 533 illis
2836 483 3077 550 prazsunt
3113 476 3389 543 ecclesiis,
3432 491 3642 548 quas
3701 490 3892 545 apo.

2139 566 2262 621 stoli
2294 566 2595 623 instituisse
2646 569 2967 639 probantur,
3014 568 3314 625 Romanam
3355 567 3734 630 videlicet,
3812 573 3881 620 et

2137 658 2575 726 Alexandrinam,
2623 670 2679 716 et
2723 661 3141 719 Antiochenam.
3199 662 3503 718 Romanam
3534 702 3561 727 ,
3637 673 3878 733 quam

2139 762 2452 808 sanctorum
2478 754 2754 825 principes
2799 754 3165 826 apostolorum
3201 754 3394 811 Petrus
3436 771 3511 810 ac
3573 751 3875 808 Paulus

2138 853 2193 899 et
2245 846 2631 916 prmdicatione
2686 863 2783 911 sua
2827 847 3218 917 instituerunt,
3267 856 3321 902 et
3376 862 3476 917 pro
3558 844 3871 901 Christi

2144 951 2332 994 amore
2351 937 2472 994 fuso
2493 940 2714 1010 proprio
2735 940 2999 1011 sanguine
3020 946 3392 995 sacraverant.
3418 935 3871 995 Alexandri-

2139 1046 2305 1097 nam,
2357 1046 2521 1101 quam
2572 1032 2904 1102 evangelista
2953 1031 3167 1087 Marcus
3213 1031 3522 1102 discipulus
3570 1038 3691 1085 .et
3773 1028 3859 1082 de

2139 1122 2464 1194 baptismate
2491 1122 2637 1179 Petri
2674 1123 2818 1180 ﬁlius
2857 1139 2886 1178 a
2928 1122 3090 1180 Petro
3136 1124 3335 1191 missus
3397 1120 3719 1177 instituit
3793 1130 3863 1174 et

2140 1213 2368 1269 Domino
2390 1213 2609 1270 Christo
2635 1229 2827 1270 cruore
2848 1215 3069 1270 dicavit.
3098 1214 3529 1281 Antiochenam,
3586 1213 3667 1269 in
3710 1228 3847 1282 qua

2141 1313 2406 1363 conventu
2465 1323 2663 1379 magno
2718 1316 3029 1364 sanctorum
3083 1307 3267 1372 facto,
3316 1307 3589 1379 primum
3678 1302 3852 1358 ﬁde-

2141 1402 2220 1458 les
2257 1402 2388 1458 dicti
2442 1410 2568 1459 sunt
2612 1402 2945 1468 Christiani,
2993 1412 3047 1471 et
3090 1419 3253 1474 quam
3299 1401 3495 1469 beatus
3574 1400 3845 1455 Petrus

2141 1493 2459 1564 priusquam
2485 1492 2711 1548 Romam
2738 1493 2966 1557 veniret,
2999 1500 3095 1565 per
3122 1508 3293 1548 annos
3317 1491 3535 1563 aliquot
3577 1490 3846 1563 guber—

2143 1584 2313 1639 navit.
2329 1583 2960 1656 Constantinopolitanus
2977 1592 3159 1639 autem
3184 1592 3237 1638 et
3250 1582 3617 1657 Jerosolymi
3629 1591 3833 1638 tanus

2146 1675 2454 1742 antistites,
2498 1675 2627 1731 licet
2686 1676 2940 1731 dicantur
2988 1675 3354 1746 patriarchae,
3412 1664 3532 1729 ndn
3622 1680 3837 1743 tanta:

2150 1779 2331 1824 tamen
2355 1770 2715 1837 auctoritatis,
2744 1777 2962 1841 quantae
2985 1768 3293 1840 superiores
3316 1769 3617 1825 existunt.
3656 1767 3823 1835 Nam

2150 1859 2803 1934 Constantinopolitanam
2870 1861 3154 1918 ecclesiam
3216 1877 3317 1917 nec
3375 1860 3823 1934 apostolorum

2147 1955 2434 2031 quisquam
2463 1954 2715 2020 instituit,
2741 1969 2841 2011 nec
2868 1953 3083 2010 Niccena
3106 1954 3359 2027 synodus,
3385 1970 3511 2024 qua:
3540 1952 3814 2009 cunctis

2148 2046 2368 2118 synodis
2394 2045 2661 2101 celebrior
2684 2054 2738 2100 et
2758 2046 3117 2102 venerabilior
3144 2054 3243 2109 est,
3271 2044 3389 2116 ejus
3414 2046 3813 2107 mentionem

2150 2137 2384 2208 aliquam
2412 2136 2573 2194 fecit:
2597 2138 2690 2194 sed
2715 2137 2911 2219 solum,
2936 2139 3061 2209 quia
3086 2136 3609 2224 Constantinopolis
3638 2151 3805 2191 nova

2148 2230 2320 2286 Roma
2371 2230 2515 2287 dicta
2559 2239 2671 2298 est,
2724 2216 2910 2287 favore
2981 2231 3286 2317 principum
3339 2216 3523 2303 potius
3606 2244 3806 2311 quam

2155 2328 2390 2395 ratione,
2424 2329 2736 2398 patriarcha
2801 2329 2920 2411 ejus
2976 2328 3216 2411 pontifex
3290 2327 3611 2409 appellatus
3677 2332 3794 2395 est.

2152 2417 2678 2490 Hicrosolymitanus
2699 2404 2878 2481 autem
2903 2404 3120 2491 praesul,
3148 2418 3277 2474 licet
3299 2404 3355 2472 et
3383 2419 3498 2490 ipse
3522 2416 3799 2489 patriar-

2152 2509 2252 2564 cha
2282 2508 2516 2574 dicatur,
2542 2518 2598 2565 et
2643 2509 2937 2564 secundum
2984 2510 3261 2582 antiquam
3300 2510 3793 2575 consuetudinem

2154 2617 2217 2657 ac
2241 2601 2511 2656 Nicaanam
2544 2602 2804 2675 synodum
2842 2601 3189 2657 honorandus
3224 2601 3337 2679 sit,
3377 2601 3525 2671 salva
3574 2614 3785 2669 tamen

2153 2692 2435 2763 metropoli
2486 2693 2703 2765 propria
2732 2693 2992 2764 dignitate
3019 2710 3032 2746 :
3066 2693 3160 2771 sed
3182 2701 3236 2747 et
3259 2693 3314 2751 in
3343 2690 3534 2761 eadem
3568 2701 3782 2747 sancta

2152 2794 2210 2841 et
2244 2801 2436 2858 magna
2471 2786 2677 2858 synodo
2721 2800 3062 2859 nequaquam
3103 2784 3620 2859 Jerosolymitanus,
3673 2784 3775 2839 sed

2154 2873 2310 2931 Elia:
2333 2876 2619 2947 episcopus
2648 2862 2866 2931 dicitur.
2895 2874 3029 2930 Nam
3054 2891 3180 2931 vera
3205 2875 3507 2947 Jerusalem
3541 2883 3773 2945 tantum

2156 2969 2210 3024 in
2236 2967 2388 3024 caelis
2416 2977 2520 3036 est,
2544 2984 2665 3040 quae
2689 2976 2771 3024 est
2796 2976 2972 3025 mater
2999 2977 3184 3025 nostra
3209 2985 3226 3039 ;
3252 2969 3345 3023 illa
3369 2983 3497 3024 vero
3525 2966 3763 3039 Jerusa—

2154 3063 2259 3119 lem
2290 3063 2600 3133 terrestris,
2644 3063 2940 3119 secundum
2984 3062 3130 3149 quod
3173 3060 3433 3117 Dominus
3470 3059 3763 3149 praedixit,

2159 3158 2293 3213 adeo
2342 3156 2581 3214 funditus
2606 3159 2675 3214 ab
2716 3156 2861 3213 [Elin
2885 3136 3119 3211 Adriano
3157 3136 3482 3242 imperatore
3505 3155 3755 3225 Romano

2160 3251 2435 3305 destructa
2478 3257 2581 3315 est,
2607 3251 2749 3304 utin
2788 3263 2851 3303 ea
2898 3263 2999 3303 nec
3042 3247 3180 3329 lapis
3223 3261 3387 3333 super
3420 3244 3644 3335 lapidem
3672 3244 3749 3309 sit

2158 3340 2472 3407 derelictus,
2496 3341 2637 3395 etab
2664 3341 2855 3395 eodem
2884 3338 3026 3395 Elin
3048 3338 3290 3411 Adriano
3316 3339 3365 3394 in
3392 3335 3491 3407 alio
3509 3344 3589 3409 est
3618 3334 3742 3405 loco

2159 3438 2469 3488 constructa
2496 3448 2509 3495 ;
2540 3432 2615 3486 ita
2644 3438 2703 3486 ut
2723 3431 2872 3503 locus
2896 3431 3190 3486 Dominicze
3222 3429 3396 3486 crucis
3431 3436 3577 3499 extra
3615 3441 3750 3498 por-

2162 3533 2290 3588 tam,
2318 3538 2460 3578 nunc
2482 3524 2633 3578 intra
2652 3532 2923 3588 cernatur,
2949 3531 3001 3577 et
3022 3538 3050 3576 a
3072 3523 3334 3595 praedicto
3352 3521 3495 3577 Elio
3514 3519 3748 3587 Adriano

2160 3616 2290 3672 urbs
2315 3616 2405 3670 illa
2434 3615 2576 3671 {Elia
2604 3615 2888 3671 vocitctur.

2233 3706 2413 3764 XClll.
2441 3707 2612 3762 Porro
2651 3707 2772 3776 quis
2815 3704 3250 3778 patriarcharum
3300 3703 3566 3766 secundus
3607 3701 3674 3757 sit
3715 3716 3745 3754 a

2162 3802 2409 3857 Romano
2435 3799 2757 3863 consulitis;
2787 3798 2881 3853 sed
2921 3796 3075 3867 juxta
3103 3797 3245 3867 quod
3285 3806 3475 3853 sancta
3512 3796 3746 3869 Romana

2169 3905 2318 3952 tenet
2340 3896 2605 3977 Ecclesia,
2631 3904 2688 3950 et
2708 3892 2912 3949 Nicaeni
2946 3907 3181 3947 canones
3208 3892 3462 3969 innuunt,
3506 3901 3561 3963 et,
3580 3886 3744 3959 sancti

2164 3985 2423 4057 praesules
2445 3984 2818 4040 Romanorum
2848 3979 3166 4049 defendunt,
3191 3989 3247 4036 et
3270 3981 3383 4051 ipsa
3417 3981 3555 4049 ratio
3578 3980 3741 4051 docet,

2165 4076 2566 4133 Alexandrinus
2594 4072 3029 4146 patriarcharum
3054 4086 3085 4125 a
3127 4070 3376 4143 Romano
3404 4085 3539 4155 papa
3567 4083 3742 4125 secun-

2168 4170 2267 4224 dus
2289 4178 2392 4224 est.
3406 4152 3411 4158 ”

2238 4260 2421 4317 XCIV.
2453 4259 2672 4317 Gnaeos
2693 4258 2873 4313 dicere
2914 4254 3246 4331 perhibetis,
3283 4251 3426 4341 quod
3449 4252 3501 4306 in
3548 4249 3738 4341 illorum

2169 4356 2340 4428 patria
2362 4352 2600 4427 chrisma
2623 4350 2855 4417 oriatur,
2879 4360 2934 4406 et
2959 4350 3029 4405 ab
3054 4347 3160 4415 illis
3184 4362 3280 4435 per
3304 4339 3474 4415 totum
3502 4339 3733 4435 niundum

2173 4448 2480 4503 tribuatur:
2509 4454 2566 4500 et
2607 4443 2728 4499 ideo
2770 4457 2931 4513 nosse
2971 4429 3311 4503 desideratis,
3342 4437 3387 4493 si
3415 4450 3598 4491 verum
3636 4429 3729 4485 sit:

2174 4538 2270 4594 sed
2317 4537 2429 4607 jam
2455 4535 2729 4592 credimus
2756 4534 2901 4606 quod
2930 4544 3108 4589 vestra
3141 4529 3361 4587 solertia
3387 4543 3551 4617 quam
3574 4533 3730 4579 verum

2173 4646 2277 4687 non
2304 4631 2375 4703 sit
2405 4618 2805 4685 animadvertit.

2244 4724 2402 4779 XCV.
2431 4723 2572 4791 Quid
2612 4723 2677 4777 de
2719 4722 2802 4776 his
2844 4719 3110 4791 agendum
3153 4716 3515 4789 decernimus,
3545 4710 3630 4798 qui
3655 4717 3733 4778 pro

2172 4818 2584 4888 quibuscunque
2601 4814 2773 4885 culpis
2794 4813 2860 4868 ad
2882 4811 3166 4868 ecclesiam
3191 4809 3420 4880 fugiunt,
3447 4801 3731 4878 requiritis:

2172 4913 2267 4969 sed
2310 4898 2557 4982 quamvis
2578 4925 2641 4966 ea
2669 4909 2810 4965 sacri
2853 4923 3122 4973 canones,
3148 4888 3267 4987 qua}
3307 4905 3451 4979 leges
3483 4903 3731 4960 inundans:

2172 5005 2463 5071 sanciunt,
2528 5001 2872 5059 custodienda
2947 4999 3233 5068 ﬂagitent,
3294 5008 3343 5052 et
3404 4996 3550 5067 leges
3616 4993 3730 5049 circa

2173 5099 2434 5169 quosdam
2463 5095 2916 5153 immisericordes
2944 5101 3277 5169 appareant:
3310 5108 3406 5163 nos
3445 5100 3621 5149 tamen
3657 5081 3727 5156 qui

2173 5208 2280 5246 non
2306 5192 2553 5263 spiritum
2582 5190 2739 5275 huius
2768 5188 2951 5243 mundi
2991 5186 3328 5275 suscepimus
3352 5226 3366 5253 ,
3408 5183 3449 5254 si
3492 5179 3728 5271 quispiam

2174 5284 2241 5338 ad
2278 5283 2563 5337 ecclesiam
2614 5264 2834 5350 fugerit,
2883 5294 2991 5333 non
3040 5264 3190 5330 illum
3237 5274 3338 5347 nisi
3389 5290 3483 5327 sua
3514 5264 3723 5326 \‘0Iueri’

2173 5385 2410 5449 sponte,
2470 5376 2537 5429 ab
2592 5387 2655 5429 ea
2710 5372 2943 5427 dicimus
2995 5368 3353 5424 educendum.
3418 5365 3650 5433 Denique
3694 5374 3721 5412 ει

2174 5468 2443 5538 quondam
2506 5465 2744 5520 latrones
2804 5463 3141 5518 diversorum
3202 5458 3491 5514 criminum
3552 5455 3628 5511 rei
3678 5448 3723 5503 at

2176 5560 2383 5631 asylum
2445 5557 2700 5627 templum
2759 5553 2976 5609 Romuli
3036 5552 3303 5624 fugientes
3353 5548 3726 5621 indemnitatem

2175 5648 2669 5719 consequebantur,
2721 5653 2927 5717 quanto
2958 5645 3136 5717 potius
3165 5644 3218 5698 hi
3267 5643 3357 5714 qui
3389 5642 3453 5697 ad
3508 5638 3725 5710 templum

2174 5743 2373 5799 Christi
2405 5740 2713 5811 confugium
2744 5739 2949 5794 faciunt
2973 5780 2987 5804 ,
3021 5736 3341 5793 delictorum
3386 5736 3727 5789 remissionem

2178 5850 2396 5890 suorum
2424 5833 2647 5905 adipisci
2670 5832 2887 5897 debent,
2916 5838 2970 5886 et
2998 5830 3114 5902 jam
3141 5829 3241 5889 sibi
3266 5846 3296 5885 a
3327 5837 3578 5900 suspecto
3616 5827 3725 5899 jura-
