4050 6324
321 394 324 395 ν
389 350 526 408 1013

1588 349 1944 406 ΕΡΙδΤΟῐιΑἱ
1983 350 2070 406 ΕΤ
2108 353 2418 408 DECRE'I‘A
2432 395 2443 406 .

3506 355 3646 413 10M

387 443 568 498 mento
628 445 866 514 iii-restito
911 443 1056 498 omni
1083 444 1325 513 pristinae
1387 444 1662 500 securitati
1683 485 1704 505 δ
1726 445 1957 501 restitui.
1993 451 2035 510 Α
2069 447 2249 501 dicens
2281 467 2290 499 :
2340 447 2498 501 Omni
2541 451 2730 516 petenti
2762 460 2807 500 te
2849 449 2916 501 da
2946 466 2961 511 ;
2993 458 3043 502 et
3067 449 3260 504 iterum
3285 449 3494 506 Patrem
3528 468 3642 508 me-

457 535 638 592 XCVI.
673 536 938 606 Quidquid
965 537 1158 592 mulier
1189 548 1276 592 tua
1317 546 1504 592 contra
1537 544 1586 591 te
1611 537 1957 608 cogitaverit,

385 637 480 683 aut
509 629 732 695 fecerit,
762 630 843 685 vel
885 630 929 685 si
963 638 1013 684 te
1039 630 1409 691 accusaverit,
1443 644 1546 684 non
1583 637 1696 693 est,
1736 637 1961 698 excepta

382 735 545 775 causa
593 719 998 788 fornicationis,
1031 721 1319 791 rejicienda
1364 722 1578 793 (Matth.
1613 722 1685 792 v),
1731 721 1813 775 vel
1838 721 1962 776 odio

381 826 607 880 prorsus
657 812 937 878 habenda;
988 830 1105 884 qua:
1133 822 1248 879 est,
1295 813 1548 885 Apostolo
1586 814 1958 884 praecipiente.

383 903 521 958 sicut
544 921 572 958 a
596 904 812 962 Christo
832 907 1092 973 Ecclesia,
1113 907 1378 979 diligenda
1401 905 1612 978 (Epltes.
1646 909 1732 977 v);
1759 916 1962 976 quanto

382 1002 560 1050 autem
585 997 962 1055 haereticorum
987 1014 1082 1055 ore
1107 999 1353 1056 Christus
1398 1008 1451 1054 et
1497 1008 1801 1065 accusatur,
1826 1009 1880 1054 et
1906 1001 1958 1054 in

367 1089 629 1156 gentibus
685 1090 1119 1161 blasphematur,
1170 1091 1262 1147 sed
1299 1093 1398 1147 hos
1443 1092 1662 1146 interim
1707 1106 1958 1161 perversa

379 1181 734 1250 praedicantes
765 1183 980 1249 tolerat,
1022 1193 1078 1240 et
1102 1184 1484 1255 resipiscentes
1510 1200 1538 1240 a
1577 1185 1960 1242 misericordia:

377 1272 583 1341 gremio
606 1288 708 1328 non
743 1275 969 1345 repellit.

454 1362 650 1421 XCVII.
686 1367 945 1424 Similiter
968 1377 1024 1424 ει
1048 1369 1115 1424 de
1139 1383 1328 1434 servo,
1359 1369 1450 1438 qui
1491 1368 1767 1424 dominum
1804 1384 1956 1422 suum

377 1459 515 1525 apud
541 1459 811 1530 principes
833 1469 1070 1526 accusat,
1101 1461 1508 1516 custodiendum
1531 1469 1634 1526 est,
1660 1461 1742 1516 cui
1769 1476 1959 1516 secun-

376 1550 501 1603 dum
556 1551 866 1622 Apostolum
917 1569 946 1606 a
995 1553 1213 1617 domino
1269 1569 1368 1609 suo
1412 1554 1573 1610 etiam
1625 1553 1782 1608 minae
1833 1561 1957 1607 sunt

377 1645 712 1699 remittendos
741 1644 956 1715 (Ephes.
995 1645 1090 1716 vr).
1127 1645 1232 1700 Sed
1261 1647 1390 1716 quid
1420 1646 1484 1702 de
1521 1660 1682 1701 servo
1704 1646 1950 1710 dicimus,

375 1735 590 1801 quando
613 1734 870 1792 Dominus
897 1736 1224 1807 generaliter
1247 1737 1496 1792 omnibus
1543 1736 1682 1790 etde
1702 1736 1952 1792 omnibus

2068 553 2286 592 morans
2308 539 2382 593 ait
2409 557 2420 590 :
2460 537 2561 604 Qui
2604 538 2762 593 solem
2795 555 2942 592 suum
2987 541 3113 594 oriri
3151 540 3276 608 facit
3307 557 3462 610 super
3484 541 3644 598 bonos

2065 639 2111 682 et
2133 630 2318 693 malos,
2347 640 2394 684 et
2413 629 2542 699 pluit
2567 647 2721 700 super
2734 631 2906 699 justas
2950 640 2994 683 et
3028 630 3248 698 injustas
3282 629 3494 698 (Matth.
3547 632 3639 698 v);

2061 729 2119 778 et
2138 719 2442 789 Apostolus:
2458 720 2617 785 Dum,
2643 721 2836 790 inquit,
2855 730 3054 790 tempus
3084 719 3354 786 habemus,
3373 737 3646 791 operemur

2065 812 2256 868 bonum
2283 813 2351 866 ad
2381 829 2578 876 omnes,
2623 811 2848 866 maxime
2875 821 3047 866 autem
3090 811 3158 866 ad
3193 810 3498 870 domesticos
3521 809 3644 879 ﬁdei

2065 901 2206 974 (Gal.
2239 904 2333 974 νι),
2390 905 2441 958 id
2494 913 2574 957 est
2617 903 2975 960 Christianos.
3029 903 3410 960 Verumtamen
3460 911 3546 956 est
3589 903 3642 958 in

2061 997 2399 1067 elecmosyna
2427 996 2668 1058 facienda
2700 996 2918 1065 quidam
2945 995 3080 1052 ordo
3101 993 3440 1052 discretionis
3461 993 3645 1050 obser-

2063 1093 2288 1156 vandus,
2336 1108 2496 1162 quem
2543 1108 2639 1148 nos
2687 1092 2911 1162 pleniter
2955 1106 3224 1164 exponere
3273 1090 3450 1150 studio
3503 1106 3646 1146 nunc

2059 1187 2344 1244 brevitatis
2401 1186 2723 1246 omittimus.
2794 1183 2900 1242 Sed
2967 1184 3225 1254 quidnam
3285 1184 3388 1242 hoc
3447 1198 3643 1240 nomen

2057 1279 2271 1350 signet,
2339 1278 2589 1348 primitus
2653 1277 3003 1336 indicemus:
3049 1275 3386 1346 eleemosyna
3449 1275 3647 1344 quippe

2059 1368 2265 1434 Grzccc,
2297 1369 2488 1430 Latine
2516 1369 2881 1426 misericordia
2905 1368 3121 1433 dicitur,
3144 1376 3198 1426 et
3218 1378 3365 1424 certe
3385 1369 3644 1438 scriptum

2057 1471 2168 1515 est:
2187 1460 2638 1529 Miserere’anima:
2660 1460 2984 1531 tuwplacens
3005 1461 3113 1516 Deo
3130 1458 3317 1531 (Eccli.
3335 1460 3486 1528 xxx).
3508 1461 3646 1531 Ergo

2059 1554 2292 1622 primum
2325 1555 2425 1608 sibi
2456 1543 2611 1610 debet
2658 1556 2820 1608 homo
2856 1571 2967 1625 prae
2996 1555 3205 1614 caeteris
3249 1553 3643 1624 eleemosynam

2058 1646 2235 1701 facere
2263 1668 2274 1698 :
2308 1647 2570 1715 siquidem
2621 1663 2836 1704 omnem
2868 1647 3104 1718 regulam
3131 1646 3270 1704 bene
3299 1646 3488 1718 agendi
3530 1662 3559 1700 a
3588 1659 3647 1700 se

2057 1739 2213 1793 debet
2236 1740 2397 1794 homo
2428 1740 2681 1810 incipere,
2708 1739 2927 1810 placens
2971 1738 3178 1801 scilicet
3203 1741 3314 1796 Deo
3353 1754 3452 1808 per
3485 1754 3644 1794 mun-

376 1824 619 1895 prmcipit
651 1843 662 1878 :
721 1825 966 1892 Dimitte,
1016 1828 1263 1897 inquiens
1287 1870 1303 1894 ,
1344 1838 1392 1883 et
1441 1829 1731 1886 dimittetur
1776 1828 1955 1883 uobis?
1983 1824 2029 1884 B
2057 1830 2242 1884 ditiam
2277 1832 2469 1886 mentis
2506 1841 2560 1886 et
2597 1833 2855 1901 corporis,
2893 1847 2956 1886 ac
2999 1846 3098 1901 per
3125 1831 3227 1887 hoc
3273 1831 3374 1886 sibi
3405 1829 3646 1884 tribuens

375 1913 524 1984 (Luc.
571 1920 642 1988 vi)
687 1928 742 1974 et
777 1907 1103 1990 Apostolus:
1162 1919 1340 1977 Videte
1377 1939 1438 1976 ne
1471 1923 1588 1992 quis
1629 1921 1824 1978 malum
1860 1938 1952 1991 pro

373 2006 512 2060 malo
547 2009 708 2065 alicui
753 2012 935 2068 reddat
989 2012 1074 2084 (ΙΙ
1123 2012 1298 2068 Thess.
1337 2013 1413 2083 ν).
1461 2012 1561 2070 Ubi
1603 2013 1746 2074 enim
1793 2011 1954 2067 alicui

371 2095 710 2170 interposuit,
741 2103 905 2158 etiam
935 2119 1148 2160 servum
1175 2103 1602 2174 comprehendit.
1631 2103 1748 2160 Jam
1777 2104 1820 2158 si
1847 2118 1951 2164 non

367 2201 557 2245 omnes
603 2193 1073 2261 comprehendisse
1117 2195 1268 2258 dicis,
1321 2193 1443 2248 audi
1483 2193 1624 2262 quod
1667 2193 1946 2262 sequitur:

367 2280 458 2334 sed
507 2299 708 2352 semper
751 2285 889 2354 quod
955 2285 1146 2343 bonum
1195 2298 1265 2340 est
1320 2285 1589 2346 sectamini
1633 2286 1850 2340 invicem
1896 2285 1950 2338 in

366 2387 561 2432 omnes.

441 2465 663 2520 XCVIII.
699 2465 752 2521 Si
803 2468 871 2521 sit
916 2469 1252 2538 sepeliendus
1289 2469 1381 2538 qui
1444 2469 1678 2539 seipsum
1719 2468 1947 2530 occidit,

370 2557 453 2610 vel
477 2557 522 2613 si
560 2558 630 2619 sit
663 2574 760 2628 pro
785 2575 851 2618 eo
889 2560 1213 2624 sacriﬁcium
1251 2558 1583 2624 offerendum
1611 2600 1624 2623 ,
1655 2558 1946 2628 requiritis.

369 2648 716 2719 Sepeliendus
743 2653 1086 2722 estquidem,
1129 2668 1198 2712 ne
1224 2652 1516 2716 viventium
1555 2651 1799 2708 adoranti
1835 2664 1950 2710 mo-

367 2743 579 2806 lestiam
609 2744 818 2816 ingerat
845 2766 857 2798 ι
889 2760 994 2807 non
1021 2755 1199 2802 tamen
1227 2753 1332 2812 est,
1364 2753 1423 2799 ut
1457 2743 1578 2808 aliis
1607 2756 1774 2813 Pavor
1801 2741 1949 2796 incu-

368 2834 570 2901 tiatur,
651 2836 810 2891 solito
872 2851 993 2896 eum
1059 2836 1331 2905 obsequiis
1386 2829 1535 2892 more
1587 2833 1654 2888 ad
1703 2831 1947 2901 sepulcra

367 2926 622 2984 ferendus
648 2942 663 2981 :
695 2929 787 2984 sed
807 2936 861 2982 et
888 2928 931 2991 si
954 2929 1045 2997 qui
1067 2937 1191 2992 sunt
1210 2929 1300 2998 qui
1323 2925 1438 2996 ejus
1460 2925 1748 2996 sepulturae
1771 2924 1947 2984 studio

367 3019 714 3076 humanitatis
777 3019 1164 3088 obsequuntur,
1232 3020 1354 3084 sibi,
1416 3034 1522 3074 non
1582 3016 1658 3074 illi
1716 3015 1808 3087 qui
1866 3014 1945 3076 sui

365 3111 570 3167 exstitit
631 3113 928 3176 homicida,
986 3123 1246 3184 priestare
1293 3114 1563 3176 videntur.
1607 3110 1945 3168 Sacriﬁcium

364 3221 493 3260 vero
513 3221 612 3276 pro
658 3221 722 3262 eo
751 3222 856 3264 non
885 3215 970 3262 est
1007 3205 1360 3272 oderendum,
1385 3206 1474 3276 qui
1527 3220 1630 3266 non
1662 3204 1833 3260 solum
1879 3199 1946 3256 ad

367 3307 594 3362 mortem
626 3315 794 3369 usque
840 3299 1104 3370 peccavit,
1128 3299 1221 3360 sed
1249 3307 1303 3354 et
1335 3297 1523 3359 mortis
1553 3298 1769 3352 sibimet
1799 3296 1939 3350 inte-

364 3393 524 3445 ritum
566 3384 896 3461 propinavit.
956 3390 1087 3458 Quis
1135 3392 1276 3446 enim
1323 3390 1493 3460 magis
1542 3395 1818 3458 peccatum
1875 3387 1942 3442 ad

366 3488 591 3534 mortem
631 3480 777 3545 facit,
820 3496 917 3549 pro
967 3495 1073 3551 quo
1101 3478 1334 3540 Joannes
1381 3479 1651 3549 apostolus
1681 3479 1810 3532 dicit
1836 3494 1940 3534 non

363 3572 622 3626 orandum
658 3571 709 3643 (1
753 3571 912 3626 Joan.
948 3571 1024 3642 v),
1073 3587 1232 3642 quam
1284 3571 1330 3624 is
1365 3571 1452 3640 qui
1481 3568 1669 3623 Judam
1702 3570 1941 3624 imitatus

367 3665 448 3719 sui
483 3665 647 3732 ipsius
675 3664 945 3718 homicida
974 3662 1139 3724 fuisse
1164 3663 1422 3734 magistro
1450 3662 1663 3717 diabolo
1689 3677 1938 3731 compro-

363 3757 537 3811 batur.

431 3847 615 3903 XCIX.
648 3848 703 3903 Si
737 3857 818 3903 est
840 3847 1176 3902 Christianus
1209 3847 1347 3900 intra
1370 3845 1655 3906 ecclesiam
1683 3844 1941 3916 sepelien-

361 3943 460 3998 dus
499 3942 788 4010 inquiritis.
814 3941 961 3995 lianc
982 3949 1201 3995 sanctus
1221 3953 1358 4009 papa
1381 3937 1674 4009 Gregorius
1695 3938 1943 4007 quaestio—

361 4053 482 4092 nem
512 4037 759 4102 absolvit,
790 4035 972 4090 dicens
1011 4033 1120 4105 (lib.
1163 4050 1212 4086 tv
1255 4032 1484 4102 Dialog.,
1538 4051 1584 4085 ε.
1638 4030 1727 4101 50)
1762 4050 1774 4084 :
1808 4030 1940 4084 Cum

331 4116 538 4201 gravia
571 4136 789 4198 peccata
816 4143 920 4182 non
951 4126 1276 4197 deprimunt,
1311 4125 1412 4179 hoc
1435 4124 1652 4194 prodest
1693 4123 1940 4186 mortuis,

360 4222 403 4276 si
446 4221 497 4275 in
527 4222 770 4276 ecclesiis
794 4219 1149 4290 sepeliantur;
1185 4219 1326 4289 quod
1354 4232 1541 4272 eorum
1566 4215 1945 4285 proximique-

335 4315 460 4369 ‘ties
482 4315 547 4369 ad
563 4316 750 4369 eadem
768 4329 919 4369 sacra
948 4313 1061 4367 loca
1089 4310 1432 4375 c0nveniunt,
1459 4321 1942 4377 suorum,quorum

361 4409 603 4480 sepulcra
633 4408 932 4479 aspiciunt,
973 4406 1354 4468 recordamur,
1406 4413 1458 4457 et
1491 4417 1588 4473 pro
1607 4401 1687 4455 eis
1718 4401 1942 4456 Domino

359 4516 544 4570 preces
565 4500 810 4554 fundunt.
848 4497 978 4552 Nam
1009 4514 1144 4567 quos
1171 4506 1387 4567 peccata
1415 4497 1598 4568 gravia
1615 4495 1940 4564 deprimunt,

2057 1919 2201 1974 illum
2236 1936 2426 1990 panem
2454 1922 2651 1982 vivum,
2702 1923 2794 1991 qui
2825 1923 2890 1976 de
2929 1921 3069 1981 crelo
3097 1920 3394 1976 descendit.
3437 1919 3644 1974 Deinde

2055 2029 2184 2070 vero
2209 2015 2547 2086 eleemosyna
2569 2015 2870 2072 exhibenda
2892 2023 2975 2070 est
3001 2013 3315 2084 propinquis
3347 2009 3639 2082 egestatem

2053 2108 2420 2178 patientibus,
2477 2109 2618 2162 sicut
2667 2109 2928 2178 scriptum
2975 2117 3060 2163 est
3089 2125 3101 2163 :
3135 2105 3358 2162 Carnem
3407 2116 3552 2165 tuam
3582 2122 3645 2160 ne

2054 2198 2348 2270 despexeris
2395 2198 2529 2270 (Ira.
2570 2200 2765 2267 uin):
2819 2215 2940 2254 nam
2974 2208 3028 2256 et
3079 2200 3195 2269 ipsa
3247 2209 3437 2258 natura
3490 2199 3645 2256 docet

2053 2307 2152 2347 nos
2180 2292 2246 2347 de
2273 2293 2375 2350 hoc
2404 2312 2416 2346 :
2449 2302 2505 2348 et
2525 2294 2666 2363 quod
2697 2295 2811 2363 ipse
2851 2293 3151 2364 propinquo
3193 2307 3316 2348 meo
3343 2307 3447 2352 non
3491 2292 3645 2348 exhi-

2053 2382 2253 2447 buero,
2283 2384 2498 2451 quando
2535 2393 2826 2442 cxtraneus
2874 2383 3194 2440 exhibebit?
3221 2382 3417 2440 deinde
3462 2373 3642 2436 autem

2055 2473 2136 2526 his
2165 2475 2399 2530 maxime
2443 2475 2809 2534 misericordia
2840 2475 3145 2544 praestanda
3188 2481 3304 2538 est,
3335 2473 3428 2544 qui
3457 2483 3644 2545 petere

2054 2563 2472 2620 confunduntur.
2524 2565 2666 2620 Sane
2697 2566 2995 2628 notandum
3017 2573 3099 2621 est
3128 2582 3143 2630 ;
3175 2564 3300 2638 quia
3349 2573 3476 2620 sunt
3503 2579 3641 2620 non-

2054 2653 2182 2708 nulli
2222 2655 2417 2724 quibus
2454 2655 2526 2707 nil
2557 2653 2790 2709 conferri
2822 2654 3000 2720 debet,
3033 2655 3173 2711 sicut
3217 2655 3478 2728 scriptum.
3508 2663 3592 2714 est
3626 2672 3638 2708 :

2054 2746 2134 2801 Da
2183 2747 2338 2812 bono,
2361 2757 2408 2802 et
2451 2766 2512 2802 ne
2563 2749 2810 2818 receperis
2851 2759 3170 2818 peccatorem
3193 2747 3383 2818 (Eccli.
3415 2749 3512 2818 xit)
3542 2766 3558 2816 ;
3589 2757 3644 2802 et

2053 2852 2267 2892 rursum
2309 2856 2321 2890 :
2374 2837 2457 2891 Ne
2505 2837 2707 2892 dederis
2758 2838 2916 2908 impio
2976 2837 3218 2910 (ibid.);
3293 2846 3346 2893 et
3398 2839 3638 2898 iterum:

2055 2927 2256 2992 Panem
2286 2939 2432 2984 tuum
2456 2940 2502 2986 et
2534 2930 2706 2984 vinum
2731 2946 2888 3000 super
2913 2929 3235 3000 sepulturam
3268 2932 3407 3002 justi
3451 2931 3643 2986 consti-

2055 3030 2158 3082 tue,
2189 3029 2235 3072 et
2260 3019 2364 3073 noli
2392 3036 2455 3072 ea:
2477 3035 2535 3071 eo
2563 3019 2884 3079 manducare
2917 3029 2963 3074 et
3003 3019 3173 3075 bibere
3202 3037 3321 3078 cum
3356 3024 3644 3094 peccatori-

2056 3114 2147 3166 bus
2176 3110 2325 3184 (Tob.
2357 3114 2452 3180 IV).
2479 3110 2678 3168 Panem
2708 3111 2853 3172 enim
2881 3120 2935 3165 et
2969 3111 3155 3168 vinum
3183 3128 3340 3176 suum
3380 3124 3634 3184 peccato-

1975 3187 2020 3251 C
2053 3203 2199 3258 ribus
2223 3204 2442 3274 przcbet,
2460 3203 2549 3276 qui
2579 3204 2776 3273 iniquis
2797 3204 3055 3268 subsidia,
3087 3218 3185 3276 pro
3213 3220 3279 3264 eo
3301 3207 3445 3276 quod
3468 3207 3640 3278 iniqui

2047 3307 2192 3362 sunt,
2229 3297 2528 3367 impendit:
2568 3297 2660 3367 qui
2683 3312 2810 3356 vero
2861 3298 3120 3370 indigenti
3160 3300 3323 3356 etiam
3367 3303 3639 3374 peccaturi

2045 3406 2238 3460 panem
2264 3406 2439 3456 suum,
2474 3407 2578 3446 non
2606 3393 2731 3462 quia
2761 3400 3036 3460 peccator,
3068 3392 3162 3448 sed
3191 3393 3318 3464 quia
3345 3394 3508 3456 homo
3533 3405 3635 3461 est.

2045 3485 2252 3550 tribuit;
2273 3487 2523 3540 nimirum
2538 3503 2644 3543 non
2666 3497 3002 3556 peccatorem
3016 3489 3108 3544 sed
3115 3489 3323 3559 justum
3342 3491 3533 3557 nutrit,
3549 3492 3640 3560 qui

2047 3575 2099 3628 in
2133 3574 2220 3628 illo
2243 3590 2347 3629 non
2377 3576 2606 3645 culpam,
2624 3577 2716 3631 sed
2745 3585 2996 3644 naturam
3021 3578 3222 3648 diligit:
3252 3579 3394 3636 unde
3421 3590 3476 3636 et
3505 3595 3641 3638 non-

2047 3663 2176 3720 nulli
2197 3664 2351 3733 hujus
2367 3666 2550 3720 mundi
2577 3667 2790 3734 divites,
2808 3682 2929 3724 cum
2953 3667 3094 3734 fame
3106 3668 3419 3732 crucientur
3435 3668 3638 3730 Christi

2045 3771 2345 3825 pauperes,
2410 3755 2594 3812 eiiusis
2655 3757 2994 3828 largitatibus
3045 3757 3294 3818 nutriunt
3321 3759 3634 3826 histriones.

2117 3844 2220 3900 Cll.
2261 3844 2376 3902 Non
2427 3860 2545 3902 esse
2594 3845 2927 3904 inferendam
2974 3863 3183 3920 pagano
3230 3848 3540 3914 violentiam
3581 3856 3641 3914 ut

2045 3937 2383 3994 Christianus
2418 3938 2529 4004 fiat,
2558 3955 2720 4008 supra
2745 3941 3045 3998 docuimus.

2116 4027 2243 4086 CIII.
2298 4029 2373 4084 De
2418 4030 2570 4086 libris
2623 4030 2882 4099 profanis,
2935 4047 3073 4102 quos
3117 4048 3147 4088 a
3201 4030 3491 4096 Saracenis
3536 4045 3636 4098 ποθ

2047 4119 2368 4182 abstulisse,
2427 4135 2488 4174 ac
2544 4121 2684 4192 apud
2747 4137 2840 4176 vos
2893 4123 3091 4188 habere
3148 4123 3475 4195 perhibetis,
3505 4123 3635 4196 quid

2047 4212 2351 4269 faciendum
2406 4215 2514 4282 sit,
2569 4216 2836 4284 inquiritis
2867 4236 2878 4270 ε
2911 4219 3001 4288 qui
3048 4219 3304 4286 nimirum
3352 4234 3460 4276 non
3509 4226 3636 4274 sunt

2047 4308 2396 4376 reservandi;
2439 4308 2787 4380 Corrumpunt
2817 4313 2994 4377 enim,
3039 4314 3179 4368 sicut
3227 4313 3484 4384 scriptum
3529 4319 3632 4376 est,

2047 4415 2215 4454 mores
2245 4400 2405 4462 bonos
2433 4400 2690 4471 colloquia
2720 4401 2862 4464 mala
2889 4402 2940 4474 (1
2973 4401 3095 4462 Cor.
3125 4405 3250 4474 xv);
3290 4404 3383 4462 sed
3420 4412 3479 4478 ut
3509 4411 3634 4474 pote

2047 4491 2192 4546 noxii
2221 4501 2276 4546 et
2299 4493 2594 4563 blasphemi
2624 4496 2730 4564 igni
2766 4497 3032 4560 tradendi.

361 4544 461 4648 bon
487 4593 550 4646 ad
578 4592 968 4646 absolutionem
998 4544 1208 4661 plotiusl,
1239 4606 1398 4660 quam
1415 4544 1487 4645 :d
1512 4544 1770 4658 majorem
1792 4544 1941 4642 datu:
1970 4544 2022 4605 Β
2118 4585 2250 4646 CIV.
2283 4544 2444 4657 (Dis:
2479 4589 2542 4653 4,
2572 4605 2618 4641 c.
2643 4544 2701 4639 Ἃ
2732 4544 3005 4658 quodam.)
3049 4588 3090 4646 Α
3138 4588 3372 4656 quodam
3413 4586 3629 4653 διμιδιο,

362 4685 595 4741 nationis
626 4683 901 4740 cumulum
950 4677 1394 4752 eorum'corpora
1441 4683 1493 4734 in
1545 4681 1793 4736 ecclesiis
1839 4694 1937 4748 po-

359 4788 580 4833 nuntur.

433 4869 491 4922 (ἶ.
527 4867 627 4934 Qui
658 4869 710 4921 in
759 4865 944 4936 praelia
974 4864 1257 4919 defunctus
1295 4855 1478 4928 fuerit,
1526 4871 1703 4916 utrum
1756 4877 1937 4931 repor-

363 4961 554 5015 taudus
577 4959 641 5014 ad
667 4959 883 5029 propria
908 4957 998 5021 sit,
1040 4956 1084 5009 si
1118 4965 1366 5026 parentes
1395 4955 1509 5024 ejus
1550 4964 1643 5008 aut
1671 4954 1801 5008 socii
1823 4953 1938 5022 ejus

357 5053 647 5119 voluerint,
675 5069 740 5108 ex
769 5053 1102 5122 przecedente
1128 5048 1362 5117 capitulo
1412 5049 1637 5118 potestis
1663 5047 1933 5117 colligere.

359 5147 634 5217 Siquidem
667 5146 889 5208 idcirco,
921 5143 965 5197 si
1001 5142 1267 5198 voluerint
1294 5141 1596 5212 propinqui,
1632 5141 1697 5194 ad
1719 5139 1934 5208 prepria

359 5238 713 5307 reportandus
738 5245 822 5291 est
848 5244 1112 5298 mortuus,
1140 5243 1199 5287 ut
1227 5234 1343 5303 ejus
1377 5219 1640 5288 tumulum
1664 5232 1936 5286 intuentes

357 5331 583 5399 proximi
612 5329 965 5384 recordentur
986 5326 1172 5396 ipsius,
1199 5335 1254 5380 et
1277 5342 1376 5396 pro
1397 5342 1461 5380 eo
1497 5326 1723 5382 Domino
1746 5339 1934 5393 preces

357 5410 599 5476 fundant.
643 5422 774 5477 Nam
813 5430 867 5476 et
894 5429 1136 5476 sanctum
1183 5420 1377 5491 Josepb
1417 5421 1520 5476 tale
1552 5421 1679 5490 quid
1706 5422 1772 5475 de
1793 5421 1931 5475 ossi-

358 5514 456 5568 bus
499 5514 609 5568 suis
642 5515 910 5570 obiturum
959 5514 1245 5568 mandasse
1308 5529 1463 5569 sacra
1511 5513 1688 5584 prodit
1717 5512 1938 5567 historia

355 5603 549 5674 (Exod.
583 5608 724 5677 xm).

425 5699 506 5754 CI.
557 5698 760 5766 Quibus
800 5700 1136 5771 eleemosyna
1192 5701 1459 5771 eroganda
1487 5740 1500 5765 ,
1559 5702 1936 5770 investigatis;

351 5793 494 5874 quod
547 5793 802 5848 Dominus
852 5795 902 5848 in
953 5793 1243 5864 Evangelia
1289 5794 1571 5850 manifeste
1609 5795 1943 5849 demonstrat

2046 4680 2267 4734 nescitis
2297 4689 2474 4736 utrum
2527 4680 2869 4745 Christiano,
2921 4695 2989 4736 an
3042 4695 3289 4751 pagano.
3337 4679 3535 4748 multos
3578 4681 3631 4734 in

2043 4775 2216 4844 patria
2245 4781 2422 4830 vestra
2475 4774 2774 4843 baptizatos
2802 4771 3064 4837 asseritis,
3097 4779 3151 4826 et
3173 4771 3302 4841 quid
3329 4771 3397 4838 de
3447 4771 3534 4838 bis
3560 4771 3631 4828 sit

2043 4867 2307 4937 agendum
2334 4867 2636 4934 consulitis.
2662 4865 2725 4920 Hi
2757 4863 2999 4935 profecto
3027 4864 3071 4920 si
3103 4865 3157 4920 in
3184 4863 3403 4931 nomine
3427 4871 3626 4932 sancta:

2043 4957 2340 5026 Trinitatis,
2391 4958 2474 5014 vel
2505 4965 2708 5012 tantum
2750 4957 2802 5012 in
2854 4956 3072 5012 nomine
3099 4955 3329 5022 Christi,
3376 4956 3519 5016 sicut
3572 4956 3626 5012 in

2041 5051 2262 5106 Actibus
2285 5050 2643 5120 apostolorum
2671 5049 2896 5119 legimus
2925 5048 3059 5119 (Act.
3082 5063 3120 5106 tt
3137 5057 3184 5104 et
3205 5047 3342 5118 xix),
3372 5047 3626 5118 baptizati

2041 5153 2169 5198 sunt
2203 5147 2389 5214 (unum
2425 5142 2621 5212 quippe
2649 5142 2899 5211 idemque
2922 5152 3032 5207 est,
3077 5151 3137 5196 ut
3164 5149 3381 5204 sanctus
3408 5140 3628 5211 exponit

2040 5234 2359 5307 Ambrosius
2396 5232 2512 5304 [lib.
2556 5249 2572 5286 ι
2621 5232 2685 5287 de
2729 5231 2868 5303 Spir.
2913 5242 3080 5286 sanet.
3138 5250 3184 5288 ι.
3233 5231 3355 5304 5],)
3410 5238 3625 5287 constat

2039 5324 2132 5380 eos
2154 5340 2259 5378 non
2287 5339 2405 5378 esse
2433 5325 2607 5379 denuo
2637 5323 2986 5394 baptizandos
3023 5342 3033 5376 :
3064 5323 3157 5380 sed
3183 5323 3415 5394 primum
3443 5332 3622 5378 utrum

2046 5415 2406 5482 Christianus,
2447 5431 2511 5468 an
2543 5430 2783 5484 paganus
2829 5415 2942 5486 ipse
2971 5412 3187 5480 Iudaeus
3228 5413 3515 5482 exstiterit,
3543 5412 3624 5482 vel

2049 5508 2094 5562 si
2124 5508 2458 5576 postmodum
2504 5505 2678 5560 factus
2707 5506 2865 5562 fuerit
2905 5505 3262 5568 Christianus,
3299 5503 3627 5573 investigan-

2023 5600 2173 5654 dum
2202 5607 2304 5663 est,
2329 5599 2574 5668 quamvis
2599 5614 2703 5652 non
2729 5599 3158 5668 praetereundum
3176 5611 3298 5651 esse
3317 5595 3622 5664 credamus,

2047 5693 2175 5764 quid
2227 5692 2416 5746 beatus
2462 5693 2526 5748 de
2575 5693 2840 5760 baptismo
2885 5693 3029 5745 dicat
3074 5689 3443 5758 Augustinus:
3502 5685 3622 5744 Jam

2049 5792 2199 5856 satis,
2231 5790 2424 5858 inquit,
2463 5789 2796 5848 ostendimus
2824 5789 2891 5846 ad
2934 5786 3278 5856 baptismum,
3308 5783 3400 5853 qui
3442 5783 3626 5839 verbis
