4050 6324
480 392 620 449 10ιῦ
1801 393 2079 451 NICOLAI
2120 392 2324 448 PAP/E
2367 393 2384 446 Ι
3685 386 3867 441 1016

479 485 807 556 evangelicis
827 497 1200 555 consecratur,
1223 504 1328 544 non
1347 491 1620 560 pertinere
1640 487 1960 558 cujusquam
1985 486 2068 542 vel
2096 490 2147 550 Α
2173 486 2452 541 seditiones
2494 488 2548 541 in
2602 484 2743 540 vobis
2778 485 2881 540 sint
2929 483 3011 556 (II
3043 483 3164 539 Cor.
3208 483 3330 556 xu).
3383 483 3868 540 Verumtamen

483 579 664 635 dantis
689 581 771 636 vel
801 583 1116 652 accipientis
1138 597 1382 638 errorem
1399 625 1413 648 ,
1437 585 1552 640 sive
1575 584 1643 638 de
1667 583 1848 648 Patre,
1872 583 1987 638 sive
2009 581 2076 637 de
2179 589 2438 651 quantum
2467 579 2534 633 ad
2575 579 2735 634 ﬁdem
2765 587 2967 652 rectam
2991 578 3226 650 pertinet
3263 593 3370 634 non
3394 592 3714 634 curamus
3749 575 3865 647 qui

481 668 652 736 Filio,
702 672 815 728 sive
860 673 927 728 de
971 673 1175 744 Spiritu
1223 683 1413 730 sancto
1457 674 1615 729 aliter
1651 674 1881 739 sentiat,
1911 687 2075 744 quam
2177 671 2491 743 praedicent,
2544 670 2640 726 sed
2663 685 2824 741 quem
2854 671 3183 742 praedicent;
3231 671 3344 742 ipse
3391 671 3621 743 quippe
3690 670 3866 725 scri-

487 760 735 816 doetrina
764 761 1001 818 caelestis
1049 764 1327 830 insinuat;
1383 773 1439 821 et
1467 765 1663 821 iterum
1695 783 1708 818 :
1745 764 1886 820 Sunt
1911 763 2077 819 etiam
2178 766 2326 837 psit:
2354 765 2607 832 Quidam,
2638 765 2909 836 inquiens,
2937 766 3148 838 quidem
3200 775 3249 821 et
3277 775 3488 837 propter
3523 765 3863 822 invidiam

484 855 703 924 quidam
731 871 797 911 ex
841 869 906 911 eo
931 869 1194 922 numero,
1222 859 1312 927 qui
1360 859 1538 914 adhuc
1574 858 1826 929 nequiter
1871 856 2076 922 vivant,
2179 866 2228 910 et
2253 856 2654 923 contentionem,
2677 855 2896 927 quidam
2935 867 3110 912 autem
3149 867 3196 912 et
3235 868 3445 928 propter
3467 859 3718 912 bonum
3759 873 3866 910 vo-

485 946 762 1001 autetiam
812 946 868 1002 in
896 948 1214 1014 haeresibus,
1253 949 1339 1004 vel
1389 949 1444 1004 in
1487 949 1767 1021 gentilium
1816 948 2078 1020 supersti-
2181 948 2435 1004 luntatem
2479 946 2750 1004 Christum
2783 949 3092 1019 prwdicant,
3137 949 3355 1020 quidam
3386 965 3451 1004 ex
3497 948 3861 1014 charitate,

484 1038 720 1095 tionibus
741 1038 979 1109 iaceant,
1010 1050 1066 1094 et
1096 1048 1274 1096 tamen
1297 1041 1463 1097 etiam
1485 1041 1596 1097 illic
1624 1041 1778 1097 novit
1815 1040 2080 1097 Dominus
2181 1042 2402 1096 scientes
2445 1039 2695 1113 quoniam
2737 1041 2796 1095 in
2847 1040 3200 1111 defensionem
3261 1039 3539 1113 Evangelii
3597 1041 3860 1112 positus

481 1131 572 1200 qui
596 1139 722 1186 sunt
772 1131 908 1202 ejus.
936 1131 1179 1205 Namque
1226 1135 1282 1190 in
1322 1135 1414 1191 illa
1452 1135 1709 1192 ineffabili
1737 1136 2082 1208 praescientia
2183 1149 2322 1188 sum.
2354 1131 2587 1198 Quidam
2623 1141 2801 1187 autem
2825 1148 2890 1187 ea:
2918 1132 3246 1187 contentione
3266 1128 3538 1188 Christum
3579 1147 3860 1185 annua-

483 1223 635 1278 multi
679 1224 770 1294 qui
816 1223 948 1281 foris
988 1227 1242 1282 videntur
1280 1228 1428 1284 intus
1471 1236 1620 1284 sunt.
1659 1228 1728 1284 Et
1767 1227 1874 1285 alio
1920 1227 2080 1284 loco:
2186 1226 2319 1280 tiant
2350 1240 2456 1279 non
2479 1225 2701 1290 sincere,
2729 1224 3088 1279 existimantes
3113 1239 3413 1296 pressuram
3449 1240 3504 1278 se
3531 1224 3856 1277 suscitare

482 1316 548 1370 Et
587 1315 700 1386 jam
743 1318 907 1374 corde
938 1320 1224 1388 tardiores,
1253 1329 1518 1392 quantum
1545 1321 1836 1388 existimo,
1875 1321 2080 1377 intelli-
2184 1316 2407 1371 vinculis
2432 1316 2582 1370 meis.
2612 1314 2754 1382 Quid
2798 1317 2935 1370 enim
2959 1315 3090 1370 mihi
3126 1315 3244 1372 est?
3270 1316 3397 1370 dum
3437 1314 3598 1370 omni
3661 1314 3859 1368 modo

481 1416 616 1479 gunt
643 1409 974 1479 baptismum
1017 1410 1220 1469 Christi
1261 1412 1408 1468 nulla
1447 1413 1808 1484 perversitate
1846 1413 2085 1470 hominis
2185 1413 2293 1468 sive
2321 1427 2414 1482 per
2441 1411 2792 1478 occasionem,
2833 1412 2940 1466 sive
2984 1427 3078 1482 per
3119 1412 3392 1467 veritatem
3422 1409 3710 1465 Christus
3745 1428 3853 1464 an-

481 1501 594 1557 sive
626 1503 805 1558 dantis
827 1504 943 1559 sive
974 1506 1292 1579 accipientis
1316 1522 1475 1577 posse
1500 1507 1692 1564 violari
1721 1524 1737 1574 ;
1769 1515 1826 1564 et
1852 1522 2080 1562 rursus:
2188 1505 2477 1572 nuntietur,
2503 1514 2552 1560 et
2578 1505 2636 1560 in
2690 1504 2788 1560 hoc
2834 1504 3037 1576 gaudeo
3072 1513 3122 1559 et
3178 1504 3414 1576 gaudebo
3462 1501 3739 1576 (Philip.
3782 1503 3851 1574 ι).

483 1593 670 1650 Potest
721 1605 923 1662 tamen,
967 1598 1064 1665 ait,
1113 1601 1330 1656 tradere
1379 1608 1684 1672 separatus,
1726 1600 1866 1655 sicut
1908 1608 2089 1671 potest
2189 1595 2296 1653 Sed
2322 1605 2379 1652 et
2397 1596 2488 1668 qui
2518 1596 2635 1652 haec
2654 1595 2811 1663 dixit,
2839 1595 3022 1652 audite
3041 1595 3170 1666 quid
3189 1594 3318 1654 alibi
3340 1595 3526 1652 dicat:
3559 1595 3844 1666 profana

481 1687 681 1743 habere
711 1699 1018 1759 separatus,
1049 1693 1146 1749 sed
1166 1709 1328 1765 quam
1357 1693 1665 1765 perniciose
1706 1695 1921 1750 tradere
1949 1711 1964 1760 ;
1996 1693 2086 1748 ille
2187 1697 2364 1743 autem
2392 1697 2441 1743 et
2467 1686 2798 1759 inaniloquia
2822 1687 3028 1754 devita;
3055 1686 3223 1743 multa
3244 1688 3382 1745 enim
3405 1687 3734 1759 proﬁciunt
3772 1688 3850 1740 ad

481 1790 662 1836 autem
689 1783 776 1838 cui
805 1784 990 1852 tradit,
1017 1793 1197 1856 potest
1233 1786 1527 1843 salubriter
1563 1785 1814 1857 accipere
1837 1826 1850 1849 ,
1891 1786 1936 1841 si
1969 1786 2085 1857 ipse
2113 1857 2155 1862 _
2188 1783 2527 1862 impietatem,
2555 1791 2604 1837 et
2633 1797 2803 1837 sermo
2834 1797 3013 1836 eorum
3045 1791 3100 1835 ut
3126 1798 3316 1838 cancer
3340 1782 3501 1852 serpit
3529 1780 3644 1853 (II
3680 1779 3838 1834 Tim.

488 1889 594 1928 non
632 1884 919 1945 separatus
943 1877 1192 1948 accipiat.
2113 1857 2162 1918 Β
2191 1857 2273 1942 ιι).
2307 1873 2694 1931 Verumtamen
2723 1873 2777 1929 in
2802 1874 2888 1929 bis
2914 1873 3168 1929 omnibus
3211 1873 3385 1930 aderit
3410 1873 3840 1932 misericordia

553 1967 663 2022 CV.
695 1968 1116 2027 Consulentibus
1155 1978 1212 2026 et
1257 1973 1453 2028 instrui
1497 1973 1846 2042 poscentibus
1886 1969 2042 2025 vobis
2068 2010 2082 2036 ,
2189 1967 2287 2024 Dei
2318 1966 2499 2024 missis
2527 1967 2730 2023 nostris
2771 1975 2828 2022 et
2849 1965 3033 2022 futuro
3058 1965 3312 2036 episcopo
3339 1974 3547 2033 vestro,
3575 1965 3696 2037 qui
3732 1980 3837 2020 vos

488 2063 618 2133 quid
645 2066 711 2119 de
738 2079 804 2119 eo
825 2063 1133 2120 faciendum
1161 2066 1364 2137 sit,qui
1387 2081 1551 2136 super
1571 2075 1844 2138 praecepta
1868 2073 2087 2135 aposto—
2189 2059 2485 2125 instruant,
2528 2066 2585 2114 et
2618 2058 2750 2130 quid
2794 2073 2958 2130 agere
3003 2056 3250 2113 debeatis
3292 2053 3664 2112 abundanter
3689 2072 3835 2112 eru—

470 2157 592 2212 'lica
631 2171 690 2212 se
729 2155 960 2214 eﬁ‘erens
1000 2159 1301 2229 praedicare
1339 2161 1663 2226 tentaverit,
1698 2175 1840 2218 unus
1871 2176 1937 2215 ex
1969 2160 2050 2216 eis
2069 2201 2085 2226 ,
2188 2151 2342 2210 diant
2371 2168 2386 2206 :
2413 2151 2507 2208 sed
2533 2160 2589 2207 et
2616 2150 2694 2208 illi
2723 2151 2838 2208 sive
2867 2165 3032 2216 nunc,
3056 2150 3169 2206 sive
3196 2158 3321 2219 post
3349 2148 3466 2205 haec
3496 2162 3749 2220 semper
3773 2149 3828 2202 in

484 2247 537 2300 id
587 2255 702 2312 est,
753 2247 953 2305 Paulus
992 2251 1319 2320 respondet,
1362 2260 1419 2307 et
1461 2252 1681 2308 instruit
1723 2252 1946 2307 dicens:
1980 2251 2088 2308 Sed
2189 2248 2353 2304 rebus
2382 2245 2560 2303 dubiis
2590 2254 2645 2302 et
2681 2245 2914 2319 negotiis
2943 2243 3240 2315 majoribus
3281 2243 3464 2299 sedem
3496 2243 3691 2298 totius
3720 2241 3832 2296 Ec-

489 2337 610 2391 licet
644 2355 760 2405 nos,
790 2349 882 2394 aut
905 2339 1122 2412 angelus
1145 2342 1210 2396 de
1241 2342 1367 2398 coelo
1387 2342 1704 2413 evangelizet
1732 2343 1874 2398 vobis
1897 2352 2089 2413 printer
2189 2339 2369 2396 clesiae
2417 2353 2573 2395 more
2615 2338 2902 2396 consulent
2951 2335 3323 2408 apostolicam,
3367 2343 3423 2391 et
3471 2334 3540 2390 ab
3595 2334 3704 2390 illa
3739 2334 3826 2389 in-

486 2430 627 2499 quod
669 2432 1142 2502 evangelizavimus
1182 2435 1357 2502 vobis,
1405 2436 1687 2491 anathema
1727 2437 1794 2491 sit
1837 2433 1979 2508 (Cal.
2023 2434 2086 2505 ι).
2190 2432 2388 2488 structi
2417 2431 2472 2487 in
2500 2431 2698 2502 quibus
2721 2438 2958 2502 oportet,
2983 2429 3287 2497 instituent,
3317 2437 3374 2486 et
3401 2442 3519 2500 quae
3543 2426 3657 2483 Dei
3686 2435 3825 2483 sunt

486 2521 875 2577 Verumtamen
906 2537 1027 2578 cum
1059 2524 1161 2580 hoc
1175 2523 1254 2591 ﬁt,
1270 2540 1377 2580 non
1397 2534 1481 2583 est
1501 2525 1704 2596 passim
1731 2540 1832 2582 nec
1859 2541 1891 2581 a
1910 2527 2085 2594 vobis,

487 2615 580 2683 qui
609 2613 734 2670 laici
761 2615 930 2681 estis,
960 2624 1165 2673 temere
1195 2617 1554 2688 iudicandum
1582 2637 1597 2686 ;
1647 2621 1703 2675 in
1736 2619 1916 2676 multis
1948 2622 2089 2675 enim

485 2692 802 2776 oﬁ'endimus
830 2724 1008 2764 omnes
1039 2708 1183 2782 (Jac.
1217 2711 1324 2783 tu).

559 2797 690 2854 CVI.
719 2798 1002 2856 Postremo
1029 2802 1398 2873 deprecamini
1421 2820 1522 2862 nos
1550 2805 1880 2876 suppliciter,
1909 2814 1973 2861 ut
1989 2820 2088 2861 vo-

484 2890 571 2944 his
612 2891 1068 2960 quemadmodum
1122 2895 1336 2950 caneris
1365 2895 1615 2966 gentibus
1653 2910 1840 2951 veram
1884 2905 1939 2952 et
1964 2910 2089 2965 pen-

493 2981 688 3037 fectam
718 2970 1182 3041 Christianitatem
1229 3001 1336 3043 non
1367 2986 1659 3044 habentem
1696 2986 1965 3047 maculam
1994 2995 2091 3043 aut

489 3090 680 3145 rugam
710 3075 1031 3147 largiamur,
1067 3087 1376 3135 asserentes
1421 3079 1567 3149 quod
1615 3080 1671 3136 in
1721 3081 1958 3159 patriam
1989 3097 2089 3138 ve-

491 3174 664 3219 stram
693 3167 848 3222 multi
875 3183 944 3222 ex
971 3167 1199 3226 diversis
1245 3169 1380 3228 locis
1423 3170 1717 3229 Christiani
1747 3175 2087 3242 advenerint,

2191 2523 2376 2579 sedula
2397 2522 2785 2594 praedicatione
2816 2522 3109 2579 docebunt.

2262 2613 2390 2669 Haec
2419 2614 2638 2684 quidem
2664 2613 3102 2687 suggestionibus
3129 2612 3245 2669 sive
3283 2610 3694 2684 quaestionibus
3725 2624 3819 2665 ve.

2191 2705 2345 2772 stris,
2368 2712 2533 2777 prout
2554 2703 2821 2773 Dominus
2859 2705 3028 2772 dedit,
3060 2703 3458 2776 respondimus,
3486 2719 3597 2761 non
3625 2719 3805 2775 quan-

2191 2806 2307 2853 tum
2331 2797 2627 2868 potuimus,
2651 2798 2746 2854 sed
2771 2806 3035 2870 quantum
3064 2795 3312 2854 sufﬁcere
3338 2811 3498 2869 posse
3539 2794 3811 2867 praevidi-

2190 2903 2333 2946 mus.
2365 2888 2500 2946 Cum
2529 2899 2712 2956 autem
2753 2890 3090 2962 episcopum,
3138 2889 3249 2946 Deo
3296 2889 3654 2952 concedente,
3704 2901 3811 2958 per

2191 2981 2513 3052 praesulatus
2562 2983 2735 3040 nostri
2787 2982 3149 3038 ministerium
3199 2981 3524 3049 habueritis,
3558 2981 3650 3037 ille
3698 2995 3800 3036 vos

2194 3074 2411 3130 docebit
2435 3075 2617 3131 omnia
2640 3090 2762 3147 qua:
2790 3076 2858 3132 ad
2888 3073 3307 3133 olﬁciumsuum
3333 3077 3618 3147 pertinent,
3651 3084 3710 3130 et
3750 3075 3797 3129 si

2194 3182 2315 3239 quae
2338 3178 2464 3224 sunt
2492 3185 2614 3240 qua:
2638 3185 2747 3226 non
2777 3169 2975 3241 capiet,
3000 3169 3068 3226 ab
3101 3170 3410 3241 apostolica
3436 3171 3574 3226 sedis
3597 3178 3790 3224 aucto—

493 3257 585 3326 qui
616 3258 1067 3328 prout—voluntas
1107 3275 1295 3318 eorum
1329 3263 1535 3330 existit,
1567 3264 1733 3320 multa
1759 3275 1815 3321 et
1835 3267 1984 3322 varia
2011 3235 2091 3349 to;
2117 3235 2162 3298 (ἶ
2194 3235 2358 3315 ritate
2405 3235 2682 3332 suscipiet.
2712 3260 2856 3317 Deus
2907 3269 3090 3316 autem
3139 3261 3232 3331 qui
3262 3261 3316 3319 in
3368 3261 3512 3318 vobis
3549 3259 3782 3314 salutem

494 3359 756 3419 quuntur,
801 3349 852 3404 id
888 3358 973 3406 est
1006 3349 1205 3420 Grazci,
1228 3353 1474 3423 Armeni,
1499 3364 1554 3412 et
1579 3370 1646 3411 ex
1669 3357 1881 3414 caeteris
1909 3357 2044 3414 locis
2071 3373 2088 3414 :

495 3449 826 3512 quapropter
863 3439 1046 3510 iuberi
1095 3445 1321 3514 poscitis
1373 3454 1556 3502 utrum
1596 3448 1850 3505 omnibus
1896 3450 1981 3506 his
2009 3465 2092 3506 se-

497 3532 736 3588 cundum
756 3533 940 3590 varios
963 3549 1156 3591 sensus
1175 3551 1366 3593 eorum
1385 3537 1629 3605 obedire,
1657 3556 1726 3595 an
1758 3541 1887 3612 quid
1914 3540 2095 3598 facere

499 3625 763 3681 debeatis.
795 3625 999 3684 Verum
1040 3642 1142 3684 nos
1170 3629 1226 3685 in
1257 3629 1342 3686 his
1385 3645 1490 3686 non
1521 3647 1708 3688 sumus
1746 3630 2094 3702 sufﬁcientes,

499 3718 595 3772 sed
625 3715 944 3775 sullicientia
972 3729 1158 3777 nostra
1185 3736 1252 3776 ex
1282 3720 1393 3777 Deo
1415 3731 1528 3789 est;
1577 3731 1633 3778 et
1659 3724 1853 3781 beatus
1878 3725 2094 3793 Petrus,

495 3809 590 3879 qui
620 3809 675 3864 in
703 3809 831 3865 sede
861 3825 958 3865 sua
1001 3811 1137 3867 vivit
1175 3819 1232 3866 et
1273 3811 1548 3882 praesidet,
1591 3814 1684 3868 dat
1727 3799 2098 3884 quaerentibus

499 3899 624 3956 ﬁdei
676 3901 982 3958 veritatem.
1038 3900 1175 3957 Nam
1222 3913 1278 3957 et
1323 3912 1509 3958 sancta
1558 3903 1804 3960 Romana
1853 3906 2096 3964 Ecclesia

497 4008 716 4064 semper
742 3995 859 4050 sine
899 3995 1114 4051 macula
1141 3994 1245 4051 fuit
1268 4005 1324 4050 et
1350 3997 1468 4052 sine
1495 4012 1648 4068 ruga,
1681 3998 1939 4054 nimirum
1969 4000 2098 4070 quia

495 4081 587 4137 ille
639 4082 780 4138 hanc
829 4084 1088 4152 instituit,
1139 4086 1293 4157 cujus
1346 4087 1469 4143 ﬁdei
1520 4089 1790 4146 confessio
1837 4090 2097 4148 divinitus

497 4171 710 4228 exstitit
731 4174 1058 4243 approbata;
1090 4177 1159 4232 ad
1187 4193 1350 4248 quam
1391 4178 1642 4235 videlicet
1667 4178 2098 4238 Christianitatis

498 4267 682 4331 ﬁdem,
715 4266 846 4322 licet
884 4265 1003 4336 ejus
1032 4271 1289 4341 mysteria
1317 4280 1694 4328 consummate
1721 4272 1902 4330 nullus
1932 4273 2096 4330 intel-

497 4359 667 4430 ligere
705 4358 909 4426 valeat,
959 4361 1113 4417 vobis
1158 4363 1562 4430 insinuandam,
1613 4365 1915 4436 inspirante
1963 4366 2092 4432 Deo,

496 4465 626 4506 ecce
655 4450 860 4522 scripta
885 4460 1090 4515 nostra,
1122 4460 1179 4507 et
1200 4453 1397 4509 missos
1425 4470 1490 4510 ac
1532 4454 1777 4512 diversos
1805 4456 2019 4514 codices
2040 4458 2097 4513 in

495 4541 730 4612 patriam
757 4549 998 4598 vestram
1024 4542 1450 4610 destinavimus;
1497 4554 1553 4600 et
1574 4560 1857 4617 quousque
1883 4547 2095 4604 radices

496 4635 710 4692 roboris
734 4635 1171 4706 consequamini,
1221 4651 1318 4692 vos
1362 4638 1541 4709 rigare
1575 4639 1724 4695 nullo
1765 4640 1926 4697 modo
1950 4640 2094 4698 desi-

497 4737 736 4794 stemus;
768 4735 825 4784 et
843 4743 1126 4800 quousque
1160 4729 1229 4784 ad
1257 4728 1490 4785 solidum
1534 4730 1882 4801 perfectionis
1911 4732 2093 4790 cibum

495 4821 847 4892 perveniatis,
871 4821 976 4878 vos
1005 4821 1197 4878 saltem
1229 4820 1369 4879 lacte
1411 4831 1603 4894 potare
1637 4839 1912 4896 nunquam
1940 4825 2096 4898 peni-

498 4926 586 4970 tus
608 4917 923 4973 omittemus
953 4916 1005 4989 (1
1036 4913 1162 4971 Cor.
1194 4922 1299 4990 ιιι),
1353 4932 1483 4972 nam
1515 4918 1770 4989 gaudium
1807 4934 2013 4987 meum,
2039 4928 2096 4976 et

497 5021 699 5062 corona
723 5023 845 5064 mea
870 5023 969 5066 vos
996 5009 1131 5066 estis
1160 5009 1217 5065 in
1263 5008 1494 5067 Domino
1523 5009 1746 5082 (Philip.
1775 5011 1872 5084 1v).
1905 5012 1982 5069 De
2007 5011 2094 5068 his

497 5105 682 5153 autem
709 5113 849 5169 quos
876 5100 933 5156 in
963 5101 1198 5171 patriam
1229 5112 1470 5157 vestram
1497 5101 1565 5157 de
1590 5094 1981 5159 diversis'locis
2008 5105 2100 5160 ad-

495 5189 714 5244 venisse
741 5191 1041 5259 perbibetis
1068 5191 1217 5246 varia
1257 5201 1312 5248 et
1352 5192 1566 5248 diversa
1605 5191 1882 5260 docentes,
1923 5194 2097 5250 multa

494 5282 652 5338 vobis
676 5281 791 5352 jam
815 5283 1154 5353 scripsimus,
1175 5294 1232 5340 et
1260 5301 1406 5341 nunc
1431 5283 1671 5340 scribere
1689 5284 1892 5355 aliqua,
1917 5287 2098 5342 docto-

498 5373 574 5427 ris
603 5373 846 5445 gentium
871 5373 1295 5446 suffragantibus
1322 5375 1529 5432 sanctis
1559 5376 1809 5447 eloquiis,
1837 5393 2098 5448 procura-

493 5479 638 5532 mus,
663 5464 756 5535 qui
787 5464 932 5520 inter
957 5463 1267 5524 Corinthios
1297 5467 1429 5523 tales
1461 5481 1584 5524 esse
1621 5467 1939 5536 formidans,
1981 5470 2096 5525 aie-

492 5555 588 5611 bat
611 5574 624 5610 :
659 5555 838 5613 Timeo
860 5557 1000 5611 enim
1027 5557 1250 5628 neforte
1270 5575 1389 5612 cum
1414 5575 1623 5626 venero,
1649 5575 1754 5615 non
1778 5561 1958 5632 quales
1979 5562 2094 5617 volo

491 5647 754 5703 inveniam
779 5664 888 5715 vos,
920 5658 970 5703 et
998 5665 1092 5720 ego
1119 5649 1358 5704 inveniar
1378 5666 1410 5703 a
1437 5649 1578 5704 vobis
1617 5650 1824 5721 qualem
1851 5669 1954 5708 non
1975 5652 2091 5708 vul-

494 5739 586 5806 tis,
615 5757 679 5795 ne
708 5742 845 5812 forte
885 5741 1264 5805 contentiones,
1289 5740 1674 5807 aemulationes,
1709 5746 2091 5811 animositates,

494 5828 866 5898 dissensiones,
899 5831 1269 5896 detractiones,
1304 5831 1722 5899 susurrationes,
1769 5835 2087 5904 inﬂationes,

2126 4601 2178 4663 D

2194 3354 2488 3411 maximam
2515 3364 2770 3427 operatus
2797 3365 2898 3423 est,
2949 3356 3088 3413 hanc
3114 3357 3379 3429 perﬁciat,
3406 3354 3688 3412 consolidet
3716 3362 3776 3408 et

2194 3462 2370 3519 usque
2394 3448 2448 3503 in
2479 3447 2643 3504 ﬁnem
2665 3449 2907 3506 stabiliat
2925 3459 2982 3507 et
3007 3449 3346 3509 corroboret.
3366 3449 3545 3506 Amen.

2881 3560 3115 3618 XCVIII.

2551 3672 2620 3712 AD
2669 3669 2976 3711 MICHAELEI
3032 3669 3436 3712 IIPERATOBBI.

2803 3748 2983 3821 (Anno
3013 3747 3163 3815 866.)

2203 3840 2464 3919 Hortatur
2481 3841 2850 3919 imperatorem
2881 3841 2952 3919 ad
2973 3841 3172 3919 legatos
3215 3841 3433 3919 benigne
3473 3838 3777 3919 audiendos,

2271 3914 2452 3985 repetit
2487 3911 2609 3985 quae
2661 3913 2718 3985 in
2758 3911 3112 3985 superioribus
3161 3911 3394 3985 epistolis
3448 3912 3514 3966 de
3554 3911 3771 3985 lgnatio,

2268 3981 2509 4062 Pltotio,’
2541 3981 2854 4062 Rhadoaldo
2904 3994 2953 4038 et
2993 3981 3257 4039 Zacharia
3295 3981 3606 4062 dictasunt,
3636 3982 3773 4062 docet

2268 4054 2539 4126 epistolam
2580 4071 2613 4108 a
2654 4071 2709 4126 se
2749 4055 2965 4110 missam
3013 4065 3314 4126 corruptam
3365 4053 3551 4126 fuisse
3575 4094 3589 4116 ,
3644 4053 3781 4105 resti-

2269 4122 2606 4202 tuitqueloca
2626 4125 2931 4202 depravata,
2981 4122 3307 4202 demonstrat
3355 4122 3775 4202 Photiihpronto-

2268 4192 2459 4268 tionem
2491 4195 2570 4251 vel
2589 4213 2651 4251 ea
2671 4192 2735 4250 de
2754 4213 2915 4250 causa
2944 4198 3304 4268 rejiciendam,
3332 4197 3458 4268 quia
3483 4213 3518 4248 a
3545 4192 3778 4268 Gregorio

2269 4267 2607 4339 Syracusano
2634 4268 2883 4339 damnato
2907 4265 3079 4338 fuerat
3115 4265 3471 4339 consecratus,
3495 4276 3543 4320 et
3569 4265 3781 4339 impera-

2270 4336 2455 4405 torem,
2485 4339 2577 4410 qui
2595 4355 2712 4410 eum
2744 4336 3074 4410 defendebat,
3126 4341 3322 4406 arguit.
3359 4336 3499 4410 Petit
3524 4347 3579 4391 ut
3599 4336 3774 4406 episto-

2268 4410 2374 4488 lam
2419 4408 2863 4488 contumeliarum
2884 4409 3114 4488 plenam,
3159 4422 3316 4488 quam
3361 4408 3471 4488 ipse
3513 4410 3780 4488 imperator

2267 4482 2502 4546 miserat,
2517 4481 2701 4552 jubeat
2727 4479 2962 4535 comburi
2987 4494 3006 4534 :
3026 4483 3109 4536 sin
3128 4479 3322 4547 minus,
3350 4479 3635 4534 dictatores
3654 4479 3773 4543 ejus,

2269 4553 2624 4628 dispositores,
2649 4560 2805 4622 atque
2826 4561 3166 4628 praeceptores
3214 4554 3448 4628 minatur
3490 4567 3545 4628 se
3567 4563 3790 4628 suo?

2271 4621 2689 4688 manicaturum,
2718 4621 2885 4694 eam
2935 4621 3160 4694 epistola
3202 4623 3271 4678 ad
3301 4622 3445 4676 illius
3476 4621 3697 4694 dedecus
3729 4621 3776 4670 in

2269 4695 2630 4764 cpiscOporum
2655 4692 2876 4760 concilio
2918 4692 3097 4749 coram
3146 4693 3386 4751 omnibus
3431 4693 3776 4764 comburatur,

2270 4761 2686 4839 pracepturum;
2718 4765 2929 4839 tandem
2981 4766 3204 4839 qstendit
3259 4763 3546 4837 plurimum
3586 4761 3774 4839 condu-

2271 4833 2387 4894 cere
2431 4833 2607 4891 causa:
2658 4835 2857 4907 Iguatii
2903 4847 2950 4892 et
2989 4833 3194 4903 Photii,
3227 4833 3280 4892 ut
3306 4845 3524 4906 uterque
3573 4833 3776 4890 Romam

2269 4916 2458 4964 veniat.
2698 4976 2877 5051 [Apud
2913 4977 3080 5034 Mansi
3093 5020 3108 5046 ,
3139 4978 3247 5033 ibid
3254 4977 3294 5051 ο]

2273 5095 2544 5153 NICOLAUS
2571 5095 2876 5168 episcopus,
2909 5110 3100 5152 servus
3153 5109 3432 5152 servorum
3477 5095 3596 5161 Dei,
3623 5089 3774 5165 piissi-

2201 5205 2292 5246 mo
2336 5197 2392 5244 et
2439 5189 2832 5260 gloriosissimo
2885 5187 3084 5245 dilecto
3137 5188 3250 5246 ﬁlio
3276 5187 3544 5244 Mteaseu
3600 5199 3772 5258 magno

2203 5282 2540 5352 imperatori.

2274 5373 2490 5441 Quanto
2517 5372 2726 5445 majora
2774 5384 2902 5430 sunt
2952 5373 3218 5431 beneﬁcia
3263 5374 3382 5443 Dei,
3412 5390 3536 5447 qua:
3557 5373 3772 5447 gratuita

2203 5464 2578 5521 misericordia
2608 5480 2706 5521 sua
2727 5473 2926 5522 vestra:
2970 5466 3167 5522 collata
3213 5475 3340 5524 sunt
3380 5468 3610 5538 pietati,
3644 5472 3770 5523 tanto

2201 5559 2391 5629 procul
2432 5561 2597 5616 dubio
2636 5561 2898 5617 virtutum
2961 5562 3265 5618 vesti-arum
3311 5562 3512 5618 debent
3560 5559 3769 5634 insignia

2199 5650 2485 5708 fecundius
2507 5651 2784 5709 abundare
2809 5672 2822 5708 :
2849 5664 2905 5710 et
2924 5665 3129 5726 quanto
3149 5657 3291 5712 dono
3316 5655 3486 5727 ipsius
3502 5655 3767 5726 imperium

2198 5755 2440 5802 vestrum
2484 5745 2772 5816 gloriosius
2807 5765 2929 5806 esse
2979 5751 3314 5822 dignoscitur
3367 5749 3684 5815 exaltatum,
3725 5755 3767 5803 et

2198 5852 2361 5908 super
2387 5840 2568 5903 omnia
2599 5855 2888 5912 regnorum
2933 5842 3169 5904 culmina
3220 5842 3588 5910 sublimatum,
3640 5849 3765 5900 tanto
