4050 6324
381 319 513 420 nm

1582 365 1940 421 liPlSTOi..~E
1977 365 2062 419 ET
2109 335 2452 423 Decuma.

3498 375 3638 434 1018

372 485 706 542 iniirmitate~
724 487 938 558 propria
985 485 1325 546 cou,iderata
1377 494 1590 556 oportet
1617 486 1723 542 suli
1742 483 1950 556 potenti
1977 490 2028 550 Α
2053 493 2366 556 quantoque
2385 498 2505 540 cum
2533 485 3086 556 inopportunitatibus
3109 488 3377 555 claniatis,
3396 499 3450 545 et
3473 505 3642 548 exau-

371 595 532 634 manu
564 579 682 651 ejus
722 577 838 634 solo
886 588 1044 633 tenus
1086 576 1384 642 humiliari,
1425 587 1480 631 et
1529 591 1697 646 prona
1749 585 1954 644 mente,

369 675 512 744 quod
539 673 724 728 omnia
754 686 819 727 ex
865 671 956 728 illo
986 669 1246 743 quidquid
1293 670 1419 726 boni
1471 670 1655 736 habet,
1693 669 1956 740 quidquid

367 765 470 821 sibi
520 765 743 829 arridet,
774 763 890 820 sine
939 763 1102 818 dubio
1125 761 1422 833 possideat,
1477 761 1765 826 submisse,
1795 759 1956 816 sedu-

366 857 525 930 leque
554 873 804 930 pensare,
834 857 1098 929 scriptum
1130 855 1327 928 quippe
1353 863 1470 912 est:
1499 851 1710 920 Quanto
1730 870 1951 924 magnus

365 968 440 1016 es,
482 950 704 1005 humilia
742 961 791 1006 te
833 951 888 1006 in
934 949 1174 1006 omnibus
1204 946 1394 1020 (Eccli.
1451 947 1579 1017 ut);
1624 954 1679 1001 et
1711 959 1946 1001 rursus:

368 1041 640 1096 Rectorem
667 1050 716 1096 te
750 1049 1060 1112 posuerunt,
1098 1039 1205 1094 noli
1244 1037 1439 1103 extolli,
1466 1037 1556 1092 sed
1604 1047 1711 1091 esto
1758 1037 1814 1092 in
1843 1037 1950 1092 illis

363 1133 518 1204 quasi
538 1148 673 1188 unus
696 1147 762 1186 ex
784 1130 890 1186 illis
911 1129 1103 1203 (Eccli.
1126 1129 1300 1201 xxxii)
1334 1145 1349 1194 ;
1378 1137 1433 1184 et
1459 1129 1526 1183 ad
1552 1126 1680 1182 Saul
1709 1127 1944 1184 dicitur:

366 1219 556 1276 Nonne
579 1237 698 1275 cum
715 1221 966 1292 parvulus
983 1235 1120 1275 esses
1145 1221 1201 1274 in
1225 1218 1392 1274 oculis
1419 1219 1545 1283 tuis,
1569 1228 1723 1288 caput
1749 1230 1798 1273 te
1823 1235 1947 1273 cort-

361 1314 509 1366 stitui
540 1313 594 1366 in
629 1311 865 1366 tribubus
904 1309 1116 1366 Israel?
1153 1309 1208 1382 (I
1229 1308 1359 1381 Reg.
1391 1309 1506 1380 xv.)
1533 1308 1676 1363 Nihil
1700 1308 1946 1381 quippea

359 1406 680 1462 sublimibus
709 1406 956 1477 personis
980 1402 1208 1460 offertur
1239 1403 1349 1458 Deo
1383 1402 1592 1474 gratius
1619 1401 1942 1458 humilitate.

360 1497 503 1552 Nihil
535 1505 715 1552 autem
756 1497 1053 1552 humilitati
1101 1495 1412 1569 principum
1461 1497 1637 1569 magis
1670 1497 1944 1570 congruit,

358 1600 520 1659 qnam
543 1589 780 1645 libenter
802 1589 992 1645 audire
1012 1589 1405 1660 queritantium
1432 1603 1619 1657 voces,
1649 1591 1948 1662 praedican-

360 1688 491 1742 tium
547 1687 979 1754 exhortationes,
1035 1695 1092 1743 et
1132 1687 1497 1754 imminentes,
1543 1703 1636 1744 seu
1668 1687 1878 1744 futuras
1912 1703 1945 1744 a

357 1779 789 1850 speculatoribus
818 1779 1033 1835 Domini
1072 1779 1462 1850 praenuntiatas
1502 1792 1697 1835 cavere
1723 1779 1945 1834 calami-

2059 576 2163 632 diri
2214 577 2521 633 medullitus
2566 579 2853 649 exoptatis.
2910 577 3187 650 Siquidem
3244 583 3484 655 virgines
3537 584 3643 641 illa:

2056 668 2238 736 fatuae,
2269 687 2388 741 quae
2412 670 2544 728 foris
2569 673 2759 744 positae
2800 673 3093 739 incassum,
3119 671 3356 738 Domine,
3396 673 3640 744 Domine,

2054 763 2201 834 aperi
2249 764 2396 820 nobis
2454 764 2670 837 (Matth.
2705 765 2854 839 xxv),
2897 766 3219 834 clamarunt,
3255 768 3456 824 idcirco
3482 783 3640 839 aper-

2052 862 2164 910 tam
2182 853 2405 924 januam
2443 873 2550 912 non
2599 859 2922 914 invenerunt
2953 877 2966 913 :
2997 859 3253 931 quoniam
3278 860 3488 915 aurium
3520 875 3644 917 sua-

2051 961 2169 1001 rum
2215 947 2439 1017 januam
2499 949 2792 1005 salutiferis
2839 949 3062 1006 vocibus
3118 937 3230 1006 non
3283 959 3632 1022 aperuerunt.

2051 1039 2204 1096 Sicut
2232 1043 2377 1098 enim
2412 1043 2843 1099 misericordiam
2892 1043 3175 1108 facientes,
3208 1043 3639 1100 misericordiam

2048 1141 2464 1202 consequentur,
2501 1135 2643 1204 quod
2673 1133 2738 1188 dc
2780 1148 3102 1204 unaquaque
3140 1134 3340 1190 virtute
3392 1135 3639 1190 sentien-

2049 1229 2175 1284 dum
2200 1235 2283 1282 est
2308 1246 2321 1281 :
2355 1228 2428 1282 ita
2456 1242 2638 1294 voces,
2672 1241 2789 1298 qum
2820 1242 2917 1298 pro
2947 1241 3108 1282 causa
3141 1225 3236 1282 Dei
3264 1226 3638 1296 proferuntur,

2048 1322 2140 1393 qui
2165 1322 2418 1389 audierit,
2452 1337 2613 1377 voces
2639 1337 2853 1393 quoque
2881 1337 3008 1377 suas
3045 1322 3338 1378 constituet
3361 1321 3642 1380 exaudibi-

2050 1413 2150 1479 les,
2174 1413 2315 1469 sicut
2357 1429 2388 1469 e
2431 1423 2617 1470 contra
2655 1415 2745 1484 qui
2794 1429 2900 1469 non
2942 1414 3195 1479 audierit,
3227 1429 3334 1469 non
3363 1413 3635 1481 audietur,

2048 1505 2505 1576 quemadmodum
2530 1507 2793 1577 scriptum
2815 1515 2898 1562 est
2929 1523 2943 1560 :
2971 1505 3074 1573 Qui
3102 1505 3309 1560 obturat
3342 1522 3496 1561 aures
3515 1521 3642 1561 suas

2049 1614 2111 1652 ne
2138 1599 2347 1653 ‘audiat
2388 1597 2572 1670 legem,
2621 1600 2791 1654 oratio
2821 1598 2934 1670 ejus
2962 1600 3061 1653 erit
3095 1597 3428 1654 exsecrabilis
3452 1595 3636 1668 (Prov.

2047 1690 2263 1763 xxvtu).
2295 1690 2487 1758 Porro,
2516 1707 2636 1747 cum
2658 1693 2902 1762 quaedam
2947 1690 3144 1746 mulier
3163 1700 3350 1764 typum
3384 1689 3641 1746 Ecclesiae

2047 1789 2290 1851 gestans,
2319 1782 2550 1837 Domino
2578 1801 2590 1836 :
2629 1783 2822 1838 Beatus
2848 1792 3040 1848 venter,
3091 1783 3184 1854 ‘qui
3209 1791 3258 1836 te
3301 1782 3548 1852 portavit,
3587 1789 3638 1836 et

355 1881 517 1929 tates.
545 1873 804 1944 Denique,
829 1889 953 1929 cum
997 1887 1106 1929 non
1153 1888 1343 1930 omnes
1368 1873 1668 1945 prophetia:
1690 1873 1940 1945 spiritum
1968 1861 2018 1922 Β
2046 1873 2226 1938 ubera,
2278 1891 2396 1944 qua:
2442 1875 2631 1928 suxisti
2685 1873 2836 1945 (Luc.
2895 1877 2995 1943 xi),
3042 1875 3323 1941 clamaret,
3351 1872 3636 1929 confestim

354 1965 689 2036 accepimus,
711 1965 857 2020 unde
881 1964 1023 2020 scire
1039 1979 1346 2035 possumus,
1371 1980 1492 2036 qua:
1507 1966 1652 2020 circa
1672 1965 1942 2036 subjectos

351 2065 588 2122 nostros,
635 2055 721 2112 vel
767 2057 912 2114 circa
967 2071 1060 2113 eos
1105 2056 1199 2127 qui
1248 2055 1488 2127 ejusdem
1521 2057 1645 2112 fidei
1692 2065 1818 2112 sunt
1845 2072 1943 2112 no-

349 2147 582 2213 biscum,
609 2154 864 2218 aguntur,
909 2147 954 2202 si
998 2146 1347 2216 praesentium
1392 2146 1577 2210 verba,
1611 2147 1697 2201 vel
1744 2147 1942 2202 absen-

350 2240 482 2295 tium
513 2240 713 2310 scripta
736 2239 802 2296 ab
829 2241 1012 2296 auditu
1034 2251 1222 2296 nostro
1256 2239 1338 2294 vel
1363 2239 1479 2296 visu
1506 2254 1731 2311 prorsus
1757 2239 1940 2296 exclu-

348 2331 560 2388 dimus?
607 2332 858 2404 Epistolas
910 2346 1146 2402 namque
1197 2333 1368 2404 stylus
1415 2341 1670 2402 tanquam
1716 2331 1938 2402 quidam

348 2424 778 2493 adventantium,
811 2440 906 2481 seu
946 2433 1223 2495 gestorum
1284 2426 1624 2497 negotiorum
1680 2425 1938 2482 ostiarius

345 2524 447 2571 est.
481 2515 618 2584 Quid
642 2531 772 2588 ergo
793 2531 954 2573 nosse
976 2517 1176 2587 poterit
1232 2517 1474 2582 omnium
1515 2531 1702 2572 curam
1730 2515 1938 2573 habens

347 2609 708 2674 subditorum,
726 2616 782 2664 et
795 2608 1066 2680 praecipue
1084 2607 1359 2680 religionis
1376 2609 1711 2680 providentia
1730 2618 1934 2678 vestra,

343 2699 389 2755 si
414 2698 938 2770 ademptojanitoris
965 2697 1142 2754 oilicio
1190 2698 1336 2754 intus
1383 2698 1626 2754 nuntiari
1670 2713 1777 2754 non
1809 2713 1933 2770 per-

344 2789 604 2856 mittitur,
621 2789 766 2859 quod
787 2804 818 2843 a
841 2789 1076 2845 diversis
1102 2803 1392 2861 suggerere
1411 2789 1716 2846 clementiae
1738 2799 1935 2848 vestra:

351 2880 576 2936 auribus
627 2879 761 2936 foris
819 2882 1148 2952 deposcitur.
1198 2881 1415 2939 Debetis
1453 2896 1584 2956 ergo
1612 2891 1932 2939 cunctorum

342 2974 713 3045 suggestiones
749 2976 955 3046 absque
1007 2974 1114 3030 ulla
1158 2990 1383 3047 prorsus
1427 2977 1814 3033 retractatione
1843 2979 1932 3048 pio

340 3077 556 3136 semper
579 3065 763 3121 auditu
787 3066 1090 3137 percipere,
1134 3065 1596 3138 referentiumque
1642 3081 1805 3123 voces
1834 3067 1931 3122 ho-

341 3155 590 3222 nestatis,
623 3155 731 3211 imo
751 3157 1084 3228 reperienda:
1101 3157 1346 3228 iustitiae,
1379 3173 1444 3215 ac
1488 3159 1762 3230 aequitatis
1781 3158 1925 3214 avidi

2043 1963 2265 2028 audivit,
2292 1965 2434 2034 quod
2466 1966 2632 2035 ntagis
2653 1965 2788 2019 beati
2841 1966 2967 2031 sint,
3016 1966 3106 2036 qui
3155 1965 3378 2019 audiunt
3423 1963 3634 2018 verbum

2042 2055 2138 2109 Dei
2169 2066 2217 2109 et
2258 2057 2562 2110 custodiunt
2603 2055 2802 2127 (ibid.).
2841 2055 3026 2126 Itaque
3053 2055 3257 2121 audite,
3289 2053 3635 2111 serenissima

2042 2148 2358 2216 imperator,
2403 2161 2566 2201 voces
2615 2146 2912 2218 legatorum
2963 2155 3298 2214 nostrorum,
3339 2145 3422 2202 vel
3467 2161 3633 2204 voces

2038 2235 2344 2292 litterarum
2376 2245 2688 2293 nostrarum
2717 2239 2898 2294 audite
2941 2239 3232 2310 patienter,
3279 2237 3461 2294 audite
3487 2246 3635 2294 tran-

2038 2326 2236 2398 quille;
2273 2343 2408 2398 quas
2439 2327 2758 2384 confidimus
2784 2329 2838 2383 in
2864 2329 3114 2394 Domino,
3138 2344 3246 2383 non
3281 2327 3568 2383 invenietis
3599 2342 3631 2382 a

2037 2417 2233 2474 divinis
2252 2419 2536 2488 praeceptis
2565 2418 2617 2472 in
2648 2419 2829 2488 aliquo
2876 2418 3184 2483 dissentire,
3212 2417 3298 2473 vel
3327 2433 3358 2472 a
3387 2418 3630 2488 paternis

2036 2510 2447 2568 difiinitionibus
2490 2511 2671 2566 studio
2713 2511 3042 2581 discrepare.
3094 2509 3230 2564 Nam
3257 2509 3305 2563 si
3337 2516 3631 2580 antequam

2037 2605 2137 2661 has
2165 2604 2417 2670 audiatis,
2449 2603 2735 2675 repellitis,
2786 2611 2840 2659 et
2865 2619 2896 2657 a
2925 2603 3151 2659 vocibus
3175 2601 3334 2675 [forte
3357 2600 3628 2666 melius,a

2036 2694 2210 2760 vobis,
2239 2692 2441 2765 ilum]
2478 2702 2774 2766 antequam
2816 2693 2884 2749 de
2908 2693 3012 2758 bis,
3047 2707 3167 2763 quae
3203 2691 3453 2747 fortassis
3474 2691 3528 2744 in
3550 2691 3631 2746 eis

2035 2789 2091 2844 in
2115 2788 2336 2844 dubium
2367 2788 2611 2853 veniunt,
2653 2786 3142 2858 interrogaveritis,
3185 2783 3473 2841 excluditis
3499 2798 3629 2840 con-

2036 2889 2118 2935 tra
2148 2879 2390 2935 divinum
2416 2886 2783 2950 praeceptum:
2819 2877 2884 2933 de
2934 2877 3224 2949 incognitis
3259 2875 3527 2946 judicare,
3571 2881 3629 2930 et

2033 2987 2142 3028 non
2184 2971 2410 3043 probata
2455 2973 2731 3038 damnare,
2766 2969 2949 3041 procul
3001 2969 3164 3025 dubio
3214 2967 3624 3041 dignoscemini.

2031 3062 2220 3136 Itaque
2254 3064 2713 3134 sapientissimum
2744 3053 3109 3129 Salomonem,
3138 3060 3230 3131 qui
3255 3059 3424 3114 filium
3455 3073 3618 3128 quem

2033 3139 2255 3213 instruit
2279 3158 2345 3213 ad
2376 3157 2709 3212 auditionem
2744 3171 2897 3211 suam
2937 3153 3283 3226 potissimum
3315 3153 3511 3208 invitat
3536 3165 3624 3207 se-

338 3247 542 3318 absque
597 3221 836 3319 qualibet
879 3221 1210 3320 dispectione
1253 3221 1856 3322 dignanter-admittere
1906 3221 1998 3306 :C
2030 3257 2279 3319 quentes,
2302 3247 2420 3303 haec
2437 3247 2592 3303 vobis
2619 3248 2820 3318 scripto
2861 3221 3118 3317 tanquam
3158 3243 3481 3300 charissimo
3512 3241 3624 3298 filio

337 3343 524 3413 sicque
549 3341 767 3398 demum
796 3343 1054 3415 magistra
1101 3344 1332 3412 ratione,
1382 3359 1503 3416 qua:
1563 3358 1778 3416 semper
1813 3344 1925 3416 pri-

338 3441 476 3489 vatae
509 3432 772 3490 voluntati
807 3449 915 3490 non
938 3435 1206 3506 postponi,
1260 3436 1356 3492 sed
1390 3435 1645 3508 anteponi
1671 3436 1920 3504 debetur,

337 3541 368 3581 a
411 3524 562 3581 falsis
603 3540 757 3593 vera,
787 3534 842 3581 et
885 3539 916 3579 a
957 3525 1136 3581 noxiis
1184 3524 1419 3581 salubria
1468 3535 1835 3598 sequestrate,
1865 3535 1924 3584 et

336 3617 468 3673 falsa
489 3617 725 3689 quidem,
756 3632 855 3673 seu
882 3617 1044 3673 noxia
1093 3631 1306 3674 summo
1348 3617 1633 3675 libramine
1683 3628 1916 3692 reperta,

341 3710 541 3768 merito
567 3709 828 3782 repellere
845 3728 861 3778 ;
878 3707 1005 3781 quae
1031 3718 1213 3767 autem
1232 3724 1383 3777 vera,
1400 3710 1514 3768 sive
1539 3711 1782 3783 proiicua
1799 3727 1922 3769 esse

332 3805 650 3876 probantur,
675 3802 800 3873 jure
820 3811 1215 3873 consequenter
1246 3803 1533 3859 admittere
1558 3821 1570 3858 :
1600 3819 1724 3859 nam
1770 3819 1922 3860 ama-

336 3897 472 3953 toris
488 3896 714 3969 justitia:
732 3895 990 3952 indicium
1017 3903 1102 3951 est
1121 3895 1415 3966 quoslibet,
1438 3904 1493 3952 et
1514 3895 1920 3968 quomodolibet

335 3986 478 4043 hanc
504 3987 642 4042 velle
665 3985 879 4058 penitus
899 3985 1163 4042 invenire.
1195 3985 1414 4044 Justitia
1462 4002 1656 4059 nempe
1679 3989 1916 4060 pretiosa

333 4081 630 4153 margarita
653 4088 760 4146 est,
783 4094 904 4151 quae
931 4094 1037 4135 non
1083 4079 1256 4135 solum
1304 4079 1361 4134 in
1414 4079 1687 4138 thesauris
1729 4081 1915 4150 regiis,

333 4188 523 4230 verum
552 4174 720 4230 etiam
752 4173 807 4228 in
833 4171 1190 4242 sterquiliniis
1232 4179 1318 4227 est
1355 4173 1666 4244 quaerenda.
1701 4173 1916 4241 Quanto

333 4264 514 4336 potius
561 4280 592 4320 a
634 4264 761 4321 sede
787 4263 955 4331 Petri,
983 4263 1067 4319 cui
1113 4262 1254 4319 Deus
1281 4262 1446 4320 Pater
1465 4263 1915 4335 pretiosissimum

333 4355 685 4427 margaritum
702 4395 718 4422 ,
753 4354 807 4410 id
828 4362 913 4411 est
941 4353 1136 4410 Filium
1157 4369 1340 4422 suum,
1366 4353 1644 4422 revelavit,
1666 4363 1752 4411 est
1797 4355 1916 4412 sine

331 4448 480 4503 omni
506 4446 853 4504 cunctatione
877 4445 1144 4517 speranda
1187 4455 1243 4503 et
1269 4446 1637 4519 exspectanda
1661 4461 1678 4502 :
1701 4460 1912 4504 necnon

2027 3345 2353 3415 praemisisse
2376 3343 2605 3400 sufﬁciat
2625 3342 2812 3416 (Prov.
2841 3343 2939 3415 iv).

2099 3433 2366 3491 Caeterum
2394 3441 2449 3489 et
2475 3434 2521 3489 si
2551 3448 2659 3490 non
2707 3433 2884 3498 vobis,
2916 3431 3110 3488 saltem
3144 3431 3301 3488 nobis
3329 3428 3620 3487 consulen-

2028 3537 2133 3593 tes,
2162 3542 2282 3596 qua:
2317 3527 2583 3581 mittenda
2606 3540 2785 3595 operte
2812 3525 3047 3595 pretium
3079 3523 3352 3589 duximus,
3380 3521 3626 3578 scribere

2024 3635 2134 3676 non
2159 3619 2483 3685 omittimus,
2498 3627 2553 3674 et
2575 3633 2769 3673 causas
2785 3615 3042 3673 Ecclesia:
3069 3613 3358 3686 ipsius,vel
3381 3621 3622 3679 nostras,

2025 3713 2126 3769 etsi
2149 3728 2255 3767 non
2290 3711 2514 3767 auribus
2545 3711 2670 3778 tuis,
2703 3719 2852 3767 certe
2887 3719 3145 3780 tanquam
3173 3722 3357 3764 coram
3385 3721 3622 3778 praesen-

2023 3804 2098 3860 tia
2123 3805 2219 3860 Dei
2245 3805 2476 3860 fidenter
2503 3805 2843 3876 exponimus.
2899 3805 3068 3876 igitur
3093 3819 3214 3875 quae
3240 3815 3410 3874 penes
3433 3799 3621 3857 Eccle-

2023 3897 2161 3953 siam
2187 3896 2850 3967 Constantinopolitanam
2901 3895 3095 3952 diebus
3122 3895 3251 3962 tuis,
3281 3910 3316 3950 o
3343 3891 3618 3950 excellen-

2024 3991 2232 4046 tissime
2271 3991 2588 4061 imperator,
2624 3999 2743 4046 acta
2765 3998 2909 4056 sunt,
2970 3990 3236 4045 hactenus
3281 3993 3618 4059 quaeruntur,

2020 4083 2287 4154 sapientia
2321 4083 2540 4154 quidem
2581 4092 2669 4138 tua
2735 4083 2939 4153 liquido
2993 4082 3164 4138 novit.
3223 4080 3331 4137 Sed
3382 4079 3617 4152 qualiter

2021 4176 2140 4233 zelo
2167 4177 2327 4233 zelati
2350 4192 2450 4248 pro
2478 4177 2640 4232 domo
2662 4176 2758 4234 Dei
2798 4175 3216 4232 sollicitudinem
3262 4174 3470 4230 scilicet
3493 4188 3612 4229 om-

2021 4271 2174 4327 nium
2200 4270 2556 4326 ecclesiarum
2583 4270 2879 4327 secundum
2908 4265 3225 4342 Apostblnm
3248 4267 3334 4341 (II
3359 4266 3483 4323 Cor.
3507 4267 3612 4340 χι),

2021 4376 2174 4418 more
2202 4361 2667 4432 praedecessorum
2720 4375 2967 4418 meorum
3015 4357 3484 4423 circumferentes,
3513 4370 3616 4413 nos

2018 4455 2192 4512 dehis
2215 4456 2504 4527 egerimus,
2537 4454 2623 4511 vel
2655 4454 3097 4526 disposuerimus,
3145 4467 3253 4508 non
3305 4459 3417 4506 tam
3450 4449 3610 4506 brevi

331 4549 386 4596 et
433 4539 614 4596 oblata
668 4537 798 4594 totis
859 4536 1280 4608 praecordiorum
1336 4537 1480 4594 ulnis
1532 4537 1913 4595 ardentissime
1946 4587 1995 4651 Β
2020 4561 2183 4620 quam
2210 4547 2393 4603 veraci
2425 4547 2565 4620 stylo
2600 4547 2792 4618 pietati
2819 4556 2924 4603 tuae
2975 4544 3359 4617 significamus
3397 4556 3412 4596 :
3454 4549 3613 4598 etne

747 4628 921 4651 κως.-
967 4630 1130 4651 ._,.___
1205 4629 1280 4651 ιη,
1346 4630 1655 4651 ,μυεηρω
1713 4631 1905 4651 -__._.-
2061 4643 2093 4651 ..
2245 4642 2257 4651 .
2621 4642 2633 4651 .
2917 4640 2932 4651 .
3002 4639 3063 4651 .-
3148 4646 3216 4651 --

331 4631 694 4704 suscipienda.
747 4628 928 4688 Nolite
965 4630 1152 4700 igitur,
1204 4629 1282 4685 illi
1341 4630 1682 4697 charissime,
1710 4631 1912 4703 scripta

330 4733 540 4791 nostra,
585 4721 670 4780 vel
710 4722 909 4778 missos
949 4736 981 4775 a
1005 4720 1316 4776 visitatione
1359 4731 1542 4777 vestra
1589 4721 1912 4779 secludere:

331 4815 498 4872 nolite
518 4831 549 4870 a
576 4814 723 4870 beati
764 4811 912 4868 Petri
947 4812 1218 4885 legatione
1247 4812 1724 4884 tranquillissimas
1753 4828 1915 4870 aures

332 4917 542 4966 vestras
567 4915 831 4963 avertere.
856 4904 1158 4962 lnﬁdelium
1197 4911 1283 4962 est
1307 4903 1478 4970 enim,
1506 4905 1616 4961 imo
1653 4906 1720 4961 de
1742 4905 1914 4962 salute

330 5017 426 5059 sua
449 4999 880 5074 desperautium,
909 5012 1070 5054 aures
1089 5013 1122 5053 a
1150 5012 1282 5054 voce
1326 4997 1736 5070 praedicandum
1764 5000 1914 5056 clau-

329 5095 479 5164 dere,
514 5095 650 5151 sicut
679 5092 877 5165 aspidis
927 5089 1103 5148 surda:
1135 5100 1184 5146 et
1232 5090 1524 5146 obturantis
1574 5107 1730 5146 aures
1769 5107 1912 5160 suas,

327 5204 446 5263 qua
469 5205 576 5243 non
610 5183 902 5244 exaudiunt
932 5197 1106 5239 uocem
1132 5182 1518 5238 incantantium
1547 5179 1721 5256 (Psal.
1763 5184 1914 5258 xxv),

330 5282 384 5338 id
413 5289 497 5339 est
514 5277 944 5354 praedicandum.

400 5373 670 5430 Caeterum
696 5386 811 5438 vos,
829 5370 923 5443 qui
944 5369 1039 5442 pii,
1053 5369 1168 5426 Deo
1187 5367 1419 5442 gratias,
1444 5367 1740 5426 suadibiles
1759 5369 1912 5437 estis,

334 5478 487 5526 tanto
509 5482 668 5525 aures
688 5467 757 5523 ad
776 5464 1074 5522 audiendos
1096 5463 1364 5520 clamores
1389 5477 1712 5536 pauperum,
1745 5463 1800 5520 id
1831 5471 1916 5522 est

332 5561 638 5628 humilium,
659 5568 717 5617 et
738 5575 839 5630 pro
860 5558 1103 5616 Ecclesia
1129 5557 1228 5615 Dei
1256 5557 1672 5615 vociferantium
1700 5559 1915 5630 aperire

331 5655 539 5712 debetis
565 5670 580 5709 :
609 5661 866 5724 tantoque
893 5652 963 5708 ad
993 5651 1317 5709 audiendam
1345 5650 1516 5724 legem
1559 5651 1794 5725 dirigere
1815 5667 1911 5709 ve-

331 5755 500 5804 stram
522 5743 873 5800 intentionem
895 5751 1126 5815 oportet,
1159 5751 1365 5826 quanto
1406 5744 1507 5815 ipsi
1547 5759 1715 5816 penes
1741 5743 1910 5802 Deum

330 5839 517 5898 haberi
547 5837 870 5895 orationem
918 5847 1155 5896 vestram
1215 5845 1492 5910 acceptam
1550 5837 1908 5909 desideratis,

2025 4643 2185 4698 aliter
2214 4642 2440 4698 sincera:
2469 4642 2635 4698 menti
2666 4651 2770 4698 tua!
2800 4639 3016 4698 suaderi
3049 4646 3312 4703 tentetur,
3342 4634 3428 4691 vel
3455 4633 3612 4690 aliter

2023 4739 2163 4807 quod
2193 4739 2418 4810 egimus,
2457 4736 2551 4793 tibi
2597 4736 2933 4806 subripiatur
2982 4731 3229 4804 intelligi,
3255 4729 3610 4803 praesentibus

2023 4835 2076 4882 te
2099 4827 2320 4900 syllabis
2348 4828 2640 4883 edocemus
2665 4845 2678 4880 :
2703 4825 2844 4895 quod
2875 4823 3216 4895 prudentiam
3244 4830 3392 4877 tuam
3408 4820 3608 4876 dudum

2014 4916 2128 4988 jam
2156 4933 2264 4973 non
2294 4917 2511 4981 lateret,
2556 4915 2602 4970 si
2625 4913 2711 4970 vel
2742 4915 2928 4968 hostes
2946 4911 3172 4978 Christi,
3223 4910 3317 4982 qui
3370 4923 3497 4967 vere
3522 4918 3608 4968 est

2019 5009 2220 5066 veritas
2251 5027 2265 5064 :
2292 5025 2397 5066 non
2430 5009 2483 5063 in
2507 5007 2847 5063 mendacium
2877 5005 3160 5060 veritatem
3202 5011 3606 5071 converterent,

2021 5101 2106 5158 vel
2138 5117 2239 5158 nos
2261 5100 2454 5156 affectu
2481 5099 2719 5155 voluisse
2739 5106 2988 5170 paterno,
3009 5107 3264 5169 tanquam
3281 5097 3605 5152 charissimo

2021 5191 2132 5248 filio
2155 5192 2299 5248 hanc
2327 5191 2424 5246 tibi
2451 5204 2724 5256 reserare,
2755 5188 3089 5244 studuissent
3135 5203 3417 5244 asserere:
3449 5187 3530 5243 vel
3556 5187 3604 5243 si

2019 5298 2130 5355 quo
2157 5281 2463 5337 dilectionis
2492 5279 2687 5336 ardore
2712 5281 2858 5336 circa
2876 5278 3102 5335 salutem
3117 5286 3265 5334 tuam
3294 5277 3602 5351 flagremus,

2019 5375 2274 5431 falsitatis
2305 5374 2428 5431 fuco
2456 5373 2757 5431 noluissent
2783 5383 3091 5446 contegere.
3121 5373 3289 5446 Igitur
3314 5381 3602 5445 postquam

2020 5465 2327 5522 audivimus
2365 5466 2508 5537 quod
2579 5465 2800 5536 quidam
2838 5464 2930 5538 qui
2991 5465 3207 5522 invidiae
3259 5463 3469 5520 facibus
3513 5479 3602 5520 ac-

2016 5560 2187 5628 censi,
2220 5569 2276 5618 et
2322 5559 2589 5632 superbiae
2630 5558 2773 5615 fastu
2800 5566 3119 5631 arroganter
3151 5556 3297 5622 elati,
3328 5569 3481 5611 more
3506 5553 3602 5612 Ju-

2014 5654 2277 5722 dzeorum,
2316 5665 2504 5711 contra
2535 5661 2807 5727 pastorem
2835 5662 2892 5710 et
2940 5653 3257 5724 magistrum
3303 5665 3457 5705 suum
3493 5649 3572 5705 fra

2013 5756 2151 5802 trem
2179 5746 2451 5813 videlicet,
2476 5754 2531 5802 et.
2555 5745 2987 5802 comministrum
3028 5751 3272 5798 nostrum
3328 5740 3598 5813 lgnatium

2012 5840 2254 5898 ecclesiae
2274 5839 2514 5916 pnefatae
2557 5839 2960 5897 sanctissimum
3012 5835 3374 5919 patriarcham
3414 5836 3596 5904 insurs
