4050 6324
432 414 435 419 _
476 342 617 403 toto

1801 338 2077 399 NICOLAI
2122 338 2325 396 ΡΑΡᾹΞ
2365 339 2383 394 1

3646 332 3846 393 1030

480 456 745 512 rexissent
775 474 786 510 :
819 455 1036 528 quidam
1064 455 1390 534 vero'inslar
1416 454 1723 527 viperarum
1778 469 1841 509 ac
1886 452 2061 529 parri-
2088 453 2139 523 Α
2167 460 2287 507 rent
2324 450 2537 506 indiciis
2570 467 2584 516 ;
2617 449 3069 520 quemadmodum
3118 448 3218 505 Job
3256 450 3629 506 beatissimus
3657 449 3849 502 em-

422 548 428 555 ’
478 546 725 602 cidarum
760 555 1038 618 parentem
1067 545 1366 617 proprium,
1401 546 1649 601 eumdem
1689 545 1900 601 scilicet
1928 547 2059 602 bea-

480 639 751 695 tissimum
779 638 958 694 virum
1006 637 1198 693 ferinis
1227 638 1481 694 dentibus
1510 638 1874 709 impetissent,
1905 647 1958 699 ct
1998 638 2064 693 ab

480 730 711 787 ecclesia
761 730 898 802 ipsa,
953 729 1038 785 cui
1087 729 1209 801 jure
1257 730 1581 802 praesidebat
1628 730 1927 802 tyrannidis
1956 744 2065 785 suae

483 836 651 877 cornu
679 821 898 892 penitus
926 821 1286 876 removissent
1316 840 1328 874 :
1359 821 1642 876 acerrimis
1668 819 1942 877 doloribus
1972 836 2067 875 an-

484 916 728 989 gustiati,
784 923 948 987 atque
995 916 1323 973 mceroribus
1369 915 1779 972 vehementibus
1815 913 2062 981 cruciati,

398 1044 411 1047 -
483 1008 747 1081 coepimus
794 1008 1030 1080 qualiter
1078 1024 1205 1079 erga
1256 1024 1379 1063 eum
1432 1008 1642 1064 viscera
1694 1006 2065 1080 benignitatis,

487 1107 548 1154 ut
577 1107 703 1170 pote
729 1099 873 1156 circa
900 1097 1129 1155 fratrem
1166 1099 1599 1164 ostenderemus,
1631 1097 1816 1154 sedula
1842 1096 2072 1152 medita-

483 1191 632 1248 tione
660 1199 918 1249 tractare.
950 1190 1222 1263 Scriptum
1248 1193 1443 1264 quippe
1467 1200 1554 1247 est
1579 1211 1591 1245 :
1612 1190 1715 1257 Qui
1741 1191 1926 1246 viderit
1954 1190 2069 1261 [ra-

482 1294 614 1340 trem
645 1301 800 1339 suum
830 1286 1190 1340 necessitatem
1220 1285 1430 1352 habere,
1484 1295 1533 1340 et
1578 1284 1825 1339 clauserit
1876 1285 2071 1339 viscera

484 1394 585 1433 sua
607 1378 672 1432 ab
695 1394 778 1445 eo,
805 1378 1069 1451 quomodo
1091 1377 1323 1432 Charitas
1352 1376 1451 1432 Dei
1477 1387 1649 1432 manet
1670 1377 1726 1432 in
1753 1377 1856 1431 eo?
1885 1374 2067 1450 (Joan.

483 1468 593 1541 ιιι.)
638 1468 872 1524 Maxime
926 1485 1048 1527 cum
1109 1470 1427 1525 scandalum
1478 1478 1534 1524 et
1586 1469 1821 1525 schisma
1870 1470 1924 1524 in
1958 1469 2071 1540 jam

488 1561 632 1617 dicta
661 1563 817 1629 urbe,
834 1570 889 1617 et
917 1562 972 1617 in
1002 1561 1373 1633 adiacentibus
1390 1563 1490 1619 sibi
1523 1562 1831 1618 civitatibus
1852 1570 2076 1634 propter

440 1666 447 1673 ‘
487 1658 776 1728 quemdam
818 1656 1071 1715 Photium
1103 1674 1169 1715 ex
1199 1657 1335 1723 foro,
1393 1674 1458 1713 ac
1504 1658 1750 1714 surculari
1781 1657 1973 1715 militia
2020 1665 2076 1713 et

445 1820 449 1827 λ
486 1752 698 1820 habitu,
732 1762 893 1825 atque
914 1769 943 1808 a
970 1752 1224 1826 palatinis
1246 1753 1453 1809 uadibus
1477 1751 1751 1820 eductum,
1781 1767 1845 1806 ac
1897 1750 2074 1807 subito

2165 558 2251 603 cet
2289 564 2300 599 :
2337 543 2588 605 Causam,
2618 543 2815 614 inquit,
2840 559 2999 612 quam
3023 543 3334 609 nesciebam,
3362 540 3843 613 diligentissime

2164 640 2537 712 inuestigabam
2580 638 2700 711 (Job
2745 638 2918 708 χιιι).
2977 637 3150 692 Photii
3195 651 3323 695 vero
3385 634 3840 691 consecratio—

2166 752 2290 795 nem
2340 751 2447 799 nou
2503 734 2677 790 solum
2730 733 3194 791 minimeiuterim
3220 730 3636 788 admittendam
3664 742 3839 784 esse

2169 828 2438 885 credimus
2467 826 2616 901 [edit.
2643 825 2799 883 Rom.
2822 824 3198 899 credidimus],
3228 841 3414 881 verum
3443 826 3628 881 etiam
3656 823 3842 894 ipsis

2168 919 2362 991 legatis
2388 920 2615 985 nostris,
2643 934 2710 973 ne
2736 934 2858 977 cum
2886 917 2997 985 illo,
3023 919 3130 974 nisi
3155 934 3278 975 cum
3302 917 3445 972 laico
3466 915 3833 990 [forte,nis.i

2170 1019 2230 1065 ut
2257 1025 2378 1065 cum
2428 1009 2586 1074 laico,
2628 1008 2828 1084 Hann]
2871 1024 3043 1080 usque
3084 1009 3153 1063 ad
3204 1008 3455 1067 notitiam
3517 1013 3829 1062 nostram

2173 1104 2675 1170 communicarent,
2733 1102 3003 1174 frequenti
3056 1118 3121 1158 ac
3169 1101 3453 1158 commoda
3523 1098 3834 1171 iussione

2170 1194 2546 1267 praecepimus.
2603 1194 2872 1263 Quoniam
2906 1194 3049 1253 sicut
3078 1192 3459 1264 magniloquos
3497 1191 3624 1247 Leo
3652 1205 3829 1260 papa

2174 1286 2419 1344 scribens
2474 1288 2540 1342 ad
2603 1296 2854 1345 sanctum
2910 1286 3231 1342 Flavianum
3281 1285 3414 1340 dicit
3466 1284 3832 1339 antistitem

2176 1378 2350 1453 (epist.
2385 1379 2473 1452 l0)
2506 1398 2519 1435 :
2549 1378 2660 1453 Nos
2688 1380 2780 1450 qui
2821 1379 3165 1437 sacerdotum
3196 1377 3411 1434 Domini
3438 1385 3679 1432 matura
3712 1391 3835 1428 vo—

2174 1471 2355 1529 lumus
2378 1487 2498 1528 esse
2520 1471 2748 1544 judicia,
2776 1470 2908 1531 nihil
2960 1486 3252 1553 possumus
3287 1468 3590 1541 incognitis
3626 1467 3833 1522 rebus

2136 1630 2143 1633 _
2177 1565 2495 1637 cuiusquam
2521 1566 2778 1644 partisin
2796 1556 3168 1637 praeiudicium
3183 1561 3436 1628 ditﬁnire,
3452 1561 3827 1632 priusquam

2176 1660 2429 1719 universa
2461 1676 2579 1730 quzc
2609 1669 2757 1733 gesta
2790 1668 2935 1725 sunt,
2972 1658 3239 1715 veraciter
3286 1657 3601 1713 audiamus.
3644 1654 3829 1709 Tan—

2183 1763 2295 1809 tum
2324 1754 2406 1811 eis
2429 1755 2494 1813 de
2525 1753 2927 1815 venerabilihus
2949 1752 3160 1809 Domini
3190 1751 3363 1811 nostri
3390 1748 3522 1806 Jesu
3550 1748 3827 1813 Christi,

488 1854 855 1912 tonsuratum,
894 1857 949 1901 et
973 1846 1028 1903 in
1057 1848 1247 1902 eadem
1280 1845 1509 1903 ecclesia
1541 1855 1728 1901 contra
1777 1858 1962 1898 sacros
1988 1856 2077 1896 ca-
2106 1840 2154 1900 B
2184 1846 2410 1918 ejusque
2434 1845 2715 1919 genitricis
2737 1859 2949 1921 semper
2978 1844 3211 1919 Virginis
3238 1842 3445 1909 Mariae,
3470 1857 3539 1897 ac
3560 1850 3830 1899 sancto—

491 1954 665 1995 nones
690 1948 1023 2010 promotum,
1050 1954 1157 1994 non
1181 1938 1452 1993 modicum
1476 1937 1788 1992 audiremus
1806 1935 2076 1991 obortum.

497 2029 632 2086 Aliis
669 2030 923 2086 videlicet
974 2028 1151 2085 Photii
1202 2029 1599 2100 promotionem
1644 2025 2080 2091 defendentibus,

499 2122 835 2178 aliis‘autem
864 2123 1005 2179 hanc
1037 2131 1296 2194 tanquam
1336 2123 1660 2186 inconvieto,
1691 2128 1746 2175 et
1792 2119 2082 2191 superstite

491 2215 700 2289 lgnatio
738 2215 941 2270 factam
987 2215 1188 2270 merito
1217 2214 1629 2271 detestantibus.
1666 2211 1772 2275 Sed
1798 2213 1926 2268 dum
1953 2211 2084 2285 quid

494 2307 623 2364 hinc
644 2322 674 2361 a
712 2306 870 2373 nobis
896 2306 1015 2362 fieri
1043 2306 1286 2372 deberet,
1316 2305 1397 2361 vel
1447 2304 1681 2376 qualiter
1726 2312 1890 2360 cultae
1918 2302 2084 2379 pesti-

496 2399 679 2456 lentiae
731 2399 938 2459 mederi
1003 2414 1306 2470 possemus,
1356 2397 1638 2454 nobiscum
1671 2398 2008 2457 incessanter
2031 2405 2085 2461 et

500 2492 663 2548 anxie
689 2491 1088 2563 cogitaremus;
1125 2506 1253 2551 ecce
1300 2498 1523 2564 repente
1548 2490 1709 2562 legati
1738 2489 2086 2555 sublimitatis

496 2592 603 2638 tuae
653 2583 721 2640 ad
761 2583 943 2651 sedem
976 2584 1327 2655 apostolicam
1358 2600 1481 2643 cum
1510 2584 1737 2657 epistola
1782 2583 1929 2655 regia
1960 2598 2084 2656 per-

498 2687 784 2743 venerunt,
808 2679 1187 2745 accusationes
1215 2678 1475 2751 quasdam
1502 2678 1762 2739 adversus
1777 2678 1891 2750 iam
1915 2675 2087 2735 fatum

494 2772 939 2835 consacerdotem
998 2781 1245 2831 nostrum
1286 2771 1552 2843 lgnatium
1579 2771 1914 2839 deterentes,
1942 2778 1999 2826 et
2028 2777 2089 2826 ut

498 2879 529 2919 a
559 2862 687 2919 sede
714 2863 1011 2936 apostolica
1055 2865 1255 2922 missos
1283 2865 1559 2931 daremus.
1592 2865 1685 2935 qui
1713 2863 1971 2921 scandala
1997 2862 2089 2921 illa

498 2956 775 3024 sedarent,
790 2966 846 3012 et
862 2958 1157 3017 schismata
1181 2958 1532 3037 dissiparem,
1556 2972 1885 3030 magnopere
1904 2963 2091 3027 postll-

475 3048 700 3133 Alantes.
735 3048 941 3129 Quibus
961 3050 1200 3123 benigne
1225 3051 1484 3122 receptis,
1510 3058 1566 3106 et
1591 3049 1874 3122 legationis
1920 3046 2093 3119 injup—

503 3151 606 3199 ciae
632 3141 755 3209 sibi,
774 3158 867 3200 seu
893 3143 1221 3217 scriptorum
1238 3145 1537 3203 delatorum
1569 3153 1759 3201 tenore
1782 3152 2088 3217 perspecto,

2186 1954 2305 1997 rum
2364 1938 2535 2011 ipsius
2587 1937 2914 2009 imaginibus
2954 1935 3215 2009 quidquid
3259 1934 3489 2006 qutestio
3536 1932 3822 1997 aﬂ‘erret,

2178 2031 2347 2103 iuste,
2400 2046 2464 2086 ac
2493 2031 2579 2101 pie
2606 2028 2836 2091 diﬂinire
2864 2028 3139 2087 licentiam
3178 2028 3385 2082 dantes.
3420 2026 3559 2094 Quae
3584 2034 3820 2081 cuncta

2185 2127 2261 2181 ita
2292 2138 2434 2190 esse,
2467 2132 2527 2178 ut
2577 2124 2833 2189 dicimus,
2864 2121 3058 2177 littera:
3098 2128 3320 2186 nostrae,
3354 2134 3493 2189 quas
3523 2119 3820 2190 Augusta

2186 2215 2590 2285 mansuetudini
2638 2224 2763 2280 tuze,
2817 2228 3025 2271 necnon
3074 2221 3128 2268 et
3176 2211 3370 2273 Photio
3399 2224 3498 2282 per
3549 2209 3810 2264 eosdem

2186 2314 2385 2385 missos
2414 2320 2630 2380 nostros
2657 2312 3147 2374 destinaveramus,
3166 2307 3211 2363 si
3232 2307 3308 2365 ita
3335 2313 3468 2361 sunt
3492 2304 3640 2377 apud
3668 2318 3810 2368 vos,

2186 2406 2642 2480 quemadmodum
2674 2421 2703 2461 a
2731 2404 2890 2461 nobis
2919 2402 3072 2459 fuere
3127 2401 3479 2465 transmissae,
3530 2405 3815 2470 patenter

2186 2508 2447 2573 poterunt
2506 2498 2770 2557 indicare.
2800 2497 2999 2554 Verum
3028 2494 3099 2550 de
3146 2494 3252 2550 hoc
3302 2493 3356 2549 in
3408 2491 3646 2548 subditis
3684 2490 3812 2545 late

2189 2595 2410 2663 dicturi,
2440 2594 2510 2657 ad
2563 2591 2899 2664 propositum
2931 2589 3240 2647 redeamus.
3268 2586 3655 2651 Pervenientes
3685 2584 3807 2655 igi-

2190 2698 2280 2753 tur
2307 2688 2469 2755 iidem
2500 2686 2651 2747 missi
2680 2686 2853 2750 nostri
2883 2683 3408 2755 Constantinopolim
3458 2682 3623 2743 minis
3686 2681 3809 2737 im-

2191 2784 2328 2855 perii
2357 2781 2459 2849 tui,
2490 2780 2657 2853 (sicut
2677 2779 2777 2849 ipsi
2810 2787 2994 2850 postea
3028 2792 3417 2848 nonnunquam
3451 2773 3803 2844 fatebantur)

2192 2872 2462 2939 deterriti,
2520 2878 2579 2939 et
2630 2870 2918 2933 horrendis
2967 2868 3269 2931 terroribus
3308 2866 3545 2939 impulsi,
3576 2866 3801 2937 spretis

2193 2965 2419 3033 monitis
2447 2964 2672 3033 nostris,
2700 2961 3030 3041 contemptis
3057 2971 3114 3017 et
3156 2960 3403 3033 epistolis
3432 2960 3536 3021 sibi
3563 2976 3594 3017 a
3622 2960 3796 3017 nobis

2191 3073 2378 3116 coram
2434 3065 2548 3117 tota
2601 3055 2839 3121 Ecclesia
2890 3063 3075 3113 nostra
3123 3054 3286 3119 datis,
3336 3054 3448 3108 imo
3481 3052 3795 3124 postposito

2197 3149 2394 3209 timore
2446 3149 2543 3217 Dei
2597 3148 2780 3221 (sicuti
2836 3154 3023 3216 postea
3071 3144 3288 3219 claruit)
3344 3144 3397 3201 in
3448 3143 3785 3201 contrarium

476 3288 479 3293 _
504 3234 820 3293 maestitiam
849 3213 1023 3311 quam
1042 3235 1195 3306 prius
1220 3250 1408 3301 rumor
1449 3234 1599 3292 solus
1628 3237 1681 3291 in
1712 3213 1876 3292 corde
1902 3213 2091 3297 nostro
2122 3213 2479 3307 evenerunt
2498 3213 2678 3305 mit,
2703 3213 2952 3317 qua—sibi
2988 3243 3204 3301 ωεηηι
3234 3213 3503 3314 imum,

508 3332 814 3395 pepererat,
868 3339 1095 3380 casuum
1147 3325 1425 3411 evidenter
1472 3334 1819 3393 ostensurum
1888 3327 2093 3391 certior

508 3418 795 3487 confestim
816 3419 1019 3501 relatio
1053 3419 1447 3505 multiplicavit,

472 3589 483 3595 -
585 3512 944 3595 Quapropter,
970 3514 1097 3591 quia
1126 3515 1268 3593 sicut
1297 3515 1505 3591 imperii
1536 3515 1611 3573 tui
1639 3515 1897 3573 divinitus
1920 3515 2095 3586 inspi-

510 3616 629 3671 rata
669 3608 934 3681 sapientia
983 3609 1141 3679 nobis
1185 3608 1277 3683 qui
1339 3618 1659 3667 cunctarum
1685 3608 1886 3666 Christi
1911 3608 2094 3667 ovium

513 3711 642 3761 cura
677 3698 1116 3783 consti‘ingimur,
1149 3714 1271 3755 cum
1302 3699 1450 3756 vices
1498 3698 1641 3755 illius
1694 3713 1793 3769 per
1818 3696 2100 3757 abundan-

515 3789 644 3853 tiam
673 3789 910 3877 coalestis
935 3793 1123 3877 gratia:
1149 3792 1443 3869 egerimus,
1470 3793 1556 3849 cui
1582 3791 1895 3863 specialiter
1923 3806 1953 3847 a
1986 3790 2098 3847 Deo

513 3879 714 3947 dicitur
769 3901 781 3938 :
843 3879 1011 3955 Pasce
1039 3900 1154 3947 oves
1200 3900 1343 3941 meas
1373 3884 1554 3956 (Joan.
1584 3882 1741 3956 xvn);
1773 3891 1829 3938 et
1860 3896 2054 3939 rursus
2082 3899 2096 3933 :

518 3971 585 4031 Et
647 3983 704 4031 tu
758 3974 1047 4047 aliquando
1102 3992 1377 4033 conversus
1441 3976 1696 4048 conﬁrma
1746 3976 1939 4053 fratres
1984 3986 2101 4031 tuos

486 4061 671 4135 (Luc.
700 4067 858 4137 χχιιι)
891 4085 903 4120 :
932 4083 1037 4123 non
1068 4068 1343 4140 potuimus
1390 4069 1759 4136 dissimulare,
1790 4085 1898 4126 non
1925 4068 2104 4141 potui-

494 4170 637 4235 _mus
668 4146 960 4227 negligere,
988 4157 1277 4237 quominus
1303 4159 1647 4216 visitaremus
1673 4174 1801 4223 oves
1830 4161 2106 4233 dispersas

514 4257 572 4304 et
600 4240 933 4327 dissipatas:
966 4251 1050 4306 vel
1078 4252 1368 4329 quominus
1423 4251 1869 4311 conﬁrmaremus
1923 4252 2107 4313 inﬁde

494 4346 571 4396 'et
620 4339 778 4397 bonis
823 4342 1066 4405 moribus
1110 4343 1312 4413 fratres
1357 4353 1573 4411 nostros
1626 4353 1683 4407 et
1711 4346 2007 4416 proximos.
2042 4345 2109 4413 Et

514 4432 641 4507 quia
679 4431 822 4488 inter
858 4443 1076 4502 caetera,
1107 4451 1228 4517 qua:
1256 4437 1321 4492 de
1346 4438 1640 4495 schismate
1676 4435 1790 4506 jam
1814 4436 1941 4494 fatae
1966 4436 2109 4495 Con-

516 4525 1011 4605 stantinopolitanae
1063 4527 1347 4595 Ecclesiae,
1400 4529 1457 4584 hi
1512 4530 1607 4600 qui
1663 4530 1813 4585 missi
1866 4528 2102 4593 fuerant.

513 4622 876 4691 testabantur,
930 4622 1165 4691 maxime
1212 4622 1459 4681 eamdem
1489 4622 1789 4680 Ecclesium
1821 4623 1889 4678 ab
1918 4621 2110 4681 [cono-

515 4712 724 4768 machis
751 4712 1045 4783 recidivam
1070 4713 1472 4770 contentionem
1494 4713 1864 4770 excitantibus
1897 4727 2110 4769 assere-

500 4798 648 4871 bant
673 4804 882 4873 vexari,
914 4804 1298 4876 Christumque
1346 4819 1445 4876 per
1490 4804 1700 4877 singula
1733 4804 2106 4873 conventicula

502 4890 887 4969 'blasphemari
924 4916 937 4951 :
972 4898 1177 4961 idcirco
1203 4898 1337 4957 duos
1367 4898 1673 4971 episcopos,
1700 4898 1793 4969 qui
1822 4898 2109 4963 nobiscum

502 4980 696 5055 erant,
742 4980 943 5061 quique
992 4991 1058 5048 ad
1115 4993 1218 5059 hoc
1267 4999 1477 5049 tantum
1534 4990 1924 5064 perliciendum
1972 5006 2111 5065 opus

520 5079 700 5147 idonei
729 5082 885 5151 nobis
920 5099 1041 5141 esse
1080 5085 1418 5153 videbantur,
1470 5084 1849 5142 Rhadoaldum
1897 5084 2106 5153 scilicet

525 5183 583 5245 et
604 5173 927 5255 Zachariam
961 5193 1066 5233 una
1097 5195 1218 5234 cum
1261 5180 1511 5249 ecclesia,
1541 5196 1662 5253 quae
1707 5179 1845 5251 apud
1878 5194 1974 5235 uos
2000 5186 2103 5244 est.

524 5262 664 5321 datis
711 5262 928 5330 litteris,
977 5282 1097 5337 qua:
1144 5268 1303 5341 [forte
1347 5272 1608 5326 redundat
1653 5287 1755 5327 vox
1804 5268 1921 5336 illa,
1961 5285 2106 5341 qum,

514 5352 724 5431 illan.)
780 5359 1327 5439 Constantinopolim,
1377 5365 1526 5441 idem
1550 5365 1806 5423 nimirum
1837 5362 2108 5435 piaculum

522 5461 900 5527 exsecrantes,
950 5467 982 5507 e
1038 5450 1211 5521 latere
1262 5464 1451 5513 nostro
1501 5455 1817 5519 direximus,
1862 5454 1997 5510 nihil
2031 5453 2111 5509 eis

516 5545 741 5620 penitus
782 5544 1147 5619 injungentes,
1203 5548 1305 5611 nisi
1354 5560 1415 5617 ut
1471 5551 1846 5608 tantummodo
1895 5563 2114 5619 causam

524 5633 715 5708 [gnatii
749 5638 1098 5710 patriarchae,
1114 5641 1204 5711 qui
1233 5652 1358 5703 ante
1380 5646 1447 5703 de
1468 5643 1701 5700 ecclesia
1726 5642 2114 5714 pulsus,quam

529 5729 597 5782 ab
626 5728 810 5800 aliquo
839 5740 1132 5789 accusatus
1178 5736 1483 5809 exstiterat,
1512 5737 1798 5808 diligenter
1827 5735 2116 5807 investiga-
2153 5754 2160 5762 ·

2233 3399 2236 3403 ,
2272 3339 2472 3406 Verum
2505 3340 2569 3395 de
2599 3337 2686 3395 his
2714 3352 2745 3391 a
2770 3336 2931 3395 nobis
2954 3334 3182 3393 collecto
3208 3335 3295 3391 his
3332 3343 3634 3391 sanctorum
3658 3332 3785 3401 epi-

2196 3443 2485 3499 scoparum
2537 3426 2952 3489 occidentalium
2995 3427 3277 3499 regionum
3335 3424 3577 3489 concilio,
3624 3423 3785 3492 iuxta

2196 3519 2339 3590 quod
2364 3518 2623 3585 Dominus
2649 3517 2725 3577 ait
2757 3536 2770 3573 :
2803 3517 2871 3575 In
2898 3534 3001 3589 quo
3020 3518 3229 3587 judicio
3276 3516 3664 3584 iudicaverunt,
3694 3514 3786 3584 ju-

2199 3612 2432 3679 dicatus:
2455 3622 2528 3669 est
2552 3628 2571 3676 ;
2599 3619 2649 3669 et
2672 3611 2726 3669 in
2751 3627 2857 3682 qua
2885 3626 3131 3669 incusum
3152 3611 3319 3667 mensi
3332 3618 3477 3675 sunt,
3498 3623 3785 3667 remensa

2198 3711 2275 3771 gat
2300 3702 2376 3769 eis
2397 3699 2614 3770 (ﬂanti.
2649 3700 2749 3767 vn)
2780 3717 2794 3763 ς
2829 3699 3053 3770 contigit
3082 3699 3228 3767 enim
3284 3699 3413 3765 illis,
3442 3697 3789 3772 quemadmo-

2202 3794 2327 3859 dum
2374 3792 2535 3853 Vitali
2561 3792 2836 3863 quondam
2879 3800 2934 3847 et
2962 3790 3169 3851 Miseno
3193 3791 3489 3862 episcopis,
3515 3791 3608 3860 qui
3651 3790 3788 3855 εὶωι

2202 3886 2290 3951 isti
2304 3883 2826 3954 Constantinopolim
2842 3882 3014 3950 missi,
3040 3896 3251 3948 eorum,
3275 3898 3375 3952 pro
3406 3882 3605 3953 quibus
3626 3879 3789 3939 desti-

2203 3977 2317 4047 nati
2347 3985 2493 4043 sunt,
2523 3976 2767 4053 adversa;
2818 3975 2960 4047 parti
3009 3974 3481 4039 communicando,
3510 3989 3616 4030 non
3640 3987 3792 4031 essc-

2206 4060 2443 4139 cutores,
2477 4069 2572 4129 sed
2606 4071 3015 4142 impugnatores
3043 4068 3246 4127 inventi
3274 4076 3404 4127 sunt
3449 4067 3556 4122 :de
3600 4066 3793 4136 quibus

2204 4163 2397 4229 beatus
2417 4161 2570 4227 Felix
2590 4160 2905 4233 apostolicae
2921 4158 3068 4217 sedis
3087 4160 3338 4226 antistes.
3367 4166 3425 4217 et
3445 4155 3795 4215 Alexandrini

2206 4254 2375 4323 Petri,
2395 4269 2493 4321 seu
2520 4251 3105 4323 Constantinopolitani
3127 4250 3312 4309 Acacil
3336 4249 3626 4321 praesulum
3648 4248 3798 4303 dam.

2205 4356 2368 4409 nator
2396 4346 2713 4417 imperatori
2746 4344 2948 4413 Zenoni
2990 4342 3236 4403 scribens
3293 4344 3469 4416 (epist.
3521 4342 3635 4413 I0),
3661 4341 3801 4398 inter

2208 4447 2409 4505 cetera
2434 4437 2690 4504 vitalem.
2712 4438 2811 4503 ait,
2856 4446 3020 4508 atque
3050 4435 3317 4495 Misenum
3343 4451 3444 4493 cur
3473 4435 3561 4491 vel
3585 4433 3799 4506 impulsi

2212 4533 2282 4589 ad
2329 4532 2433 4591 ista
2462 4531 2860 4594 consenserint.
2893 4531 3099 4587 honore
3140 4528 3300 4601 simul
3334 4537 3392 4586 et
3420 4527 3803 4585 communione

2213 4622 2510 4697 apostolica
2538 4636 2766 4686 censura
2796 4620 3048 4692 privavit.
3418 4674 3423 4677 _

2284 4715 2551 4785 Quondam
2603 4715 2806 4777 factum
2859 4722 2965 4781 est.
3022 4713 3164 4773 sicut
3221 4712 3337 4784 ipse
3380 4710 3583 4783 Cyrillo
3622 4708 3804 4767 abllati

2212 4808 2543 4876 Acrinitensi
2572 4804 2986 4880 [Astometeusi]
3033 4805 3247 4870 scribit,
3276 4811 3337 4863 ut
3378 4818 3568 4863 comm
3598 4816 3808 4874 preva-

2214 4902 2478 4961 ricatione
2499 4892 2843 4972 deciperetur
2869 4898 3098 4971 populus
3141 4896 3489 4956 Christianus
3516 4914 3531 4951 :
3560 4896 3654 4965 qui
3683 4910 3805 4950 rur-

2212 5008 2308 5057 sus
2329 4993 2396 5059 de
2416 4993 2496 5055 eis
2525 4990 2855 5054 mentionem
2881 4989 3108 5055 faciens,
3141 4989 3208 5049 ad
3239 4985 3364 5062 iam
3395 4986 3567 5051 fetum
3601 4984 3806 5056 princi-

2212 5100 2337 5158 pem
2370 5083 2438 5139 de
2495 5098 2682 5145 eorum
2719 5081 3151 5151 transgressione
3191 5080 3324 5139 dicit
3354 5098 3367 5133 :
3400 5078 3551 5141 Plebi
3582 5092 3807 5134 suasum

2216 5189 2300 5245 est
2355 5177 2679 5239 Christiana:
2722 5190 2821 5231 nos
2875 5174 3074 5237 talibus
3123 5174 3417 5244 prtebtlisse
3458 5185 3806 5233 consensum,

2216 5286 2355 5343 quos
2385 5286 2509 5326 mox
2536 5279 2596 5323 ut
2619 5267 2853 5339 regressi
2884 5277 3027 5329 sunt,
3060 5266 3434 5337 praevaricatio
3464 5266 3686 5335 impune
3702 5280 3811 5323 non

2219 5365 2429 5427 habuit.
2479 5363 2615 5419 Nam
2644 5379 2739 5423 eos
2791 5362 2932 5433 apud
2974 5362 3194 5423 beatum
3246 5360 3465 5417 Petrum
3505 5357 3813 5429 apostolum

2220 5467 2408 5521 sancta
2442 5472 2653 5519 mecum
2678 5456 2918 5529 synodus
2957 5455 3201 5515 residens
3237 5454 3365 5513 dum
3394 5452 3631 5513 convicti
3660 5451 3812 5522 plura

2220 5550 2602 5617 mentirentur,
2624 5547 2817 5607 ordine
2844 5555 2901 5602 et
2926 5546 3306 5611 communione
3332 5542 3555 5607 nudavit
3589 5558 3603 5594 :
3636 5557 3704 5596 ne
3723 5556 3807 5595 eo-

2161 5687 2173 5701 .
2212 5658 2342 5701 rum
2373 5643 2683 5711 incorrepta
2707 5639 2934 5715 perﬁdia
2962 5639 3308 5702 securitatem
3340 5636 3604 5707 [imperet
3631 5632 3803 5691 inimi-

2219 5734 2319 5804 cis.
2350 5732 2473 5799 iam
2500 5746 2630 5799 vero
2661 5731 2706 5787 si
2755 5746 2850 5787 vos
2896 5729 3174 5801 praedictis
3213 5728 3403 5799 legatis
3457 5725 3665 5785 nostris
3707 5724 3818 5778 vim

531 5828 675 5893 rem.
706 5830 762 5877 ει
786 5824 899 5880 sedi
927 5824 1259 5907 apostolicae,
1289 5837 1343 5885 et
1395 5827 1682 5895 veracihus
1714 5825 1924 5903 plenius
1947 5824 2119 5891 refer-
2214 5823 2702 5909 (quemadmodum
2747 5823 2851 5896 ipsi
2884 5817 3226 5893 fatebantur)
3256 5818 3542 5887 intulistis,
3567 5817 3699 5873 licet
3718 5829 3820 5875 eos
