4050 6324
301 348 441 408 ιοίι

1513 347 1870 410 ΕΡΙΕΤΟΙΑᾹΞ
1911 347 1999 404 ΕΤ
2041 350 2380 407 DECRETA.

3441 349 3464 408 ι
3475 349 3578 407 0⁸2θὲ

300 463 556 533 exemplo
580 471 1000 522 memoratorum
1045 463 1344 536 oportuerit
1390 464 1692 528 antistitum
1717 465 1892 528 deter-
1920 465 1967 524 Α
1996 463 2215 533 Cyr-illo,
2249 466 2340 538 qui
2373 464 2574 520 idcirco
2609 464 2662 519 in
2688 463 2911 536 praefata
2967 461 3170 535 synodo
3222 469 3347 524 ante
3393 475 3580 522 omnes

299 556 433 619 reri,
459 555 565 612 imo
603 570 670 612 ne
701 555 782 610 vel
814 555 1024 636 impulsi
1051 557 1117 612 ad
1141 556 1265 611 talia
1299 556 1632 625 laberentur,
1654 549 1886 621 Domini,

302 646 706 706 Noliletimere
737 665 823 710 eos
863 650 952 722 qui
1007 665 1192 722 corpus
1255 651 1495 706 occidunt
1546 649 1758 722 (Matth.
1813 650 1890 722 ιι),

299 737 550 803 dicentis,
576 738 857 794 debuerint
891 742 1172 810 praeceptis
1206 743 1402 808 arceri,
1431 752 1622 808 contra
1655 742 1893 800 divinam

301 837 487 884 tamen
519 831 880 894 reverentiam
906 848 937 895 ιι
968 843 1038 899 te,
1062 850 1094 888 ο
1123 834 1388 890 catholice
1446 835 1718 908 princeps,
1761 850 1889 906 pro-

297 917 463 972 batur
491 919 810 988 admissum,
838 930 898 980 ut
920 923 1062 985 beati
1093 923 1321 995 apostoli
1352 923 1495 980 Petri
1518 925 1723 984 directa
1747 924 1891 996 lcga-

298 1010 404 1074 tio,
440 1010 547 1064 imo
597 1011 710 1070 haec
738 1013 792 1074 in
849 1013 939 1070 illo
981 1014 1304 1086 proferentis
1338 1015 1560 1080 Christi,
1583 1016 1673 1084 qui
1704 1016 1835 1070 dicit
1874 1035 1886 1070 :

301 1103 410 1168 Qui
456 1120 543 1156 vos
599 1108 816 1176 spernit,
871 1123 951 1162 me
993 1110 1187 1180 spernit
1233 1108 1385 1179 (Luc.
1450 1109 1505 1180 χ)
1567 1124 1580 1163 :
1636 1120 1888 1179 tanquam

297 1193 352 1246 in
385 1194 754 1264 captivitatem
808 1199 1027 1264 redacta
1080 1208 1356 1267 teneretur
1382 1200 1490 1271 (Ea:
1535 1202 1684 1270 epist.
1719 1201 1752 1258 9
1778 1199 1885 1256 Fe-

295 1286 416 1341 licis
446 1287 552 1360 ιιι).
1389 1273 1392 1280 ⁵

373 1379 572 1436 Verum
603 1383 729 1451 quia
759 1399 846 1452 res
875 1393 928 1439 et
955 1400 1202 1457 persona:
1250 1397 1607 1459 utrarumque
1652 1387 1887 1459 partium

294 1470 454 1528 istius
484 1475 744 1544 temporis
765 1492 887 1532 cum
921 1477 1010 1536 illo
1033 1493 1171 1546 pene
1217 1479 1270 1534 in
1299 1481 1510 1540 cunctis
1539 1480 1884 1545 conveniunt,

259 1589 263 1592 ·
293 1567 670 1626 memorabilis
695 1570 793 1624 viri
818 1570 931 1639 jam
963 1572 1224 1636 nominati
1270 1572 1466 1628 Felicis
1495 1574 1640 1636 sedis
1669 1583 1884 1644 aposto-

290 1654 412 1710 lica:
438 1659 684 1727 praesulis
722 1663 864 1732 apud
903 1678 1000 1728 vos
1031 1665 1192 1720 etiam
1243 1666 1668 1724 clementissime
1707 1669 1886 1724 verbis

290 1745 494 1816 alloqui
552 1753 985 1820 procurat-imus,
1048 1756 1136 1826 qui
1196 1757 1261 1810 ad
1312 1758 1731 1828 superscriptum
1777 1759 1884 1814 Au-

1999 559 2155 624 sedit,
2185 559 2308 630 quia
2331 568 2387 614 et
2413 559 2526 630 ipse
2555 559 2730 618 locum
2763 558 2872 632 jam
2896 555 3179 620 memorati
3206 569 3355 626 papa-
3383 553 3579 616 ibidem

1997 651 2158 726 (sicut
2187 661 2338 723 gesta
2369 652 2607 724 ejusdem
2633 651 2823 724 synodi
2851 648 3140 721 testantur)
3164 648 3398 710 obtinuit
3424 668 3436 702 :
3466 649 3579 721 ipsa

1996 743 2221 813 epistola
2245 759 2366 804 cum
2389 744 2717 814 competenti
2749 743 2956 810 honore
3003 741 3193 804 Latino
3222 741 3495 810 primitus,
3527 749 3583 794 et

1993 845 2180 907 postea
2210 835 2262 894 in
2291 834 2537 890 Graecam
2568 835 2858 892 dictionem
2892 834 3009 890 sine
3043 833 3149 888 ullo
3173 832 3297 894 fuco
3330 831 3578 900 falsitatis

1990 929 2102 1002 jam
2134 927 2396 996 translata
2429 928 2500 988 sit
2520 942 2703 988 coram
2735 930 2940 1001 synodo
2980 926 3116 991 lecta
3154 927 3247 982 :ln
3272 934 3498 992 tantum,
3524 933 3583 980 ut

1992 1036 2057 1077 ex
2087 1018 2203 1089 ejus
2225 1022 2614 1090 propemodum
2640 1021 2888 1088 specialis
2903 1020 3092 1091 judieii
3119 1027 3304 1086 tenore
3327 1018 3397 1074 sit
3416 1017 3580 1092 perti-

1992 1115 2092 1170 dus
2124 1113 2408 1168 Nestorius
2452 1111 2997 1184 Constantinopoleos
3050 1113 3275 1172 antistes
3303 1110 3578 1184 expulsus,

1991 1205 2117 1266 dum
2147 1205 2336 1260 eadem
2361 1204 2598 1277 synodus
2642 1205 2694 1260 in
2717 1204 2984 1270 sententia
3009 1211 3196 1263 contra
3223 1218 3344 1260 eum
3372 1203 3578 1276 prolata

1994 1296 2084 1350 tali
2117 1297 2277 1356 modo
2303 1296 2653 1367 prosequitur
2685 1312 2698 1350 :
2726 1294 3064 1364 Necessario,
3112 1295 3382 1366 inquiens,
3405 1296 3579 1356 coacti

1993 1397 2100 1442 tam
2131 1404 2196 1442 ex
2227 1389 2545 1456 cauonibus,
2573 1403 2736 1458 quam
2760 1404 2824 1444 ex
2854 1388 3080 1460 epistola
3126 1389 3457 1446 sanctissimi
3478 1389 3580 1452 Pa-

1992 1480 2090 1538 tris
2125 1479 2293 1542 nostri
2325 1489 2378 1534 et
2423 1479 2784 1534 comministri
2813 1478 3092 1538 Coelestini
3119 1479 3352 1550 episcopi
3385 1478 3582 1546 Roma-

1989 1585 2180 1638 norum
2199 1570 2478 1635 Ecclesiae,
2495 1570 2855 1644 lacrymautes
2877 1569 3073 1640 saepius
3093 1571 3161 1624 ad
3178 1570 3316 1626 hanc
3341 1586 3577 1628 rnoerore

1989 1663 2204 1734 plenam
2233 1671 2426 1717 contra
2459 1677 2581 1717 eum
2606 1663 2856 1718 venimus
2876 1663 3220 1724 sententiam.
3249 1662 3317 1720 Et
3337 1663 3405 1718 ad
3429 1679 3578 1720 eum-

1989 1757 2111 1811 dem
2142 1771 2336 1827 papam
2394 1763 2581 1824 postea
2620 1755 2884 1822 scribens,
2936 1753 3220 1827 praefatum
3268 1753 3576 1818 Nestorium

290 1848 509 1907 gustum
562 1843 805 1902 scribens
869 1845 1012 1904 inter
1072 1847 1172 1908 alia
1221 1847 1398 1919 (ibid.)
1431 1866 1443 1902 :
1478 1847 1633 1913 Cum,
1687 1850 1883 1920 inquit,
1919 1837 1962 1896 Β
1991 1863 2088 1918 per
2109 1847 2398 1917 epistolam
2429 1848 2494 1902 ab
2525 1848 2644 1917 ipso
2674 1846 3018 1917 sanctissimo
3045 1845 3274 1918 praesule
3297 1846 3577 1916 scriptam,

291 1935 434 2002 apud
468 1934 733 2000 barbaras
756 1937 920 2001 etiam
947 1939 1217 2006 nationes,
1251 1949 1415 2010 atque
1461 1942 1628 2011 ipsius
1659 1941 1885 1998 Deitatis

290 2023 534 2098 ignaros,
560 2042 660 2098 pro
690 2031 1053 2100 exsequendis
1101 2033 1328 2103 negotiis
1357 2033 1444 2088 vel
1472 2034 1744 2100 humanis,
1763 2035 1886 2104 jure

286 2117 527 2185 gentium
553 2133 768 2190 semper
789 2120 1074 2190 legationis
1097 2123 1387 2191 cujuslibet
1414 2126 1678 2180 habeatur
1701 2142 1886 2194 sacro-

287 2217 479 2264 sancta
511 2209 754 2277 libertas,
799 2221 987 2268 notum
1019 2224 1104 2274 est
1132 2216 1384 2279 omnibus
1415 2235 1428 2269 :
1458 2226 1662 2287 quanto
1708 2219 1882 2290 magis

289 2302 362 2356 ab
393 2303 720 2372 imperatore
771 2305 1040 2376 Romano,
1071 2317 1126 2363 et
1177 2308 1490 2378 Christiano
1531 2312 1780 2382 principe
1830 2314 1882 2368 in

293 2393 455 2449 rebus
477 2399 777 2466 praesertim
801 2399 1000 2455 divinis
1029 2405 1330 2472 oportuerit
1357 2406 1733 2472 intemeratum
1761 2422 1881 2472 ser-

292 2485 444 2542 vari?
469 2485 576 2541 Sed
601 2489 725 2558 quia
751 2494 999 2560 superius
1033 2492 1101 2554 de
1142 2492 1349 2560 falsatae
1368 2497 1624 2566 epistola:
1649 2514 1745 2570 per
1768 2499 1882 2569 jam

291 2579 463 2634 dictos
485 2589 615 2636 tunc
643 2583 1031 2650 illiadoaldum,
1061 2596 1113 2642 et
1160 2586 1482 2658 Zachariam
1509 2592 1793 2662 episcopos
1816 2594 1882 2650 ad

293 2679 345 2726 te
376 2673 595 2729 directae
640 2676 912 2744 scriptura
958 2680 1274 2742 memoriam
1331 2680 1577 2748 fecimus,
1620 2692 1789 2747 restat
1827 2693 1885 2738 ιιι

292 2765 492 2835 partim
524 2766 666 2832 loca,
691 2768 741 2832 in
769 2769 968 2840 quibus
989 2769 1178 2826 falsata
1207 2781 1310 2840 est,
1335 2783 1596 2844 quantum
1623 2775 1882 2844 inspectis

291 2857 696 2928 exemplaribus
727 2860 950 2929 Graecis,
975 2878 1095 2932 qua:
1127 2863 1281 2922 nobis
1332 2881 1429 2936 per
1475 2865 1713 2932 Leonem
1739 2884 1767 2922 a
1797 2884 1882 2924 se-

291 2952 452 3006 cretis
488 2953 707 3022 misisti,
735 2970 895 3018 nosse
922 2957 1196 3025 tribuitur,
1222 2960 1548 3030 aperiamus.

364 3043 681 3108 Assercntcs
708 3047 982 3120 primitus,
1004 3049 1276 3119 quomodo
1296 3066 1401 3106 non
1425 3052 1558 3108 ordo
1588 3052 1877 3123 legitimus,

288 3150 386 3190 nec
417 3150 446 3187 a
477 3136 678 3192 sanctis
723 3136 974 3194 Patribus
1007 3139 1259 3208 usitatus,
1307 3142 1360 3196 in
1416 3141 1646 3200 lectione
1701 3144 1874 3214 ipsius

299 3225 536 3295 epistolae
589 3226 752 3283 fuerit
795 3228 1116 3294 observatus
1151 3250 1163 3284 :
1198 3204 1632 3304 quandoquidem
1681 3204 1871 3298 eadem
1900 3204 1945 3268 Ο

285 3317 512 3386 epistola
564 3334 670 3384 non
723 3320 897 3388 solum
951 3321 1016 3375 de
1073 3323 1247 3380 sacris
1293 3325 1643 3394 imaginibus,
1685 3342 1872 3394 verum

289 3407 451 3462 etiam
482 3409 840 3486 deandiepdo
868 3410 1035 3474 fratre
1061 3423 1115 3472 et
1156 3415 1476 3486 coepiscopo
1503 3425 1690 3486 nostro
1716 3418 1871 3491 lgna-

288 3499 360 3553 tio
390 3501 714 3570 sententiam
752 3504 897 3562 sedis
953 3505 1261 3578 apostolicae
1316 3509 1648 3578 continebat.
1679 3510 1744 3575 Et
1777 3527 1873 3568 vos

285 3609 402 3648 eam
437 3594 489 3648 in
521 3610 681 3649 causa
710 3597 926 3665 quidem
980 3597 1168 3668 lgnatii
1223 3601 1625 3664 consacerdotis
1677 3604 1870 3670 llOSll'i,

284 3703 402 3757 quae
430 3687 579 3756 prius
607 3688 866 3758 ventilata
899 3699 1003 3758 est,
1038 3691 1330 3758 nescimus,
1373 3692 1526 3770 cujus
1577 3695 1656 3750 usi
1691 3696 1872 3750 conci-

285 3777 376 3844 lio,
400 3777 620 3842 silentio
648 3779 990 3848 contraxistis,
1022 3781 1193 3850 solum
1245 3783 1386 3848 hanc
1415 3793 1622 3858 postea,
1655 3786 1870 3856 quando

282 3884 378 3940 pro
400 3870 752 3934 veneratione
779 3880 1092 3942 sanctarum
1149 3875 1440 3946 imaginum
1495 3878 1734 3948 synodus
1761 3878 1870 3933 col-

285 3960 420 4014 lecta
447 3970 549 4029 est,
580 3963 1017 4027 demonstrantes
1047 3984 1058 4018 :
1094 3969 1342 4037 quamvis
1391 3969 1442 4024 in
1485 3970 1586 4034 his,
1625 3985 1744 4040 quire
1770 3971 1868 4025 ibi-

284 4055 402 4110 dem
427 4072 500 4114 ex
525 4073 587 4112 ea
618 4057 756 4128 lecta
807 4069 954 4130 sunt,
1020 4060 1275 4130 nonnulla
1308 4063 1509 4129 addita,
1548 4065 1710 4132 nauita
1745 4080 1866 4120 mu.-

285 4155 411 4216 tata,
444 4149 596 4219 plura
624 4149 903 4216 subtracta
936 4153 1296 4223 reperiantur,
1331 4163 1382 4208 et
1413 4170 1508 4224 per
1535 4155 1713 4212 omnia
1749 4155 1869 4222 talis

281 4258 311 4298 a
345 4244 496 4300 vobis
523 4244 715 4300 effecta
764 4247 858 4312 sit,
917 4254 974 4304 ut
1013 4256 1106 4316 aut
1160 4247 1292 4316 nihil
1323 4257 1414 4302 aut
1445 4265 1632 4318 parum
1666 4248 1866 4318 aliquid

281 4353 378 4394 nos
403 4354 498 4408 per
520 4355 638 4409 eain
668 4341 734 4394 de
754 4341 950 4401 crebro
967 4341 1097 4404 dicti
1125 4324 1484 4408 collimiuistri
1519 4343 1686 4408 nostri
1712 4342 1865 4411 lgna-

281 4429 341 4485 tii
368 4430 697 4500 disposuisse
724 4446 886 4496 causa
922 4433 1242 4492 videamur:
1277 4433 1372 4488 sed
1411 4449 1534 4498 vere
1574 4448 1680 4488 non
1709 4433 1861 4500 sicin

281 4525 500 4594 synodis
551 4525 732 4595 prisco
792 4534 1034 4596 tempore
1090 4527 1354 4593 colleCtis,
1395 4544 1500 4584 non
1548 4527 1628 4590 sic
1680 4536 1860 4594 actum

282 4614 445 4671 fuisse
477 4616 854 4680 nonnullorum
885 4626 1034 4687 gesta
1082 4620 1434 4680 conciliorum
1465 4621 1859 4684 demonstrant.

280 4708 334 4762 lu
363 4708 468 4762 illis
491 4709 634 4761 enim
667 4708 977 4779 apostolicae
1006 4711 1149 4780 sedis
1184 4713 1383 4782 scripta
1416 4728 1521 4770 non
1553 4714 1653 4768 sub
1683 4712 1862 4768 occul-

285 4800 500 4854 tationis
521 4800 701 4864 modio
727 4801 1066 4870 tegebantur,
1100 4804 1193 4870 Sed
1225 4812 1284 4864 ut
1305 4805 1578 4867 omnibus,
1596 4806 1684 4873 qui
1704 4812 1864 4866 erant

285 4888 335 4942 iu
368 4889 529 4943 domo
560 4889 656 4956 Dei
689 4889 950 4958 inperant,
1007 4893 1058 4958 in
1103 4893 1388 4962 propatulo
1417 4895 1776 4962 ponebantur,
1808 4901 1862 4948 et

283 4987 338 5035 ut
366 4983 412 5048 si
441 4996 544 5048 qua
575 4980 850 5052 turpitudo
882 4981 963 5036 vel
985 4983 1194 5048 macula
1227 4983 1281 5044 in
1311 4983 1435 5038 ﬁdei
1459 4984 1858 5053 pulchritudine

283 5087 310 5126 a
337 5071 576 5141 quolibet.
608 5080 905 5127 tentaretur
937 5074 1139 5138 induci,
1172 5073 1332 5130 facile
1358 5085 1683 5143 patesceret,
1718 5092 1780 5140 ac
1813 5076 1860 5132 si

283 5165 492 5236 specula
545 5167 598 5220 in
655 5166 905 5226 omnibus
953 5168 1310 5234 habebantur,
1351 5177 1403 5222 et
1431 5167 1586 5248 quissi
1617 5170 1861 5240 quamam

285 5256 614 5312 rectitudinis
649 5255 878 5312 formula
902 5273 1007 5328 qua
1042 5258 1276 5328 imprimi
1309 5260 1487 5314 caeteri
1521 5270 1742 5329 possent
1769 5275 1862 5328 po-

286 5350 402 5413 sita,
430 5351 768 5408 colebantur.

351 5441 502 5508 Quod
546 5453 604 5498 ut
658 5443 1000 5500 manifestius
1027 5454 1213 5515 pateat
1253 5460 1318 5499 ex
1353 5445 1434 5501 his
1465 5446 1592 5500 huic
1623 5443 1862 5514 epistola:

289 5549 452 5602 pauca
472 5535 722 5592 duximus
751 5537 1056 5592 inserenda.
1091 5536 1272 5598 Primo
1302 5539 1502 5594 etenim
1533 5538 1652 5593 loco
1676 5547 1862 5602 sancta

288 5625 516 5694 synodus
535 5628 671 5697 apud
697 5628 963 5697 Ephesum
999 5637 1344 5700 congregata,
1370 5642 1568 5686 sancue
1594 5631 1864 5691 memorie

289 5717 558 5778 Ctelestiui
590 5734 740 5788 papa:
765 5722 913 5791 prius
935 5722 1219 5793 epistolam
1251 5722 1398 5793 legit,
1430 5733 1483 5778 et
1526 5724 1598 5777 ita
1645 5723 1862 5779 demum

287 5811 350 5884 ad
380 5813 485 5878 alia
529 5815 870 5883 exsequenda
913 5817 1147 5884 vacavit,
1205 5817 1279 5880 ita
1323 5825 1379 5874 ut
1405 5816 1628 5889 iubente
1676 5827 1864 5876 sancto

1893 4581 1942 4640 Β

1989 1940 2384 1994 rationabiliter
2418 1949 2697 1994 asseverat
2755 1938 2924 2006 fuisse
2964 1939 3296 2000 damnatum.
3337 1938 3578 2008 Epistula

1985 2048 2203 2102 quoque
2233 2032 2403 2087 sancti
2436 2030 2635 2086 Leonis
2661 2046 2815 2102 papa:
2847 2031 2980 2092 adeo
3003 2032 3143 2101 apud
3174 2046 3363 2092 otnnes
3393 2032 3576 2092 orien-

1988 2123 2120 2178 tales
2148 2123 2432 2194 episcopos
2458 2123 2667 2178 exstitit
2721 2121 3066 2188 venerabilis,
3101 2130 3156 2176 ut
3202 2123 3343 2188 hanc
3371 2122 3578 2178 coimu-

1985 2228 2109 2270 nam
2135 2214 2470 2270 orthodoxim
2493 2222 2784 2284 vocarent;
2818 2227 2872 2272 et
2920 2229 3112 2279 omnes
3145 2213 3196 2280 in
3227 2229 3291 2276 ea
3322 2216 3580 2287 praesules

1984 2305 2526 2376 Constantinopoleos
2569 2305 2823 2369 Anatolio
2875 2304 3215 2381 prmceilente
3267 2305 3579 2363 subscribe-

1986 2409 2108 2458 rent
2137 2416 2151 2456 :
2190 2401 2261 2466 ita
2295 2411 2354 2456 ut
2378 2399 2840 2456 Chalcedonensis
2867 2413 3058 2467 magna
3079 2398 3316 2470 synodus
3343 2398 3418 2463 nil
3446 2397 3580 2454 dilli-

1984 2492 2151 2555 nisse,
2181 2491 2256 2554 nil
2285 2491 2579 2566 respuisse,
2605 2490 2678 2554 nil
2712 2490 3037 2564 suscepisse,
3069 2488 3169 2555 nisi
3190 2489 3334 2563 quod
3361 2487 3441 2548 vel
3467 2488 3578 2554 illa,

1986 2582 2069 2638 vel
2095 2583 2243 2648 vices
2267 2581 2574 2654 apostolica:
2599 2582 2745 2650 sedis
2773 2582 2844 2646 ibi
2868 2590 3212 2647 reservantes
3228 2578 3574 2647 diffuderunt,

1982 2677 2349 2748 proiecerunt,
2373 2675 2455 2732 vel
2481 2676 2834 2742 admiserunt.
2878 2676 3096 2748 penitus
3137 2683 3485 2750 agnoscatur,
3517 2688 3574 2742 et

1987 2767 2153 2836 (sicut
2180 2766 2233 2822 in
2266 2765 2528 2822 relatione
2559 2781 2676 2832 sua,
2735 2781 2896 2836 quam
2945 2766 3009 2819 ad
3057 2765 3158 2836 piae
3189 2765 3580 2833 recordationis

1984 2873 2096 2914 suae
2131 2857 2463 2918 Marcianum
2487 2856 2789 2936 Augustum
2822 2856 3031 2928 habuit,
3080 2855 3376 2928 invenitur)
3401 2857 3575 2932 prima

1984 2951 2140 3009 ruina
2170 2949 2439 3013 Dioscori,
2469 2949 2560 3021 qui
2593 2948 2876 3018 epistolam
2918 2949 3092 3004 sancti
3140 2947 3337 3012 Leonis
3360 2948 3577 3025 recitari

1983 3042 2282 3112 prohibuit,
2307 3040 2537 3108 exstitit,
2569 3040 2696 3097 dum
2725 3042 2807 3106 sic
2834 3041 2984 3102 aiunt
3013 3056 3026 3094 :
3062 3039 3172 3096 Nos
3204 3041 3368 3112 igitur
3396 3040 3578 3108 consi-

1984 3135 2240 3191 derantes
2286 3142 2341 3190 et
2398 3134 2648 3190 universo
2703 3134 2835 3190 orbe
2884 3133 3054 3201 factas
3105 3142 3479 3208 tempestates,
3519 3142 3574 3202 et

1981 3242 2198 3283 causam
2227 3226 2565 3298 inquirentes
2594 3225 2755 3298 hujus
2785 3227 2863 3282 rei
2898 3235 3177 3290 auctorem
3205 3227 3573 3300 comperimus

1982 3319 2298 3374 Dioscorum
2352 3315 2627 3390 quondam
2682 3315 3175 3382 Alexandrinorum
3233 3317 3572 3390 episcopum,

1979 3409 2216 3481 primum
2269 3407 2509 3480 quidem,
2568 3407 2694 3478 quia
2747 3407 3030 3478 epistolam
3063 3393 3467 3472 asanctissimo
3488 3423 3576 3474 ar-

1979 3501 2326 3572 chiepiscopo
2355 3500 2586 3554 senioris
2601 3499 2786 3554 Romae
2813 3498 2993 3562 Leone
3011 3500 3276 3566 directam
3291 3500 3358 3560 ad
3374 3509 3574 3566 sancta:

1980 3593 2256 3659 memoriae
2279 3591 2598 3650 Flavianum
2631 3591 2904 3659 quondam
2960 3590 3575 3660 Constantinopolitanae

1977 3686 2129 3747 urbis
2180 3685 2494 3756 episcopum
2551 3683 2769 3742 recitari
2816 3683 3115 3754 prohibuit.
3176 3681 3282 3739 Sed
3311 3684 3440 3753 quid
3475 3698 3574 3754 per

1977 3776 2312 3848 singularum
2371 3775 2603 3840 concilia
2653 3775 2984 3845 synodorum
3037 3775 3413 3848 immoremur,
3447 3789 3572 3844 cum

1975 3871 2026 3926 in
2052 3870 2302 3927 omnibus
2326 3869 2432 3926 illis
2473 3883 2689 3940 semper
2716 3869 2784 3924 ab
2828 3867 3119 3942 apostolica
3146 3868 3277 3936 sede
3309 3869 3568 3942 scriptum

1972 3963 2270 4034 prolatum,
2303 3971 2358 4016 et
2383 3961 2574 4026 ordine
2603 3969 2969 4032 praeponatur,
2991 3968 3046 4016 et
3079 3960 3404 4016 auctoritate
3431 3961 3571 4020 seri-

1972 4054 2146 4126 pturis
2174 4053 2390 4120 caeteris
2415 4051 2745 4112 antecellat?
2777 4050 2929 4118 Quod
2985 4050 3032 4106 si
3083 4049 3433 4120 sublimitatis
3465 4060 3570 4108 tuae

1971 4163 2081 4202 non
2106 4146 2263 4201 latuit
2287 4145 2644 4216 sapientiam,
2662 4144 2947 4216 oportebat
2971 4151 3030 4202 ut
3053 4143 3216 4204 etiam
3244 4143 3357 4214 iisa
3381 4145 3570 4202 diebus

1971 4241 2084 4294 suis
2114 4239 2300 4302 talium
2328 4246 2648 4308 sequeretur
2677 4237 3048 4319 exemplorum
3075 4238 3330 4308 vestigia.

2042 4329 2147 4400 Sed
2178 4331 2392 4398 tandem
2415 4329 2700 4399 aliquando
2724 4330 2791 4397 ad
2823 4328 3217 4390 ostendendum
3243 4331 3439 4397 partim
3469 4327 3564 4382 fal-

1969 4439 2082 4484 sata
2112 4429 2167 4488 in
2202 4427 2428 4498 epistola
2457 4434 2644 4492 nostra
2669 4425 2803 4487 loca,
2837 4425 3137 4496 opitulante
3168 4423 3416 4486 Domino,
3454 4422 3562 4477 sie-

1968 4530 2028 4577 ut
2062 4519 2461 4593 praemisimus,
2500 4517 2823 4572 accedamus
2858 4536 2870 4571 :
2903 4517 3098 4588 partim
3141 4529 3267 4570 vero
3311 4513 3563 4579 dicimus,

1971 4616 2227 4686 quoniam
2280 4612 2646 4685 prolixitatem
2686 4612 2941 4676 vitantes,
2989 4608 3178 4663 eadem
3243 4621 3564 4662 commemo-

1975 4724 2096 4765 rare
2127 4722 2223 4777 per
2264 4705 2472 4776 singula
2516 4718 2850 4766 recusamus,
2905 4697 3340 4770 quandoquidem
3373 4712 3473 4752 nec
3506 4698 3559 4752 iu

1972 4803 2076 4870 his,
2143 4814 2262 4869 qua:
2311 4798 2378 4866 de
2432 4795 2761 4870 venerandis
2797 4791 3119 4865 imaginibus
3175 4805 3270 4860 per
3313 4790 3557 4844 eamdem

1969 4896 2134 4954 locuti
2185 4907 2372 4950 sumus
2401 4890 2708 4961 epistolam,
2755 4897 2909 4943 tenor
2957 4887 3080 4958 styli
3114 4885 3310 4962 nostri,
3366 4884 3448 4939 vel
3480 4885 3560 4938 in-

1970 4987 2226 5046 tentionis
2257 4983 2527 5046 exstiterit
2560 4983 2899 5040 observatus.
2951 4979 3232 5050 Siquidem
3286 4994 3411 5038 cum
3453 4992 3554 5042 nos

1968 5082 2110 5140 inter
2148 5079 2251 5133 alia
2290 5086 2888 5138 commemorassemus,
2944 5070 3086 5140 quod
3129 5068 3399 5134 multoties
3436 5081 3561 5126 con-

1967 5183 2163 5229 ventus
2189 5171 2364 5224 factus
2400 5165 2562 5220 fuerit
2590 5173 2902 5218 sanctorum
2930 5162 3172 5230 Patrum,
3214 5177 3242 5222 ιι
3267 5161 3464 5230 quibus
3501 5167 3556 5228 et

1971 5266 2348 5333 deliberatum,
2377 5274 2440 5314 ac
2465 5256 2810 5311 observatum
2855 5255 3146 5320 exstiterit,
3175 5252 3408 5324 qualiter
3433 5250 3557 5319 abs-

1969 5372 2074 5427 que
2101 5355 2359 5408 Romanae
2392 5348 2558 5418 sedis,
2597 5345 2934 5416 Romanique
2975 5345 3247 5417 pontificis
3286 5356 3555 5412 consensu

1969 5445 2170 5502 nullius
2199 5443 2532 5512 iuSurgentis
2572 5439 2979 5497 deliberationis
3008 5438 3271 5502 terminus
3309 5434 3550 5494 daretur.

1970 5538 2084 5596 Hoc
2135 5534 2383 5596 videlicet
2423 5535 2488 5590 de
2518 5534 2812 5603 majoribus
2856 5535 3119 5588 duntaxat
3163 5528 3416 5584 Ecclesia:
3464 5539 3556 5592 ne:

1969 5628 2127 5700 goliis
2164 5641 2261 5682 nos
2299 5627 2600 5691 innuentes,
2662 5625 2803 5696 quod
2829 5635 2884 5680 et
2928 5636 3148 5680 veraces
3194 5619 3449 5680 historiae,
3496 5625 3551 5674 et

1969 5720 2246 5794 synodalia
2270 5727 2420 5790 gesta
2435 5734 2576 5789 srepe
2599 5717 2903 5784 dillinitum,
2932 5729 3073 5784 saepe
3088 5722 3141 5768 et
3163 5711 3364 5766 factum
3386 5708 3554 5778 fuisse

1970 5821 2280 5886 testantur:
2334 5813 2442 5872 Vos
2491 5812 2736 5886 erasistis
2781 5809 2994 5881 absque,
3046 5816 3099 5861 et
3153 5799 3554 5889 iuterposuistil}
