4050 6324
547 350 688 426 1025

545 504 685 554 cum,
733 485 1041 558 significare
1087 483 1296 540 scilicet
1340 490 1707 540 attentantes:
1765 482 2130 539 Deliberatum
2158 482 2213 544 Α

547 577 726 633 fuerat
753 591 784 631 a
825 577 1028 633 sanctis
1055 575 1326 642 Patribus,
1377 585 1440 633 ut
1475 591 1600 632 cum
1631 575 1776 632 sedis
1801 576 2132 648 apostolica),

547 675 604 726 et
646 667 897 724 ecclesiae
938 675 1134 724 vestrae
1169 681 1437 724 consensu
1469 667 1649 724 omnis
1683 668 1762 723 rei
1794 667 1917 725 finis
1943 668 2140 725 debeat

548 761 772 816 omnino
795 757 1025 831 proferri
1049 775 1064 812 :
1098 773 1221 814 cum
1242 759 1347 814 hoc
1371 758 1489 815 fieri
1511 773 1727 830 semper
1757 747 1903 814 nulla
1927 758 2137 814 ratione

549 853 744 919 valeat,
812 850 961 908 nullo
1004 867 1232 923 prorsus
1288 844 1538 923 exemplo
1584 861 1796 924 gestum
1867 861 2133 923 patescat,

547 943 852 1018 praesertim
879 959 1003 1001 cum
1029 945 1146 1002 haec
1173 945 1471 1017 apostolica
1500 960 1715 1018 semper
1749 946 1905 1003 sedes
1924 945 1979 1002 in
2003 961 2135 1003 sana

549 1035 797 1093 doctrina
825 1035 1149 1106 perstiterit.

618 1127 814 1185 Vestra
862 1142 997 1184 vero
1044 1129 1272 1186 ecclesia
1318 1130 1600 1203 (quantum
1655 1131 1722 1186 ad
1788 1131 2138 1203 praesulatum

546 1219 804 1292 pertinet)
849 1218 1162 1276 infirmante
1207 1220 1385 1292 capite
1411 1235 1554 1292 saepe
1590 1220 1903 1289 languerit:
1939 1235 2005 1277 ac
2038 1234 2138 1292 per

551 1313 655 1369 hoc
710 1313 815 1370 ista
883 1313 1192 1384 nequiverit
1249 1314 1425 1370 ascire
1464 1314 1654 1384 quovis
1709 1315 1870 1370 modo
1908 1328 2138 1370 consen-

547 1418 690 1469 sum,
736 1402 893 1474 cujus
929 1405 1221 1475 pessimum
1267 1405 1654 1462 exsecrabatur
1704 1420 1812 1460 non
1862 1405 2139 1462 immerito

548 1509 788 1550 sensum.
841 1494 1048 1552 Deinde
1087 1510 1213 1550 cum
1239 1510 1340 1551 nos
1395 1495 1776 1566 exprobrantis
1816 1494 2013 1552 affectu
2041 1511 2139 1568 per

546 1597 665 1640 eam
681 1584 896 1640 causari
917 1584 1220 1651 videamur,
1247 1600 1346 1656 pro
1361 1600 1427 1664 eo
1447 1586 1591 1657 quod
1610 1595 1787 1642 cauus
1807 1587 2140 1643 conveniens

547 1675 1072 1748 Constantinopolim
1129 1679 1249 1734 sine
1289 1678 1525 1735 Romani
1567 1679 1813 1736 consultu
1868 1679 2140 1752 pontificis

547 1769 813 1840 lgnatium
850 1771 1073 1841 proprio
1107 1772 1378 1842 privasset
1406 1774 1631 1839 honore,
1674 1776 1816 1846 quod
1870 1790 2138 1846 nusquam

549 1860 804 1916 nimirum
826 1861 894 1916 de
915 1860 1510 1934 ConstantinOpolitano
1524 1867 1755 1937 praesule
1777 1868 1880 1923 nisi
1894 1867 2139 1924 fortassis
2166 1854 2215 1914 Β

552 1949 618 2005 ab
639 1951 912 2008 haereticis
941 1953 1148 2025 absque
1171 1954 1420 2012 Romano
1447 1972 1587 2029 papa
1617 1958 1817 2016 factum
1847 1961 2014 2018 fuisse
2053 1977 2141 2020 re-

552 2044 750 2100 colitur
779 2063 793 2101 :
823 2046 933 2102 Vos
947 2048 1052 2103 hoc
1077 2051 1454 2107 commutastis
1477 2051 1738 2120 dicentes,
1783 2059 1930 2124 quod
1958 2056 2014 2110 in
2038 2070 2142 2113 nos

549 2137 702 2208 prius
730 2152 761 2192 a
789 2137 944 2193 vobis
976 2137 1092 2194 ﬁeri
1116 2154 1224 2195 non
1264 2141 1516 2199 debuisse
1552 2157 1661 2198 non
1712 2145 2136 2215 scripsissemus,

551 2238 810 2302 tanquam
846 2231 934 2288 vel
961 2247 1061 2288 nos
1086 2241 1275 2304 postea
1309 2234 1362 2290 id
1393 2235 1514 2291 ﬁeri
1564 2239 1966 2295 censuissemus
1997 2256 2011 2294 :
2045 2245 2142 2294 aut

548 2331 808 2394 tanquam
837 2338 936 2380 nos
961 2322 1166 2394 legatos
1188 2333 1423 2401 nostros.
1459 2341 1565 2382 non
1591 2327 1658 2383 ad
1688 2327 2016 2384 audiendam
2049 2344 2140 2387 so-

547 2412 827 2471 lummodo
868 2425 921 2471 et
946 2415 1103 2472 nobis
1131 2415 1471 2474 referendam
1515 2418 1708 2491 lgnatii
1745 2435 1988 2490 causam,
2046 2421 2144 2478 sed

547 2505 615 2560 ad
653 2504 1018 2564 diliiniendam
1061 2508 1584 2582 Constantinopolim
1633 2512 1965 2583 miserimus,
2017 2530 2142 2572 cum

548 2599 821 2655 nonnullis
843 2601 897 2656 in
912 2601 1099 2658 eadem
1110 2603 1338 2674 epistola
1360 2603 1694 2676 interpositis
1709 2606 1938 2663 inveniri
1957 2616 2140 2678 queat,

548 2693 692 2762 quod
717 2693 1069 2766 depositionis
1095 2695 1337 2767 ejusdem
1365 2699 1768 2754 consacerdotis
1810 2701 1983 2756 nostri
2017 2715 2144 2757 cen-

547 2799 734 2840 suram
771 2800 878 2842 non
926 2788 1230 2855 terminari,
1259 2790 1354 2846 sed
1377 2796 1587 2846 tantum
1607 2792 1878 2862 perquiri.
1902 2800 1958 2849 et
1985 2793 2144 2851 nobis

546 2877 847 2951 significari
875 2881 943 2936 ad
966 2880 1332 2938 difﬁniendam
1364 2884 1746 2940 auctoritatem
1783 2885 2141 2955 apostolicam

549 2969 733 3044 (forte,
759 2974 1085 3030 auctoritate
1110 2975 1640 3049 apostolica,Hann.]
1671 2977 1790 3034 luce
1813 2980 2018 3036 clarius
2050 2981 2143 3036 de-

548 3065 900 3122 creverimus.
922 3065 1058 3123 Nam
1089 3068 1134 3124 si
1160 3084 1257 3124 nos
1283 3083 1383 3139 pro
1409 3069 1716 3126 difiinienda
1762 3074 2139 3129 controversia

548 3154 734 3211 fratris
761 3158 934 3213 nostri
977 3157 1168 3230 lgnatii
1216 3169 1342 3216 tunc
1364 3161 1554 3232 legatis
1598 3164 1799 3220 nostris
1843 3167 2137 3238 quidquam

549 3250 925 3321 praecepimus,
951 3251 1035 3306 vel
1055 3265 1180 3307 eum
1206 3253 1538 3310 damnationi
1563 3254 1751 3325 subjici
1779 3255 2141 3326 decrevimus,
2170 3219 2214 3282 Ο

550 3349 611 3396 ut
637 3342 768 3412 quid
795 3356 864 3398 ne
899 3344 1228 3398 sententiam
1270 3343 1608 3401 dilﬁnitivam
1649 3348 1923 3420 suscipere
1962 3350 2140 3424 [forle,

551 3434 875 3506 susciperet,
901 3433 1126 3509 HARD.],
1165 3436 1290 3493 licet
1320 3452 1427 3493 non
1457 3435 1619 3510 digne
1638 3443 1754 3509 ,‘nec
1779 3441 2018 3514 legitime
2047 3446 2143 3501 de-

550 3526 901 3594 certaverint,
967 3536 1207 3585 attamen
1244 3541 1723 3603 quantumcunque
1770 3545 1826 3591 et
1855 3538 2144 3606 quomodo-

548 3633 764 3689 cunque
807 3622 1224 3689 contradixisse,
1258 3637 1323 3679 ac
1356 3638 1427 3679 ne
1459 3623 1842 3696 deponeretur,
1877 3629 2142 3687 restitisse

547 3711 866 3782 probantur.
898 3709 1176 3782 Siquidem
1207 3713 1290 3786 (ut
1317 3723 1512 3770 caetera
1534 3731 1678 3773 nunc
1710 3732 2142 3780 commemorare

547 3805 883 3878 differamus)
901 3807 955 3862 in
979 3805 1206 3877 epistola
1223 3815 1404 3862 vestra
1427 3821 1494 3863 ex
1507 3817 1601 3865 ore
1615 3817 1796 3866 vestro
1826 3811 2138 3879 didicimus,

547 3897 823 3968 quomodo
853 3895 930 3952 illi
955 3911 1062 3951 non
1094 3896 1267 3952 solum
1305 3911 1628 3954 consensum
1659 3899 1950 3956 noluerunt
1971 3902 2140 3973 ipsius

546 3988 789 4060 praebere
820 3988 1171 4053 damnationi,
1202 4003 1392 4044 verum
1431 3989 1598 4045 etiam
1627 3991 1880 4062 qualiter,
1929 4009 1998 4049 ne
2022 4002 2139 4048 tan-

551 4089 662 4133 tum
693 4077 964 4148 piaculum
991 4093 1022 4133 a
1054 4078 1206 4134 vobis
1232 4079 1286 4134 in
1303 4095 1426 4135 eum
1454 4081 1913 4150 committeretur,
1967 4084 2140 4141 inter-

550 4171 786 4228 dixerint
810 4188 824 4226 :
847 4187 967 4242 quae
1001 4172 1245 4242 profecto
1298 4181 1360 4228 et
1387 4173 1489 4244 ipsi
1533 4175 1759 4232 minime
1794 4178 2136 4234 contradice-

550 4273 692 4331 rent,
748 4265 794 4321 si
847 4272 909 4320 ut
955 4265 1279 4336 depositioni
1329 4267 1447 4337 ejus
1502 4267 1849 4336 interessent,
1898 4283 1998 4326 nos
2034 4270 2136 4326 sibi

549 4357 860 4412 mandatum
891 4356 1149 4412 tribuisse
1197 4358 1536 4426 recolerent,
1589 4369 1644 4416 et
1669 4375 1767 4418 vos
1794 4371 1982 4433 postea
2031 4364 2136 4421 nisi

548 4447 664 4503 illos
710 4456 909 4518 pra-ter
943 4446 1245 4519 jussionem
1311 4458 1552 4505 nostram
1599 4449 1793 4508 fecisse
1833 4452 1980 4510 clare
2027 4455 2137 4511 sci-

547 4541 698 4605 retis,
728 4555 822 4596 eos
845 4548 900 4594 et
924 4539 1079 4595 vobis
1118 4541 1524 4607 commendare,
1551 4551 1606 4598 et
1629 4529 1794 4615 super
1809 4546 2133 4617 .hujusmodi
2163 4565 2216 4628 ι)

545 4647 685 4690 noxa
729 4631 1174 4704 transgressionis
1233 4645 1498 4688 excusare
1552 4633 1701 4689 nullo
1745 4636 1906 4691 modo
1959 4637 2136 4693 stude-

546 4727 697 4782 retis.

613 4818 733 4874 Jam
781 4834 913 4877 vero
943 4821 990 4877 si
1055 4821 1254 4887 dicitis,
1295 4835 1459 4893 quam
1507 4820 1579 4878 ob
1630 4835 1747 4877 rem
1801 4821 1921 4880 illos
1967 4824 2134 4898 depo-

545 4911 835 4978 suerimus,
876 4928 1002 4969 cum
1029 4928 1122 4970 eos
1154 4913 1210 4969 in
1239 4912 1588 4970 damnatione
1609 4929 1751 4986 saepe
1775 4913 1872 4971 fati
1901 4900 2137 4987 patriar-

545 4999 663 5054 cbae
711 5003 1017 5058 consentire
1065 5003 1305 5060 noluisse
1340 5011 1452 5059 tam
1505 5003 1794 5061 manifeste
1846 5006 2085 5063 sciamus
2115 5048 2132 5075 ,

548 5089 978 5159 respondemus,
1033 5095 1159 5164 quia
1211 5093 1346 5148 nihil
1399 5093 1504 5150 illis
1551 5096 1750 5150 bonum
1798 5095 2000 5168 profuit
2053 5097 2135 5153 in-

545 5177 794 5241 choasse,
822 5184 878 5232 et
900 5177 955 5232 in
978 5179 1220 5235 bonitate
1250 5179 1472 5236 minime
1498 5181 1842 5251 perdurasse,
1872 5181 2133 5250 Quoniam

543 5268 635 5338 qui
647 5271 1043 5337 perseveraverit
1064 5285 1227 5341 usque
1245 5271 1299 5326 in
1311 5272 1491 5341 ﬁnem,
1513 5273 1598 5327 hic
1616 5272 1790 5329 salvus
1812 5275 1932 5348 erit(
1939 5274 2128 5332 Matth.

544 5358 623 5431 ι).
679 5357 816 5425 Quid
846 5359 989 5414 enim
1019 5361 1260 5430 proderit
1283 5361 1440 5418 alicui
1495 5379 1594 5435 pro
1622 5367 1852 5424 veritate
1898 5367 2133 5438 primum

543 5450 765 5522 quidem
795 5448 1056 5521 impetum
1105 5453 1257 5518 dare,
1308 5438 1362 5508 ἐι
1399 5463 1520 5524 post
1540 5455 1815 5524 paululum
1869 5466 1962 5513 aut
2003 5473 2129 5513 sua-

543 5543 807 5609 sionibus,
857 5550 952 5597 aut
1002 5543 1322 5612 terroribus,
1382 5555 1476 5602 aut
1509 5547 1617 5603 alio
1643 5548 1885 5618 quolibet
1930 5551 2063 5608 vitio
2097 5565 2129 5606 a

543 5637 789 5692 veritatis
811 5635 1031 5693 tramite
1056 5635 1369 5693 declinare?
1399 5638 1570 5695 Porro
1596 5639 1642 5694 si
1674 5638 1863 5697 Vitalis
1883 5650 1938 5697 et
1965 5641 2127 5699 Mise-

545 5741 670 5793 nus,
703 5727 769 5784 de
797 5727 996 5798 quibus
1019 5742 1183 5799 supra
1213 5727 1468 5793 diximus,
1513 5745 1542 5783 a
1574 5731 1738 5785 beato
1783 5731 1962 5788 Felice
1986 5748 2128 5804 papa

544 5817 750 5875 honore
777 5820 982 5890 pariter
1020 5829 1077 5874 et
1101 5817 1484 5876 communione
1510 5821 1706 5894 privati
1735 5831 1880 5890 sunt,
1929 5826 2022 5896 qui
2047 5826 2128 5882 'ad

1901 363 2174 422 NICOLAI
2213 363 2414 419 PAPXE
2455 364 2477 420 Ι

3835 367 3866 418 1
3877 368 3971 421 (νέξ

2237 481 2365 537 talia
2412 481 2499 538 vel
2547 481 2763 554 impulsi
2819 481 3012 554 dilapsi
3066 494 3482 556 suut;quanto
3545 486 3831 557 potius
3890 489 3968 544 iss

2237 575 2356 643 pari
2384 573 2583 630 debent
2609 573 2802 628 ultioni
2841 576 3218 644 succumbere,
3273 577 3364 648 qui
3389 592 3637 668 parem
3694 579 3962 646 quidm

2235 664 2758 736 praevaricationem,
2799 664 2893 721 sed
2916 680 3025 720 non
3054 680 3235 736 pares,
3295 664 3412 722 imo
3434 666 3690 722 nullas
3735 682 3958 737 pctus:

2237 759 2377 815 sicut
2429 757 2505 814 illi
2534 758 2808 828 quondam
2837 759 3084 830 perpessi
3133 768 3278 815 sunt.
3317 758 3450 816 Post
3493 761 3664 816 haec
3742 773 3952 818 aute-2

2236 849 2494 921 quidquid
2540 849 2608 905 de
2626 851 2740 922 jam
2790 848 2888 904 fati
2927 849 3112 907 fratris
3147 862 3204 907 et
3245 852 3667 909 comministri
3751 860 3944 909 nostri

2235 941 2425 1015 lgnatii
2481 942 2767 1016 tyrannica
2806 941 3136 1012 repulsione,
3167 943 3433 1014 quidquid
3492 944 3591 1000 de
3643 945 3939 1000 inconsi-

2237 1038 2423 1092 derata
2466 1045 2522 1092 et
2562 1035 2780 1091 invidize
2810 1035 2969 1107 plena
3025 1034 3082 1091 in
3104 1051 3229 1091 eum
3272 1036 3488 1107 prolata
3565 1040 3929 1094 sententia.

2237 1130 2500 1201 quidquid
2527 1129 2594 1185 de
2614 1128 2830 1185 violatis
2849 1128 3092 1200 paternis
3113 1125 3564 1194 diffinitionibus,
3608 1130 3926 1198 quidquid

2238 1223 2304 1278 de
2337 1221 2515 1277 Photii
2552 1219 3247 1292 scripseramusirregulari
3272 1219 3692 1290 promotione,
3779 1218 3922 1273 salta

2239 1311 2474 1383 quodam
2522 1311 2734 1366 astutiae
2785 1310 3257 1374 transcendentes,
3306 1310 3472 1366 etiam
3529 1317 3915 1364 sanctam

2239 1403 2461 1459 Patrum
2510 1399 2772 1465 instituta,
2826 1413 2947 1470 qua:
2987 1399 3164 1455 sancti
3195 1397 3431 1469 Spiritus
3479 1396 3722 1453 afﬂatu
3789 1409 3912 1451 sum

2240 1494 2407 1560 edita,
2458 1507 2525 1548 ne
2547 1491 2615 1547 ad
2642 1491 2854 1547 concilii
2902 1491 3250 1562 pervenirent
3291 1492 3554 1546 notitiam
3625 1494 3908 1546 contexi-

2241 1586 2361 1652 stis,
2411 1593 2465 1639 et
2493 1582 2656 1638 veluti
2693 1583 2747 1638 in
2781 1582 3017 1654 quodam
3049 1580 3250 1637 silentii
3306 1581 3533 1637 sudario
3573 1581 3818 1651 ligata,
3858 1583 3903 1634 ia

2244 1684 2388 1731 terra
2409 1675 2535 1730 dum
2565 1672 2823 1729 divinitus
2847 1671 3109 1728 attributa
3129 1670 3334 1727 talenta
3355 1670 3608 1737 fuerint,
3641 1673 3897 1727 abscon-

2243 1770 2418 1835 distis,
2442 1767 2568 1825 licet
2589 1751 2947 1824 continuatim
2960 1766 3295 1823 deveniendo
3310 1766 3366 1821 in
3391 1774 3737 1836 conspectu
3767 1766 3901 1819 mis-

2242 1877 2426 1919 sorum
2473 1869 2782 1917 nostrorum
2828 1867 2885 1915 et
2933 1858 3300 1931 perquirendo
3366 1857 3618 1930 lgnatio.
3685 1857 3904 1925 Quam-

2238 1955 2424 2010 obrem
2449 1953 2700 2009 traditam
2717 1952 2816 2008 sibi
2840 1951 3077 2023 plebem,
3097 1961 3151 2006 et
3174 1951 3472 2007 constituta
3492 1952 3896 2007 decessoru-

2239 2061 2483 2102 meorum
2511 2045 2798 2117 spreverit,
2840 2059 2961 2115 qua:
3007 2060 3106 2100 nos
3133 2053 3258 2114 post
3297 2043 3463 2098 multa
3498 2045 3892 2116 scripsimus,

2241 2137 2401 2194 dictis
2429 2136 2798 2208 superioribus
2818 2136 3340 2208 conglutinaveritis.
3369 2135 3488 2192 Non
3511 2147 3728 2194 tamen
3763 2155 3891 2209 quae

2241 2245 2342 2287 nos
2367 2229 2652 2286 confestim
2695 2228 3101 2295 subintulimus,
3151 2229 3300 2300 passi
3324 2229 3459 2285 estis
3491 2231 3566 2287 ad
3591 2233 3890 2302 cognitio-

2251 2339 2375 2380 nem
2427 2322 2684 2379 Ecclesize
2729 2321 3364 2393 Constantinopolitanae,
3415 2323 3500 2378 vel
3542 2324 3615 2380 ad
3671 2327 3882 2398 synodi

2243 2415 2574 2472 auditionem
2623 2414 2876 2486 perferri.

2317 2507 2715 2566 Subintulimus
2743 2510 2941 2581 quippe
2979 2524 3080 2566 nos
3127 2518 3249 2580 post
3275 2509 3366 2566 illa
3392 2512 3561 2567 verba
3612 2512 3702 2567 ita
3736 2529 3876 2569 con-

2245 2603 2396 2658 tinuo
2449 2611 2884 2674 prosequentes:
2940 2603 3008 2658 Et
3046 2604 3102 2659 in
3159 2604 3265 2660 hoc
3324 2606 3595 2678 agendum
3666 2608 3869 2663 subtili

2245 2697 2496 2753 examine
2536 2712 2566 2752 a
2597 2705 2798 2753 nostrae
2824 2694 3086 2766 jussionis
3117 2696 3311 2769 legatis
3341 2698 3708 2769 depositionis
3742 2703 3868 2771 ejus

2244 2800 2477 2842 censura
2502 2786 2853 2858 perquiratur
2881 2805 2895 2842 :
2927 2796 3194 2857 quatenus
3222 2788 3560 2860 inquirentes
3597 2791 3866 2848 invenire

2244 2888 2463 2950 queant,
2492 2888 2677 2935 utrum
2706 2877 3001 2935 canonicus
3035 2887 3194 2936 tenor
3213 2879 3267 2936 in
3297 2881 3488 2936 eadem
3513 2881 3858 2940 observatos

2246 2973 2426 3039 fuerit,
2458 2973 2545 3029 vel
2576 2988 2682 3028 non
2716 2971 3063 3028 manifestum
3113 2973 3345 3039 existat;
3391 2990 3454 3030 ac
3481 2973 3674 3031 deinde
3717 2993 3851 3034 cum

2245 3074 2432 3120 nostro
2473 3064 2784 3136 praesulatui
2823 3065 3188 3138 significatum
3235 3065 3424 3131 fuerit,
3480 3068 3605 3138 quid
3653 3070 3726 3125 de
3778 3088 3849 3128 eo

2247 3161 2512 3234 agendum
2535 3164 2642 3229 sit,
2697 3162 2989 3232 apostolica
3044 3162 3322 3219 sanctione
3368 3163 3716 3228 diffiniamus,
3780 3179 3845 3223 ut

2247 3262 2426 3309 vestra
2474 3254 2726 3318 ecclesia,
2779 3269 2901 3324 quae
2949 3254 3118 3310 tantis
3169 3254 3405 3326 quotidie
3439 3253 3665 3323 quatitur
3723 3272 3837 3312 an~

2248 3345 2564 3415 xietatibus,
2611 3345 2938 3402 inviolabilis
2979 3346 3236 3416 deinceps
3275 3354 3326 3400 et
3345 3346 3646 3401 inconcussa
3685 3362 3828 3417 pera

2247 3447 2467 3494 maneat
2496 3455 2512 3493 :
2543 3437 2637 3494 sed
2665 3453 2764 3494 vos
2792 3437 2927 3500 hac,
2980 3445 3041 3491 ut
3090 3435 3439 3507 praetulimus,
3465 3435 3823 3502 occultantes,

2246 3545 2276 3585 a
2327 3530 2565 3600 piorum,
2608 3528 2702 3599 qui
2755 3527 3005 3585 fortassis
3059 3527 3170 3583 illic
3217 3527 3564 3594 habebantur,
3621 3529 3815 3584 notitia

2249 3621 2605 3678 subduxistis.

2315 3715 2397 3770 Ad
2457 3713 2591 3769 nihil
2626 3713 2785 3785 plane
2841 3713 2997 3769 aliud
3033 3712 3396 3780 intendentes,
3448 3713 3545 3769 nisi
3598 3721 3656 3767 ut
3699 3729 3806 3768 non

2245 3809 2590 3865 tenebrarum
2613 3821 2780 3878 Opera
2811 3804 3250 3862 manifestatione
3277 3806 3420 3862 lucis
3445 3816 3800 3878 arguerentur,

2243 3907 2300 3954 et
2326 3907 2387 3954 ut
2411 3912 2511 3953 nos
2534 3897 2619 3953 his
2657 3912 2777 3968 qum
2812 3897 2920 3953 illic
2966 3897 3411 3954 irrationabiliter
3447 3906 3560 3954 acta
3585 3898 3803 3964 fuerant,

2243 3990 2369 4045 dum
2401 3996 2586 4043 nostra
2614 3987 2818 4058 scripta
2855 3997 3123 4056 tacentur,
3154 4004 3480 4045 consensum
3533 3990 3798 4062 prabuisse

2241 4088 2642 4152 reputaremur.
2675 4078 2876 4136 Probat
2897 4081 3001 4137 hoc
3027 4082 3298 4154 praecipue
3318 4091 3446 4153 post
3471 4083 3620 4138 multa
3638 4084 3794 4149 utilia,

2242 4185 2364 4241 quae
2391 4170 2464 4225 ibi
2503 4184 2611 4225 non
2646 4169 2852 4225 utiliter
2888 4181 3166 4243 corrupta,
3221 4173 3308 4228 vel
3335 4174 3632 4230 defraudata
3659 4184 3792 4240 sunt,

2244 4261 2570 4318 novissimus
2612 4259 2854 4330 ejusdem
2888 4261 3132 4333 epistolae
3152 4263 3326 4330 locus,
3367 4267 3420 4320 in
3447 4282 3549 4337 quo
3577 4282 3660 4322 nos
3684 4270 3794 4338 qui-
3870 4332 3877 4340 ι

2241 4353 2366 4410 dem
2406 4353 2614 4424 legatos
2659 4362 2879 4409 nostros
2905 4354 3387 4422 commendantes,
3423 4356 3788 4426 amplitudinem

2243 4453 2392 4502 tuam
2406 4445 2683 4516 deprecati
2710 4443 2990 4502 fueramus
3014 4445 3082 4502 de
3097 4448 3228 4517 ipsis
3253 4449 3398 4505 inter
3426 4449 3524 4504 alia
3543 4449 3746 4505 dicentes
3769 4470 3781 4505 :

2243 4537 2310 4593 Et
2347 4551 2469 4594 cum
2502 4535 2557 4592 in
2589 4546 2858 4592 conventu
2886 4536 3150 4594 Ecclesia:
3169 4540 3410 4595 sederint
3457 4556 3551 4611 pro
3567 4540 3782 4597 ecclesia-

2240 4629 2392 4686 sticis
2420 4628 2852 4696 diﬂinitionibus,
2906 4629 3039 4685 nihil
3078 4644 3111 4684 a
3137 4630 3311 4696 vobis,
3365 4631 3450 4686 vel
3479 4633 3543 4688 ab
3577 4632 3677 4688 aliis
3698 4632 3780 4687 alio

2239 4719 2394 4791 cujus
2441 4719 2848 4776 contrarietatis
2903 4720 3166 4792 impetum
3217 4723 3457 4779 sentiant
3496 4743 3509 4780 :
3551 4740 3633 4781 vos
3671 4740 3777 4780 vero

2239 4811 2486 4884 protinus
2534 4811 2917 4878 subintulistis,
2965 4813 3124 4883 quasi
3176 4829 3276 4870 nos
3330 4816 3415 4872 his
3473 4819 3772 4874 eontinuatim

2239 4902 2708 4975 subjunxissemus
2757 4902 3105 4974 perhibentes
3155 4922 3169 4960 :
3211 4905 3258 4960 Α
3301 4905 3455 4963 nobis
3503 4909 3627 4965 enim
3675 4925 3771 4979 quae

2239 4993 2551 5065 hujusmodi
2586 5001 2712 5050 sunt
2742 4993 3110 5066 dispositionis
3147 5003 3206 5053 et
3240 5004 3444 5052 statuta
3470 5007 3583 5054 sunt
3626 4999 3771 5056 etdif-

2242 5087 2416 5144 ﬁnita.

2313 5178 2430 5235 Hoc
2448 5188 2724 5251 praecepto
2747 5188 2930 5237 vestra
2959 5181 3167 5237 utinam
3189 5181 3410 5254 placens
3428 5184 3534 5239 Deo
3553 5189 3767 5258 sagacitas

2242 5273 2469 5330 innuere
2506 5271 2696 5328 volens
2724 5287 3061 5345 quaecunque
3089 5289 3120 5329 a
3146 5273 3337 5344 legatis
3391 5277 3577 5332 nostris
3604 5286 3764 5334 statuta

2244 5365 2465 5420 fuerunt
2509 5371 2565 5420 et
2589 5363 2839 5428 diﬂinita,
2875 5378 2976 5420 nos
3005 5365 3284 5431 statuisse,
3327 5366 3412 5422 vel
3437 5366 3663 5424 dimnisse
3687 5386 3762 5441 per

2239 5456 2422 5515 omnia
2441 5454 2827 5527 dignoscamur
2854 5473 2870 5514 ι
2892 5456 2986 5527 qui
3019 5465 3202 5512 tamen
3226 5456 3465 5527 scriptus
3492 5459 3758 5526 versiculus,

2236 5563 2338 5605 nec
2373 5562 2407 5602 a
2432 5546 2589 5602 nobis
2612 5546 2834 5617 prodiit,
2887 5561 2990 5603 nec
3015 5547 3095 5603 eis
3121 5546 3343 5619 (praeter
3370 5549 3513 5619 quod
3545 5550 3596 5605 ad
3614 5566 3759 5608 sacras

2236 5639 2499 5712 imagines
2529 5638 2787 5710 pertinet,
2834 5645 2891 5694 et
2916 5638 2971 5694 id
2997 5653 3214 5710 quoque
3255 5641 3754 5715 irreprehensibiliter)

2238 5733 2616 5791 diﬂiniendum
2681 5733 2798 5790 sive
2853 5731 3080 5803 scripto,
3146 5734 3261 5790 sive
3303 5735 3469 5791 verbo
3531 5737 3755 5803 terminare

2239 5828 2554 5900 quidquam,
2612 5825 2694 5883 vel
2723 5824 3027 5883 deliberare
3053 5828 3430 5900 praecepimus.
3461 5827 3533 5884 lla
3550 5843 3644 5897 esse
3660 5845 3751 5901 qua:
