4050 6324
186 346 390 403 1025

1476 339 1839 399 erasmus
1879 339 1969 398 ET
2007 338 2352 398 occasu.
2419 316 2421 318 ’

3393 351 3532 414 1026

177 465 485 520 diximus
525 463 772 534 superius
816 479 847 518 a
878 462 1032 520 nobis
1061 461 1336 519 annotatis
1385 461 1718 526 sententiis,’
1755 469 1835 516 te-
1861 459 1913 521 Α
1939 456 2177 514 immane
2215 456 2561 530 sacrilegium
2597 467 2812 531 gestum
2853 469 2956 526 est,
3013 461 3370 522 nihilominus
3423 468 3530 525 im-

185 555 619 613 stificantibus
670 555 1072 626 exemplaribus
1099 553 1340 624 ejusdem
1366 553 1609 626 epistola:
1638 561 1839 610 nostra;

187 650 322 705 ubi
365 665 472 705 nos
494 649 788 721 depravata
813 647 1051 719 rejacent
1077 646 1278 704 affatim
1304 645 1674 703 edocentibus.
1701 642 1837 699 Nam

202 743 271 798 si
313 757 433 798 nos
474 742 598 798 ideo
639 743 834 798 missos
875 751 1092 798 nostros
1135 740 1583 804 destinassemus,
1613 746 1674 792 ut
1720 737 1839 792 vice

199 843 437 892 nostra
465 833 655 905 lgnatii
687 842 872 892 essent
900 833 1097 906 negotii
1126 831 1358 901 judices,
1384 827 1838 901 quemadmodum

211 939 344 980 vos
378 924 744 995 praetenditis,
780 923 872 996 qui
902 922 1217 978 latrocinale
1246 921 1377 977 illud
1413 918 1726 982 concilium,
1781 915 1836 969 in

198 1034 348 1090 quo
375 1018 620 1090 lgnatius
643 1019 836 1089 deponi
869 1025 1090 1089 putatus
1123 1025 1226 1082 est,
1282 1013 1546 1084 judicium
1587 1019 1835 1068 nostrum

203 1112 550 1172 scribentes
590 1111 854 1168 asseritis.
876 1112 1019 1167 Ante
1052 1110 1218 1166 totius
1259 1107 1371 1164 litis
1399 1107 1718 1170 motionem,
1756 1112 1836 1159 at-

205 1217 345 1273 que
369 1211 503 1258 ante
529 1202 708 1258 omnis
728 1201 942 1257 initium
983 1198 1370 1257 controversia:
1398 1197 1582 1252 sedem
1605 1195 1655 1250 ei
1698 1208 1828 1264 pro-

203 1292 419 1364 priam
474 1291 686 1348 restitui
731 1291 920 1363 procul
964 1290 1129 1346 dubio
1167 1287 1586 1352 censuissemus,
1615 1294 1677 1342 ut
1706 1285 1838 1356 legi-

208 1386 377 1442 time
431 1385 689 1440 nimirum
727 1383 994 1454 reciperet
1044 1382 1189 1453 quod
1239 1379 1399 1436 nulla'
1436 1379 1555 1450 lege
1599 1378 1836 1438 dictante

209 1480 577 1552 perdiderat,
637 1486 800 1550 atque
837 1493 938 1549 per
973 1475 1403 1533 ecclesiasticum
1440 1486 1702 1529 canoncm
1751 1485 1837 1526 re-

217 1580 491 1629 sumeret
556 1570 701 1642 quod
754 1569 832 1626 illi
884 1569 1123 1641 potentia
1175 1566 1450 1624 saecularis
1516 1563 1832 1620 ademerat:

220 1670 519 1731 quatenus
571 1660 651 1716 sic
698 1660 893 1716 deinde
936 1658 1156 1729 propria
1193 1657 1345 1722 sede,
1385 1670 1595 1712 necnon
1635 1662 1691 1710 et
1719 1669 1836 1709 om-

229 1753 414 1809 nibus
478 1751 591 1807 suis
653 1760 781 1807 ante
835 1751 1107 1821 receptis,
1158 1749 1470 1819 viribusque
1543 1746 1834 1818 resumptis

1939 561 2131 603 mensa
2157 547 2518 606 admiratione
2547 548 2818 618 ducimur,
2871 560 2928 608 et
2953 553 3079 624 quia
3108 563 3319 612 tantum
3367 556 3535 630 impe-

1938 638 2082 694 rium
2117 639 2249 697 illud
2268 641 2464 712 potuit,
2501 649 2558 698 et
2595 650 2801 698 tantam
2848 643 3094 702 fraudem
3133 647 3379 718 perferre
3409 648 3534 720 jure

1937 728 2198 786 dolemus.
2245 732 2489 804 Denique
2530 733 2876 806 sacrilegium
2927 751 3035 793 non
3066 737 3340 796 immerito
3377 756 3531 799 com-

1936 821 2152 880 misisse
2187 823 2446 880 dicendus
2474 833 2577 892 est,
2617 826 2711 898 qui
2757 828 2962 900 scripta
3011 831 3231 902 pietatis
3266 832 3530 901 fidelium,

1937 922 2096 985 atque
2139 915 2215 986 pii
2259 916 2519 987 principis
2558 918 2765 976 notioni
2814 920 2900 977 vel
2948 922 3222 991 subducit,
3266 924 3413 982 vela
3449 927 3533 983 sui

1935 1007 2164 1064 veritate
2186 1008 2512 1066 submovens
2532 1010 2839 1070 velamento
2864 1015 3262 1088 praestigiorum
3309 1032 3534 1076 suorum

1934 1098 2236 1157 obnubilat.
2290 1099 2679 1160 Verumtamen
2704 1120 2804 1162 nos
2853 1107 3342 1181 quomodocunque
3384 1109 3535 1168 falsi-

1936 1191 2059 1258 tati,
2105 1191 2191 1249 vel
2230 1192 2603 1265 depravationi
2633 1197 2824 1256 eadem
2863 1199 2936 1255 sit
2961 1200 3192 1272 epistola
3236 1202 3533 1272 submissa,

1937 1294 2121 1354 grates
2147 1284 2462 1343 innumeras
2507 1289 2720 1360 agimus
2747 1289 2878 1358 Deo,
2907 1292 3062 1364 cujus
3095 1293 3446 1365 inspiratione
3479 1303 3529 1353 et

1935 1375 2114 1432 fidelia
2167 1376 2285 1448 ejus
2329 1379 2661 1452 exemplaria
2708 1395 2874 1452 penes
2919 1396 3021 1438 nos
3061 1384 3408 1452 retinuimus,
3479 1393 3536 1440 et

1935 1466 2089 1538 cujus
2112 1470 2379 1540 permissu
2409 1472 2502 1542 qui
2524 1472 2639 1528 haec
2660 1472 2746 1529 vel
2789 1472 3162 1530 authentieam
3191 1473 3366 1548 ipsam
3397 1476 3534 1532 scri-

1935 1574 2095 1630 psere
2125 1575 2411 1632 superesse
2432 1571 2750 1620 noscuntur.

2007 1653 2117 1710 Nos
2168 1665 2349 1711 autem
2411 1656 2600 1730 lgnatii
2655 1649 2844 1716 fratris
2895 1668 2952 1718 et
3001 1661 3305 1735 coepiscopi
3360 1659 3537 1719 nostri

1939 1749 2229 1820 privationi
2259 1765 2581 1822 quocunque
2607 1750 2945 1822 discrimine,
3002 1754 3321 1826 priusquam
3367 1769 3400 1808 a
3433 1768 3534 1809 no-
3587 1765 3592 1769 ‘

227 1845 534 1900 restitutus
573 1843 688 1915 jam
707 1851 763 1899 et
787 1851 1052 1907 armatus,
1113 1857 1237 1898 cum
1279 1840 1688 1897 accusatoribus
1727 1839 1841 1894 suis
1869 1829 1917 1891 B
1943 1843 2028 1898 bis
2053 1842 2366 1914 specialiter
2413 1845 2481 1900 ad
2522 1845 2865 1903 iterationem
2919 1845 3035 1917 ejus
3064 1849 3391 1919 perducatur
3437 1861 3537 1904 ne-

229 1935 564 1991 certaminis
631 1951 900 2006 campum,
949 1943 1006 1989 et
1061 1933 1218 2005 litigii
1269 1931 1580 1988 conflictum
1657 1937 1840 2001 posset

230 2027 508 2098 arripere.
573 2027 725 2095 Quod
768 2044 890 2084 cum
921 2027 976 2082 in
1022 2025 1311 2081 mundanis
1355 2023 1585 2094 negotiis
1633 2021 1840 2092 legibus

232 2118 354 2174 tuis
397 2118 518 2173 ﬁeri
569 2133 813 2183 censeas,
861 2118 1184 2187 imperator,
1246 2114 1419 2169 multo
1462 2113 1633 2182 magis
1683 2121 1743 2166 ut
1786 2113 1839 2166 in

235 2210 633 2268 ecclesiasticis
683 2219 847 2282 atque
872 2209 1072 2266 divinis
1107 2207 1492 2264 observaretur
1543 2205 1720 2276 pietas
1750 2213 1839 2259 tua

242 2305 436 2362 debuit
487 2303 806 2376 praevidere.

318 2395 428 2452 Sed
459 2397 576 2452 haec
604 2409 704 2451 nos
731 2411 799 2451 ex
821 2394 1124 2451 innumeris
1162 2394 1342 2450 studio
1383 2393 1632 2448 veritatis
1671 2390 1840 2447 defal-

244 2495 382 2543 satae
425 2494 738 2543 memorata
781 2486 1029 2542 crebrius
1065 2485 1306 2555 epistolae
1355 2492 1556 2539 nostrae
1599 2482 1841 2538 dilectio-

245 2581 410 2637 nibus
459 2579 772 2636 summatim
830 2579 1072 2650 tetigisse
1122 2576 1376 2633 sufficiat.
1448 2576 1655 2632 Caetera
1713 2589 1843 2629 vero

250 2676 394 2744 (quae
441 2669 751 2742 supersunt)
803 2685 902 2741 per
941 2669 1145 2741 legatos
1191 2677 1430 2734 nostros,
1470 2683 1607 2739 quos
1658 2666 1726 2723 ad
1757 2665 1841 2721 di-

250 2766 451 2820 vinitus
494 2774 797 2836 protectum
830 2764 1116 2834 imperium
1147 2771 1298 2818 tuum
1347 2775 1477 2818 ecce
1517 2760 1834 2826 direximus,

253 2858 512 2928 inspectis
553 2857 897 2913 immutilatis
935 2855 1359 2927 exemplaribus,
1402 2869 1523 2926 qua:
1544 2853 1651 2909 illis
1691 2862 1842 2908 tran-

253 2949 506 3022 quillitati
533 2957 638 3006 tute
670 2948 1089 3005 demonstranda
1124 2947 1466 3011 tradidimus,
1505 2945 1664 3002 facile
1689 2953 1846 3017 potes

257 3055 569 3112 agnoscere.
617 3038 984 3108 Quamobrem
1027 3048 1084 3095 et
1109 3055 1208 3095 nos
1231 3053 1448 3110 quoque
1502 3037 1844 3094 dilectionem

258 3145 403 3192 tuam
431 3142 656 3206 paterno
686 3133 984 3190 salutantes
1005 3132 1202 3189 affectu
1242 3131 1621 3202 deprecamur,
1664 3138 1720 3186 et
1746 3144 1846 3200 per

1943 1937 2172 2007 gotium,
2228 1938 2355 2008 quia
2383 1954 2486 1994 nec
2536 1939 2803 1996 hactenus
2856 1941 3231 1998 consensimus
3295 1940 3538 2012 aliquan-

1943 2027 2032 2093 do,
2104 2027 2216 2084 Deo
2260 2042 2360 2084 nos
2419 2028 2798 2099 confirmante,
2873 2031 3024 2088 nullo
3090 2033 3253 2090 modo
3307 2047 3538 2090 consen-

1946 2116 2160 2172 tiemus.

2013 2211 2216 2266 Verum
2267 2226 2376 2268 non
2407 2212 2479 2267 ita
2502 2210 2867 2282 justifieamus
2897 2229 3044 2284 eum,
3094 2225 3158 2273 ut
3204 2216 3341 2274 nihil
3391 2217 3540 2276 hunc

1941 2305 2364 2377 reprehensione
2393 2306 2614 2379 dignum
2657 2307 2943 2366 admisisse
2975 2310 3242 2377 dicamus,
3286 2325 3387 2381 pro
3429 2326 3540 2382 quo

1941 2396 2175 2454 fortasse
2208 2397 2404 2454 merito
2430 2407 2664 2468 poterat,
2706 2399 2947 2470 legitima
2985 2399 3322 2458 discussione
3370 2401 3533 2466 facta,

1943 2488 2218 2560 quodlibet
2261 2490 2538 2546 canonica:
2577 2488 2816 2560 iaculum
2861 2491 2975 2561 pati
3030 2491 3354 2560 sententiae;
3411 2509 3540 2550 cum

1943 2581 2204 2652 scriptum
2225 2581 2278 2636 in
2300 2581 2608 2651 apostolicis
2633 2581 2831 2639 litteris
2853 2583 3234 2650 confiteamur,
3257 2583 3498 2640 dicentes
3520 2601 3535 2640 :

1943 2670 2013 2727 In
2033 2672 2214 2727 multis
2237 2673 2552 2742 offendimus
2573 2690 2751 2731 omnes
2780 2674 2922 2746 (Jac.
2969 2673 3092 2747 ut);
3124 2683 3181 2732 et
3204 2691 3398 2733 rursus
3427 2695 3442 2732 :
3476 2676 3539 2734 Si

1948 2765 2238 2820 dixerimus
2299 2768 2427 2836 quia
2457 2776 2738 2839 peccatum
2767 2775 2891 2824 Qton
2939 2768 3213 2836 habemus,
3255 2785 3351 2825 nos
3398 2764 3542 2841 ipsos

1953 2858 2274 2926 seducimus,
2317 2869 2364 2914 et
2385 2861 2575 2915 veritas
2595 2861 2651 2916 in
2691 2861 2838 2916 nobis
2859 2877 2964 2917 non
2985 2870 3059 2916 est
3089 2861 3144 2933 (Ι
3163 2861 3324 2918 Joan.
3348 2861 3413 2934 t);
3445 2864 3541 2920 sed

1946 2948 2020 3005 ita
2051 2947 2319 3016 volumus,
2349 2950 2496 3004 etita
2523 2949 2863 3006 decernimus
2886 2950 3046 3007 istius
3063 2951 3209 3008 modi
3227 2950 3537 3022 pontificem

1946 3041 2106 3114 digna
2149 3057 2249 3112 pro
2288 3041 2448 3098 factis
2473 3041 2735 3112 recipere,
2777 3051 2840 3098 ut
2874 3043 3210 3100 sacerdotale
3235 3044 3400 3101 decus
3441 3059 3538 3115 pe-

1947 3133 2093 3189 nitus
2141 3149 2250 3189 non
2281 3133 2525 3200 vilescat,
2582 3149 2685 3191 nec
2712 3142 2825 3191 tam
2853 3134 3016 3192 facile
3044 3136 3370 3208 pontificalis
3402 3153 3539 3209 apex

264 3230 449 3293 Deum,
497 3227 554 3282 in
581 3224 734 3294 cujus
783 3241 948 3281 manu
974 3214 1139 3282 corda
1196 3233 1323 3280 sunt
1369 3239 1581 3295 regum,
1631 3222 1844 3278 enixius
1873 3209 1918 3272 C
1950 3233 2094 3282 terra
2124 3235 2281 3282 tenus
2302 3227 2632 3284 incurvetur.
2663 3228 2767 3295 Ita,
2809 3230 3048 3302 inquam,
3091 3231 3359 3300 volumus,
3388 3243 3446 3290 et
3464 3232 3541 3288 ita

262 3321 639 3386 obsecramus,
684 3327 744 3372 ut
791 3319 1037 3375 eamdem
1084 3318 1255 3388 ipsam
1307 3316 1626 3386 epistolam,
1683 3330 1846 3386 quam

261 3413 440 3486 gloria:
461 3421 566 3468 tuae
592 3427 690 3483 per
713 3411 873 3484 longe
903 3411 1150 3482 superius
1191 3417 1522 3466 memoratos
1570 3407 1843 3464 Rhadoal-

265 3508 390 3562 dum
425 3515 480 3561 et
504 3505 827 3562 Zachariam
851 3504 1118 3570 misimus,
1170 3504 1254 3558 his
1281 3502 1642 3573 praesentibus
1664 3500 1846 3555 missis

265 3597 461 3654 nostris
488 3604 814 3662 monstrare,
847 3604 1011 3667 atque
1040 3595 1107 3651 ad
1135 3594 1479 3652 collationem
1513 3609 1637 3650 cum
1663 3607 1846 3648 exem-

267 3688 523 3761 plaribus,
575 3703 696 3758 quae
742 3688 824 3742 eis
850 3686 1117 3751 dedimus,
1158 3683 1459 3740 faciendam
1513 3698 1665 3738 mora
1695 3680 1845 3737 suffi-

269 3783 434 3840 ciente
487 3780 900 3838 accommodare
954 3778 1236 3850 digneris:
1288 3786 1558 3852 quatenus
1596 3792 1693 3846 per
1742 3777 1845 3832 hoc

267 3879 400 3936 scire
428 3877 660 3946 valeant,
699 3884 879 3932 utrum
903 3876 982 3933 sic
1007 3877 1196 3932 eadem
1225 3874 1450 3946 epistola
1481 3875 1536 3929 in
1561 3889 1657 3930 sua
1680 3889 1847 3944 penes

268 3989 356 4030 vos
407 3973 714 4046 integritate
763 3978 996 4036 maneat,
1059 3968 1517 4040 quemadmodum
1556 3968 1845 4025 exstiterat

272 4082 300 4122 a
330 4065 481 4122 nobis
512 4073 617 4122 tuae
646 4063 964 4121 sublimitati
1003 4061 1246 4117 directa:
1277 4076 1344 4115 an
1383 4075 1413 4114 a
1433 4075 1705 4132 quoquam
1735 4058 1848 4115 fue-

278 4163 343 4218 rit
365 4161 706 4234 postmodum
731 4157 801 4215 ad
828 4156 1078 4228 superius
1116 4162 1405 4211 annotatas
1436 4153 1848 4225 depravationes

270 4255 534 4326 perducta.

337 4348 401 4403 Et
424 4347 692 4419 siquidem
747 4361 846 4417 per
867 4352 1168 4402 vestratum
1200 4343 1435 4413 aliquem
1457 4349 1667 4397 tantum
1693 4338 1848 4396 nefas

274 4449 532 4515 patratum
557 4448 646 4497 est
672 4458 686 4494 :
708 4438 963 4510 quoniam
985 4437 1125 4510 apud
1146 4435 1364 4494 Graecos
1378 4435 1561 4508 (sicuti
1588 4433 1845 4491 nonnulla

277 4535 458 4593 diversi
508 4532 768 4604 temporis
826 4531 1030 4602 scripta
1081 4530 1369 4601 testantur)
1411 4525 1696 4584 familiaris
1764 4536 1849 4582 est

1949 3318 2293 3377 decernimus
2323 3319 2487 3386 hunc,
2519 3320 2627 3376 imo
2655 3335 3034 3394 quemcunque
3055 3325 3365 3395 pontificem
3380 3323 3544 3394 justas

1949 3411 2105 3468 subdi
2133 3413 2446 3480 sententiae,
2477 3422 2536 3468 ut
2571 3428 2678 3469 non
2704 3429 2736 3468 a
2759 3414 3112 3472 saecularibus
3132 3417 3543 3488 quibuscunque

1945 3504 2240 3576 judicetur,
2283 3522 2391 3562 non
2429 3507 2715 3578 tyrannice
2759 3507 3109 3579 propellatur,
3152 3525 3259 3566 non
3282 3520 3410 3567 ante
3443 3526 3540 3567 au-

1950 3595 2212 3651 dientiam
2262 3595 2492 3652 ecclesia
2529 3612 2622 3652 sua
2646 3597 2910 3666 privetur,
2943 3613 3051 3655 non
3071 3599 3141 3655 ab
3167 3598 3539 3670 inferioribus,

1949 3685 2044 3742 sed
2066 3702 2095 3741 a
2122 3687 2344 3758 majoris
2366 3687 2708 3744 auctoritatis
2747 3690 2996 3759 personis
3019 3691 3154 3746 recti
3177 3690 3372 3747 calculi
3420 3706 3542 3749 sen-

1962 3778 2190 3834 tentiam
2241 3789 2624 3849 consequatur.
2663 3778 2744 3834 Ita
2781 3779 3014 3852 denique
3063 3777 3326 3846 volumus,
3369 3790 3426 3838 et
3466 3782 3542 3839 ita

1951 3871 2290 3928 decernimus
2348 3869 2525 3936 istius,
2582 3869 2691 3926 imo
2741 3885 2870 3928 vero
2923 3879 3242 3929 cunctorum
3295 3876 3543 3932 sacerdo-

1954 3971 2065 4018 tum
2104 3977 2299 4020 causas
2345 3961 2688 4030 examinare,
2753 3961 2968 4033 culpam
3039 3979 3197 4020 suam
3240 3965 3434 4037 punire
3483 3976 3543 4022 ut

1949 4068 2207 4131 paternos
2255 4058 2516 4115 terminos
2557 4071 2664 4114 non
2700 4058 3182 4128 transgrediamur,
3235 4075 3422 4118 sacros
3453 4076 3543 4117 ca-

1953 4165 2122 4208 nones
2168 4165 2277 4206 non
2310 4149 2712 4216 conculcemus,
2765 4162 2866 4205 nec
2887 4149 3183 4207 decretalia
3238 4153 3382 4208 sedis
3408 4166 3542 4222 apo-

1952 4242 2156 4298 stolicae
2199 4240 2514 4308 constituta,
2579 4240 2777 4311 quibus
2827 4239 3067 4297 Ecclesia
3129 4251 3241 4298 tota
3301 4240 3540 4308 fulcitur,

1952 4341 2116 4404 atque
2157 4332 2417 4398 munitur,
2478 4331 2856 4402 quoquomodo
2895 4331 3177 4388 violemus.

2022 4423 2105 4480 Ad
2167 4433 2469 4480 extremum
2531 4424 2606 4478 ita
2630 4423 2895 4490 volumus,
2951 4432 3007 4480 et
3052 4424 3127 4479 ita
3177 4423 3541 4488 decernimus,

1955 4517 2267 4598 pontificem
2315 4515 2704 4589 qualiscunque
2724 4517 2815 4585 sit,
2857 4516 3139 4588 judicari:
3193 4525 3254 4573 ut
3276 4515 3542 4582 ecclesia},

277 4579 458 4593 ...τνηη
510 4579 766 4604 πων---
827 4579 1030 4602 ---τη
1084 4579 1367 4601 ---ηηηη
1955 4579 1972 4589 ,
2254 4589 2260 4598 1
2330 4579 2348 4587 _
2616 4579 2630 4589 _
2799 4579 2810 4585 ,
2857 4579 2876 4588 _
3527 4579 3535 4582 _

276 4629 367 4686 ista
394 4626 718 4685 temeritas:
752 4623 1037 4689 miramur,
1077 4629 1133 4676 et
1157 4621 1332 4677 modis
1359 4621 1611 4676 omnibus
1659 4619 1848 4675 obstu-
1875 4579 1927 4641 Β
1952 4614 2040 4670 cui
2079 4621 2296 4685 praeest,
2345 4612 2470 4683 jura
2522 4611 2666 4666 nulla
2700 4611 3027 4678 temeritate,
3075 4609 3222 4665 nulla
3277 4624 3542 4680 praesum-

277 4722 551 4793 pescimus,
599 4719 645 4773 si
674 4717 856 4788 regius
891 4713 1228 4770 excellentiae
1257 4722 1362 4767 tua:
1401 4712 1594 4777 honor,
1638 4711 1733 4780 qui
1765 4711 1851 4790 ju-

279 4813 460 4869 dicium
488 4809 683 4878 diligit,
711 4808 778 4863 ad
803 4815 1010 4862 tantum
1035 4805 1274 4877 potuerit
1291 4803 1528 4860 dedecus
1548 4803 1844 4870 incurvari,

283 4918 387 4957 cum
411 4901 480 4957 ad
511 4901 614 4956 hoc
641 4898 816 4970 magis
842 4896 1101 4961 divinitus
1129 4894 1411 4951 ordinatus
1447 4895 1539 4960 sit,
1579 4902 1636 4950 ut
1658 4893 1851 4966 depra-

283 5002 387 5049 vata
414 4991 672 5062 corrigat,
707 4998 762 5046 et
781 4987 976 5044 falsata
1017 4985 1263 5056 pristinae
1288 4984 1536 5040 veritatis
1581 4984 1851 5040 honestati

283 5086 543 5150 restituat;
582 5091 678 5138 aut
706 5077 1016 5149 enimjusta
1037 5077 1257 5134 fuerunt
1285 5092 1408 5148 quae
1440 5076 1707 5143 misimus,
1745 5076 1850 5132 sic-

285 5197 372 5252 que
419 5184 812 5249 consequenter
852 5172 1093 5245 oportuit
1118 5185 1184 5227 ea
1212 5171 1441 5238 servari,
1477 5178 1574 5226 aut
1607 5171 1653 5226 si
1707 5170 1854 5242 justa

287 5281 448 5343 putata
475 5285 584 5327 non
614 5276 762 5334 sunt,
795 5267 851 5322 in
879 5263 1152 5336 quojusta
1182 5277 1292 5320 non
1318 5261 1544 5328 fuerint,
1586 5276 1684 5332 per
1706 5259 1852 5315 aliud

289 5367 452 5426 saltem
478 5365 739 5437 scriptum
761 5359 958 5433 exponi
987 5359 1073 5416 vel
1111 5358 1268 5415 nobis
1295 5357 1509 5423 referri,
1565 5364 1619 5410 et
1642 5367 1851 5411 summa

290 5459 476 5514 ratione
507 5459 811 5514 debuerunt
843 5462 1094 5526 patenter
1136 5452 1370 5509 ostendi.
1415 5451 1472 5506 ln
1495 5449 1641 5506 nullo
1671 5457 1852 5504 tamen

293 5552 456 5607 horum
503 5553 743 5621 Oportnit
767 5564 832 5605 ea
860 5549 946 5604 vel
993 5547 1235 5604 ecclesiae
1286 5562 1408 5617 quae
1448 5544 1589 5616 apud
1619 5559 1719 5600 vos
1748 5553 1852 5612 est,

294 5642 572 5714 cognitione
595 5641 816 5711 privari,
863 5639 949 5696 vel
977 5639 1158 5712 aliqua
1187 5638 1441 5695 falsitatis
1466 5636 1857 5708 depravatione

297 5733 454 5789 frauda
465 5735 527 5789 ri.

351 5825 506 5884 Porro
544 5827 588 5884 si
613 5834 718 5884 tua:
740 5826 1168 5885 mansuetudinis
1213 5821 1506 5897 postposita
1531 5820 1719 5879 notitia
1752 5822 1854 5878 hoc

1951 4706 2134 4777 ptione
2183 4705 2523 4777 frangantur.
2577 4703 2789 4760 Nullum
2817 4703 3013 4774 quippe
3037 4702 3236 4773 poterit
3287 4699 3544 4756 Ecclesiae

1951 4802 2044 4873 jus
2079 4800 2304 4873 dignum
2355 4799 2586 4863 servari,
2634 4799 2680 4853 si
2721 4796 2916 4868 praesul
2942 4795 3058 4866 ejus
3115 4811 3145 4851 a
3193 4794 3537 4866 quibuslibet,
3593 4794 3633 4857 ἐἰ

1954 4891 2040 4948 vel
2071 4891 2438 4962 quandolibet,
2470 4897 2566 4950 aut
2593 4887 2990 4959 quomodolibet
3018 4887 3328 4959 impetatur,
3360 4896 3414 4944 et
3445 4903 3542 4958 pro

1956 4985 2109 5041 libito
2154 4983 2523 5056 cujuscunque
2571 4989 2736 5046 tanta,
2772 4979 3034 5036 facilitate
3079 4979 3330 5051 pellatur.
3388 4980 3542 5049 Quod

1955 5096 2078 5138 cum
2118 5079 2194 5134 ita
2217 5078 2310 5144 sit,
2357 5091 2463 5132 non
2487 5090 2776 5147 possumus
2805 5075 3020 5132 interim
3048 5073 3275 5131 fratrem
3296 5085 3540 5131 nostrum

1955 5177 2242 5251 lgnatium,
2292 5173 2684 5245 qualiscunque
2712 5170 2804 5236 sit,
2856 5184 2964 5227 non
3003 5170 3146 5226 inter
3169 5168 3542 5225 sanctissimos

1956 5279 2012 5326 et
2041 5267 2384 5324 beatissimos
2438 5263 2780 5335 patriarchas
2807 5277 3222 5320 conmnnerare.
3270 5259 3375 5329 Qui
3415 5259 3544 5315 licet

1958 5361 2102 5432 apud
2129 5375 2229 5416 vos
2277 5358 2350 5413 sit
2377 5364 2456 5412 tot
2481 5354 2808 5427 opprobriis,
2842 5361 2923 5411 tot
2949 5351 3419 5424 persecutionibus
3458 5348 3541 5406 fa-

1961 5453 2186 5525 tigatus,
2212 5465 2242 5505 a
2272 5448 2429 5505 nobis
2459 5457 2637 5504 tamen
2666 5445 2881 5504 nonnisi
2903 5444 3082 5517 qualis
3109 5458 3142 5499 a
3167 5440 3542 5499 decessoribus

1962 5543 2097 5600 meis
2140 5541 2391 5605 habetur,
2441 5539 2684 5601 creditur
2710 5547 2767 5594 et
2787 5544 3115 5601 veneratur;
3160 5533 3307 5590 nullo
3336 5529 3546 5601 quippe.

1960 5645 2148 5692 nostro
2199 5632 2445 5687 examine
2491 5628 2716 5701 alicujus
2763 5625 3010 5686 criminis
3048 5640 3192 5690 reus,
3247 5619 3393 5678 nullo
3437 5625 3540 5682 est,

1961 5735 2148 5784 nostro
2183 5723 2400 5797 speciali
2450 5722 2654 5794 judicio
2698 5729 2947 5792 repertus
2994 5715 3394 5775 obnoxiuszac
3447 5726 3544 5782 per

1960 5821 2059 5876 hoc
2090 5819 2232 5890 (eum
2281 5815 2418 5871 nulla
2464 5815 2564 5886 est)
2596 5813 2739 5872 nulla
2786 5808 3053 5868 sententia
3102 5805 3545 5862 condemnandus
