4050 6324
471 382 633 442 Μετ’

1770 368 1774 377 ‘
1802 368 2072 430 NICOLAI
2107 352 2359 426 i'APAil

469 511 612 557 auta
640 492 812 555 nostri
839 490 1201 563 Ecclesiaeque
1225 494 1426 546 nostra:
1445 488 1825 545 communione
1838 483 2050 555 collegii
2079 486 2135 545 Α
2155 480 2434 537 videamus
2471 491 2702 548 quorum
2757 475 2962 545 judicio
2998 474 3082 530 vel
3135 488 3368 544 quorum
3421 474 3877 531 auctoritate

470 591 915 666 sequestrandus,
943 595 1035 645 aut
1061 586 1350 658 aliquibus,
1400 587 1502 642 nisi
1532 584 1936 641 honorabilihus
1960 596 2053 638 v0«

472 686 679 744 cabulis
728 680 1091 756 appellandus.
1143 676 1251 736 Sed
1279 694 1380 761 nec
1420 674 1472 734 in
1503 675 1681 734 Photii
1732 674 2053 733 sacerdotali

470 782 749 850 provectu,
800 771 1109 845 mutuando
1133 769 1317 826 favore
1344 769 1398 824 iu
1429 774 1552 825 Vota
1582 766 2054 826 Condesccn'sionis

469 878 669 926 nostrae
691 868 850 923 modo
871 866 1111 937 quolibet
1138 864 1535 920 intllnabiinus.
1571 875 1598 904 ει
1626 860 1769 935 Ergo
1794 858 2056 931 tranquil-

468 961 594 1017 litas
634 968 727 1015 tua
766 959 1075 1015 litterarum
1124 956 1316 1014 saltem
1352 970 1496 1011 nunc
1534 961 1723 1010 tenore
1760 956 2058 1025 coghoScat

375 1075 419 1112 -ο
468 1053 656 1109 sedent
709 1049 1028 1107 beatiPetri
1054 1048 1279 1120 apostoli
1338 1048 1392 1103 in
1420 1046 1691 1119 neophyto
1737 1052 1791 1101 et
1819 1044 2055 1110 moecho,

468 1154 526 1203 et
542 1145 1267 1216 Constantinopolitanorum
1289 1142 1546 1199 Ecclesiae
1570 1142 1820 1197 invasere
1843 1136 2058 1204 Photio,

470 1236 601 1293 olim
637 1236 897 1308 justeque
941 1238 1215 1303 damnato,
1266 1240 1329 1290 ac
1374 1233 1723 1290 nihilominus
1774 1230 2061 1303 przesentia

470 1324 715 1399 synodali
774 1334 945 1399 nuper
984 1327 1137 1393 eliso,
1184 1326 1582 1383 communionis
1614 1336 1911 1396 nunquam,
1957 1320 2061 1380 nisi

471 1436 502 1475 a
542 1420 987 1490 praevaricatione
1020 1419 1335 1487 cessaverit,
1375 1419 1720 1490 praebituram
1768 1432 1889 1474 esse
1929 1426 2060 1473 eon-

471 1522 714 1568 sensum.
995 1524 1008 1539 ⁸

540 1602 673 1670 Qui,
713 1611 772 1658 ιιι
801 1611 999 1658 caetera
1030 1617 1175 1658 nunc
1205 1601 1536 1673 omittamus,
1576 1615 1608 1657 a
1647 1600 1910 1673 Gregorio
1959 1599 2061 1673 Sy-

470 1666 733 1751 raeusuuo
778 1696 862 1751 vel
911 1695 1129 1751 meris
1178 1666 1543 1751 secundanos
1588 1666 1903 1759 institutus,
1956 1666 2064 1748 ίιὶιο

472 1785 798 1850 destructus,
831 1790 1025 1841 contra
1050 1792 1212 1841 omne
1252 1785 1336 1841 ftis
1371 1784 1592 1841 alterius
1625 1784 1917 1856 praesidere
1957 1796 2063 1840 non

2155 572 2449 645 Gregorius
2475 578 2597 642 post
2628 568 3017 640 depositionem
3052 576 3108 624 et
3137 568 3451 635 anathema,
3484 569 3865 624 honorem

2153 664 2497 737 episcopatus
2525 661 2710 735 praesit
2739 660 3149 735 [praesumpsit],
3173 661 3258 717 vel
3293 658 3559 717 cilicium
3600 660 3859 732 pristi-

2155 766 2285 816 num
2328 757 2551 829 recepit.
2589 754 2790 813 Omnes
2834 755 2977 810 cnim
3021 752 3171 809 illum
3200 761 3256 809 et
3294 753 3654 825 depositum
3713 765 3847 807 no—

2157 861 2285 909 runt
2308 858 2365 908 et
2407 850 2768 906 auathematis
2802 847 3032 904 vinculis
3071 846 3366 918 obligatum
3404 860 3477 902 ac
3527 858 3675 916 per
3710 844 3854 900 hoc

2159 947 2321 1003 totius
2375 944 2634 1002 Ecclesiae
2686 942 3067 1000 communione
3110 941 3399 1014 privatum.
3451 939 3607 997 Iam
3672 954 3849 994 vero

2159 1038 2205 1094 si
2235 1037 2480 1093 dixeritis
2522 1036 2646 1106 quia
2674 1036 2791 1106 ipse
2817 1035 2922 1091 sibi
2949 1033 3246 1105 Gregorius
3270 1041 3329 1091 et
3356 1033 3675 1090 honorem
3722 1046 3839 1087 re-

2161 1128 2413 1199 sumpsit,
2441 1135 2496 1184 et
2522 1128 2812 1199 pristinum
2852 1123 3087 1183 cilicium
3120 1116 3345 1197 recepit,
3389 1124 3606 1181 audite:
3668 1123 3843 1194 quid

2160 1218 2452 1290 Apostolus
2475 1218 2657 1274 dicat:
2693 1215 2806 1272 Nec
2836 1218 3113 1289 quisquam
3150 1224 3323 1272 sumat
3345 1217 3446 1271 sibi
3479 1217 3838 1280 honorem,

2162 1302 2254 1367 sed
2280 1311 2370 1381 qui
2406 1314 2623 1365 vocatur
2645 1327 2679 1364 a
2715 1308 2826 1365 Deo
2849 1318 3104 1380 tauquam
3139 1308 3322 1363 Aaron
3344 1324 3364 1362 :
3387 1306 3483 1363 sed
3517 1310 3589 1362 et
3637 1305 3837 1362 Chri-

2163 1414 2276 1461 stus
2317 1420 2421 1459 non
2463 1404 2793 1474 semetipsum
2835 1400 3176 1471 clariﬁcam‘t,
3218 1408 3278 1455 ut
3315 1399 3569 1471 ρατιῑὶῙώ
3637 1399 3832 1468 ﬁere!

2166 1496 2353 1569 (Hebr.
2388 1496 2465 1569 v).
2504 1495 2613 1552 Sed
2651 1502 2706 1552 et
2749 1493 3093 1551 venerabiles
3140 1491 3466 1548 Antiocheni
3519 1502 3827 1548 canones

2165 1590 2483 1663 praecipiunt
2516 1602 2531 1643 :
2563 1587 2623 1644 Si
2652 1587 2775 1658 quis
2812 1587 3097 1657 episcopus
3136 1585 3421 1641 damnatus
3449 1599 3489 1639 θ
3518 1584 3818 1656 synodo,

2167 1682 2251 1738 vel
2295 1683 2599 1753 presbyter,
2649 1684 2745 1734 aut
2780 1678 3039 1735 diaconus
3080 1693 3110 1732 a
3150 1690 3251 1733 suo
3285 1677 3587 1748 episcopo,-
3662 1676 3815 1730 ausi

2170 1768 2373 1833 fuerint
2427 1773 2630 1845 aliquid
2671 1774 2740 1830 de
2784 1788 2941 1830 sacro
2990 1772 3297 1829 ministerio
3345 1770 3503 1841 juxta
3560 1780 3815 1842 praee—

470 1885 651 1948 potust
701 1877 978 1933 Εοοιοςίωδ
1024 1876 1158 1933 Nam
1210 1879 1408 1934 inurito
1438 1855 1745 1934 destructus
1782 1891 1901 1934 esse
1940 1892 2062 1933 cre-
2094 1855 2144 1916 Β
2171 1872 2389 1928 dentem
2436 1868 2884 1926 consuetudinem
2922 1867 3262 1940 contingere,
3307 1868 3423 1924 sive
3472 1866 3811 1938 episcopus

472 1968 641 2035 ditur,
673 1969 764 2040 qui
802 1984 836 2024 ιι
874 1971 1155 2026 destructo
1209 1970 1467 2026 adiuuari
1506 1982 1756 2042 sperans,
1797 1971 1967 2027 etiam
2018 1971 2065 2027 si

474 2076 585 2131 qua
635 2060 742 2116 alia
792 2062 937 2118 bona
986 2062 1235 2120 fortassis
1292 2064 1515 2131 habuit,
1564 2063 1745 2120 nimiae
1800 2070 2065 2136 praenm-

476 2153 679 2224 ptionis
703 2155 821 2225 ejus
847 2154 1138 2211 temeritati
1182 2157 1608 2223 communicans,
1637 2158 1891 2227 perdidit.
1922 2156 2066 2214 Nam

477 2244 779 2318 Gregorius
820 2248 1091 2317 quomodo
1139 2258 1466 2319 quemquam
1508 2248 1781 2306 mdilicarc
1823 2254 2065 2321 poterat,

475 2338 569 2409 qui
615 2338 987 2408 multipliciter
1020 2335 1139 2407 jam
1166 2341 1495 2396 noscebatur
1535 2340 1738 2397 elisus?
1784 2340 2069 2409 Quomodo

478 2436 813 2499 quamquam
858 2428 913 2483 in
958 2426 1147 2500 aliquo
1199 2429 1569 2486 ecclesiastico
1612 2432 1825 2501 poterat
1878 2431 2071 2488 ordine

479 2516 747 2583 stabilire,
771 2518 867 2588 qui
901 2517 1166 2575 Ecclesiae
1192 2520 1463 2576 unitatem
1503 2522 1776 2588 scindens,
1807 2523 1923 2594 ipse
1956 2522 2071 2594 jam

485 2608 771 2664 videbatur
817 2610 1041 2666 mino
1087 2610 1367 2680 deiectus?
1407 2610 1558 2668 Sicut
1600 2611 1744 2668 enim
1775 2613 1977 2686 ligatus
2001 2613 2071 2668 li—

483 2712 637 2774 gare,
669 2708 727 2756 et
769 2699 1015 2771 dq'eotus
1055 2702 1290 2771 dejicere
1342 2715 1448 2759 non
1494 2705 1696 2775 potuit,
1735 2704 1817 2761 sie
1854 2706 2073 2761 destru-

484 2802 611 2849 ctus
647 2803 991 2861 constt-mro,
1016 2798 1075 2849 et
1118 2794 1289 2852 etiam
1329 2806 1659 2868 quamquam
1695 2797 1951 2855 ordinare
1981 2813 2076 2855 ne-

486 2883 677 2955 quivit.
717 2885 781 2940 lu
828 2890 1043 2942 somnio
1088 2888 1291 2959 quippe
1337 2895 1513 2944 status
1564 2890 1647 2945 sui
1694 2896 1907 2960 oportet
1949 2902 2073 2947 eum

481 2976 673 3049 vigore
714 2978 1049 3045 emittere,
1084 2988 1139 3035 et
1196 2978 1370 3035 firmis
1414 2980 1573 3036 inniti
1629 2997 1727 3053 per
1764 2983 1949 3039 munia
1981 2983 2080 3040 ha-

485 3070 673 3138 siimt
705 3071 803 3141 qui
860 3072 1092 3129 alterum
1149 3073 1237 3129 vel
1299 3082 1649 3144 prosternere
1701 3077 1787 3134 vel
1852 3087 2079 3136 conatur

488 3171 668 3218 statue
677 3176 756 3217 ι’θι

2171 1965 2263 2031 sit,
2295 1964 2409 2020 sive
2440 1959 2726 2035 presbyter
2754 1968 2849 2016 aut
2893 1960 3175 2026 diaconus,
3204 1958 3354 2016 nullo
3395 1958 3566 2015 modo
3612 1957 3808 2013 liceat

2170 2056 2222 2112 ei
2253 2069 2354 2112 nec
2394 2055 2449 2110 in
2477 2054 2583 2110 alia
2612 2052 2820 2126 synodo
2852 2052 3210 2111 restitutionis
3258 2056 3411 2124 spem
3449 2059 3549 2107 aut
3593 2051 3805 2108 locum

2174 2146 2382 2204 habere
2409 2145 2838 2204 satisfactionls:
2870 2147 2969 2203 sed
2990 2148 3048 2202 et
3083 2145 3557 2202 eorumunicantes
3582 2156 3802 2200 omnes

2173 2238 2342 2311 abjlci
2369 2238 2436 2295 de
2473 2236 2741 2305 Ecclesia,
2783 2246 2841 2294 et
2871 2236 3107 2294 manune
3150 2238 3196 2294 si
3233 2236 3595 2309 posteaquam
3642 2235 3800 2291 didi.

2175 2332 2355 2389 cerint
2406 2331 2671 2388 adversus
2734 2337 3066 2386 memoratos
3115 2328 3384 2400 prolatam
3434 2324 3610 2384 fuisse
3650 2340 3793 2383 sen-

2173 2424 2424 2492 tentiam,
2453 2423 2661 2481 eisdem
2697 2422 3106 2480 communicare
3138 2420 3608 2492 prosumpseriut.
3641 2418 3792 2475 Car-

2178 2516 2525 2588 tbaginenses
2574 2528 2791 2589 quoque
2846 2512 3047 2587 regula!
3093 2512 3630 2570 excommunicatum
3688 2511 3793 2583 qui

2178 2617 2306 2668 ante
2332 2610 2665 2668 audientiam
2697 2609 3104 2667 communicare
3145 2608 3459 2675 tentaverit,
3499 2606 3687 2678 ipsum
3732 2607 3790 2663 in

2179 2716 2240 2760 se
2285 2702 2717 2759 damaationem‘
2752 2700 3047 2775 protulisse
3091 2699 3379 2757 manifeste
3426 2698 3787 2757 denuntiant.

2181 2797 2241 2854 Si
2280 2810 2411 2868 ergo
2455 2795 2753 2854 secundum
2800 2793 3118 2866 Apostolum
3166 2802 3327 2849 nemo
3367 2788 3473 2849 sibi
3513 2791 3788 2847 honorem

2182 2893 2404 2966 accipit,
2441 2896 2497 2949 et
2549 2891 2802 2949 Christus
2836 2904 2943 2948 non
2982 2898 3043 2947 se
3084 2886 3403 2946 clariﬁcavit
3437 2894 3497 2942 ut
3535 2882 3784 2958 pontifex

2182 2985 2363 3051 ﬁeret,
2393 2984 2486 3055 qui
2513 2990 2705 3040 omnes
2727 2996 2853 3040 cum
2886 2976 3051 3038 Patre
3086 2986 3140 3037 et
3177 2977 3386 3053 Spiritu
3428 2986 3617 3035 sancto
3655 2977 3779 3048 glo—

2182 3075 2459 3133 riﬁcantes
2482 3088 2542 3132 se
2575 3074 2867 3148 glorificat,
2901 3081 2958 3131 et
3002 3074 3119 3145 ipse
3146 3081 3231 3130 est
3265 3068 3523 3144 pontifex,
3557 3071 3620 3127 de
3659 3084 3785 3140 quo

2186 3184 2379 3229 rursus
2418 3171 2564 3228 idem
2598 3170 2730 3228 dicit
2755 3167 3084 3242 Apostolus:
3118 3164 3263 3222 Talis
3302 3162 3509 3221 decebat
3535 3166 3593 3218 ιι
3618 3164 3778 3217 nobis

560 3254 855 3327 ϐιοςοπὶοε
896 3270 1049 3329 θεοί
1076 3257 1173 3328 φὶ
1198 3250 1457 3315 canonice
1505 3262 1571 3316 ac
1620 3263 1877 3333 synodico
1917 3264 2081 3335 depo—
2109 3226 2157 3300 C
2187 3226 2871 3335 essetvpontifemvsancta's,
2913 3261 3186 3325 innocens,
3229 3256 3543 3329 impollutus,
3591 3271 3775 3325 segre-

491 3351 635 3406 situs
653 3358 711 3407 et
737 3349 1230 3407 inﬂammatus
1248 3360 1391 3420 erat,
1417 3354 1871 3423 quemadmodum
1903 3368 2086 3427 posset

493 3455 821 3513 quamquam
877 3440 1179 3513 provehere
1218 3443 1305 3500 vel
1355 3445 1710 3512 benedicere,
1758 3448 1897 3504 ratio
1941 3450 2087 3507 nulla

496 3535 681 3591 docet:
703 3534 875 3607 Igitur
905 3534 1040 3590 nihil
1079 3534 1305 3594 Phutius
1324 3552 1371 3591 'a
1399 3535 1661 3611 Gregorio
1687 3543 1949 3613 percepit,
1981 3543 2086 3599 nisi

492 3637 755 3701 quantum
806 3626 1111 3702 Gregorius
1154 3631 1381 3699 habuit;
1434 3634 1566 3688 nihil
1623 3642 1804 3691 autem
1864 3634 2083 3702 habuit,

493 3719 633 3775 nihil
671 3720 849 3776 dedit.»
884 3720 993 3776 Per
1026 3733 1218 3777 eorum
1264 3723 1483 3794 quippe,
1529 3734 1587 3780 ut
1630 3725 1848 3796 legitur,
1897 3742 2090 3784 manus

495 3809 903 3882 impositionem
963 3819 1020 3867 et
1086 3812 1488 3870 invocationem
1550 3815 1785 3871 dabatur
1851 3815 2088 3887 Spiritus

410 3942 415 3945 ι
499 3912 751 3971 sanctus,
775 3905 871 3976 qui
899 3914 1167 3961 noveram
1210 3906 1441 3962 mundus
1487 3908 1553 3962 ad
1583 3907 1869 3964 Dominum
1899 3926 2093 3967 manus

497 3994 702 4051 levare.
730 3995 1005 4052 Catenam
1024 3996 1343 4068 Gregorius,
1380 3998 1471 4067 qui
1504 4005 1877 4071 transgressor
1918 4000 2094 4058 factus

500 4095 585 4144 est
626 4086 783 4159 legis,
826 4089 894 4141 ad
925 4088 1260 4143 iamndia‘m
1292 4089 1374 4144 sui
1401 4090 1575 4162 magis
1599 4104 1762 4161 quam
1794 4093 1861 4147 ad
1892 4104 2089 4149 conse-

500 4180 805 4237 crationem
847 4180 1078 4251 alicujus
1123 4180 1389 4252 Spiritum
1431 4190 1677 4238 sanctum
1725 4199 1823 4254 per
1871 4186 2096 4257 imposi-

504 4271 705 4327 tionem
733 4285 851 4326 suae
874 4284 1071 4327 natiue
1097 4272 1214 4327 sine
1240 4273 1409 4329 dubio
1434 4275 1769 4344 provocavit,
1799 4277 2015 4334 etiamsi
2051 4278 2097 4334 is

502 4370 595 4442 qui
623 4368 959 4426 ordinandus
1003 4377 1152 4437 erat,
1190 4371 1365 4427 nullas
1404 4373 1537 4428 alias
1588 4374 1814 4430 haberet
1862 4375 1965 4431 sibi
2013 4390 2099 4432 re-

505 4464 657 4536 gulas
703 4463 1005 4520 obviantes.
1058 4458 1195 4521 Hine
1222 4466 1364 4521 enim
1401 4469 1665 4539 scriptum
1694 4477 1778 4525 est
1811 4487 1824 4523 :
1860 4468 1964 4537 Qui
2004 4472 2099 4525 ob-

507 4565 649 4610 turat
695 4566 856 4610 aureo
888 4570 1019 4610 suos
1057 4572 1121 4609 rte
1149 4556 1332 4610 audiat
1378 4557 1573 4629 legem,
1620 4562 1791 4615 oratio
1831 4562 1946 4631 ejus
2000 4563 2101 4616 erit

510 4649 842 4704 exsecrabilis
872 4645 1057 4720 (Prov.
1085 4648 1304 4721 xxvm).
1338 4647 1395 4704 Si
1424 4651 1790 4718 exsecrabilis,
1822 4654 2009 4724 utique
2047 4663 2102 4709 et

515 4758 620 4797 non
652 4741 931 4808 audibilis;
980 4742 1029 4798 si
1075 4757 1181 4797 non
1232 4741 1504 4809 audibilis,
1545 4758 1676 4816 ergo
1723 4741 2002 4813 ineﬂicax;
2056 4747 2103 4803 si

516 4833 787 4900 inefficax,
822 4833 1071 4906 profecto
1096 4834 1290 4891 Photio
1336 4835 1466 4890 nihil
1497 4844 1760 4907 praestans
1800 4856 1812 4892 :
1846 4838 2103 4894 nimirum

519 4925 610 4994 qui
638 4924 978 4981 vulneratum
1002 4934 1163 4996 caput
1190 4939 1287 4996 per
1312 4925 1456 4981 illam
1483 4942 1674 4983 manus
1701 4929 2104 5001 impositionem

521 5017 699 5088 potius
724 5016 928 5073 habere
948 5017 1299 5089 dignoscitur.
1327 5017 1498 5074 Porro
1521 5020 1565 5074 si
1598 5021 1883 5089 praetendit
1908 5019 2106 5090 injuste

524 5107 594 5161 ab
618 5106 825 5177 lgnatio
845 5122 907 5163 se
937 5106 1105 5163 fuisse
1133 5110 1457 5180 depositum,
1484 5110 1614 5180 quid
1642 5111 1710 5165 de
1737 5113 1990 5168 omnibus
2018 5114 2113 5183 qui

527 5198 580 5252 in
604 5196 811 5269 synodo
830 5196 920 5252 illo
940 5206 1185 5269 tempore
1204 5209 1591 5265 conuenerunt,
1611 5203 2041 5273 sententiamque
2060 5205 2117 5260 in

2187 3365 2340 3430 gntus
2363 3374 2395 3412 a
2426 3354 2806 3428 peccat/aribus,
2831 3360 2937 3410 etc.
2972 3350 3164 3424 (Hebr.
3191 3353 3304 3424 vn).

2262 3448 2332 3504 Et
2380 3447 2427 3504 si
2484 3447 2792 3520 episcopus,
2839 3446 2933 3516 qui
2991 3443 3281 3499 damnatus
3332 3456 3361 3497 a
3403 3438 3604 3513 synodo
3649 3447 3770 3504 est,

2186 3541 2344 3613 juxta
2369 3553 2556 3595 sacros
2588 3550 2846 3603 canones,
2877 3536 2928 3592 si
2954 3542 3123 3591 ausus
3152 3532 3317 3590 fuerit
3348 3530 3547 3603 aliquid
3584 3531 3649 3587 de
3680 3546 3770 3586 sa—

2192 3647 2289 3690 cro
2341 3631 2641 3688 ministerio
2691 3629 2848 3701 juxta
2896 3628 3293 3701 praecedentem
3342 3624 3765 3683 consuetudinem

2194 3723 2529 3796 contingere,
2572 3731 2628 3779 et
2668 3730 2794 3778 ante
2834 3720 3169 3776 audientiam
3199 3718 3615 3782 communicare,
3656 3715 3767 3785 ipse

2195 3816 2253 3871 in
2290 3831 2351 3873 se
2389 3815 2793 3872 damnationem
2838 3811 3097 3885 protulit;
3144 3812 3220 3868 ita
3256 3816 3316 3867 ut
3362 3808 3511 3867 nullo
3537 3808 3683 3865 modo
3709 3806 3770 3863 li-

2197 3914 2318 3964 ceat
2365 3906 2417 3964 ei
2446 3920 2548 3963 nec
2586 3908 2643 3963 in
2680 3904 2786 3962 alia
2820 3904 3027 3978 Synodo
3062 3904 3425 3961 restitutionis
3472 3908 3642 3973 spem,
3683 3911 3768 3958 aut

2199 4002 2379 4059 locum
2417 4002 2621 4059 habere
2662 4000 3075 4068 satisfactionis,
3110 4000 3206 4057 sed
3234 4006 3292 4056 et
3330 3998 3767 4056 communicantes

2200 4110 2390 4152 omnes
2437 4093 2597 4161 abjici
2641 4093 2708 4150 de
2751 4091 3028 4161 Ecclesia;
3071 4098 3275 4164 quanta
3307 4098 3469 4164 putas
3505 4084 3765 4159 Gregorius

2202 4196 2365 4257 poena
2395 4184 2737 4241 mulctandus
2762 4190 2848 4242 est
2869 4224 2885 4252 ,
2925 4182 3018 4255 qui
3044 4186 3172 4255 pust
3199 4182 3591 4239 damnationem
3610 4180 3685 4236 sui
3717 4184 3768 4235 et

2203 4280 2527 4345 anathema,
2573 4279 2627 4334 in
2673 4280 2789 4335 haec
2818 4279 3000 4335 omnia
3029 4278 3370 4334 commisisse
3415 4277 3674 4349 probatur,
3715 4273 3769 4330 id

2203 4377 2311 4436 est,
2341 4379 2399 4425 et
2426 4368 2590 4442 super
2622 4369 2899 4428 Christum
2926 4380 2989 4429 se
3026 4367 3244 4436 extuiit,
3280 4368 3337 4425 et
3377 4369 3521 4440 quod
3546 4369 3645 4440 ipse
3668 4382 3760 4423 non

2205 4463 2358 4530 fecit,
2390 4464 2491 4520 iste
2526 4474 2581 4519 et
2608 4466 2873 4521 honorem
2895 4465 3001 4521 sibi
3032 4464 3343 4537 resumpsit,
3370 4473 3428 4520 et
3464 4472 3525 4518 ut
3555 4456 3767 4535 pontifex

2208 4565 2377 4622 esset,
2406 4570 2465 4611 se
2501 4557 2948 4627 arrogantissime
2975 4556 3319 4623 clariﬁcaVit,
3345 4563 3402 4613 et
3431 4560 3555 4611 ante
3576 4553 3766 4610 audiam

2210 4650 2343 4705 tiam
2380 4649 2887 4705 excommuni'catus
2915 4650 3321 4705 communicare
3351 4658 3407 4705 et
3434 4647 3589 4705 vetita
3626 4660 3763 4702 usur-

2209 4752 2344 4813 pare
2384 4742 2758 4813 praesumpsit,
2788 4750 2845 4796 et
2888 4742 3177 4797 damnatus
3211 4741 3280 4796 de
3320 4754 3475 4797 sacro
3504 4738 3766 4795 ministerio

2211 4850 2320 4890 non
2350 4834 2524 4890 solum
2571 4834 2804 4905 aliquid,
2846 4842 3038 4891 verum
3080 4835 3247 4891 etiam
3278 4834 3445 4890 multa
3482 4834 3621 4905 juxta
3642 4833 3763 4903 prio-

2214 4942 2329 4987 rem
2371 4929 2820 4986 consuetudinem
2861 4926 3077 5000 tetigit?
3122 4926 3277 4996 Quod
3318 4934 3467 4983 eerte
3512 4924 3761 4996 Gregorius

2217 5036 2380 5096 agere
2408 5023 2629 5079 omnino
2671 5032 2779 5078 non
2810 5023 3024 5089 debuit,
3070 5022 3287 5079 etiamsi
3330 5020 3475 5077 nulla
3522 5017 3761 5076 commissa

2219 5117 2537 5183 existerent,
2564 5131 2663 5187 pro
2698 5114 2895 5187 quibus
2936 5114 3183 5171 damnari
3221 5118 3516 5186 potuisset,
3551 5113 3759 5183 quoniam

2224 5202 2434 5282 praelati
2485 5209 2749 5281 judicium
2821 5212 3043 5279 semper
3100 5204 3446 5261 infcrioiibus
3513 5203 3759 5258 formidan-

529 5300 657 5345 euru
683 5288 1036 5358 protulerunt,
1068 5293 1413 5362 perhibebit?
1438 5294 1659 5362 Quodsi
1690 5303 1745 5351 et
1772 5295 1895 5352 illos
1921 5296 2120 5367 injuste
2226 5302 2355 5358 dum
2395 5311 2505 5369 est,
2547 5318 2615 5360 ne
2653 5303 2699 5359 si
2733 5304 2784 5359 ei
2823 5310 2931 5358 non
2966 5296 3309 5365 obedierint,
3348 5296 3473 5353 licet
3512 5296 3571 5351 ab
3593 5310 3647 5350 eo
3669 5292 3760 5349 lor-

525 5378 724 5436 lecisse
767 5380 951 5437 dicere
978 5384 1281 5453 praesumit,
1312 5398 1482 5456 quare
1528 5398 1655 5441 cum
1687 5387 1767 5443 eis
1800 5396 1944 5444 nunc
1969 5395 2118 5446 e0m~

528 5471 787 5536 municut,
831 5479 888 5527 et
919 5473 1180 5545 quosdam
1209 5487 1407 5531 eorm
1428 5476 1733 5534 sacerdotio
1763 5478 1956 5550 dignos
1995 5480 2115 5536 exi-

528 5565 750 5620 stimat?
788 5563 936 5634 Quos
965 5575 1149 5623 tamen
1189 5576 1335 5626 recte
1384 5570 1536 5641 prius
1579 5585 1695 5627 non
1715 5572 1989 5643 judicasse
2031 5588 2118 5629 re-

529 5660 832 5731 prehendit,
865 5670 920 5718 et
957 5664 1238 5720 sententia
1268 5679 1439 5734 quam
1477 5666 1845 5736 protulerunt,
1884 5682 1978 5724 eos
2023 5683 2114 5724 se-

530 5752 766 5808 cundum
815 5768 874 5809 se
928 5756 1125 5810 debere
1196 5757 1551 5812 succumbere
1603 5772 1708 5812 non
1755 5761 1967 5815 nescit?
2006 5760 2117 5817 Sed

2230 5395 2390 5452 tassis
2428 5395 2628 5468 injuste
2667 5396 2921 5469 ligentu‘r‘,
2958 5396 3135 5467 ipsam
3171 5390 3514 5462 obugatiouis
3543 5403 3757 5446 suesce-

2230 5488 2457 5543 tentiam
2509 5503 2578 5544 ex
2630 5489 2732 5544 alia
2782 5488 2972 5560 culpa,
3015 5486 3071 5543 id
3099 5488 3212 5542 est
3266 5483 3635 5549 inobedientia,
3664 5494 3757 5537 me-

2230 5587 2472 5634 reantur.

2299 5668 2468 5742 igitur
2522 5673 2778 5745 prmlatos
2842 5673 3105 5729 damnare
3158 5666 3557 5737 inuiderenter,
3592 5675 3754 5741 oportet

2228 5764 2568 5822 horrescere.
2626 5766 2951 5838 Quicunque
3003 5780 3137 5823 vero
3192 5763 3421 5821 minoris
3486 5762 3752 5819 auctoritatis

610 5876 631 5902 ει
678 5863 775 5918 llic
823 5861 1012 5934 ingens
1058 5864 1252 5920 lacinia
1293 5874 1375 5920 est
1419 5880 1484 5920 ex
1518 5881 1601 5935 ep.
1635 5867 1701 5923 lO
1736 5869 1978 5939 ejusdem
2021 5872 2248 5936 Nicolai.
2298 5870 2309 5875 ’

2998 5976 3049 5986 ο...

3672 348 3995 419 eoas:
