4050 6324
291 331 430 388 1029

286 458 444 514 sunt,
491 448 750 504 damnare
781 448 1010 506 sollicite
1046 458 1294 515 caveant,
1326 463 1394 504 ne
1437 450 1702 520 majorum
1750 464 1873 503 suo—
1903 452 1949 509 Α

287 555 409 597 rum
454 541 777 595 sententiam
823 542 1286 613 transgrediantur
1312 560 1324 571 ·
1357 541 1597 610 alioquin
1630 541 1755 595 licet
1786 541 1867 595 in-

279 632 426 702 juste
470 647 853 702 nonnunquam
890 634 1128 688 damnati
1159 642 1302 698 sunt,
1330 649 1398 688 ex
1434 633 1547 702 ipsa
1581 633 1870 686 temeraria

285 724 759 794 praevaricatione,
807 724 994 793 culpa,
1041 741 1160 794 qua:
1205 725 1442 780 nondum
1490 722 1627 778 forte
1677 737 1869 793 perpe-

288 826 429 873 trata
467 817 670 882 fuerat,
721 825 776 871 et
818 817 970 884 ultio,
1015 832 1177 886 quam
1214 817 1370 886 culpa
1417 814 1647 870 necdum
1695 828 1868 868 mere-

285 907 466 974 batur,
503 907 690 977 procul
730 907 894 964 dubio
932 908 1353 979 subsequuntur.
1391 906 1532 962 Nihil
1579 907 1776 977 quippe
1812 906 1872 959 li-

285 1017 450 1072 gnum
482 1000 708 1056 vetitum
736 1002 788 1056 in
819 1016 877 1056 se
903 1000 1242 1058 mortiferum
1269 1000 1485 1065 habuit;
1519 1000 1614 1055 sed
1641 998 1733 1068 qui
1763 998 1874 1053 ino-

284 1093 567 1149 bedienter
601 1107 669 1148 ex
714 1108 781 1150 eo
828 1093 1096 1158 comedit,
1138 1102 1368 1148 mortem
1410 1091 1511 1146 sibi
1555 1099 1609 1146 et
1641 1090 1873 1159 posteris

285 1185 630 1256 propinavit:
661 1200 770 1241 non
800 1186 926 1254 quia
975 1185 1182 1256 lignum
1224 1183 1548 1253 malignum;
1578 1197 1701 1236 cum
1727 1181 1872 1251 quod

284 1279 427 1334 Deus
457 1278 607 1346 fecit,
635 1288 805 1335 totum
843 1277 1036 1335 fecerit
1064 1281 1303 1334 bonum:
1337 1278 1430 1334 sed
1464 1279 1608 1346 quod
1636 1275 1773 1330 mala
1803 1274 1875 1330 sit

286 1370 669 1442 transgressio,
697 1380 753 1426 et
782 1371 984 1428 nolenti
1018 1370 1240 1439 subjici,
1286 1385 1382 1441 per
1426 1384 1545 1424 eam
1581 1367 1774 1422 merito
1805 1365 1874 1420 sit

283 1471 401 1517 orta
437 1463 730 1520 damnatio.
777 1463 947 1519 Porro
988 1464 1032 1519 si
1061 1463 1262 1528 dicitis,
1299 1462 1620 1534 Gregorium
1663 1460 1730 1516 ab
1776 1459 1874 1513 im-

284 1555 436 1626 perio
462 1565 668 1620 vestro,
697 1564 752 1610 et
781 1556 846 1610 ab
883 1556 1175 1611 antistibus
1204 1555 1370 1610 fuisse
1402 1563 1673 1622 receptum
1691 1590 1706 1618 ,
1752 1566 1874 1621 per-

1475 330 1839 387 EPISTOLAE
1880 330 1968 386 ET
2007 327 2349 384 DECRETA.

3423 321 3561 380 1050

2051 431 2432 500 Verumtamen
2482 443 2607 499 licet
2651 451 2840 498 contra
2877 441 3220 499 Nicaeneuses
3265 456 3449 498 sacros
3479 460 3560 496 ca-
3615 485 3618 489 .

1975 554 2142 593 nones
2190 536 2472 607 praefatum
2521 536 2877 608 Gregorium,
2925 537 3017 606 qui
3063 534 3306 605 abiectus
3357 535 3567 600 fuerat,

1973 631 2301 702 receperint,
2335 645 2608 700 nunquam
2643 639 2824 685 tamen
2868 645 2989 684 cum
3018 645 3050 684 a
3089 629 3304 684 vinculo
3344 629 3567 683 damna-

1976 725 2139 782 tionis
2173 733 2230 783 et
2277 724 2641 780 anathematis
2687 731 2974 788 exuerunt,
3017 737 3178 792 quem
3227 722 3568 778 absolutione

1974 817 2412 889 praivaricatoria
2442 817 2624 886 potius
2655 825 2982 880 nexuerunt,
3011 823 3068 870 et
3096 815 3259 879 hunc,
3295 815 3421 868 dum
3461 812 3570 869 sol-

1979 929 2105 968 vere
2146 913 2256 968 nixi
2301 921 2460 977 sunt,
2498 913 2653 968 nodis
2701 911 2998 982 majoribus
3043 909 3382 966 dediderunt.
3428 908 3568 976 Quin

1978 1003 2085 1058 imo
2131 1005 2255 1059 dum
2299 1003 2624 1060 sententiam
2671 1001 2894 1072 majoris
2936 1009 3347 1056 contemnentes
3397 1007 3571 1053 trans-

1975 1097 2147 1166 gressi
2176 1104 2320 1162 sunt,
2357 1095 2442 1152 vel
2472 1096 2635 1151 etiam
2680 1109 2834 1150 suam
2868 1081 3308 1166 tergiversatorio
3343 1091 3571 1148 consilio

1975 1184 2190 1256 lenique
2219 1203 2382 1242 sensu
2429 1187 2647 1243 sibimet
2677 1184 2807 1241 facti
2837 1185 3100 1241 contrarii
3138 1185 3420 1240 destruere
3445 1191 3574 1238 sunt

1977 1279 2172 1345 moliti,
2212 1279 2326 1350 pari
2362 1278 2809 1348 prasvaricatione
2847 1277 3117 1333 habentur
3159 1274 3366 1340 innexi,
3407 1282 3462 1330 et
3499 1275 3572 1330 si-

1976 1372 2090 1426 mili
2121 1386 2282 1443 pcena
2311 1371 2607 1426 secundum
2644 1369 2977 1440 apostolicos
3005 1377 3060 1423 et
3108 1367 3396 1424 nonnullos
3439 1367 3574 1422 alios

1977 1478 2214 1519 canones
2245 1471 2497 1518 tenentur
2547 1462 2795 1518 obstricti
2839 1481 2851 1516 :
2887 1462 2962 1516 ita
3008 1470 3068 1515 ut
3112 1459 3575 1517 communicantes

1976 1555 2174 1627 expelli
2203 1558 2269 1612 de
2283 1554 2526 1611 Ecclesia
2553 1554 2869 1624 jubeantur,
2893 1569 2957 1608 ac
2982 1569 3078 1624 per
3108 1554 3232 1619 hoc,
3263 1568 3385 1609 reos
3413 1568 3567 1608 reum

283 1647 494 1702 contari
528 1647 674 1713 libet,
703 1663 737 1702 o
762 1647 1159 1718 sapientissime
1189 1648 1503 1718 imperator,
1535 1646 1731 1716 quibus
1770 1645 1872 1700 hoc
1971 1649 2274 1721 justiﬁcare
2305 1657 2515 1704 constat
2550 1648 2770 1702 minime
2817 1646 3081 1718 potuisse,
3115 1662 3218 1702 nec
3261 1645 3456 1716 ligatos
3497 1643 3565 1698 li—

285 1737 662 1801 documentis,
699 1739 896 1810 quibus
952 1740 1252 1796 canonibus
1291 1738 1608 1807 iubentibus
1648 1737 1732 1808 agi
1770 1737 1871 1792 rite

1977 1753 2158 1816 gatum
2206 1744 2418 1800 solvere
2447 1744 2607 1800 modo
2646 1743 2888 1812 quolibet
2933 1743 3186 1798 valuisse.
3215 1741 3356 1798 Ecce
3385 1758 3416 1796 a
3453 1741 3572 1810 qui-

284 1840 490 1903 potest.
532 1842 590 1886 ut
630 1833 686 1886 hi
724 1833 818 1902 qui
863 1832 1205 1903 abjieiuntur,
1239 1833 1309 1887 ab
1341 1831 1462 1886 aliis
1501 1829 1869 1901 recipiantur?

1985 1839 2096 1902 bus,
2127 1853 2163 1891 ο
2197 1835 2660 1892 Christianissime
2701 1835 2976 1906 princeps,
3026 1833 3252 1890 Photius
3300 1841 3385 1888 est
3420 1831 3577 1887 insti-

283 1923 338 1978 id
383 1925 546 1979 etiam
587 1934 894 1981 veneranda
939 1936 994 1982 et
1050 1926 1340 1982 universali
1403 1926 1608 1998 synodo
1654 1924 1869 1979 Nicaana

282 2013 350 2069 de
380 2025 609 2086 utraque
644 2018 978 2087 professione
1006 2018 1127 2074 luce
1155 2019 1358 2074 clarius
1395 2019 1695 2074 inhibente.
1735 2015 1869 2071 Nam

278 2119 311 2160 a
339 2106 584 2161 saeculari
624 2117 892 2178 potestate
925 2124 1026 2164 nec
1067 2108 1259 2180 ligari,
1291 2125 1393 2165 nec
1436 2108 1568 2164 solvi
1614 2107 1868 2163 sacerdo-

283 2206 388 2253 tem
440 2212 629 2267 posse,
675 2199 1020 2256 manifestum
1087 2211 1222 2256 est:
1281 2209 1336 2257 et
1392 2201 1598 2256 idcirco
1665 2198 1870 2254 all‘atim

281 2293 610 2363 approbatur
638 2293 1039 2366 Syracusanum
1064 2294 1388 2368 Gregorium
1413 2312 1510 2367 per
1535 2295 1868 2367 imperialem

283 2387 658 2442 tantummodo
687 2387 1012 2442 sententiam
1046 2387 1194 2444 nullo
1230 2389 1392 2445 modo
1421 2388 1654 2444 valuisse
1687 2403 1875 2446 recon-

280 2475 455 2531 ciiiari
489 2490 536 2531 ι.

357 2567 456 2624 Ubi
484 2570 529 2626 si
559 2571 875 2641 pontiﬁcum
907 2587 1124 2644 quoque
1153 2575 1392 2632 sociatur
1419 2592 1697 2644 assensus,
1727 2592 1872 2648 quat-

283 2657 453 2714 rimus
495 2668 677 2716 utrum
724 2665 1070 2732 praecesserit
1112 2681 1180 2720 an
1219 2665 1386 2723 fuerit
1413 2667 1774 2725 subsecutus?
1814 2669 1872 2725 Si

282 2751 604 2809 subsecutus
642 2760 760 2821 est,
808 2755 1160 2812 nihilominus
1217 2757 1285 2813 ad
1322 2759 1374 2814 id
1405 2759 1628 2826 reditur,
1673 2769 1730 2814 ut
1774 2762 1872 2816 ab-

282 2843 480 2900 solutio
508 2861 539 2900 a
568 2846 810 2901 saeculari
839 2856 1107 2918 potestate
1137 2864 1234 2920 per
1258 2861 1527 2923 praecepta
1551 2853 1733 2909 valere
1762 2869 1870 2910 non

281 2937 476 3007 possit,
505 2937 930 3010 pontiﬁcumque
964 2952 1184 2996 secutus
1231 2956 1508 3009 assensus,
1549 2945 1876 3001 adulationis

282 3029 366 3085 vel
397 3031 620 3086 terroris
643 3030 807 3088 fuerit
847 3033 1025 3102 potius
1052 3049 1216 3103 quam
1243 3034 1498 3106 legitima:
1529 3038 1829 3094 sanctionis
1855 3055 1870 3104 ;

283 3123 328 3177 si
358 3123 669 3192 praecessit,
715 3123 974 3179 doceatur
1002 3141 1030 3178 a
1060 3126 1278 3195 quibus,
1309 3135 1365 3182 et
1395 3127 1484 3182 ubi
1535 3127 1626 3182 ille
1667 3128 1739 3183 sit
1784 3142 1875 3198 ge-

1978 1935 2142 1983 tutus.
2189 1926 2332 1982 Ecce
2373 1926 2547 1997 qualis
2575 1934 2660 1980 est
2686 1924 3000 1996 Gregorius,
3032 1925 3125 1994 qui
3168 1922 3572 1980 Dormitantius

1977 2020 2388 2077 convenientius
2419 2026 2632 2088 poterat
2675 2018 2802 2072 dici.
2847 2017 3216 2084 Quamobrem
3255 2016 3456 2086 cogita,
3496 2013 3574 2068 ﬁli

1976 2113 2316 2178 charissime,
2348 2119 2522 2167 tracta
2545 2121 2602 2166 et
2630 2120 2806 2166 tecum
2843 2110 3028 2166 sedula
3057 2109 3420 2165 meditatione
3445 2122 3566 2178 per-

1975 2204 2130 2274 quire
2177 2203 2223 2258 si
2273 2212 2421 2258 stare
2461 2201 2682 2258 Photius
2729 2201 2922 2270 possit,
2969 2200 3182 2256 etiamsi
3215 2199 3367 2255 miris
3405 2198 3576 2253 virtu-

1978 2297 2120 2352 tibus
2153 2295 2373 2366 polleat,
2404 2295 2620 2350 etiamsi
2664 2294 2813 2349 omni
2844 2293 3069 2348 scientia
3098 2292 3318 2362 fulgeat,
3359 2288 3576 2361 quando

1976 2389 2069 2459 qui
2097 2389 2244 2444 hunc
2282 2387 2542 2442 statuisse
2580 2386 2831 2451 tentavit,
2871 2385 3074 2440 dudum
3112 2384 3226 2455 jam
3257 2382 3492 2448 cecidit;
3519 2391 3575 2437 et

1977 2481 2166 2537 volens
2208 2480 2341 2550 erigi
2386 2494 2510 2534 cum
2557 2477 2882 2534 conantibus
2922 2491 2980 2533 se
3027 2475 3254 2546 erigere,
3298 2488 3575 2544 nunquam

1980 2582 2405 2643 recuperaturus
2430 2573 2609 2627 denuo
2635 2571 2763 2626 ruit.

2050 2667 2373 2723 Consideret
2419 2680 2548 2736 ergo
2592 2664 2852 2720 divinitus
2894 2671 3075 2719 vester
3114 2660 3409 2731 inspiratus
3438 2672 3576 2728 apex

1980 2760 2256 2833 quomodo
2288 2759 2538 2822 Pbotius,
2574 2757 2789 2814 etiamsi
2821 2755 2957 2812 nihil
3001 2754 3145 2810 aliud
3193 2753 3296 2809 sibi
3332 2752 3454 2823 jure
3484 2765 3576 2804 va-

1979 2856 2088 2911 leat
2117 2853 2404 2924 impedire,
2431 2860 2596 2923 queat
2625 2851 2680 2906 in
2711 2847 3033 2906 sacerdotali
3057 2846 3225 2918 gradu
3253 2843 3573 2916 persistere:

1947 2937 2415 3018 'quandoquidem
2447 2946 2727 3002 institutor
2752 2958 2908 3010 suus,
2937 2957 3060 2999 eum
3095 2941 3186 2996 hic
3206 2939 3572 3000 ordinaretur,

1981 3057 2091 3098 non
2130 3041 2304 3098 solum
2344 3040 2673 3104 sacerdotio,
2719 3053 2908 3094 verum
2956 3035 3122 3093 etiam
3199 3033 3316 3103 ipso
3352 3029 3578 3087 carebat

1981 3133 2294 3191 Christiano
2317 3130 2620 3196 vocabulo;
2649 3137 2705 3186 et
2732 3130 2874 3185 sicut
2909 3126 3022 3198 jam
3069 3123 3442 3196 exposuimus,
3475 3135 3578 3176 nec

285 3223 431 3280 stus;
458 3214 506 3269 si
525 3214 820 3270 secundum
843 3216 1101 3272 Ecclesiae
1129 3219 1372 3290 regulam
1401 3219 1730 3286 celebratus,
1763 3222 1806 3276 si
1843 3236 1873 3274 a
1905 3208 1950 3271 C
1982 3226 2269 3281 damnatus
2313 3221 2649 3292 justiﬁcare,
2700 3236 2802 3276 nec
2857 3217 3133 3289 depositus
3185 3215 3429 3286 erigere,
3477 3227 3579 3268 nec

285 3317 514 3378 paterna
544 3310 835 3365 traditione
864 3311 1160 3381 protectus,
1192 3314 1237 3369 si
1268 3313 1536 3383 majorum
1566 3330 1715 3372 more
1754 3331 1875 3386 pro-

287 3400 450 3466 latus,
494 3402 540 3456 si
587 3404 916 3472 competenti
964 3407 1372 3464 examinatione
1415 3408 1786 3478 depromptus,
1830 3409 1876 3464 si

287 3495 360 3548 ad
385 3495 607 3564 majoris
635 3497 978 3552 auctoritatis
1009 3498 1189 3554 sedem
1240 3513 1402 3569 quam
1446 3501 1534 3555 illa
1575 3510 1661 3556 est
1701 3516 1732 3554 a
1771 3517 1876 3570 qua

286 3584 580 3658 Gregorius
623 3588 975 3644 damnatione
1003 3589 1290 3644 tenebatur
1319 3589 1640 3656 obstrictus,
1687 3605 1880 3646 secun-

287 3677 415 3733 dum
462 3677 716 3734 Ecclesia:
765 3679 982 3752 regulas
1021 3691 1105 3737 est
1128 3681 1385 3750 relatum,
1434 3683 1480 3737 si
1523 3682 1637 3752 ipse
1685 3683 1878 3752 praesul

287 3769 378 3838 qui
423 3769 637 3840 ligavit,
679 3771 928 3826 absoivit.
970 3771 1030 3826 Si
1068 3772 1185 3827 hzec
1225 3782 1380 3843 gesta
1423 3787 1529 3830 non
1580 3783 1737 3839 sunt,
1771 3790 1880 3844 quo

287 3883 456 3932 more,
489 3884 597 3938 quo
625 3869 732 3922 ritu
780 3868 1159 3940 Syracusanus
1185 3869 1480 3941 Gregorius
1509 3885 1567 3924 se
1617 3869 1881 3941 gloriatur

290 3961 626 4027 absolutum,
669 3977 791 4016 cum
840 3976 937 4016 nec
969 3979 998 4015 a
1041 3961 1392 4031 pontiﬁcibus
1433 3962 1627 4017 ordine
1673 3961 1876 4027 debito,

291 4071 391 4112 nec
441 4057 834 4112 ecclesiasticis
884 4056 1092 4127 legibus
1132 4055 1294 4111 fuerit
1341 4057 1640 4127 expetitus,
1696 4072 1793 4111 nec
1848 4073 1878 4110 a

291 4152 560 4208 mundana
590 4160 858 4223 potestate
902 4152 1138 4222 potuerit
1167 4161 1364 4222 praeter
1405 4152 1659 4207 Ecclesiae
1694 4152 1878 4205 trami—
1910 4220 1916 4224 ν

292 4254 396 4300 tem
440 4260 666 4315 prorsus
693 4246 944 4302 absolvi?
970 4245 1089 4300 Jam
1122 4260 1251 4301 vero
1279 4245 1325 4300 si
1365 4245 1594 4300 dicatis:
1625 4243 1740 4299 Non
1780 4259 1880 4316 ego

293 4337 515 4404 absolvi,
562 4340 654 4395 sed
696 4355 724 4392 a
755 4339 1103 4410 pontiﬁcibus
1147 4348 1201 4392 ut
1233 4338 1535 4394 solveretur
1566 4337 1828 4408 postulavi
1863 4355 1875 4390 :

293 4448 323 4486 e
352 4439 539 4486 contra
571 4431 646 4485 illi
685 4430 852 4486 multo
891 4431 1065 4500 magis
1097 4446 1126 4484 a
1159 4429 1315 4485 vobis
1358 4428 1636 4500 postulare
1681 4428 1882 4484 debue-

298 4533 440 4588 runt,
472 4532 530 4578 ut
561 4525 606 4579 si
636 4540 760 4579 eum
795 4524 1002 4578 velletis
1051 4524 1286 4589 absolvi,
1336 4523 1574 4593 legitima
1623 4523 1882 4578 ecclesia-

295 4617 420 4673 stici
471 4616 676 4670 tenoris
725 4614 992 4670 absolutio
1040 4616 1401 4684 praeveniret;
1443 4625 1493 4670 et
1545 4615 1659 4670 haec
1701 4616 1882 4670 omnia

295 4725 416 4778 qua:
459 4708 710 4777 superius
739 4708 880 4762 dicta
913 4717 1058 4771 sunt,
1086 4710 1381 4763 secundum
1416 4708 1670 4763 Ecclesiae
1702 4709 1886 4762 trami-

298 4814 405 4858 tem
437 4813 806 4867 servarentur,
841 4805 1114 4872 praacipue
1139 4820 1261 4860 cum
1293 4821 1403 4860 non
1427 4805 1494 4858 ab
1525 4805 1766 4860 inferiori
1801 4806 1886 4860 vel

297 4897 434 4967 pari,
460 4899 554 4951 sed
579 4913 606 4949 a
637 4896 825 4964 majori
849 4912 1101 4966 persona,
1125 4909 1197 4963 ct,
1224 4899 1364 4955 sicut
1384 4915 1449 4953 ex
1467 4900 1775 4970 apostolicis
1797 4917 1885 4956 ca-

297 4990 533 5046 nonibus
560 4989 873 5056 edocemur,
903 4990 1076 5046 solum
1107 4992 1174 5046 ab
1204 5008 1268 5047 eo
1309 4993 1398 5062 qui
1429 5007 1551 5047 eum
1582 5002 1887 5062 sequestra-

298 5085 395 5147 vit,
433 5092 527 5137 aut
570 5092 719 5138 certe
751 5098 781 5137 a
810 5083 983 5153 prima
1016 5083 1141 5138 sede
1174 5082 1295 5151 jure
1327 5085 1494 5152 possit
1529 5084 1755 5138 absolvi.
1797 5085 1880 5137 ln-

299 5177 466 5233 terior
506 5178 706 5250 quippe
733 5179 819 5233 vel
843 5193 1067 5248 compar
1097 5177 1391 5232 antelatum
1428 5179 1511 5234 vel
1549 5193 1880 5248 comparem,

300 5283 407 5322 non
444 5278 718 5325 annuente
758 5269 950 5340 majori
975 5311 988 5334 ,
1026 5270 1309 5324 absolvere
1361 5286 1466 5324 non
1519 5279 1716 5340 potest.
1759 5273 1884 5326 Sola

301 5361 466 5432 igitur
502 5363 682 5432 potior
720 5354 1031 5418 inferiorem
1060 5363 1454 5418 convenienter
1480 5363 1729 5418 absolvit.
1757 5363 1887 5420 Pro«

300 5452 427 5509 inde
474 5454 752 5512 inferioris
778 5457 877 5513 loci
921 5456 1204 5528 pontiﬁces
1233 5472 1326 5511 eos
1365 5471 1500 5526 quos
1537 5457 1714 5527 potior
1759 5473 1894 5514 suus

303 5545 673 5618 obligaverat,
708 5550 824 5604 sine
859 5551 1034 5620 prima
1071 5551 1198 5606 sede
1236 5549 1518 5605 absolvere
1554 5565 1660 5605 non
1699 5559 1889 5621 potue-

304 5648 448 5692 runt.

379 5752 565 5831 ailzec
606 5755 826 5831 totidem
858 5756 1001 5831 legas
1042 5759 1094 5811 in
1129 5768 1272 5815 torno
1317 5757 1511 5815 Gclasii
1558 5761 1624 5814 de
1664 5761 1889 5814 anathe-

309 5826 467 5882 matis
497 5826 728 5882 vinculo.

1980 3319 2181 3390 ligatus
2218 3324 2398 3388 potest
2439 3329 2771 3387 quemquam
2811 3327 2908 3384 per
2938 3309 3340 3381 impositionem
3381 3321 3578 3362 manus

1980 3409 2282 3481 provehere
2322 3425 2341 3464 :
2392 3405 2734 3479 impossibile
2777 3411 2864 3460 est
2915 3404 3061 3459 enim
3119 3403 3317 3458 horum
3369 3397 3577 3468 aliquid

1981 3503 2122 3557 ﬁeri.
2156 3503 2182 3542 δ
2203 3501 2450 3557 Judicate
2497 3515 2650 3568 ergo,
2679 3497 3116 3553 mansuetissime
3143 3497 3460 3564 imperator,
3487 3491 3578 3547 cui

1981 3594 2162 3664 potius
2209 3591 2570 3648 obediendum
2601 3599 2704 3653 est,
2754 3588 2886 3652 Deo,
2920 3603 2988 3642 an
3037 3584 3383 3649 hominibus;
3429 3582 3575 3654 judi-

1983 3699 2104 3744 cate
2145 3689 2233 3744 cui
2283 3689 2462 3759 potius
2499 3685 2861 3742 resistendum
2905 3685 2994 3749 sit,
3028 3681 3281 3753 potestati
3311 3694 3474 3748 quam
3521 3677 3576 3730 in

1982 3784 2146 3840 Petro
2177 3784 2319 3841 Deus
2361 3783 2704 3852 omnipotens
2748 3777 3044 3841 ordinavit,
3091 3787 3363 3845 quamque
3409 3787 3576 3841 super

1984 3889 2231 3933 cunctam
2263 3877 2566 3933 Ecclesiam
2608 3872 2818 3936 extulit,
2860 3886 2928 3926 an
2955 3867 3288 3924 ordinationi
3319 3865 3572 3936 Gregorii

1985 3973 2335 4046 Syracusani,
2379 3972 2464 4026 cui
2495 3969 2782 4024 dicendum
2821 3975 2944 4021 est:
2979 3963 3070 4019 Vae
3113 3961 3324 4018 homini»
3351 3959 3449 4021 illi,
3480 3973 3578 4027 per

1983 4081 2142 4135 quem
2195 4064 2250 4119 in
2303 4063 2604 4118 Ecclesium
2648 4059 2854 4115 Christi
2889 4066 2970 4112 tot
3017 4054 3276 4111 scandala
3313 4060 3578 4109 venerunt

1984 4158 2201 4231 (Matth.
2230 4158 2360 4226 xxv)
2389 4170 2402 4207 :
2430 4153 2636 4224 quique
2665 4151 2818 4212 ollim,
2846 4149 2986 4204 sicut
3013 4147 3112 4217 ipsi
3143 4146 3311 4206 scitis,
3345 4162 3372 4197 a
3410 4144 3576 4197 fratre

1984 4261 2038 4307 et
2067 4249 2442 4306 comministro
2485 4253 2678 4300 nostro
2711 4242 2919 4313 lgnatio
2942 4248 2998 4294 et
3031 4256 3064 4292 a
3093 4238 3300 4308 synodo
3334 4251 3452 4305 qua:
3478 4235 3578 4288 sub

1984 4361 2050 4400 co
2077 4352 2214 4408 erat,
2243 4342 2520 4413 depositus
2545 4349 2647 4403 est,
2680 4346 2733 4392 et
2764 4345 2822 4391 ut
2850 4333 3150 4406 apostolica
3177 4331 3336 4386 sedes
3363 4329 3416 4383 in
3457 4328 3574 4398 ejus

1988 4437 2332 4493 damnatione
2353 4432 2710 4494 consentiret,
2739 4431 2810 4485 ab
2834 4431 2952 4499 ipso
2975 4424 3365 4483 consacerdote
3392 4428 3578 4476 nostro

1991 4530 2259 4599 postulata
2289 4538 2394 4582 est.
2440 4525 2544 4582 Sed
2577 4525 2890 4580 decessores
2937 4521 3040 4576 mei
3086 4519 3257 4574 beatae
3302 4513 3595 4571 memoriae

1992 4625 2102 4680 Leo
2150 4637 2213 4677 ac
2261 4619 2605 4682 Benedictus,
2657 4617 2800 4674 serb's
2847 4614 3157 4686 apostolica:
3207 4606 3578 4665 moderamina

1991 4726 2304 4777 servantes,
2355 4714 2646 4768 noluerunt
2688 4712 2767 4767 sie
2804 4723 2971 4764 unam
3019 4714 3228 4778 partem
3275 4700 3486 4764 audi-re,
3517 4705 3578 4762 pt

1992 4813 2109 4866 aliae
2151 4810 2293 4882 parti
2339 4809 2472 4863 nihil
2505 4809 2720 4878 penitus
2758 4809 3143 4860 reservarem:
3183 4796 3356 4854 Unius
3383 4793 3582 4865 quippe

1989 4911 2254 4965 mediator
2304 4921 2410 4961 non
2461 4913 2563 4961 est.
2609 4901 2978 4970 Quamobrem
3032 4895 3254 4952 interim
3315 4888 3581 4961 depositio

1992 5002 2160 5072 ipsius
2193 5015 2222 5054 a
2260 4999 2388 5055 sede
2426 4996 2722 5068 apostolica
2764 5009 2872 5050 non
2898 4999 3172 5061 suscepta,
3200 4984 3462 5043 remansit
3498 4983 3582 5038 iu—

1992 5095 2169 5149 tirma.
2217 5091 2460 5161 Cumque
2503 5091 2648 5145 idem
2696 5086 2990 5159 Gregorius
3032 5099 3131 5155 per
3176 5082 3415 5154 legatum
3471 5091 3586 5133 suae

1995 5185 2186 5258 partis,
2218 5182 2537 5238 Zachariam
2588 5181 2832 5244 nomine,
2875 5179 3058 5233 sedem
3107 5173 3419 5246 agnovisset
3447 5183 3578 5240 apo-

1997 5278 2242 5334 stolicam
2276 5277 2331 5330 in
2365 5291 2460 5330 sua
2509 5273 2849 5344 depositione
2880 5270 3192 5326 nullatenus
3216 5263 3576 5327 consensisse,

1999 5386 2104 5426 non
2137 5371 2341 5441 gratias
2385 5368 2515 5438 egit,
2548 5383 2653 5421 non
2702 5381 2730 5419 a
2774 5364 2968 5435 coeptis
2998 5364 3056 5417 in
3087 5361 3200 5432 jam
3230 5359 3432 5414 dictum
3475 5352 3582 5408 fra-

2003 5472 2139 5517 trem
2187 5472 2430 5517 nostrum
2479 5459 2830 5515 saevientibus-
2862 5455 3204 5514 contunreliis
3230 5448 3578 5521 conquievit;

2001 5556 2093 5611 sed
2124 5555 2454 5626 benignitate
2482 5553 2575 5610 Dei
2613 5562 2667 5608 et
2711 5551 2968 5624 patientia
3002 5549 3146 5605 sedis
3176 5541 3485 5616 apostolicae
3529 5539 3582 5591 in

2001 5647 2252 5720 superbia
2281 5648 2528 5712 abutens,
2577 5647 2631 5701 in
2681 5645 2856 5716 ipsum
2896 5641 3149 5698 videiieet
3191 5635 3454 5707 lgnatium
3487 5643 3583 5700 pa-

2000 5763 2098 5888 Νδ
2135 5761 2240 5888 lHic
2284 5763 2471 5833 ingens
2526 5779 2710 5816 l'lll‘sllS
2766 5761 2961 5814 lacinia
3009 5771 3074 5810 ex
3121 5767 3202 5824 ep.
3239 5749 3310 5805 l0
3347 5747 3590 5819 ejusdem

2050 5849 2132 5888 nco
2155 5851 2223 5888 ai.

2050 5849 2223 5890 lCOlal.
