4050 6324
544 361 677 418 1051

1869 356 2141 415 NICOLAI
2175 356 2377 415 PAPIE
2417 356 2437 412 Ι

3760 357 3794 414 1
3803 358 3903 413 032

543 481 841 536 triarcliam
878 493 1033 534 suum
1085 475 1322 532 rediviva
1362 474 1543 546 jacula
1587 474 1882 547 impietatis
1925 455 2129 532 irreve-
2156 477 2559 546 Asententiam
2619 475 2672 531 in
2723 490 2820 532 eos
2873 476 3138 548 prolatam
3193 494 3302 535 non
3356 481 3625 538 interim
3696 487 3904 535 aucto-

544 582 728 629 rcnter
754 571 996 635 exacuit;
1035 577 1089 625 et
1114 583 1180 624 eo
1204 567 1520 638 superstite,
1550 569 1880 640 ne0phytum
1906 567 1962 622 in
1987 566 2128 623 Con-

545 661 1082 733 stantinopolitanam
1127 657 1426 715 Ecclesiam
1469 659 1846 723 consecravit;
1877 658 2005 730 quin
2033 673 2130 728 po-

544 757 654 812 tius
677 763 732 809 et
764 754 1025 809 adversus
1053 751 1200 808 sedis
1239 746 1398 807 istius
1438 751 1657 807 decreta
1685 756 1980 806 contumax
2008 763 2131 805 esse

544 865 650 907 non
677 846 907 912 destitit,
933 845 1028 916 qui
1054 859 1154 916 pro
1185 860 1266 911 se,
1293 859 1401 900 non
1430 852 1622 902 contra
1667 858 1727 900 se
1772 843 1942 914 ipsius
1967 842 2036 898 ab
2066 857 2130 897 ea

543 945 759 1001 decreta
793 941 954 1014 paulo
1003 949 1164 997 antea
1208 940 1366 1004 data,
1420 945 1681 1009 tanquam
1732 935 1977 1007 ingratus
2021 949 2130 990 non

543 1034 768 1102 recolit,
805 1043 862 1091 et
905 1033 1076 1091 veluti
1120 1032 1507 1104 tergiversator
1540 1043 1692 1084 arma
1723 1034 1997 1099 praeparat
2038 1025 2131 1080 ad-

540 1142 733 1185 versus
759 1140 913 1182 arma
948 1124 1052 1181 sibi
1101 1123 1328 1180 tutelam
1359 1120 1550 1178 salutis
1589 1134 1697 1175 non
1747 1117 1960 1174 modice
2002 1131 2133 1172 con-

541 1217 794 1284 ferentia,
832 1225 890 1272 et
931 1229 1148 1272 murum
1193 1213 1475 1270 destruere
1503 1210 1714 1274 nititur,
1755 1207 1848 1278 qui
1897 1221 1965 1262 ne
2015 1206 2133 1277 ipse

543 1310 915 1367 destrueretur
969 1305 1272 1363 fortissime
1328 1301 1642 1360 custodivit.
1686 1300 1756 1356 Et
1796 1299 1910 1372 agit
1966 1313 2129 1365 nunc,

541 1411 802 1475 quantum
830 1401 886 1457 in
912 1415 972 1457 se
999 1409 1107 1468 est,
1147 1406 1207 1455 ut
1244 1413 1310 1456 ea
1345 1406 1549 1454 statuta
1578 1409 1804 1468 prorsus
1831 1394 2134 1466 habeantur

541 1495 798 1562 invalida,
827 1509 948 1567 quae
977 1509 1100 1550 cum
1148 1493 1264 1564 ipse
1293 1493 1380 1549 his
1407 1499 1608 1564 egeret,
1640 1488 1862 1560 supplex
1889 1487 2129 1558 petebat,

539 1597 597 1646 et
624 1596 686 1644 ut
714 1587 944 1644 fortiora
982 1594 1166 1642 essent
1199 1583 1507 1651 adamante,
1541 1581 1845 1640 submissus
1888 1579 2128 1649 optabat,

543 1689 710 1750 atque
756 1687 819 1734 ut
855 1677 958 1734 sibi
1003 1675 1418 1742 auxiliarentur,
1449 1671 1729 1730 humiliter
1775 1669 2130 1741 implorabat;

540 1786 756 1829 necnon
808 1779 865 1827 et
895 1779 1086 1827 contra
1111 1785 1176 1825 ea
1203 1777 1568 1841 repugnanter
1606 1765 1835 1823 forsitan
1874 1773 2133 1837 tyrannos

2231 566 2394 623 ritate
2421 567 2567 624 sedis
2599 565 2908 637 apostolicae
2945 567 3359 636 roboraverint,
3399 570 3516 626 sed
3579 586 3794 642 usque
3841 573 3892 626 in

2229 659 2575 732 praesentiam
2606 659 2847 730 ejusdem
2881 660 3193 732 apostolica:
3221 661 3368 718 sedis
3401 660 3668 719 differri
3703 663 3873 718 dcere

2230 752 2428 807 verint.

2301 844 2688 914 Quamobrem,
2714 844 3036 902 charissime
3060 844 3137 902 tili
3160 854 3216 902 et
3243 845 3561 903 laudabilis
3593 846 3884 918 Auguste,

2231 938 2358 1008 quia
2392 939 2546 1009 quasi
2593 952 2694 1009 per
2733 953 2834 995 nos
2881 937 3098 994 inventa
3139 947 3224 994 est
3270 937 3465 1010 lgnatii
3530 937 3884 1008 dejectionis

2233 1032 2492 1096 materia,
2544 1030 2746 1087 idcirco
2797 1040 2998 1101 prater
3052 1030 3106 1086 id
3158 1031 3301 1102 quod
3356 1029 3557 1088 frater
3619 1028 3882 1100 adjuvari

2232 1124 2391 1179 debet
2437 1139 2468 1179 a
2520 1124 2713 1190 fratre,
2745 1131 2942 1195 praeter
2980 1123 3036 1179 id
3081 1124 3246 1179 etiam
3281 1123 3426 1194 quod
3461 1123 3674 1180 Petro
3730 1124 3878 1194 cujus

2233 1214 2287 1269 in
2321 1214 2499 1281 terris,
2536 1213 2664 1270 licet
2690 1213 2914 1284 indigni,
2942 1213 3118 1270 vicem
3162 1215 3423 1286 gerimus,
3458 1213 3714 1270 Christi
3756 1229 3875 1269 ora-

2235 1307 2358 1364 culo
2391 1307 2739 1379 peculiariter
2777 1307 2979 1364 dicitur
3015 1325 3028 1362 :
3063 1308 3131 1362 Et
3173 1309 3431 1380 conﬁrma
3481 1309 3723 1379 fratre:
3762 1318 3872 1363 ιιιω

2234 1399 2387 1473 (Luc.
2416 1400 2585 1473 χχιι),
2621 1399 2786 1458 etiam
2822 1401 2926 1456 hoc
2967 1400 3277 1472 specialiter
3318 1401 3540 1458 dicitur
3573 1417 3725 1457 eum
3770 1418 3871 1457 non

2233 1493 2408 1549 solum
2458 1494 2716 1566 adjuvare
2751 1501 2808 1549 et
2841 1492 3188 1559 confirmare,
3237 1508 3429 1550 verum
3465 1493 3673 1551 etiam
3716 1493 3869 1550 sicuti

2233 1583 2334 1654 ipsi
2384 1584 2612 1654 potestis
2660 1585 2962 1650 advertere,
3014 1583 3143 1639 totis
3183 1598 3284 1641 nos
3331 1599 3432 1656 pro
3475 1585 3594 1640 illo
3660 1585 3867 1639 viribus

2233 1686 2445 1748 oportet
2479 1693 2578 1748 per
2600 1677 2784 1733 omnia
2813 1677 3146 1749 disceptare;
3175 1687 3236 1734 ut
3277 1678 3548 1734 videlicet
3588 1686 3780 1733 totum
3816 1678 3862 1731 in

2235 1769 2326 1826 illo
2372 1768 2618 1826 funditus
2663 1770 2966 1837 aboleatur,
3011 1771 3153 1840 quod
3192 1785 3290 1841 per
3338 1786 3443 1827 nos
3485 1771 3749 1826 laedendi
3783 1770 3857 1824 fo-

545 1871 597 1920 et
635 1860 928 1933 sacrilegos
969 1860 1269 1932 judicabat.
1321 1859 1436 1916 Nisi
1497 1859 1643 1914 enim
1699 1857 1857 1913 sedes
1907 1863 2129 1927 aposto-
2159 1855 2205 1914 Β
2233 1862 2419 1918 mitem
2463 1861 2789 1918 adversariis
2816 1860 2933 1932 ejus
2975 1861 3390 1934 reperientibus,
3425 1863 3479 1918 ci
3527 1859 3856 1917 violentiam

542 1952 646 2008 lica
673 1952 723 2007 ei
757 1959 1041 2023 parceret,
1079 1950 1168 2006 ille
1199 1951 1478 2022 quomodo
1513 1947 2130 2006 correverendissimum

541 2043 812 2116 lgnatium
849 2051 1035 2114 posset
1071 2044 1374 2110 destruere,
1410 2041 1696 2098 brachium
1733 2055 1842 2096 non
1881 2039 2127 2095 haberet.

541 2135 614 2191 At
658 2133 749 2189 ille
786 2148 916 2190 usus
950 2140 1036 2190 est
1083 2133 1228 2189 sedis
1275 2131 1587 2202 apostolicae
1639 2131 1881 2187 bonitate
1919 2130 1974 2184 in
2013 2144 2130 2184 ma-

541 2226 824 2298 lignitate,
875 2233 930 2282 et
984 2225 1310 2282 beneficium
1368 2225 1422 2280 in
1478 2223 1651 2296 patris
1707 2222 1792 2280 sui
1862 2220 2134 2278 convertit

543 2320 788 2376 exitium.

615 2413 790 2470 Dicite
823 2412 1008 2486 igitur,
1048 2429 1081 2470 ο
1110 2412 1426 2484 imperator,
1460 2411 1712 2476 obsecro,
1757 2426 1882 2468 cum
1925 2411 2002 2466 ita
2043 2409 2130 2472 sit,

548 2506 816 2577 quomodo
870 2521 977 2562 non
1026 2505 1318 2561 debeamus
1370 2517 1472 2560 nos
1514 2503 1783 2577 lgnatium
1835 2518 1943 2559 non
1983 2501 2136 2573 adju-

542 2601 705 2656 vare?
742 2607 836 2655 aut
865 2613 1034 2670 usque
1079 2597 1149 2652 ad
1197 2597 1549 2665 audientiam,
1581 2605 1844 2668 quantum
1885 2597 1939 2652 in
1979 2596 2137 2652 nobis

542 2702 658 2761 est,
706 2693 1014 2748 indemnem
1053 2705 1162 2747 non
1199 2690 1417 2760 penitus
1467 2691 1834 2745 conservare?
1878 2687 1964 2743 vel
2003 2701 2138 2757 quo-

542 2787 703 2844 modo
738 2800 844 2841 non
869 2783 1142 2856 possimus
1169 2782 1514 2854 Gregorium,
1539 2781 1718 2838 ethos
1751 2781 1845 2852 qui
1882 2796 1950 2837 ex
1979 2787 2137 2851 parte

542 2879 715 2950 ipsius
752 2884 902 2943 sunt,
936 2875 1132 2930 merito
1175 2873 1577 2930 condemnare?
1605 2873 1832 2940 Quando
1873 2871 2134 2944 lgnatius,

541 2970 648 3026 nisi
676 2985 705 3024 a
737 2968 896 3024 nobis
922 2975 1067 3024 esset
1096 2965 1410 3038 impeditus,
1442 2965 1524 3021 sic
1553 2964 1676 3021 illos
1723 2966 1983 3021 canonice
2022 2964 2136 3021 for-

543 3062 686 3117 sitan
721 3067 1028 3126 sterneret,
1073 3067 1134 3114 ut
1166 3066 1224 3114 et
1264 3072 1388 3113 eum
1420 3055 1568 3111 nullo
1597 3056 1885 3112 conamine
1927 3055 2135 3127 potuis-

542 3161 663 3208 sent
693 3151 970 3222 impellere
999 3164 1015 3204 :
1049 3150 1139 3206 isti
1174 3150 1267 3221 qui
1314 3165 1422 3205 non
1454 3149 1612 3206 nobis
1642 3151 1951 3217 haeserunt,
1996 3165 2132 3221 quos

2234 1954 2425 2011 inferri
2455 1962 2824 2023 monstratur;
2860 1963 3140 2026 totumque
3166 1955 3418 2027 recipiat,
3449 1953 3702 2012 Christo
3735 1969 3850 2025 pro-

2232 2045 2389 2115 pitio,
2434 2045 2599 2116 quod,
2626 2045 2755 2101 dum
2792 2060 2894 2101 nos
2937 2045 3217 2101 moderate
3255 2061 3319 2101 ac
3361 2045 3721 2118 regulariter
3765 2059 3850 2114 ge-

2233 2135 2432 2201 rimus,
2483 2136 2598 2206 ipse
2652 2135 3092 2208 przejudicialiter
3145 2135 3395 2192 amisisse
3457 2136 3844 2208 dignoscitur.

2235 2228 2503 2297 Quoniam
2547 2235 2604 2283 et
2630 2228 2843 2298 praefati
2888 2227 3207 2284 decessores
3255 2227 3456 2294 nostri,
3486 2227 3615 2284 Leo
3646 2227 3846 2284 scilicet

2236 2332 2293 2378 et
2317 2320 2668 2390 Benedictus,
2697 2321 2873 2378 beata:
2895 2320 3290 2378 recordationis
3314 2321 3637 2392 pontifices,
3668 2323 3716 2378 si
3748 2321 3842 2377 tale

2237 2415 2365 2485 quid
2409 2415 2600 2471 diebus
2640 2429 2830 2470 eorum
2883 2413 3178 2487 Gregorius
3223 2414 3306 2469 vel
3365 2414 3683 2486 complices
3733 2414 3842 2486 ejus

2235 2513 2563 2577 patrassent,
2593 2504 2844 2562 videlicet
2873 2514 2935 2560 ut
2960 2505 3114 2560 abusi
3146 2512 3298 2561 tanto
3334 2507 3746 2576 compassionis
3782 2516 3830 2561 et

2236 2600 2511 2672 patientiae
2561 2599 2704 2656 sedis
2759 2599 3076 2671 apostolicae
3137 2600 3282 2656 circa
3340 2616 3400 2656 se
3456 2601 3734 2657 beneficio
3781 2600 3830 2654 in

2235 2691 2502 2762 lgnatium
2538 2706 2729 2747 manus
2764 2706 2892 2746 suas
2931 2690 3262 2762 injecissent,
3296 2703 3356 2747 ut
3384 2691 3651 2749 adversus
3684 2706 3822 2758 eum,

2238 2781 2370 2851 ipsis
2416 2782 2619 2837 sanctis
2663 2780 2983 2851 praesulibus
3035 2781 3392 2848 inconsultis,
3435 2782 3655 2853 linguas
3693 2792 3824 2837 ’snas

2239 2871 2418 2930 taliter
2442 2873 2821 2939 exacuissent;
2861 2871 3106 2944 profecto
3131 2887 3225 2928 eos
3256 2880 3516 2944 tanquam
3545 2873 3816 2928 ministros

2239 2961 2650 3032 inquietudinis,
2678 2968 2734 3016 et
2775 2960 2924 3032 ipsos
2965 2975 3026 3017 se
3063 2960 3176 3017 sole
3205 2961 3407 3017 clarius
3433 2962 3696 3018 obnoxios
3729 2975 3814 3016 os-

2240 3052 2542 3120 tendentes,
2591 3053 2708 3109 sine
2755 3054 2950 3124 quavis
2994 3053 3363 3109 retardatione
3409 3055 3652 3123 protinus
3693 3068 3812 3109 con-

2240 3147 2624 3214 demnassent,
2671 3156 2727 3203 et
2774 3155 2982 3203 tantum
3025 3145 3295 3218 piaculum
3325 3145 3610 3218 impietatis
3631 3159 3809 3200 eorum

543 3246 596 3301 in
627 3213 954 3314 adjutorimn
1003 3258 1160 3299 suum
1191 3213 1411 3298 habere
1449 3242 1886 3314 promptissimos
1923 3213 2136 3300 merue-
2161 3213 2209 3278 (ἶ
2241 3241 2521 3297 destruere
2568 3239 2948 3297 ardentissime
3001 3213 3356 3296 studuissent.
3402 3213 3510 3295 Sed
3558 3237 3678 3308 quia
3730 3234 3804 3290 illi

540 3346 689 3404 runt,
719 3351 820 3393 nec
851 3352 882 3392 a
914 3336 1070 3392 nobis
1107 3334 1392 3392 consilium
1440 3344 1790 3406 acceperunt,
1819 3343 1880 3392 ut
1908 3336 1965 3392 hi
2010 3353 2132 3393 cum

541 3428 851 3501 patriarcha
880 3442 980 3484 suo
1007 3427 1093 3484 vel
1122 3427 1385 3484 canonice
1406 3427 1645 3500 judicari
1671 3429 1995 3500 potuissent,
2038 3431 2134 3488 sed

540 3517 684 3574 vires
708 3532 835 3575 suas
862 3533 894 3573 a
920 3517 1076 3573 nobis
1111 3532 1182 3573 ne
1209 3515 1556 3588 frangeretur
1581 3527 1881 3587 servantes,
1914 3535 2008 3577 eas
2037 3519 2133 3576 ad-

540 3624 728 3667 versus
771 3624 894 3666 eum
931 3607 1179 3680 protinus
1209 3618 1605 3680 praepararunt.
1633 3609 1880 3681 Undique
1907 3626 2136 3683 perpen-

539 3703 650 3760 dite
698 3711 964 3775 quantum
1009 3717 1109 3759 nos
1155 3718 1301 3759 nunc
1347 3702 1555 3775 lgnatio
1605 3704 1878 3763 debitores
1923 3721 2132 3774 sumus,

538 3795 630 3867 qui
659 3795 761 3852 sibi
791 3795 1133 3852 obstacnlum
1159 3803 1214 3851 et
1241 3795 1479 3853 inimicis
1505 3795 1624 3867 ejus
1666 3796 1794 3855 facti
1827 3815 2017 3856 sumus
2043 3801 2135 3857 de-

537 3885 804 3943 fensionis
830 3886 1239 3954 umbraculum;
1268 3886 1519 3957 quamvis
1561 3903 1664 3945 nos
1699 3905 1806 3960 non
1846 3891 1967 3948 ideo
1989 3890 2135 3962 judi-

538 3981 684 4038 cium
731 3980 960 4036 istorum
1015 3979 1413 4048 distulerimus,
1466 3989 1528 4036 ut
1570 3981 1620 4036 ei
1667 3981 1898 4039 nocendi
1951 3983 2134 4054 jacula

537 4079 943 4144 praepararent,
990 4071 1089 4127 sed
1135 4081 1198 4127 ut
1243 4072 1323 4128 sic
1368 4072 1735 4129 sententiain
1781 4074 1880 4131 hos
1925 4073 2134 4146 prolata

538 4164 906 4221 valetudinem
949 4165 1198 4231 haberet,
1223 4173 1340 4220 uta
1369 4166 1528 4223 nobis
1567 4167 1899 4224 examinatio
1929 4182 2135 4238 praece-

540 4257 732 4322 deret;
764 4264 821 4312 et
848 4271 1038 4312 rursus
1081 4255 1164 4312 sic
1187 4256 1255 4312 ab
1283 4257 1404 4314 istis
1429 4257 1487 4313 in
1519 4272 1646 4314 eum
1675 4257 1886 4329 objecta
1913 4260 2134 4330 penitus

540 4364 726 4406 coram
772 4347 930 4405 nobis
968 4347 1408 4417 admitterentur,
1454 4357 1514 4406 ut
1546 4351 1717 4421 partis
1759 4351 1952 4423 lgnatii
2004 4367 2133 4423 per-

541 4455 674 4497 sona
726 4446 918 4496 vocata
972 4437 1059 4495 vel
1112 4439 1360 4496 convicta
1411 4449 1612 4499 nostrae
1661 4440 1967 4513 praesentia:
2021 4458 2131 4500 non

543 4533 782 4589 deesset.

2241 3332 2422 3388 divina
2451 3332 2735 3388 vocatione
2773 3330 2841 3387 ab
2869 3330 2971 3387 hac
3015 3330 3262 3387 convalle
3303 3331 3643 3402 lacrymarum
3674 3328 3797 3382 sub-

2238 3423 2385 3479 ducti
2441 3432 2599 3492 sunt,
2649 3423 2792 3479 hanc
2840 3421 3182 3494 tyrannidem
3239 3423 3467 3480 nondum
3517 3423 3798 3485 intuentes,

2239 3528 2338 3570 nos
2382 3513 2643 3571 debemus
2679 3514 2736 3570 in
2761 3528 2949 3570 eorum
2987 3513 3172 3570 labore
3216 3515 3523 3581 succedere,
3551 3513 3640 3584 qui
3679 3528 3798 3569 suc-

2237 3605 2501 3662 cessimus
2535 3606 2593 3662 in
2637 3607 2864 3673 honore,
2904 3605 2962 3661 in
3003 3605 3263 3678 cujusque
3312 3617 3551 3679 tempore
3588 3603 3798 3664 crudeli-

2239 3708 2356 3765 tas,
2408 3686 2528 3770 qute
2581 3699 2772 3757 diebus
2821 3699 3062 3771 ipsorum
3110 3701 3281 3773 coepit
3329 3701 3544 3758 radices
3584 3700 3792 3763 mittere,

2236 3797 2612 3846 consummata
2667 3789 2959 3862 perpatnit.
3007 3788 3241 3848 Proinde
3294 3807 3432 3863 nos,
3483 3792 3650 3863 primo
3689 3790 3793 3860 quia

2235 3885 2381 3941 sedis
2427 3882 2739 3956 apostolicae
2766 3885 2836 3941 de
2864 3893 2974 3940 tota
3012 3884 3256 3942 Ecclesia
3284 3886 3366 3940 fas
3397 3885 3639 3941 habentis
3670 3881 3790 3953 judi-

2235 3992 2382 4043 care,
2414 3975 2786 4034 moderamina
2814 3977 3150 4043 retinemus;
3179 3978 3417 4033 secundo
3444 3976 3683 4048 quoniam
3705 3973 3790 4026 fra-

2234 4070 2411 4126 tribus
2441 4068 2689 4140 injuriam
2715 4069 2892 4141 passis
2917 4069 3206 4126 subvenire
3227 4069 3522 4136 debemus;
3551 4077 3784 4142 postremo

2236 4162 2383 4233 quia,
2412 4160 2554 4219 sicut
2576 4161 2694 4234 jam
2733 4161 2990 4230 diximus,
3027 4170 3244 4234 oportet
3287 4178 3388 4220 nos
3426 4164 3484 4219 in
3520 4178 3693 4220 eorum
3728 4159 3787 4214 la-

2235 4256 2368 4312 bore
2393 4255 2710 4323 succedere,
2738 4255 2794 4311 in
2823 4271 3053 4328 quorum
3083 4255 3450 4313 successimus
3475 4255 3785 4328 pontiﬁcatus

2236 4347 2441 4402 honore
2487 4364 2499 4402 :
2553 4346 3009 4418 quemadmodum
3061 4347 3163 4428 ipsi
3207 4347 3557 4404 decessorum
3605 4357 3784 4402 suorum

2234 4441 2480 4511 exempla
2523 4441 2696 4500 secuti
2733 4451 2889 4508 sunt,
2935 4451 2992 4500 et
3029 4443 3210 4515 cperis
3244 4458 3436 4501 eorum
3472 4443 3669 4501 strenui
3692 4439 3782 4497 cul-

2239 4543 2384 4590 tores
2413 4534 2619 4591 inventi
2661 4543 2831 4602 sunt;
2862 4536 3008 4607 quod
3035 4536 3135 4607 ipsi
3177 4536 3426 4608 profecto
3462 4545 3674 4610 agerent
3706 4534 3781 4591 ad-

611 4622 977 4692 Quamobrem
1003 4621 1170 4680 dilato
1194 4637 1488 4696 parumper
1505 4624 1735 4696 judicio,
1773 4633 1828 4681 et
1857 4625 2133 4682 infirmata
2161 4600 2212 4660 Ῑ)
2231 4625 2456 4696 juvante
2484 4625 2737 4694 Domino,
2765 4600 3530 4698 habentem-quemadmodum
3562 4631 3654 4697 illi,
3677 4626 3782 4699 ejus

542 4716 836 4782 sententia,
862 4715 1088 4770 missum
1129 4723 1218 4771 est
1255 4715 1473 4788 utrique
1512 4717 1683 4787 parti,
1723 4717 1869 4774 sedis
1910 4726 2131 4789 aposto-

543 4807 664 4864 licae
687 4808 936 4879 praesulis
965 4809 1402 4880 praesentandum
1429 4810 1731 4878 obtutibus,
1769 4825 1834 4866 ac
1860 4811 2044 4879 etiam,
2077 4820 2138 4868 ut

543 4916 642 4972 par
666 4911 783 4968 est,
822 4900 1215 4972 subjiciendum
1244 4901 1690 4960 ditiinitionibus:
1723 4903 1818 4960 sed
1847 4904 1974 4959 dum
2003 4919 2134 4975 pars

544 4992 739 5066 lgnatii
783 4994 1127 5065 properando
1168 4993 1410 5066 disponit
1452 4995 1578 5064 iter,
1623 4996 1691 5051 ab
1729 4996 1979 5052 hostibus
2018 4997 2135 5068 ejus

543 5085 753 5142 viribus
777 5085 1088 5156 resumptis,
1116 5101 1224 5144 non
1244 5085 1360 5156 jam
1383 5088 1546 5144 fidem
1571 5088 1921 5160 apostolicam
1952 5097 2133 5160 peten-

547 5179 723 5242 tibus,
775 5192 884 5235 non
934 5177 1082 5235 Petri
1146 5181 1466 5239 memoriam
1515 5180 1702 5239 facere
1753 5182 2128 5255 dignantibus,

544 5273 785 5346 lgnatius
823 5274 1076 5342 trahitur,
1125 5277 1419 5350 impellitur
1446 5286 1502 5333 et
1540 5277 1840 5334 innumeris
1867 5277 2025 5334 malis
2053 5277 2133 5332 af-

547 5363 724 5420 fectus
766 5364 833 5421 ab
872 5364 1126 5423 Ecclesiae
1170 5367 1436 5438 regimine
1483 5376 1879 5439 sequestratur.
1923 5367 1991 5423 Et
2030 5368 2136 5424 hoc

545 5462 716 5512 tntum
747 5454 950 5513 factum
990 5466 1077 5513 est
1101 5473 1167 5514 eo
1194 5460 1338 5529 quod
1379 5458 1623 5532 praedicti
1667 5458 1956 5530 pontifices
2002 5461 2134 5515 utri—

540 5564 648 5622 que
675 5551 817 5624 parti
855 5551 1170 5622 :rquitatem
1199 5561 1495 5618 servantes,
1535 5562 1591 5609 et
1625 5554 1909 5625 utriusque
1949 5553 2137 5610 lateris

540 5645 874 5702 audientiam
919 5642 1276 5716 postulantes,
1316 5644 1510 5718 lgnatii
1558 5663 1665 5703 non
1701 5648 1972 5706 firmando
2013 5666 2136 5706 sen-

539 5739 792 5802 tentiam,
823 5738 932 5794 imo
957 5753 1087 5793 vero
1119 5736 1336 5792 interim
1373 5737 1718 5806 infirmando,
1748 5739 1982 5797 inimicis
2020 5738 2135 5811 ejus

536 5829 944 5900 quodammodo
991 5843 1212 5885 manum
1259 5830 1635 5900 porrexerint,
1691 5831 1818 5888 dum
1877 5832 2132 5890 nimirum

2239 4719 2361 4774 dem
2393 4716 2567 4775 zelum
2590 4716 2839 4788 iustitiae,
2869 4735 2963 4775 seu
3005 4720 3346 4793 privilegium
3383 4723 3672 4796 dignitatis,
3708 4733 3783 4774 nos

2240 4809 2482 4866 studiose
2535 4807 2800 4880 perficere
2860 4811 3304 4882 procuravimus,
3364 4812 3622 4870 nimirum
3673 4809 3780 4882 quod

2239 4901 2494 4957 omittere
2530 4900 2721 4971 procul
2747 4900 2934 4970 dubio,
2961 4901 3104 4959 sicut
3127 4917 3289 4960 nosse
3313 4905 3525 4962 cunctis
3560 4905 3690 4961 clare
3709 4900 3780 4955 tri-

2240 4996 2444 5062 buitur,
2475 5010 2581 5052 non
2608 4995 2872 5052 valemus.

2309 5087 2417 5143 Sed
2443 5087 2599 5156 dicis,
2623 5103 2657 5144 ο
2680 5088 2992 5159 imperator,
3019 5090 3183 5145 etiam
3213 5092 3330 5147 sine
3351 5107 3620 5150 consensu
3638 5097 3777 5148 nostro

2235 5181 2488 5238 Photium
2544 5189 2601 5238 et
2641 5181 2925 5240 ecclesiam
2974 5195 3338 5250 retenturum,
3386 5196 3442 5244 et
3484 5185 3774 5244 communiu-

2237 5295 2360 5336 nem
2405 5279 2662 5337 Ecclesiae
2701 5281 3045 5350 habiturum,
3095 5282 3360 5354 lgnatium
3389 5299 3522 5342 vero
3548 5285 3671 5342 nihil
3707 5294 3776 5353 per

2238 5389 2338 5431 nos
2376 5375 2770 5432 meliorationis
2815 5375 3031 5448 penitus
3077 5377 3422 5450 adepturum.
3451 5379 3522 5436 At
3548 5397 3644 5439 nos
3666 5395 3691 5435 e
3717 5376 3773 5433 di-

2235 5480 2393 5522 verso
2435 5466 2709 5524 credimus
2757 5469 2900 5539 quod
2952 5468 3194 5528 Ecclesia
3241 5471 3441 5530 Christi
3489 5489 3666 5531 sacros
3705 5485 3772 5526 ca-

2233 5572 2404 5615 nones
2440 5567 2496 5614 et
2546 5559 2817 5630 praecipue
2863 5559 3108 5617 Nicanos
3153 5577 3263 5619 non
3308 5563 3483 5622 tradat
3525 5559 3769 5622 oblivioni.

2232 5651 2610 5722 praecipientes
2643 5651 2896 5709 videlicet
2926 5661 2984 5709 ut
3012 5653 3066 5708 lii
3096 5654 3191 5725 qui
3220 5653 3589 5725 abjiciuntur;
3606 5658 3665 5712 ab
3685 5651 3771 5708 aliis

2234 5758 2341 5799 non
2391 5743 2742 5814 recipiantur.
2787 5744 3072 5801 Credimus
3118 5745 3284 5802 etiam
3326 5749 3468 5818 quod
3517 5747 3607 5804 diu
3641 5758 3770 5803 mem-

2233 5835 2386 5891 brum
2429 5834 2696 5891 incolume
2744 5851 2848 5892 non
2898 5837 3156 5894 subsistat
3189 5839 3402 5896 haerens
3434 5841 3679 5897 membris
3705 5850 3763 5893 ca.
