4050 6324
278 378 419 439 1055

1500 371 1862 432 EPISTOLAZ
1896 370 1986 428 nr
2030 368 2401 455 uacuam.

3401 371 3423 426 l
3435 372 3543 431 03L

270 493 369 566 piti
410 506 517 547 non
558 489 905 547 liarcntibus.
948 488 1229 545 Postremo
1258 486 1529 545 credimus
1566 488 1709 558 quod
1755 501 1858 540 czc-
1887 488 1935 546 Λ
1963 489 2204 552 geretur,
2252 488 2307 537 et
2351 481 2591 552 exceptis
2636 482 2854 552 paucis,
2900 483 3138 538 omnium
3189 483 3546 543 Orientalium

272 594 390 642 tera
447 583 724 648 membra,
778 583 823 638 si
874 592 1056 636 tamen
1114 579 1373 637 affectant
1426 580 1641 643 vivere,
1696 587 1859 649 caput

254 677 595 755 Quandoque
644 682 960 746 sequantur.
1004 675 1204 731 Verum
1252 674 1308 729 in
1340 673 1594 729 omnibus
1635 672 1739 737 his,
1775 686 1859 727 se-

270 771 506 827 cundum
552 768 900 840 Apostolum,
931 784 1036 823 non
1077 766 1320 831 volentis,
1372 781 1533 836 neque
1575 764 1854 828 currentis,

268 861 360 917 sed
383 860 772 914 miserentis‘est
811 858 910 913 Dei
951 856 1130 928 (Rom.
1161 856 1268 927 Iv);
1300 863 1357 910 et
1386 855 1507 910 ideo
1535 870 1634 925 pro
1672 853 1857 909 labore

246 950 488 1022 ipietatis
532 965 713 1006 moras
756 950 930 1015 ullas,
978 950 1271 1004 roborante
1313 961 1414 1002 nos
1451 946 1594 1014 Deo,
1635 944 1859 999 minime

268 1045 595 1111 fastidimus,
632 1044 759 1114 quia
803 1043 906 1099 etsi
954 1050 1198 1098 nostrum
1239 1048 1323 1097 est
1370 1054 1608 1103 currere,
1663 1037 1859 1093 divina

271 1122 450 1192 tamen
473 1145 556 1193 est
586 1136 888 1206 potestatis,
913 1134 1130 1206 quando
1155 1134 1206 1188 ei
1234 1131 1499 1203 placuerit
1525 1131 1594 1185 ad
1623 1128 1857 1201 palmam

269 1230 583 1301 perducere.

338 1320 494 1389 Quod
545 1328 727 1377 autem
779 1320 957 1376 facere
1002 1317 1358 1389 apostolicam
1409 1316 1594 1373 sedem
1643 1314 1856 1382 decuit,

192 1424 195 1429 ‘
268 1417 409 1473 sicut
463 1415 530 1470 ad
598 1430 787 1471 omnes
847 1413 1183 1470 orthodoxos
1258 1410 1515 1468 Ecclesia
1579 1409 1860 1465 catholica

267 1509 603 1580 scripsimus,
633 1516 851 1567 strenue
882 1507 1012 1565 fecit
1047 1526 1060 1562 :
1094 1508 1189 1563 Dei
1222 1522 1355 1563 vero
1399 1512 1483 1563 est
1513 1514 1691 1576 capta
1734 1520 1860 1576 per-

269 1602 448 1657 ficere.
491 1598 629 1655 Nam
692 1614 795 1655 nos
838 1614 1059 1655 vomere
1117 1598 1338 1668 quidem
1390 1597 1588 1667 lingua
1652 1605 1858 1651 terram

267 1692 667 1763 proscindimus
706 1690 968 1746 mentium
1011 1698 1067 1746 et
1108 1689 1164 1744 in
1203 1705 1268 1745 ea
1318 1690 1609 1745 verborum
1651 1688 1860 1743 semina

267 1782 588 1854 spargimus,
633 1781 778 1837 Deus
819 1788 1000 1836 autem
1037 1788 1227 1850 potens
1266 1788 1351 1837 est
1393 1779 1473 1834 illi
1516 1788 1573 1835 et
1603 1779 1697 1836 sui
1732 1794 1859 1835 rore

267 1874 356 1947 U.,
383 1872 586 1946 rorem]
629 1872 885 1943 Spiritus,
909 1871 1213 1937 infundere,
1256 1884 1312 1928 et
1351 1880 1640 1942 augmento
1667 1871 1859 1943 gratia

268 1967 575 2032 fecundare,
621 1974 783 2037 atque
822 1981 1012 2022 eorum
1056 1974 1257 2036 quanta
1299 1974 1356 2022 et
1392 1967 1571 2037 qualia
1618 1967 1764 2035 vult,
1800 1976 1857 2024 et

267 2061 537 2132 quomodo
577 2060 720 2128 vult,
766 2061 836 2116 ad
863 2061 1087 2116 uberem
1136 2069 1190 2116 et
1227 2060 1573 2131 multiplicem
1619 2060 1856 2117 fructum

266 2153 610 2225 perducere:
642 2153 899 2223 quoniam
946 2167 1065 2218 nos,
1098 2153 1201 2206 etsi
1255 2152 1372 2223 agri
1418 2152 1683 2208 Dominici
1737 2152 1854 2208 cul-

265 2254 411 2302 tores
437 2259 642 2311 sumus,
671 2251 914 2299 attamen
944 2259 1107 2314 neque
1144 2244 1235 2312 qui
1279 2242 1481 2313 plantat
1520 2251 1594 2296 est
1628 2241 1853 2315 aliquid,

266 2354 430 2408 neque
483 2336 572 2407 qui
626 2334 798 2406 rigat,
843 2333 934 2389 sed
976 2337 1068 2405 qui
1116 2334 1490 2389 incrementum
1538 2334 1663 2400 dat,
1714 2332 1856 2388 Deus

265 2427 319 2501 (1
348 2427 473 2483 Cor.
503 2425 612 2500 ιιι).

339 2520 539 2576 Verum
571 2519 657 2575 his
680 2519 754 2576 ita
785 2533 844 2574 se
868 2518 1247 2574 incunctanter
1268 2516 1612 2583 habentibus,
1641 2524 1857 2574 constat

265 2628 359 2670 eos
396 2613 489 2685 qui
519 2612 682 2668 semel
706 2628 737 2667 a
772 2611 917 2668 sedis
941 2610 1252 2683 apostolicae
1277 2611 1599 2698 prasulibus
1619 2611 1859 2698 perculsi

265 2714 410 2772 sunt,
438 2705 702 2762 sententia
735 2703 884 2760 illius
914 2702 1183 2773 hodieque
1211 2691 1531 2774 constringi,
1568 2702 1645 2757 ita
1678 2703 1748 2758 ut
1771 2691 1861 2757 eo-

266 2812 386 2854 rum
420 2796 707 2868 nonnullos
735 2795 953 2868 quidem
996 2793 1207 2867 prolata
1235 2801 1426 2851 contra
1450 2808 1509 2850 se
1529 2792 1719 2863 judieii
1750 2793 1859 2850 tela

266 2890 572 2963 principum
597 2889 834 2962 tegmine
856 2887 1095 2945 munitos
1117 2902 1229 2945 non
1253 2887 1439 2943 statim
1467 2887 1855 2956 sauciaverint,

265 2988 591 3057 quandoque
634 2992 818 3040 tamen
863 2982 1171 3040 medullitus
1230 2982 1672 3055 penetraverint,
1718 2998 1860 3038 non-

265 3077 445 3134 nullos
473 3085 654 3133 autem
681 3075 846 3133 etiam
875 3084 1003 3147 post
1043 3083 1276 3131 mortem
1304 3083 1611 3146 susceptam
1648 3074 1861 3131 cunctis

266 3157 628 3228 exsecrabiles
650 3169 871 3226 omnino
902 3167 1257 3225 reddiderint.
1289 3165 1563 3239 Quotquot
1592 3177 1773 3223 autem
1802 3167 1858 3223 in

1961 576 2339 631 communione
2373 574 2665 631 frueretur.
2714 576 2884 632 Porro
2928 576 3200 647 Agapetus
3240 581 3548 649 apostolica

1961 667 2105 722 sedis
2137 668 2336 738 prasul
2367 668 2684 724 Anthimum
2714 669 3369 741 Constantinopolitanum
3399 676 3549 731 simi-

1934 758 2087 813 ~lilcr
2128 760 2426 815 antistitem
2473 760 2853 816 condemnavit
2882 773 2927 827 ο,
2952 771 3007 817 et
3036 764 3088 818 in
3118 763 3235 820 loco
3266 766 3383 836 ejus
3408 770 3549 822 ordi-

1960 851 2110 906 navit
2148 851 2414 915 Mennam,
2454 868 2552 922 pro
2578 870 2685 924 quo
2725 855 2972 911 videlicet
3002 855 3260 914 Antbimo
3288 859 3553 917 Silverius

1960 954 2016 999 et
2069 943 2293 1016 Vigilius
2351 945 2579 1001 Romani
2628 948 2911 1016 pontifices
2958 950 3028 1005 ab
3079 952 3318 1021 Augusta
3368 953 3548 1009 Theo-

1963 1034 2094 1091 dura
2155 1036 2322 1091 multa
2382 1036 2759 1104 incommoda,
2807 1039 2901 1094 sed
2950 1048 3006 1096 et
3053 1041 3368 1099 discrimina
3423 1057 3553 1102 sunt

1961 1127 2203 1198 perpessi
2237 1145 2253 1184 :
2294 1127 2389 1185 sed
2426 1128 2495 1183 ad
2535 1130 2930 1187 restitutionem
2970 1131 3087 1202 ejus
3122 1134 3433 1205 nullatenus
3465 1138 3555 1193 in-

1963 1218 2171 1274 clinati.

2033 1310 2129 1367 His
2162 1327 2294 1384 ergo
2329 1313 2397 1369 de
2434 1313 2680 1385 pluribus
2719 1317 2865 1372 sedis
2904 1318 3216 1387 apostolica
3255 1322 3471 1391 magnis
3494 1334 3554 1380 et

1960 1405 2238 1489 praeclaris
2284 1407 2589 1464 rectoribus
2632 1410 2862 1479 carptim
2896 1414 3371 1480 commemoratis,
3422 1416 3554 1489 quid
3615 1434 3621 1439 ·

1961 1498 2161 1552 mirum
2190 1488 2256 1553 isi
2303 1513 2401 1554 nos
2446 1514 2547 1569 pro
2597 1498 2790 1556 Photio
2834 1504 3255 1570 Contemnimur,
3300 1488 3450 1561 eum.
3468 1507 3553 1562 vi-

1961 1588 2188 1645 deamus
2235 1589 2597 1661 apostolorum
2651 1593 2951 1683 principem
2999 1609 3098 1664 pro
3136 1596 3365 1653 veritate
3424 1614 3554 1654 con-

1961 1688 2047 1736 tra
2087 1680 2364 1738 Simonem
2405 1682 2623 1739 defensa
2659 1680 2825 1740 etiam
2855 1696 3088 1743 mortem
3125 1690 3344 1745 subire?
3382 1706 3556 1760 quan-

1963 1776 2290 1848 doquidem,
2342 1777 2471 1833 licet
2515 1793 2671 1846 sero,
2718 1779 2844 1835 licet
2888 1789 3011 1851 post
3058 1782 3256 1838 multos
3302 1785 3553 1852 sudores,

1884 1851 2396 1943 Bquandocunque
2452 1881 2630 1927 tamen
2689 1874 2923 1930 mundus
2986 1884 3130 1932 totus
3191 1892 3257 1934 ea
3316 1851 3557 1936 defendit

1963 1977 2083 2034 qua
2145 1962 2342 2020 Petrus
2397 1973 2586 2020 contra
2648 1964 2929 2023 Simonem
2990 1968 3296 2026 defendisse
3361 1972 3553 2041 digno-

1962 2056 2169 2123 scitur,
2222 2070 2288 2111 ea
2342 2056 2565 2112 damnat
2624 2073 2744 2127 qua
2805 2058 2954 2113 illum
3007 2059 3294 2117 damnasse
3342 2062 3551 2117 descri-

1959 2144 2124 2200 bitur.
2658 2212 2663 2217 τ
3002 2216 3007 2221 δ

2033 2234 2172 2302 Quid
2227 2244 2410 2293 autem
2468 2238 2668 2292 mirum
2724 2239 2769 2294 si
2828 2240 2985 2296 nobis
3028 2255 3129 2315 pro
3188 2241 3553 2300 ecclesiastica

1960 2330 2298 2386 correctione
2329 2330 2701 2388 laborantibus
2734 2348 2954 2389 manum
2997 2349 3105 2390 non
3155 2334 3313 2401 datis,
3362 2336 3457 2392 sed
3500 2347 3557 2393 et

1960 2420 2176 2477 duritiis
2205 2421 2564 2495 redarguitis?
2593 2438 2717 2479 cum
2743 2424 3023 2480 videamus
3053 2424 3328 2481 Victorem
3354 2442 3550 2497 papam

1960 2521 2016 2566 et
2059 2520 2376 2586 martyrem,
2415 2515 2508 2585 qui
2540 2515 2662 2569 ideo
2689 2529 2817 2570 vere
2832 2515 3018 2590 victor
3050 2525 3155 2582 cst,
3186 2518 3310 2586 quia
3344 2527 3555 2590 martyr

1959 2620 2060 2675 pro
2107 2604 2474 2661 ecclesiastica
2515 2588 3016 2677 traditione,.poena
3043 2622 3074 2662 a
3104 2607 3270 2662 totius
3300 2588 3558 2668 Ecclesia:

1959 2695 2281 2767 praesulibus
2313 2698 2626 2767 pertinacia
2672 2698 3023 2769 redargutum
3061 2717 3074 2752 :
3118 2699 3556 2771 quandoquidem

1963 2786 2205 2845 Ecclesia
2252 2773 2367 2846 tota
2410 2805 2554 2846 nunc
2610 2806 2734 2846 eum
2782 2790 2874 2847 illo
2919 2791 3091 2863 sapit,
3131 2800 3187 2848 et
3229 2794 3374 2863 quod
3427 2795 3561 2852 fecit

1964 2876 2123 2935 laude
2163 2879 2426 2950 pradicat
2475 2880 2718 2952 dignum.
2764 2881 2823 2936 ln
2872 2896 2981 2952 quo
3016 2882 3555 2942 animadvertendum

1964 2973 2093 3044 quia
2133 2973 2180 3029 si
2224 2981 2352 3030 tunc
2397 2973 2484 3030 ille
2525 2989 2626 3045 pro
2663 2974 2878 3046 iustitia
2922 2984 3069 3031 tanta
3113 2979 3402 3035 severitate
3448 2997 3558 3037 non

1965 3075 2233 3133 uteretur,
2281 3068 2439 3123 sicuti
2478 3068 2720 3123 nonnulli
2752 3068 3114 3126 hortabantur
3159 3071 3429 3143 episcopi,
3459 3074 3558 3130 ba-

1966 3166 2158 3213 ctenus
2184 3155 2436 3213 fortassis
2464 3173 2620 3213 error
2645 3159 2761 3229 ipse
2787 3161 3097 3226 mansisset,
3136 3162 3406 3233 praecipue
3433 3179 3558 3220 cum

267 3267 382 3339 ipsa
427 3263 809 3321 communione
838 3262 996 3319 sedes
1024 3259 1320 3333 apostolica
1361 3237 1554 3325 ιεηὶιίι,
1591 3270 1685 3316 ειη
1731 3260 1859 3315 dum
1888 3237 1934 3302 C
1967 3250 2129 3307 etiam
2159 3266 2223 3306 eo
2263 3259 2412 3306 tanto
2456 3250 2573 3307 zelo
2601 3266 2883 3321 succenso,
2928 3268 3100 3325 usque
3128 3255 3196 3309 ad
3226 3254 3555 3325 Ephesinam

265 3356 502 3414 viverint
550 3357 619 3413 ab
672 3353 915 3412 Ecclesia
964 3360 1094 3410 sunt
1140 3350 1436 3408 universali
1484 3351 1720 3421 recepti,
1768 3357 1865 3405 aut

267 3450 611 3522 postmodum
639 3448 709 3505 ab
746 3462 812 3504 ea
851 3461 1064 3504 summa
1108 3444 1425 3503 celebritate
1468 3445 1685 3503 retenti.
1716 3443 1863 3500 Pra-

269 3548 419 3597 terea
471 3539 591 3596 illos
641 3539 699 3595 in
747 3552 978 3609 quorum
1030 3535 1381 3592 damnatione
1429 3551 1539 3592 non
1588 3535 1867 3591 consensit

269 3630 530 3703 singulari
557 3629 916 3703 praerogativa
946 3627 1213 3685 dissolvit.
1245 3627 1375 3696 Qua
1422 3636 1483 3683 ut
1518 3628 1864 3685 manifestius

267 3721 554 3794 prudentia
584 3730 677 3778 tua
715 3732 1039 3792 cognoscat,
1084 3735 1152 3775 ex
1191 3719 1279 3776 his
1315 3734 1487 3790 pauca
1529 3734 1863 3776 commemo-

270 3830 395 3872 rare
438 3815 796 3873 studebimus.
843 3813 1029 3871 Primo
1062 3813 1281 3884 quidem
1329 3811 1564 3884 claviger
1597 3813 1721 3869 cali
1765 3814 1867 3870 Pe-

269 3918 390 3967 trus
411 3918 467 3966 et
498 3908 707 3980 primus
734 3923 916 3965 sessor
940 3906 1084 3964 sedis
1124 3906 1302 3973 istius,
1345 3905 1621 3962 Simonem
1650 3905 1865 3979 Magum

270 4016 378 4058 non
423 3998 553 4055 ferri
599 3998 696 4056 sed
740 3998 936 4071 lingua
978 4013 1239 4055 mucrone
1276 3998 1593 4069 prostravit.
1643 3997 1749 4054 Sed
1778 3997 1865 4055 ille

269 4094 575 4167 principum
604 4100 767 4148 utens
810 4090 1013 4146 virtute
1041 4105 1148 4146 non
1190 4089 1364 4146 solum
1412 4090 1464 4144 in
1495 4089 1736 4159 nequitia
1767 4104 1865 4144 sua

270 4185 595 4259 permansit,
623 4184 719 4242 sed
748 4191 805 4240 et
831 4182 974 4239 male
1001 4182 1260 4248 moriens,
1300 4181 1385 4237 sui
1415 4196 1603 4248 causa,
1636 4181 1690 4236 in
1721 4179 1865 4250 ejus-

272 4278 398 4335 dem
428 4276 763 4334 damnatoris
792 4275 876 4331 sui
915 4284 1147 4332 mortem
1172 4273 1450 4346 principes
1488 4272 1862 4330 inflammavit.

271 4368 477 4426 Deinde
509 4382 633 4424 cum
658 4365 846 4423 Asiani
873 4379 1064 4423 omnes
1088 4364 1231 4420 inter
1256 4370 1507 4432 caeteros,
1539 4364 1867 4438 evangelista

272 4460 482 4518 Joanne
504 4469 746 4527 auctore,
776 4468 971 4531 quarta
996 4458 1202 4516 decima
1230 4457 1357 4513 luna
1392 4473 1512 4514 cum
1538 4456 1736 4515 Judais
1768 4473 1866 4529 pu-

273 4562 455 4613 tarent
490 4554 701 4611 Pascha
747 4552 1128 4611 celebrandum
1174 4563 1226 4619 ι,
1271 4551 1371 4607 hos
1414 4549 1610 4622 prasul
1657 4550 1868 4607 meritis

275 4656 331 4704 et
360 4648 582 4704 nomine
608 4645 798 4702 Victor
836 4660 867 4700 a
911 4645 1291 4702 communione
1318 4644 1528 4716 collegii
1570 4643 1865 4718 separavit.

274 4740 346 4797 At
372 4741 448 4798 illi
477 4754 668 4796 omnes
696 4754 820 4794 cum
842 4738 1115 4795 nonnullis
1147 4738 1512 4795 Ecclesiarum
1549 4737 1870 4808 praesulibus

278 4850 387 4892 non
427 4833 603 4889 solum
634 4831 763 4887 huic
793 4846 988 4889 manus
1016 4833 1241 4888 minime
1284 4833 1649 4901 prabuerunt,
1677 4847 1869 4888 verum

278 4924 443 4979 etiam
473 4922 789 4994 pertinacia
832 4922 1243 4994 redarguerunt.
1291 4921 1446 4977 Felix
1480 4937 1692 4992 quoque
1732 4935 1870 4993 papa

282 5014 936 5086 Constantinopolitanum
976 5012 1235 5069 Acacium
1263 5028 1371 5070 non
1398 5012 1571 5070 solum
1601 5013 1869 5084 deposuit,

281 5125 474 5166 verum
515 5117 572 5166 et
613 5107 992 5166 insolubilibus
1037 5108 1399 5164 anathematis
1435 5107 1667 5164 vinculis
1716 5109 1876 5163 inno-

282 5203 431 5259 davit
455 5202 506 5255 δ.
548 5200 656 5258 Sed
685 5200 820 5257 adeo
847 5208 935 5258 est
968 5207 1332 5269 contemptus,
1369 5208 1429 5253 ut
1458 5197 1599 5254 idem
1622 5197 1872 5264 Aeacius,

284 5295 473 5354 mundi
525 5295 844 5353 dilectorum
890 5293 1121 5350 tuitione
1165 5300 1476 5371 protectus,
1522 5292 1688 5348 etiam
1737 5305 1875 5344 non-

286 5387 449 5445 nullis
494 5385 754 5444 Romanis
782 5385 1130 5455 pontiﬁcibus
1160 5383 1563 5456 decedentibus,
1610 5388 1666 5436 et
1688 5378 1871 5459 cilicio

286 5480 609 5539 sacerdotali
646 5476 803 5548 juxta
834 5478 1227 5548 praecedentem
1267 5474 1709 5533 consuetudinem
1755 5472 1874 5527 fun-

367 5650 393 5680 ι
422 5636 688 5694 Eusebius
712 5635 808 5691 lib.
833 5652 868 5689 ν
895 5635 1055 5701 Hist.,
1086 5652 1136 5692 c.
1157 5636 1251 5691 at.
1277 5620 1281 5625 ’

366 5708 396 5751 ι)
416 5707 665 5783 ξ’θιίξ-ΙΙΙ
703 5708 758 5783 in
790 5708 945 5778 epist.
972 5708 1028 5772 5,
1058 5708 1448 5783 e_tALiberatus,
1487 5705 1553 5761 de
1582 5718 1743 5761 causa
1775 5701 1880 5760 Ne-

292 5778 452 5843 stori'i
475 5788 532 5837 et
555 5778 892 5850 Eutychetis,
922 5794 1043 5848 cap.
1076 5780 1163 5836 18.

368 5822 798 5924 31555.net;
806 5822 906 5919 ’ἐιῖί
924 5822 1049 5905 Γἑὶ
1076 5822 1229 5914 sf'et
1259 5822 1497 5907 Liberat.
1529 5865 1576 5904 ς.
1606 5826 1715 5903 ξιξ
1742 5848 1880 5903 Pon-

613 5942 892 6004 PATBOL.
933 5942 1161 6004 CXIX.

1964 3342 2203 3413 priorem
2230 3342 2286 3397 in
2311 3342 2582 3413 aliquibus
2607 3343 2930 3413 perdurasse
2955 3345 3217 3417 synodum
3246 3345 3556 3417 legerimus.

1967 3434 2106 3503 Quid
2136 3444 2400 3506 praterea
2434 3437 2631 3492 mirum
2657 3439 2703 3493 si
2728 3439 2887 3494 sedes
2911 3439 3208 3509 apostolica
3236 3432 3424 3498 diebus
3453 3443 3562 3499 tuis

1965 3528 2393 3599 parvipenditur,
2421 3544 2525 3584 nec
2560 3531 2629 3585 ab
2658 3530 2885 3600 imperio
2912 3540 3005 3587 tuo
3050 3532 3255 3602 tibique
3301 3532 3558 3603 subjectis
3628 3562 3633 3565 -

1966 3619 2216 3674 auditur?
2254 3635 2377 3675 cum
2422 3621 2704 3675 videamus
2747 3628 2995 3675 sanctum
3032 3620 3269 3677 Felicem
3313 3623 3450 3678 adeo
3491 3624 3561 3680 ab

1967 3707 2387 3778 imperatoribus
2413 3710 2904 3779 pradecessoribus
2935 3711 3043 3766 tuis
3081 3719 3470 3783 contemptum,
3500 3723 3564 3769 ut

1967 3799 2036 3854 ab
2064 3815 2129 3856 eo
2153 3801 2673 3856 anathematizatum
2704 3801 2962 3857 Acacium
2990 3801 3064 3857 ita
3090 3817 3188 3857 sua
3219 3805 3557 3872 protectione

1966 3893 2261 3960 munirent,
2289 3902 2350 3948 ut
2383 3900 2437 3948 et
2474 3894 2602 3949 sede
2641 3891 3241 3964 Constantinopolitana
3268 3895 3397 3951 dum
3422 3896 3563 3953 vixit

1968 3986 2300 4049 abuteretur,
2334 3993 2390 4041 et
2418 3986 2473 4040 in
2498 3984 2723 4056 perfidia
2766 4001 2864 4041 sua
2899 3986 3044 4042 mala
3085 3987 3563 4047 moreretur.“-

1968 4085 2273 4134 rumtamen
2307 4077 2542 4147 propitio
2581 4077 2820 4143 Christo,
2850 4079 2995 4135 sedis
3037 4081 3344 4151 apostolica
3385 4081 3563 4151 ponti-

1968 4170 2161 4227 ﬁcibus
2206 4168 2472 4226 indefesse
2518 4172 2874 4240 certantibus,
2903 4188 2935 4227 a
2979 4175 3260 4230 catholicis
3282 4174 3398 4246 jugi
3431 4173 3563 4229 fati-

1968 4263 2185 4334 gatione
2231 4271 2463 4328 remota,
2493 4262 2709 4317 tandem
2740 4263 3030 4334 aliquando
3055 4280 3087 4319 a
3116 4280 3259 4336 saepe
3290 4264 3388 4320 fati
3414 4267 3561 4321 beati

1967 4353 2166 4410 Felicis
2209 4354 2497 4419 sententia,
2528 4353 2584 4409 id
2616 4362 2700 4410 est
2749 4353 2993 4410 Ecclesia
3041 4354 3129 4429 [[2,
3167 4356 3436 4411 sententia
3474 4363 3562 4412 est

1968 4446 2230 4513 Ecclesia,
2264 4445 2461 4519 llum]
2505 4454 2617 4502 tota
2666 4461 2946 4504 conversa.
2993 4447 3061 4503 Et
3100 4448 3227 4517 quia
3271 4446 3564 4517 praedictus

1971 4540 2202 4597 Aeacius
2248 4556 2354 4597 non
2401 4550 2487 4597 est
2522 4542 2774 4596 inventus
2820 4550 3118 4613 superstes,
3167 4548 3563 4610 consequenter

1974 4648 2170 4690 nomen
2199 4634 2319 4706 ejus
2362 4635 2414 4689 in
2458 4633 2698 4691 Ecclesia
2734 4634 2902 4690 taceri
2951 4632 3218 4688 sancitum
3255 4631 3410 4687 estd.
3448 4631 3563 4691 Sed

1976 4734 2032 4781 et
2060 4734 2139 4793 tu,
2182 4725 2476 4798 imperator
2501 4724 2824 4790 orthodoxe,
2855 4724 2922 4779 de
2952 4724 3067 4792 ipso
3097 4737 3242 4777 nunc
3277 4738 3398 4777 cum
3435 4724 3565 4780 sede

1979 4815 2272 4886 apostolica
2298 4817 2464 4888 sapis,
2494 4816 2585 4886 qui
2613 4816 2658 4871 si
2688 4814 2780 4869 illo
2808 4824 3048 4883 tempore
3071 4812 3269 4867 fuisses
3292 4821 3561 4883 repertus.

1976 4922 2078 4979 pro
2112 4923 2179 4964 eo
2215 4916 2404 4964 contra
2431 4922 2550 4962 eam
2592 4914 2647 4962 et
2678 4907 2730 4960 in
2764 4906 2867 4961 hac
2910 4919 3075 4960 causa
3118 4903 3275 4959 fieres
3312 4901 3565 4961 fortassis

1982 5017 2259 5059 accensus.

2052 5093 2133 5148 Ad
2180 5101 2519 5159 extremum,
2572 5091 2701 5163 quid
2759 5092 2959 5146 mirum
2992 5090 3051 5146 si
3104 5077 3225 5161 pro
3262 5089 3564 5160 dejectione

1982 5186 2158 5243 Photii
2196 5189 2351 5242 nobis
2379 5176 2621 5251 minaris,
2660 5185 2876 5256 quando
2902 5193 3277 5242 antecessores
3306 5186 3382 5240 tui
3419 5187 3567 5256 prin-

1980 5280 2127 5351 cipes
2171 5295 2272 5350 pro
2299 5278 2555 5333 Anthimo
2597 5276 2710 5348 jam
2756 5278 2901 5333 dicto
2935 5278 3363 5348 pradecessores
3413 5292 3565 5333 meos

1979 5381 2152 5435 usque
2195 5366 2263 5421 ad
2307 5362 2699 5419 confessionem
2752 5363 3126 5439 persequendo
3168 5362 3566 5433 perduxerint?

1964 5457 2556 5537 _Verumtamen,_licet
2600 5458 2901 5516 diutissime
2941 5458 3329 5525 laboraverint,
3373 5457 3567 5514 saevie-

1907 5617 1920 5627 ’
1981 5620 2164 5678 tiﬁcal.
2190 5622 2246 5675 in
2278 5619 2495 5676 Silverv'o
2523 5628 2578 5676 et
2618 5617 2828 5691 Vigilio.

2050 5696 2078 5733 ά
2121 5691 2298 5748 Gelas.
2336 5692 2390 5747 in
2434 5691 2659 5769 epistola
2690 5690 2753 5769 ll
2795 5690 3233 5769 :Absolutionem
3280 5702 3437 5769 quam
3464 5702 3568 5769 ,εκ-

1981 5775 2175 5837 perstes
2200 5780 2293 5833 nec
2317 5764 2552 5833 qumsivit
2584 5765 2796 5837 omnino
2824 5780 2915 5817 nec
2945 5763 3158 5826 meruit,
3190 5767 3428 5813 mortuus
3445 5763 3566 5828 jam

1985 5832 2085 5892 non
2116 5832 2605 5907 potrst'impetrm'e.
2640 5832 2812 5889 Hann.

3086 5923 3160 5985 33
