4050 6324
543 305 685 367 1035

541 490 749 554 verint,
790 487 1112 544 sententiam
1157 494 1333 541 tamen
1379 500 1566 541 eorum
1624 493 1833 540 mutare
1884 484 1968 545 vel
2012 485 2129 541 An-

542 581 772 635 thimnm
812 593 1066 634 revocare
1094 577 1160 631 ad
1198 576 1484 648 pristinum
1527 582 1728 631 statum
1780 576 1925 632 nullo
1969 580 2131 634 modo

541 679 883 742 potuerunt:
924 670 1014 740 qui
1066 669 1190 723 licet
1242 666 1416 732 tarde,
1466 667 1790 738 quandoque
1846 677 2027 724 tamen
2073 676 2133 723 et

544 764 720 836 ipsum
763 763 1096 826 Anthimum,
1132 770 1184 817 et
1215 776 1406 816 sensus
1433 756 1551 830 ejus
1587 776 1709 816 cum
1738 761 1866 816 sede
1907 769 2130 830 aposto-
2168 770 2180 779 ‘

543 857 647 913 lica
674 858 943 928 sapientes
978 855 1228 911 detestati
1259 864 1405 921 sunt,
1436 864 1489 909 et
1517 853 1765 910 Mennam
1795 854 1969 908 virum
2005 869 2130 909 san-

543 961 714 1015 ctum,
746 951 813 1005 ab
852 951 967 1022 ipsa
1005 958 1330 1021 promotum,
1361 965 1468 1004 non
1497 949 1637 1005 sicut
1682 956 1948 1003 vestiates
1991 946 2131 1003 falso

542 1050 841 1106 autumant,
874 1041 966 1096 sed
992 1056 1114 1096 cum
1142 1054 1207 1095 ea
1240 1040 1384 1094 lumc
1425 1039 1583 1111 digne
1611 1040 1933 1110 recipientes
1971 1051 2128 1092 vene-

541 1140 727 1188 ranter
760 1133 992 1202 amplexi
1024 1139 1169 1186 sunt.
1202 1131 1333 1198 Quis
1366 1147 1496 1185 vero
1530 1140 1658 1185 tunc
1682 1130 1869 1185 videns
1905 1128 2128 1184 Petrum

518 1224 625 1280 "vel
670 1240 1010 1281 successores
1052 1225 1189 1295 ejus,
1224 1223 1499 1277 Simonem
1532 1221 1891 1293 prtcfatosque
1919 1236 2131 1290 praeva-

546 1319 810 1377 ricatores
843 1328 948 1373 tam
994 1318 1208 1374 fortiter
1252 1317 1542 1380 debellare,
1584 1330 1689 1370 non
1734 1323 1946 1386 poterat
1988 1313 2129 1368 indi-

541 1410 726 1489 gnari,
778 1420 833 1465 et
876 1421 1277 1481 eos-tanquam
1332 1409 1636 1463 insensatos
1681 1406 1859 1461 eﬂ'erri
1914 1406 2131 1476 penitus

542 1503 825 1569 arbitrari,
870 1502 1173 1574 praesertim
1208 1517 1331 1556 cum
1360 1516 1458 1572 pro
1484 1500 1687 1555 eisdem
1727 1498 1949 1569 perﬁdis
1982 1506 2130 1553 totus

542 1603 739 1666 prmter
768 1595 1122 1666 pmicissimos
1164 1594 1423 1649 adversus
1461 1592 1580 1645 illos
1622 1606 1746 1645 cum
1794 1588 2131 1660 principibus

542 1688 656 1745 suis
704 1687 1023 1759 pugnaverit
1066 1687 1248 1741 orbis?
1295 1686 1400 1740 Sed
1445 1684 1573 1754 quia
1621 1683 1822 1737 veritas
1862 1681 1969 1751 tegi
2011 1679 2129 1733 iun-

542 1980 650 2020 non
697 1963 979 2018 confundit
1022 1962 1199 2033 (itaut.
1230 1962 1321 2028 v),
1371 1970 1449 2016 tot
1492 1960 1706 2015 labores
1749 1960 2132 2030 arripuerunt,

545 2055 748 2111 idcirco
783 2057 861 2110 sol
891 2055 1117 2124 iustitia:
1159 2054 1338 2109 radios
1384 2068 1510 2109 suos
1553 2052 1782 2133 fortasse
1825 2052 2045 2106 mittens
2074 2059 2169 2121 et.~

542 2150 796 2206 nebulam
841 2151 1116 2221 dissipavit
1147 2150 1372 2215 erroris,
1410 2157 1465 2205 et
1491 2148 1738 2205 veritatis
1765 2147 2022 2219 paulatim
2050 2145 2134 2200 lu-

543 2259 669 2298 men
714 2243 953 2298 ostendit
990 2261 1003 2296 :
1054 2242 1240 2313 sicque
1271 2243 1485 2297 demum
1527 2249 1787 2311 quantum
1819 2239 1897 2293 illi
1942 2238 2134 2293 defen-

544 2352 697 2392 sores
726 2335 979 2392 Ecclesia}
1002 2344 1148 2390 recte
1175 2334 1472 2404 sapuerint,
1502 2340 1557 2389 et
1587 2333 1675 2388 isti
1698 2332 1949 2401 nequiter
1969 2332 2132 2386 ober-

543 2431 803 2495 raverint,
840 2431 1054 2484 tandem
1095 2428 1371 2485 evidenter
1414 2427 1668 2481 innotuit.
1714 2425 1792 2480 Ita
1827 2439 2044 2496 quoque
2077 2430 2135 2479 et

545 2539 668 2590 nos,
698 2531 756 2578 ut
780 2522 961 2580 verbis
1000 2521 1200 2593 egregii
1237 2521 1521 2591 loquamur
1554 2518 1837 2589 Apostoli:
1868 2518 2135 2573 Habentes

544 2617 781 2671 suntdem
825 2616 1067 2687 spiritum
1101 2614 1226 2684 ﬁdei
1253 2630 1406 2686 quem
1446 2622 1493 2669 et
1533 2623 1705 2682 patres
1750 2614 1950 2678 nostri,
1995 2613 2136 2666 sicut

544 2712 795 2782 scriptum
826 2719 940 2763 est:
978 2706 1191 2763 Credidi
1229 2716 1438 2778 propter
1474 2706 1613 2778 quod
1654 2705 1860 2759 locutus
1890 2721 2005 2759 sum
2044 2702 2132 2774 (Η

546 2801 668 2858 Cor.
696 2819 779 2869 tv;
814 2799 960 2855 Psul.
986 2799 1180 2869 cxxv),
1223 2807 1278 2852 et
1315 2814 1415 2853 nos
1457 2797 1808 2863 credidimus,
1844 2804 2135 2867 propterea

545 2895 768 2965 quodet
792 2893 1093 2964 loquimur;
1123 2900 1177 2946 et
1203 2889 1543 2955 conﬁdimus,
1566 2890 1820 2959 quoniam
1849 2889 1940 2960 qui
1967 2888 2137 2944 Abra-

546 2987 672 3042 ham
700 2993 886 3039 contra
915 2998 1064 3053 Spem
1094 2980 1241 3037 dedit
1288 2980 1478 3047 ﬁlium,
1510 2991 1700 3051 potens
1740 2989 1825 3035 est
1852 2981 2009 3035 nobis
2035 2992 2139 3049 pro

547 3075 788 3132 Ecclesia
825 3090 920 3129 sua
955 3072 1322 3128 laborantibus
1353 3080 1408 3127 et
1442 3072 1777 3128 incrementa
1808 3071 2133 3142 spiritalium

1897 298 2175 361 NlCOLAl
2209 296 2412 359 PAPIE
2451 300 2475 356 1

538 399 669 463 rint,
701 403 757 452 et
793 401 869 451 tot
901 395 1047 451 diras
1080 394 1347 471 adversus
1381 408 1475 448 eos
1521 391 1838 448 alllictiones
1884 407 2126 448 connno-
2154 399 2204 459 Α
2233 391 2367 448 riter
2391 390 2645 457 irrctivit,
2672 394 2999 461 contemnis,
3024 402 3080 450 et
3102 394 3257 466 quasi
3287 396 3473 454 minus
3491 395 3941 455 Christianus

2240 494 2442 541 temere
2466 486 2833 557 parvipendis.

2307 580 2462 647 Quod
2492 586 2758 648 quantum
2798 580 2931 635 sita
2970 581 3060 653 pio
3094 581 3371 639 intellectu
3416 587 3931 651 removendum,

2201 695 2214 711 ε
2234 680 2291 729 et
2315 687 2346 727 a
2375 672 2609 728 ﬁdelium
2637 672 2893 728 cordibus
2919 674 3334 740 exsecrandum,
3362 676 3631 732 eximius
3666 680 3957 748 praesul.

2234 772 2437 819 nostra:
2462 763 2607 819 sedis
2641 763 2882 819 moribus
2902 772 2959 819 et
2983 766 3204 821 nomine
3225 765 3551 839 Gregorius
3585 770 3919 833 ostendit,

2233 870 2359 911 cum
2401 855 2469 910 de
2508 854 2612 910 hoc
2655 855 2954 921 scriberet,
3000 856 3189 911 dicens
3229 855 3346 928 (lib.
3386 872 3473 922 ιι,
3510 860 3707 927 epist-
3757 858 3875 928 69)
3901 875 3919 912 :

2234 945 2295 1003 Si
2342 954 2470 1003 sunt
2511 947 2605 1017 qui
2653 947 2964 1003 certissime
3007 946 3136 1002 talia
3182 947 3425 1004 sentiunt
3476 949 3573 1005 vel
3641 960 3910 1015 tetu-nt,

2233 1039 2361 1110 quia
2394 1036 2688 1094 Christiani
2720 1054 2826 1093 non
2856 1047 3005 1105 sunt,
3062 1039 3289 1095 dubium
3313 1057 3420 1097 non
3456 1051 3547 1097 est
3583 1058 3734 1107 eos,
3770 1059 3909 1112 qu

2231 1136 2289 1184 et
2328 1143 2430 1200 ego
2464 1136 2520 1184 et
2558 1143 2748 1184 omnes
2777 1129 3032 1185 catholici
3078 1131 3342 1201 episcopi,
3374 1140 3540 1203 atque
3588 1134 3904 1189 uiliter-sa

2232 1218 2475 1274 Ecclesia
2506 1220 3051 1287 anathematizamus,
3082 1223 3208 1291 quia
3235 1223 3448 1278 veritati
3481 1234 3703 1281 contra
3754 1241 3902 1281 sen-

2236 1312 2405 1376 tiunt,
2452 1320 2641 1367 contra
2691 1311 3005 1384 loquuntur.
3052 1315 3122 1371 ει
3174 1318 3573 1388 rursuszlpsi,
3639 1320 3887 1390 inquit,

2234 1404 2336 1461 sibi
2368 1412 2535 1460 testes
2574 1412 2723 1469 sunt,
2763 1404 2890 1474 quia
2919 1405 3217 1463 Christiani
3250 1424 3360 1463 non
3401 1420 3550 1476 sunt,
3601 1413 3763 1482 quia
3824 1413 3892 1467 lio

2234 1506 2484 1568 garriente
2519 1506 2719 1552 sanctae
2745 1497 3006 1553 Ecclesiae
3041 1501 3336 1556 vanissime
3362 1504 3664 1559 astitnant
3693 1520 3886 1561 cona-

2235 1587 2380 1642 tibus
2415 1586 2641 1652 solvere,
2675 1603 2741 1643 ac
2776 1603 2873 1658 per
2903 1588 3007 1644 hoc
3051 1605 3153 1644 nec
3189 1592 3598 1649 absolutionem
3644 1604 3883 1651 sancta:

2234 1679 2509 1747 Ecclesia,
2553 1697 2716 1752 quam
2746 1692 2968 1752 praestat
2997 1682 3266 1749 ﬁdelibus,
3314 1702 3501 1743 veram
3532 1698 3785 1759 putant,
3824 1692 3875 1746 si

543 1782 689 1836 ditus
714 1780 964 1835 humanis
995 1795 1097 1834 non
1125 1786 1302 1849 potest
1329 1777 1630 1841 conatibus,
1654 1784 1710 1830 et
1740 1774 1970 1844 praei-uti,
1994 1773 2128 1843 quin
2158 1787 2205 1851 Β
2234 1771 2503 1843 llgaturas
2548 1772 2670 1844 ejus
2717 1773 2902 1830 valere
2948 1789 3057 1830 non
3116 1777 3407 1833 testimant.
3449 1777 3676 1836 Contra
3722 1798 3877 1853 quos

542 1882 599 1928 et
639 1873 729 1927 alii
766 1875 934 1928 sancti
983 1872 1285 1941 summique
1330 1870 1614 1941 pontillces
1658 1883 1754 1939 spe
1801 1866 1955 1931 freti,
2009 1881 2135 1936 qua:
2212 1862 2445 1918 diutius
2489 1864 2874 1935 disputandum
2921 1881 3029 1922 non
3058 1875 3161 1932 est,
3200 1868 3333 1939 quia
3362 1870 3725 1941 despiciendi
3768 1890 3879 1945 per

2239 1952 2421 2009 omnia
2466 1962 2522 2009 et
2550 1956 3047 2015 anathematizandi
3079 1969 3225 2025 sunt,
3264 1970 3328 2016 at
3357 1962 3501 2017 unde
3542 1966 3876 2023 veritatem

2238 2045 2430 2103 fallere
2464 2064 2527 2105 se
2567 2050 2826 2117 credunt,
2875 2051 3001 2110 inde
3036 2053 3094 2109 in
3130 2054 3371 2125 peccatis
3404 2056 3526 2113 suis
3565 2061 3880 2119 veraciter

2239 2140 2494 2213 ﬁgentur.

2314 2234 2421 2290 Sed
2464 2235 2512 2291 si
2554 2234 2695 2292 forte
2724 2237 2862 2294 dicis
2908 2255 3017 2296 non
3046 2240 3305 2298 debuisse
3334 2258 3437 2299 nos
3468 2254 3581 2301 tam
3630 2249 3873 2306 eoneite

2242 2327 2425 2381 audita
2453 2328 2599 2384 dicta
2628 2329 2870 2396 credere,
2903 2346 3003 2387 nec
3047 2341 3158 2391 tam
3193 2334 3263 2389 ad
3301 2335 3700 2407 proferendam
3732 2356 3873 2397 sen-

2245 2418 2469 2472 tentiam
2511 2435 2633 2475 esse
2684 2421 2972 2491 proclives,
3028 2426 3263 2492 noveris,
3295 2443 3339 2482 ο
3383 2428 3713 2499 imperator,
3752 2435 3869 2491 hoe

2243 2508 2637 2564 rationabiliter
2688 2526 2847 2581 posse
2896 2513 3037 2580 dici,
3093 2516 3141 2569 si
3190 2517 3346 2588 culpa
3398 2533 3524 2573 cum
3575 2520 3861 2590 clamore,

2242 2600 2696 2669 Quemadmedum
2724 2603 3082 2660 Sodomorum
3108 2615 3166 2673 et
3196 2607 3707 2678 Consewhmomm,
3742 2631 3863 2671 non

2242 2700 2431 2747 esset:
2468 2693 2517 2747 si
2560 2708 2681 2763 quas
2722 2696 2791 2751 tle
2832 2694 3097 2768 Grcam-io
3126 2709 3281 2772 gesta
3321 2704 3574 2771 superius
3614 2706 3861 2762 intima-

2242 2786 2439 2851 Vinius,
2469 2794 2578 2847 tam
2606 2789 2662 2843 in
2690 2790 2977 2862 propatulo
3000 2806 3110 2853 non
3138 2794 3478 2857 exstitissent
3501 2800 3595 2863 :si
3634 2800 3858 2871 scripta

2239 2885 2445 2943 vestra,
2490 2894 2611 2949 quas
2656 2883 2800 2951 apud
2829 2883 3357 2958 Constantinopolim
3402 2898 3596 2946 contra
3637 2906 3849 2948 censa.

2242 2971 2516 3031 cerdotem
2541 2982 2786 3029 nostrum
2815 2974 3102 3046 ignauum,
3130 2977 3217 3033 vel
3248 2978 3394 3034 circa
3418 2978 3698 3047 Photinus,
3727 2986 3853 3042 imo

2243 3075 2376 3117 vero
2400 3077 2498 3132 per
2533 3062 2805 3128 Photinus,
2835 3076 2990 3139 gesta
3020 3077 3151 3124 sunt
3184 3070 3489 3141 uidentes,
3526 3073 3846 3133 nullatenus

549 3170 763 3241 frugum
791 3168 1011 3232 donare,
1052 3174 1105 3221 et
1136 3165 1450 3222 earumdem
1493 3164 1710 3238 frugum
1752 3166 1977 3221 uberem
2023 3165 2138 3221 fru-
2164 3155 2212 3233 Ο
2246 3152 2613 3211 iudicassem:
2634 3156 2722 3212 Vel
2746 3158 2794 3224 Si
2820 3157 3027 3230 legatos
3056 3170 3352 3244 nostraet
3377 3164 3636 3235 ﬁstulas
3654 3166 3845 3236 pietas

549 3272 698 3319 ctum
727 3260 1112 3331 multiplicare.

627 3403 781 3467 Unde
822 3401 1015 3467 dicito,
1063 3416 1403 3471 qumsumus,
1447 3415 1482 3457 ο
1530 3402 1825 3471 imperator
1870 3402 2137 3473 piissime,

549 3480 704 3570 cujus
727 3494 1050 3567 prolixitatis
1072 3491 1465 3556 inobediendia,
1492 3491 1577 3548 vel
1603 3492 1757 3564 cujus
1778 3492 2141 3565 multitudinis

545 3589 859 3653 insolentia,
890 3595 982 3642 aut
1025 3584 1177 3654 cujus
1214 3584 1505 3655 potestatis
1546 3584 1888 3651 excellentia,
1921 3600 2021 3641 uos
2068 3587 2137 3643 ab

546 3685 651 3743 hac
678 3680 783 3739 tida
814 3678 896 3734 vel
922 3692 1018 3747 spe
1055 3677 1250 3733 debeat
1273 3684 1367 3732 aut
1401 3676 1579 3735 valeat
1612 3675 1807 3732 saltem
1844 3690 2139 3749 parumper

547 3770 831 3835 avertere?
861 3769 1172 3833 Praesertim
1208 3782 1333 3827 cum
1364 3766 1713 3823 beatissimus
1738 3766 1851 3836 jam
1888 3767 2141 3840 designat.

548 3873 637 3927 tus
669 3863 940 3921 exclamet
974 3860 1306 3933 Apostolus:
1338 3858 1474 3926 Est,
1521 3859 1795 3931 inquiens,
1836 3859 1968 3929 [ist
2014 3876 2137 3931 spe-

548 3955 838 4013 randarum
878 3951 1169 4017 substantia
1211 3967 1420 4019 rerum,
1470 3959 1838 4022 argumentum
1890 3965 1994 4006 nou
2038 3967 2136 4021 up.

544 4047 842 4118 parentium
892 4043 1079 4117 (Hebr.
1124 4044 1240 4113 XI);
1277 4052 1334 4098 et
1373 4058 1564 4099 rursus
1605 4060 1619 4095 :
1664 4040 1823 4111 Spes,
1865 4040 1972 4106 ait,
2017 4056 2137 4113 quat

546 4137 750 4193 videtur
788 4152 893 4195 non
921 4145 996 4193 est
1023 4149 1176 4204 spes;
1208 4149 1331 4191 nam
1355 4133 1496 4205 quod
1524 4130 1658 4193 videt
1688 4131 1830 4203 quis,
1859 4130 1985 4201 quid
2021 4147 2139 4200 spe-

548 4227 672 4285 rat?
713 4227 757 4281 si
794 4234 968 4280 autem
999 4223 1138 4296 quod
1165 4240 1269 4279 non
1308 4223 1543 4283 videmus
1581 4237 1873 4291 speramus,
1915 4237 2007 4292 per
2041 4237 2135 4293 pa-

548 4319 787 4377 tientiam
816 4326 1171 4389 exspectamus
1197 4315 1372 4388 (Rom.
1400 4315 1542 4387 vui).

618 4428 735 4512 llac
770 4456 934 4527 igitur
978 4451 1101 4508 ﬁdei
1138 4464 1250 4508 sua;
1293 4465 1388 4521 spe
1431 4446 1749 4514 certiﬁcati,
1800 4448 1872 4502 ﬁli
1916 4446 2132 4503 charis-

2249 3255 2341 3303 tua
2379 3248 2612 3319 benigno
2645 3252 2996 3322 suscepisset,
3036 3253 3122 3309 vel
3156 3254 3205 3310 si
3244 3265 3526 3328 smeeptas
3568 3274 3701 3314 ausu
3746 3269 3839 3318 te-

3776 304 3945 361 1036

2244 3342 2484 3397 merario
2509 3357 2669 3400 nemo
2698 3342 2915 3400 fallacia
2945 3345 3318 3417 deprarasset,
3340 3358 3395 3404 et
3416 3349 3506 3404 illa
3526 3350 3597 3403 ab
3619 3363 3829 3409 eam

2243 3433 2491 3498 veritatis
2530 3442 2720 3490 tenore
2762 3435 3074 3494 nullatenus
3118 3441 3420 3496 movisset.
3444 3437 3517 3495 At
3563 3440 3656 3495 ubi
3700 3442 3831 3511 pia-

2242 3523 2423 3580 culum
2455 3541 2564 3582 rion
2593 3527 2769 3583 solum
2818 3543 2944 3585 eum
2972 3546 3131 3598 voce,
3173 3532 3270 3588 sed
3315 3541 3369 3595 et
3406 3548 3529 3588 cum
3577 3532 3830 3593 clamore

2241 3618 2593 3675 commissum
2641 3629 2751 3687 est,
2799 3628 2855 3681 et
2893 3625 3115 3695 sanguis
3160 3626 3394 3682 insontis
3435 3626 3829 3696 fratris,sicut

2242 3708 2533 3777 hactenus,
2570 3711 2845 3769 clamabat
2875 3716 2945 3771 ad
2976 3715 3148 3773 Deum
3171 3718 3242 3774 de
3270 3728 3440 3786 terra,
3462 3728 3520 3775 et
3543 3732 3826 3791 vestrates,

2235 3797 2395 3869 juxta
2425 3803 2567 3872 quod
2596 3821 2695 3875 per
2721 3806 3043 3878 prephetam
3070 3809 3138 3865 de
3166 3811 3412 3882 reprobis
3451 3815 3822 3883 exprobrantis

2241 3892 2436 3950 effectu
2486 3895 2728 3971 [aﬁectu]
2768 3902 3142 3971 perhibentur,
3173 3915 3448 3973 peceatum
3482 3923 3638 3963 mm
3675 3908 3821 3979 qusi

2241 3985 2478 4043 Sodoma
2511 3990 2951 4060 (tradit-avarum,
2998 4011 3093 4050 nec
3130 3996 3517 4055 abun-derunt
3548 3999 3678 4067 Usa.
3704 4004 3816 4075 ut);

2239 4087 2525 4148 postquam
2571 4082 2774 4153 scripta
2813 4098 3031 4155 quoque
3065 4094 3277 4152 vestra,
3323 4087 3377 4142 id
3420 4096 3505 4144 est
3549 4102 3816 4160 peccatum

2240 4172 2330 4246 υἱ,
2359 4174 2535 4244 ipsum
2564 4185 2873 4245 peccatum,
2900 4176 3103 4251 Hum]
3130 4192 3592 4250 consummatum,
3623 4184 3814 4254 liquido

2239 4266 2723 4337 demonstrarunt,
2773 4281 3060 4343 postquam
3115 4276 3280 4330 etiam
3352 4277 3551 4332 missos
3611 4288 3813 4336 nostros

2236 4372 2517 4419 aversatus
2566 4381 2598 4419 a
2648 4365 2919 4436 colloquio
2975 4368 3208 4423 ﬁdelium
3239 4411 3254 4436 ,
3306 4378 3363 4425 et
3405 4367 3579 4439 jussis
3626 4373 3813 4431 nostris

2238 4467 2483 4519 aversos,
2529 4465 2585 4509 et
2623 4456 2881 4526 epistolas
2926 4469 3140 4513 nostras
3185 4460 3488 4519 occultatas
3531 4470 3691 4533 stipe
3717 4462 3811 4520 fal—

548 4554 707 4619 sime,
738 4565 853 4605 nos
891 4545 1108 4617 quidem
1155 4544 1221 4598 de
1270 4541 1617 4614 percipienda
1672 4540 1925 4597 mercede
1982 4538 2131 4593 labo-
2158 4543 2210 4609 Β
2234 4552 2387 4600 gaias
2414 4546 2765 4615 agnovimus;
2795 4549 2923 4619 quid
2952 4551 3228 4620 potuimus
3253 4553 3557 4608 const
3582 4556 3661 4611 vel
3691 4572 3809 4613 an.

546 4663 666 4704 rum
728 4642 923 4716 (etiam
979 4640 1025 4696 si
1079 4654 1177 4693 vos
1245 4636 1400 4691 nobis
1462 4650 1738 4707 nunquam
1795 4632 2132 4698 obedieritis,

546 4739 757 4797 etiamsi
807 4743 1069 4807 quantum
1128 4730 1356 4803 potestis
1408 4728 1713 4800 apostolica:
1767 4728 1913 4783 sedis
1972 4728 2132 4783 reniti

546 4826 961 4901 contenderitis)
1010 4814 1317 4880 nullatenus
1365 4820 1691 4876 dubitamus.
1725 4820 1801 4876 De
1842 4830 1893 4875 te
1929 4828 2131 4886 tamen,

550 4933 805 4991 tanquam
843 4919 911 4974 de
948 4915 1301 4972 dilectissimo
1346 4912 1477 4979 ﬁlio,
1512 4911 1857 4968 vehementer
1908 4910 2134 4982 ingemi-

548 5014 751 5070 scimus
774 5022 828 5079 et
864 5011 1163 5075 tristamur,
1191 5006 1448 5079 quoniam
1476 5022 1584 5061 non
1611 5006 1852 5075 priorum
1876 5003 2125 5076 vestigia,

549 5104 644 5160 sed
689 5117 976 5173 pravorum
1018 5100 1321 5172 principum
1359 5098 1604 5168 exempla
1644 5105 1884 5153 sectatus
1915 5106 2134 5168 aposto-

549 5196 668 5252 licze
708 5203 763 5248 et
791 5194 978 5265 prima:
1020 5192 1074 5248 in
1105 5201 1215 5248 toto
1253 5194 1386 5249 orbe
1431 5200 1701 5247 terrarum
1747 5190 1895 5247 sedis
1926 5189 2130 5256 edicta,

549 5304 930 5366 pewersqrum
980 5289 1255 5354 hominum
1304 5286 1644 5343 suasionibus
1688 5287 1921 5351 illectus,
1968 5294 2133 5358 atque

545 5388 767 5449 decreta
796 5382 1092 5457 postponis,
1121 5393 1175 5437 et
1205 5380 1567 5447 anathematis
1602 5379 1986 5454 obligatnenta,
2012 5379 2133 5449 qui-

548 5481 650 5536 bus
678 5458 1052 5546 persecutores
1099 5472 1290 5544 lguatii
1337 5472 1696 5529 comministri
1751 5472 1943 5535 nostri,
1992 5470 2132 5527 Pho-

551 5571 685 5628 tium
722 5567 994 5631 videlicet,
1027 5566 1117 5635 qui
1161 5576 1282 5635 post
1330 5565 1722 5636 depositionem
1772 5563 1934 5621 nimis
1964 5563 2131 5620 multa

546 5664 619 5720 de
662 5659 967 5718 ministerio
997 5672 1152 5717 sacro
1194 5657 1508 5729 contingere
1541 5656 1697 5726 juxta
1738 5657 2131 5731 prmcedentem

551 5754 996 5812 consuetudinem
1046 5766 1208 5809 ausus
1251 5757 1353 5818 est,
1392 5757 1451 5806 et
1487 5748 1727 5808 fautores
1765 5750 1884 5822 ejus
1920 5752 2132 5827 regula-

2236 4636 2347 4703 tius
2376 4652 2556 4709 agere,
2610 4653 2797 4709 quam,
2830 4656 2899 4695 ne
2940 4651 2999 4696 ut
3047 4645 3217 4715 magis
3246 4660 3314 4699 ac
3344 4647 3522 4717 magis
3552 4648 3719 4705 scelus
3750 4658 3807 4707 ut

2235 4744 2436 4785 cancer
2465 4743 2728 4802 serperet,
2766 4735 2818 4789 id
2863 4735 3105 4791 funditus
3143 4739 3608 4810 esstirparemns;
3647 4752 3716 4811 et,
3743 4761 3806 4803 ne

2234 4828 2299 4875 ut
2329 4820 2419 4893 [[2,
2448 4830 2615 4887 utne,
2642 4824 2744 4896 id]
2767 4826 2979 4882 desides
2997 4837 3054 4883 et
3079 4828 3413 4900 negligentes
3432 4830 3798 4903 iudicamur,

2235 4927 2336 4982 pro
2367 4914 2527 4970 domo
2563 4914 2657 4970 Dei
2684 4916 2915 4973 celerem
2959 4917 3333 4992 fervidumque
3374 4923 3553 4979 zelum
3576 4930 3803 4985 ostende-

2243 5008 2462 5067 remus?
2498 5008 2702 5064 Prtetcr
2728 5010 2841 5067 haec
2866 5021 3072 5072 autem.
3095 5015 3221 5085 quia
3261 5015 3398 5071 falso
3423 5018 3678 5091 divulgat]
3703 5022 3801 5079 fue-

2243 5112 2428 5154 ramus
2456 5115 2556 5157 nos
2582 5100 2668 5155 vel
2697 5102 2885 5174 lgnatii
2917 5103 3240 5175 depositioni
3270 5106 3354 5162 vel
3392 5106 3569 5164 Photii
3610 5126 3798 5182 pmo-

2241 5195 2375 5252 tioni
2435 5196 2811 5263 consensisse,
2862 5199 3069 5255 idcirco
3112 5200 3281 5257 veloci
3334 5203 3653 5261 stutlendum
3692 5223 3796 5266 esse

2241 5286 2630 5355 satisfactione,
2655 5300 2712 5346 et
2737 5290 2939 5353 Christi
2966 5290 3265 5348 Ecclesiam
3291 5292 3361 5351 de
3392 5294 3500 5352 hoc
3523 5296 3795 5356 certiﬁcaro

2231 5377 2358 5448 jure
2390 5380 2756 5453 praevidimus.

2314 5473 2533 5541 Verum,
2563 5475 3020 5546 quemadmodum
3047 5477 3230 5555 audita
3269 5478 3499 5539 crimina
3532 5495 3640 5538 Is-
3658 5480 3793 5541 ω.

2234 5567 2405 5632 credi,
2465 5568 2560 5623 sed
2605 5569 2821 5640 cognita
2869 5571 2986 5639 sine
3031 5571 3285 5627 tarditate
3327 5572 3508 5645 puniri
3565 5573 3789 5642 debeant,

2235 5667 2455 5719 sanctus
2475 5656 2590 5727 jam
2623 5661 2933 5725 nominatus
2965 5677 3104 5735 papa
3136 5662 3431 5737 Gregorius
3455 5671 3514 5721 et
3558 5664 3790 5737 magister

2233 5750 2514 5821 egregius,
2566 5752 2842 5829 sapienter
2874 5755 3063 5812 edocet
3105 5754 3292 5815 dicens
3333 5753 3577 5827 (Expos.
3624 5757 3675 5819 in
3715 5771 3785 5829 κο
