4050 6324
212 339 248 395 1
258 337 378 394 037

1404 324 1761 392 EPISTOLJE
1807 332 1897 389 ET
1930 326 2270 391 DECRETA.

205 449 447 524 pamit.)
477 467 490 505 :
523 450 810 507 Peccatum
849 465 972 507 cum
1002 464 1153 516 voce,
1180 447 1338 521 culpa
1368 459 1454 506 est
1480 449 1532 504 in
1562 449 1807 515 actione;
1844 454 1887 511 Α
1915 447 2027 502 dita
2062 448 2204 504 mala
2246 449 2400 507 tarde
2445 450 2792 519 credidimus,
2832 454 2904 509 ita
2957 462 3036 510 tot
3078 460 3492 529 probationibus

205 551 512 616 peccatum
559 558 687 598 vero
716 544 880 597 etiam
922 558 1044 598 cum
1086 541 1345 607 clamore,
1376 551 1461 597 est
1500 541 1657 610 culpa
1687 557 1811 596 eum

212 635 500 713 libertate.
531 634 637 690 Sed
679 636 808 705 quid
848 637 952 692 hoc
981 634 1230 707 exeutplo
1261 635 1364 690 nisi
1409 649 1508 690 nos
1554 636 1812 691 admone-

214 743 357 783 mur
386 742 454 783 ne
498 728 564 809 ad
592 727 970 799 proferendam
998 726 1325 782 sententiam
1363 739 1600 797 unquam
1625 725 1805 797 praeci~

210 823 373 894 pites
415 837 538 878 esse
567 823 878 883 debeamus,
920 835 987 876 ne
1025 830 1226 877 temere
1265 820 1565 876 indiscussa
1608 818 1833 889 judice-2

213 931 376 980 mus,
409 929 476 969 ne
506 914 759 984 quaelibet
785 913 923 969 mala
952 915 1132 969 audita
1157 926 1256 968 nos
1287 922 1559 978 moveant,
1596 926 1665 967 ne
1691 926 1813 983 pas-

214 1006 336 1064 sim
365 1005 507 1061 dicta
533 1006 651 1061 sine
694 1005 1013 1077 probatione
1040 1005 1349 1070 credamus,
1393 1005 1537 1077 quod
1576 1001 1815 1075 profecto

213 1102 550 1167 perpetrare
588 1095 1046 1166 pertimescimus,
1074 1094 1119 1149 si
1161 1094 1398 1150 auctoris
1439 1094 1608 1149 nostri
1640 1093 1813 1149 subti-

215 1190 337 1246 lius
368 1188 506 1244 facta
540 1206 847 1262 pensamus.
891 1191 1011 1262 ipse
1041 1191 1237 1263 quippe
1264 1199 1323 1247 ut
1355 1206 1454 1248 nos
1508 1206 1539 1247 a
1566 1191 1815 1263 prmcipl-

217 1289 342 1337 tata
387 1279 668 1336 sententia:
699 1280 999 1351 prolatione
1046 1291 1442 1353 compesceret,
1472 1298 1595 1339 cum
1632 1284 1813 1339 omnia

219 1373 373 1428 nuda
400 1382 455 1427 et
480 1380 664 1442 aperta
696 1373 805 1429 sint
833 1373 1004 1429 oculis
1028 1373 1165 1445 ejus,
1196 1375 1338 1430 mala
1362 1383 1539 1430 tamen
1569 1372 1818 1431 Sodomae

218 1463 406 1517 noluit
433 1461 614 1516 audita
638 1459 908 1531 judicare,
936 1463 1027 1533 qui
1063 1464 1171 1518 ait:
1200 1463 1526 1519 Descendunt
1553 1472 1601 1519 et
1637 1464 1816 1520 videbo

220 1564 410 1609 utrum
436 1553 717 1608 clamorem
738 1554 827 1625 qui
850 1555 981 1608 venit
1014 1554 1086 1608 ad
1113 1571 1212 1618 me,
1239 1570 1390 1625 apere
1420 1553 1814 1623 compleverint,

218 1661 300 1698 an
347 1660 452 1699 non
495 1653 570 1698 est
608 1644 703 1709 ita,
737 1654 791 1698 ut
832 1646 998 1699 sciam
1045 1643 1199 1717 (Cen.
1246 1645 1425 1712 xvut).
1462 1644 1818 1717 Omnipotens

220 1736 414 1806 itaque
442 1737 722 1799 Dominus,
752 1743 806 1790 et
833 1737 1014 1791 omnia
1054 1738 1253 1802 sciens,
1276 1753 1375 1791 cur
1397 1745 1521 1792 ante
1551 1753 1815 1808 provoca-

1917 541 2151 610 cognita,
2188 541 2350 597 citius
2378 544 2565 613 punire
2610 546 2920 601 necessario
2951 551 3384 617 precuravimus;
3429 567 3493 612 ei.

1917 631 2021 687 hoc
2053 632 2157 687 rite
2188 650 2200 687 :
2229 648 2352 688 nam
2386 635 2452 690 ad
2491 637 2919 706 cognoscendam
2941 647 2998 693 et
3022 643 3486 704 condenmandam

1917 720 2249 792 impietatem
2276 723 2509 781 Nestorii
2541 736 2727 783 sancta
2757 727 3025 798 Ephesius
3061 733 3298 805 synodus
3316 738 3485 793 solam

1916 814 2199 884 epistolam
2240 814 2376 884 ejus,
2416 831 2576 886 quam
2618 819 2686 873 ad
2714 818 2929 875 beatum
2966 820 3221 893 Cyrillum
3261 827 3492 898 scripse-

1919 912 2023 970 rat,
2070 908 2349 961 recitatam
2404 906 2652 964 sufﬁcere
2695 909 2946 965 credidit.
2988 912 3186 981 Quinta
3228 926 3490 987 pateret

1916 995 2153 1066 synodus
2179 997 2344 1051 etiam
2367 996 2483 1066 jam
2524 1006 2767 1055 mortuos
2793 998 3081 1071 Origenem
3108 1013 3270 1074 atqm
3308 1004 3491 1065 Theo-

1917 1085 2109 1142 dorum
2148 1101 2245 1157 per
2265 1101 2455 1142 eorum
2496 1086 2804 1144 damnanda
2832 1090 3034 1161 scripta
3076 1101 3187 1148 nou
3228 1106 3379 1151 recte
3401 1112 3493 1151 sa-

1916 1176 2098 1245 puisse
2133 1188 2398 1249 repertos,
2425 1180 2770 1235 anathemate
2810 1182 3062 1251 percutit.
3105 1182 3339 1240 Sanctus
3361 1200 3497 1257 quo-

1917 1284 2024 1340 que
2070 1285 2208 1341 papa
2256 1271 2507 1328 Gelasius
2554 1273 2622 1328 de
2671 1273 3020 1331 damnatione
3068 1276 3253 1333 Acacii
3298 1288 3499 1336 vestra

1917 1364 2188 1430 quondam
2242 1362 2392 1418 urbis
2441 1362 2678 1434 episcopi
2725 1364 2795 1419 ad
2839 1364 3118 1421 Dardanos
3158 1367 3373 1434 scribit,
3416 1370 3499 1424 di-

1918 1465 2049 1506 cens
2087 1452 2255 1523 (epist.
2288 1452 2378 1525 ll)
2409 1470 2424 1507 :
2470 1453 2587 1520 llic,
2623 1454 2671 1510 si
2701 1455 3031 1512 examinatio
3070 1458 3353 1526 quieritur,
3379 1458 3496 1527 jam

1912 1539 2117 1611 judicio
2165 1557 2272 1597 non
2311 1552 2431 1599 erat
2469 1559 2627 1615 opus,
2664 1556 2949 1615 postquam
2994 1546 3189 1603 litteris
3220 1549 3341 1605 suis
3387 1549 3505 1620 ipse

1918 1632 2198 1689 confessus
2231 1642 2335 1689 est.
2370 1634 2568 1707 Christi
2594 1645 2855 1708 petatem
2887 1639 3167 1695 cattlessor
3195 1653 3331 1709 papa
3358 1638 3505 1695 Mar-

1922 1730 2067 1786 tinus
2093 1730 2292 1803 Cyrum
2332 1732 2774 1799 Alexandrinum,
2813 1732 3081 1803 Sergium,
3130 1735 3397 1807 Pyrrhum
3446 1745 3504 1793 et

224 1830 433 1884 tionem
460 1828 613 1899 quasi
645 1828 885 1893 dimittit,
915 1828 1019 1884 utsi
1045 1838 1103 1884 ut
1129 1829 1412 1901 gravitatis
1454 1830 1609 1886 nobis
1631 1846 1815 1886 exem-
1844 1811 1893 1875 Β
1918 1824 2142 1881 Paulum
2191 1814 2845 1897 ConstaminOl’O‘ilanosu
2891 1830 3021 1905 θοηε
3061 1842 3252 1886 θοτυηι
3296 1830 3351 1885 in
3398 1845 3501 1887 sua

223 1919 378 1991 plum
404 1929 689 1990 proponat,
720 1935 789 1976 ne
814 1921 953 1975 mala
978 1920 1257 1977 hominum
1281 1930 1405 1978 ante
1426 1915 1817 1994 prat'sumamus

224 2013 453 2067 credere.
478 2028 642 2083 quam
671 2014 943 2084 probare?

298 2105 439 2161 Ecce
464 2120 562 2174 per
588 2107 808 2176 angelos
838 2108 905 2163 ad
933 2109 1310 2177 cognoscenda
1339 2109 1480 2165 mala
1510 2110 1811 2178 descendit,

222 2210 461 2266 moxque
484 2195 823 2253 facinorosos
854 2199 1111 2268 percutit,
1142 2209 1307 2270 atque
1337 2198 1426 2254 ille
1449 2200 1679 2270 patiens,
1726 2201 1814 2258 ille

224 2287 397 2349 mitis,
426 2286 517 2342 ille
547 2287 613 2341 de
649 2302 757 2357 quo
784 2289 1046 2359 scriptum
1074 2297 1159 2345 est
1185 2306 1199 2343 :
1236 2289 1313 2344 Tu
1348 2299 1545 2357 autem,
1572 2290 1810 2360 Domine,

224 2397 344 2436 cum
370 2380 747 2453 tranquillitate
761 2383 978 2453 judice:
1007 2382 1160 2455 (ευρ.
1188 2384 1321 2456 xu);
1360 2385 1448 2441 ille
1470 2386 1536 2442 de
1558 2402 1666 2456 quo
1693 2402 1815 2443 ruro

224 2487 346 2530 sum
413 2474 676 2544 scriptum
731 2474 1140 2531 cstzbominus
1188 2477 1392 2547 patiens
1449 2488 1523 2533 est
1581 2478 1815 2535 redditor

226 2560 443 2636 (Eccli.
495 2564 573 2635 v),
606 2563 661 2620 in
712 2573 862 2621 tanto
914 2567 1142 2622 crimine
1196 2568 1463 2625 involutos
1509 2569 1811 2640 inveniens,

226 2659 381 2730 quasi
412 2658 724 2728 patientiam
754 2660 1124 2730 prmtcrmisit,
1154 2670 1211 2717 et
1238 2663 1380 2718 diem
1420 2665 1645 2718 extremi
1672 2662 1818 2731 judi-

226 2751 296 2806 cli
334 2760 652 2821 exspectare
676 2750 744 2805 ad
775 2750 1073 2808 vindictam
1102 2751 1291 2819 noluit,
1320 2755 1413 2809 sed
1442 2769 1536 2809 eos
1566 2754 1687 2825 igne
1720 2751 1811 2823 ju-

224 2844 352 2900 dicii
380 2854 506 2900 ante
526 2830 715 2915 iudicii
762 2843 905 2899 diem
934 2846 1236 2915 praevenit:
1269 2854 1325 2901 et
1353 2862 1481 2903 ecce
1526 2848 1726 2902 malum
1759 2856 1815 2907 et

226 2936 381 3007 quasi
413 2951 535 2992 cum
572 2932 887 2991 difﬁcultate
931 2936 1180 3001 credidit,
1217 2952 1339 2992 cum
1379 2938 1604 3005 audivit,
1642 2947 1697 2993 et
1726 2947 1812 2993 ta-

228 3039 351 3082 men
401 3026 519 3081 siue
567 3026 820 3081 tarditate
866 3027 1154 3096 percussit,
1206 3043 1329 3083 cum
1373 3042 1557 3091 verum
1608 3043 1811 3101 cogno-

228 3118 429 3175 scendo
460 3117 699 3188 reperit;
732 3127 791 3173 ut
830 3120 988 3175 nobis
1015 3119 1265 3177 videlicet
1308 3121 1463 3177 daret
1504 3122 1809 3194 exctnplum

1920 1930 2077 1971 sacra
2106 1919 2311 1989 synodo
2342 1919 2560 1988 scriptis
2591 1918 2894 1985 recensitis,
2923 1920 3253 1975 damnationi
3284 1932 3503 1977 eontra-

1920 2007 2053 2062 didit
2088 2007 2258 2079 (conc.
2297 2007 2592 2078 Laterum).
2628 2010 2753 2065 llaec
2786 2023 2919 2079 ergo
2948 2019 3005 2065 et
3043 2018 3118 2065 tot
3145 2012 3509 2081 pmdocesso-

1918 2111 2038 2151 rum
2082 2111 2326 2151 meorum
2379 2097 2623 2167 exempta
2674 2107 2965 2168 sequentes
3028 2100 3345 2155 solemniter
3398 2117 3499 2159 nos

1918 2188 2169 2245 Pbotium
2199 2198 2252 2245 et
2273 2190 2564 2261 complices
2584 2192 2703 2261 ejus
2725 2193 3012 2250 damnasse
3030 2194 3377 2252 manifestum
3397 2206 3503 2264 est,

1915 2284 2217 2353 praesertim
2265 2298 2388 2339 cum
2439 2299 2505 2340 ex
2569 2285 2718 2340 vobis
2772 2286 3101 2342 audierimus
3154 2288 3209 2343 in
3281 2290 3504 2361 scriptis

1916 2375 2201 2449 lgnatium,
2233 2379 2324 2449 qui
2365 2378 2559 2434 merito
2587 2378 2835 2435 christus
2870 2380 3082 2435 Domini
3110 2382 3370 2457 dicendus
3395 2394 3498 2451 est,

1919 2484 1950 2525 a
2005 2470 2260 2541 subjectis
2312 2479 2368 2526 et
2416 2470 2764 2527 inferioribus
2818 2473 2932 2527 suis
2982 2475 3269 2529 sententia;
3325 2475 3505 2547 gladio

1920 2563 2415 2619 transverberatum
2456 2564 2646 2631 fuisse,
2692 2580 2757 2620 ac
2802 2566 3188 2623 detrimentum
3226 2570 3504 2642 dignitatis

1918 2658 2150 2726 propria:
2192 2656 2500 2727 pertulisse,
2546 2659 2690 2728 quod
2716 2667 2851 2728 _apte
2899 2661 3191 2716 secundum
3239 2661 3406 2718 David
3443 2663 3501 2719 in

1920 2746 2106 2813 Saule,
2143 2766 2304 2821 quem
2331 2751 2461 2806 dicit
2493 2750 2759 2806 christnm
2798 2752 2913 2817 Dei,
2944 2760 3283 2824 nuncupatur
3303 2765 3331 2795 ι
3358 2753 3506 2825 abjc~

1918 2846 2039 2894 ctus
2065 2846 2245 2895 tamen
2271 2855 2301 2894 a
2325 2839 2673 2911 Dominojam
2698 2841 3111 2912 dignoscebatur
3129 2843 3501 2911 exborruisse,

1917 2929 2127 3004 Regum
2157 2931 2333 3003 prodit
2377 2933 2627 2998 historia,
2658 2935 2750 3004 qui
2786 2935 2911 2988 dum
2940 2948 3006 2990 ex
3035 2949 3132 2989 ore
3155 2936 3308 3006 pueri
3336 2936 3504 2991 Ama-

1918 3023 2124 3092 lecitte,
2179 3025 2343 3080 etiam
2386 3027 2722 3081 mendaciter
2767 3026 3025 3090 dicentis,
3077 3027 3320 3083 audisset
3361 3028 3506 3098 quod

1919 3117 2178 3172 occiderit
2234 3115 2474 3183 Saulem,
2525 3132 2630 3171 non
2678 3116 2783 3171 alia
2823 3117 3151 3173 certitudine
3195 3117 3504 3188 requisivit,

229 3212 370 3282 quod
418 3211 622 3282 majora
653 3210 883 3267 crimina
919 3220 976 3268 et
1010 3214 1164 3270 tarde
1198 3214 1470 3270 credenda
1520 3225 1646 3271 sunt
1687 3233 1811 3273 cum
1839 3194 1886 3257 Ο
1918 3210 2014 3266 sed
2054 3210 2300 3280 protinus
2344 3210 2488 3265 hunc
2514 3210 2800 3281 percussit,
2853 3209 3040 3265 dicens
3064 3223 3079 3263 :
3106 3207 3338 3280 Sanguis
3381 3217 3505 3264 tuus

230 3304 539 3370 audiuntur,
575 3310 630 3357 et
656 3301 818 3359 citius
863 3303 1135 3375 punienda
1178 3320 1305 3361 cum
1346 3307 1617 3363 veraciter
1642 3323 1811 3381 agno-

231 3402 476 3449 scuntur.

301 3484 411 3541 Nos
453 3486 617 3557 igitur
655 3487 927 3557 quomodo
967 3486 1035 3543 ad
1075 3488 1408 3558 puniendum
1459 3472 1641 3546 audita
1674 3492 1815 3548 mala

230 3577 497 3648 proclives
526 3586 618 3632 aut
644 3579 947 3650 praecipites
970 3577 1192 3645 fuimus,
1215 3579 1451 3649 quando,
1481 3580 1623 3636 sicut
1656 3582 1817 3653 longe

233 3670 478 3740 superius
520 3668 773 3732 diximus,
807 3679 1098 3741 antequam
1144 3670 1308 3743 legati
1338 3673 1523 3737 vestri,
1566 3673 1702 3728 Arsa
1735 3675 1819 3729 vir

233 3761 481 3819 videlicet
526 3761 753 3817 illustris
799 3761 1108 3833 spatbarius
1136 3778 1199 3817 ac
1244 3764 1428 3819 czeteri
1463 3763 1693 3820 Romam
1722 3780 1814 3821 ve-

235 3855 461 3921 nissent,
502 3868 624 3926 qua:
680 3854 822 3926 apud
863 3853 1391 3925 Constantinopolim
1433 3862 1620 3927 postea
1668 3864 1819 3928 gesta

235 3947 459 4006 fuissent
504 3948 776 4004 veraciter
814 3948 1152 4020 agnovimus,
1203 3964 1304 4005 nos
1330 3946 1445 4017 jam
1496 3949 1678 4004 audita
1718 3965 1817 4006 nec

230 4050 415 4099 tamen
452 4043 657 4098 credita
702 4041 917 4113 penitus
955 4041 1325 4098 habebamus?
1355 4042 1647 4113 Postquam
1693 4058 1820 4100 vero

238 4134 399 4191 iidem
447 4134 597 4190 missi
623 4133 791 4188 vestri
824 4133 891 4187 ad
926 4134 1111 4189 sedem
1162 4133 1511 4204 apostolicam
1556 4149 1820 4210 pervene-

234 4236 389 4293 runt,
423 4242 543 4299 qua:
583 4226 767 4281 auditu
810 4224 922 4280 solo
952 4225 1204 4297 primitus
1235 4226 1619 4291 didiceramus,
1663 4236 1819 4297 pate-

240 4320 359 4380 ﬁeri
401 4336 581 4378 coram
619 4321 797 4380 nobis.
844 4328 899 4375 et
939 4328 1050 4375 tota
1095 4319 1334 4376 Ecclesia
1372 4334 1492 4390 quae
1536 4320 1677 4389 apud
1722 4335 1821 4377 nos

248 4424 347 4480 est,
382 4412 664 4470 manifeste
693 4421 1012 4485 cmperunt:
1040 4428 1142 4469 nec
1169 4420 1348 4469 tamen
1374 4426 1472 4468 nos
1508 4411 1728 4467 interim
1751 4412 1822 4469 ad

249 4507 328 4564 sui
361 4490 763 4564 damnationem
792 4521 899 4576 quo
927 4505 1088 4561 modo
1115 4513 1516 4578 pertraxerunt.

312 4598 604 4668 Postquam
637 4614 767 4653 vero
805 4598 955 4653 missi
997 4602 1189 4664 nostri,
1219 4614 1357 4671 quos
1394 4598 1571 4654 isthuc
1607 4598 1673 4653 ad
1704 4599 1820 4656 haec

242 4706 335 4763 per
373 4691 618 4746 ordinem
662 4705 726 4744 ac
761 4688 1036 4743 subtiliter
1081 4689 1450 4761 investiganda
1493 4700 1548 4746 et
1592 4689 1822 4760 pleniter

245 4782 579 4845 invenienda,
620 4795 713 4835 seu
746 4789 944 4836 vestra:
990 4782 1191 4836 notitia:
1233 4781 1499 4835 veraciter
1537 4779 1822 4835 referenda

248 4874 729 4936 destinaveramus,
775 4887 881 4926 una
911 4886 1036 4928 cum
1080 4870 1259 4926 Leone
1311 4886 1342 4925 a
1386 4870 1613 4927 secretis
1656 4872 1825 4943 impe-

249 4965 360 5022 riali
409 4964 585 5035 legato
624 4963 855 5034 regressi
900 4971 1057 5028 sunt,
1089 4971 1144 5017 et
1200 4970 1310 5019 tam
1357 4962 1639 5034 epistolam
1678 4972 1826 5019 tuam

250 5073 403 5130 quam
430 5066 623 5112 cetera
650 5058 850 5125 scripta
881 5056 946 5110 de
966 5056 1053 5111 bis
1094 5070 1213 5126 quae
1241 5054 1703 5126 Constantinopoli
1734 5070 1820 5127 ge-

250 5159 326 5207 sta
366 5157 513 5213 sunt,
559 5149 628 5203 ab
656 5146 745 5201 illo
774 5147 1107 5217 suscepimus
1137 5154 1191 5201 et
1224 5146 1510 5218 diligenter
1543 5146 1829 5215 investiga-

250 5243 441 5307 vimns,
465 5241 680 5297 eosdem
697 5239 889 5296 missos
913 5248 1128 5295 nostros
1143 5254 1247 5293 una
1270 5254 1393 5293 cum
1415 5238 1828 5309 sancta'synodo

254 5336 565 5406 regulariter
593 5334 1040 5395 examinavimus,
1090 5341 1285 5387 cuncta
1338 5347 1456 5402 qua:
1484 5340 1636 5401 gesta
1678 5340 1823 5399 sunt,

258 5430 596 5486 cnucleanter
624 5429 930 5493 didicimus,
974 5441 1133 5482 omne
1160 5441 1374 5498 quoque
1402 5425 1691 5482 dubietatis
1729 5442 1827 5482 nu-

258 5520 415 5577 bilum
450 5536 517 5576 ex
545 5521 706 5577 corde
733 5519 1051 5593 pepulimus,
1095 5535 1158 5576 ac
1179 5534 1276 5590 per
1298 5519 1422 5585 hoc,
1466 5520 1694 5577 docente
1720 5536 1830 5576 ma-

259 5613 475 5687 gnisona
500 5611 695 5668 Christi
724 5614 871 5676 tuba,
900 5611 1127 5684 praefato
1158 5611 1365 5668 scilicet
1387 5626 1526 5683 papa
1571 5609 1830 5684 Gregorio

262 5702 365 5779 (lib.
390 5720 461 5760 vi.
490 5705 642 5775 epist.
676 5705 783 5777 l4),
814 5704 957 5775 quod
986 5718 1146 5776 supra
1171 5703 1537 5770 meminimus,
1566 5704 1707 5761 sicut
1732 5718 1828 5761 au-

326 5831 352 5862 ι
375 5819 549 5876 Locus
580 5818 877 5889 obscurus.)

1915 3318 2073 3373 super
2106 3313 2261 3374 caput
2302 3313 2471 3369 tuum,
2511 3318 2569 3357 os
2628 3303 2767 3357 enim
2810 3310 2958 3356 tuum
3006 3300 3236 3355 locutum
3279 3310 3356 3356 est
3400 3301 3504 3355 ad-

1916 3411 2094 3451 versus
2133 3403 2203 3462 te,
2250 3394 2429 3449 dicens
2463 3407 2483 3447 :
2527 3392 2644 3465 Ego
2692 3393 2933 3464 interfeci
2981 3392 3239 3448 curiatum
3289 3390 3508 3451 Domini

1918 3485 2004 3559 (II
2039 3486 2163 3556 Reg.
2189 3488 2251 3557 ἡ.

1990 3570 2377 3634 Verumtamen
2408 3578 2541 3648 quid
2569 3592 2707 3649 opus
2733 3586 2819 3633 est
2857 3578 2986 3634 binc
3029 3577 3199 3633 multa
3226 3581 3509 3651 prosequi,

1919 3684 2043 3725 cum
2083 3670 2351 3740 hodieque
2395 3684 2565 3740 penes
2610 3670 2906 3726 Ecclesiam
2956 3670 3510 3744 Constantinopolita-

1921 3776 2046 3815 nam
2068 3760 2317 3830 impietas
2342 3760 2455 3831 ipsa
2484 3759 2682 3831 vigeat,
2713 3762 3090 3830 praevaricatio
3123 3772 3331 3833 regnet,
3360 3764 3508 3821 selli-

1919 3859 2094 3920 stpata
2134 3850 2594 3922 multiplicemur?
2626 3851 2794 3907 Porro
2819 3851 2865 3907 si
2908 3854 3232 3908 sententiam
3266 3863 3510 3912 nostram

1920 3943 2333 4008 exhorrescitis,
2360 3952 2417 3999 et
2444 3944 2585 4000 hanc
2610 3944 2840 4015 alicujus
2868 3943 3189 4001 valetudinis
3209 3958 3330 4001 esse
3352 3956 3513 4016 puta-

1922 4036 2013 4101 tis,
2044 4049 2112 4091 ne
2141 4032 2291 4089 illam
2336 4033 2638 4091 formidetis
2671 4043 2899 4102 tantum,
2934 4036 3062 4105 quia
3102 4037 3157 4092 in
3186 4038 3512 4108 prevarica-

1922 4136 2067 4183 tores
2110 4137 2167 4182 et
2210 4127 2646 4183 contaminantes
2688 4127 2899 4198 prolata
2937 4136 3041 4193 est,
3091 4136 3350 4198 quantum
3378 4129 3511 4200 quia

1920 4231 2184 4291 perpetuo
2227 4220 2549 4289 constringit
2596 4218 3100 4286 inobedientes,.et
3150 4220 3254 4276 nisi
3314 4220 3511 4292 resipi-

1923 4324 2139 4371 scenles
2176 4328 2452 4385 nunquam
2479 4314 2704 4368 omnino
2742 4312 3002 4369 resolvit:
3028 4311 3389 4383 Quapropter,
3430 4312 3509 4368 fili

1923 4385 2242 4463 charissime
2279 4415 2334 4462 et
2380 4404 2844 4462 Christianissime
2884 4405 3151 4475 princeps,
3192 4418 3352 4475 quem
3382 4416 3510 4459 cum

1922 4498 2172 4554 oumibus
2200 4498 2426 4569 imperio
2474 4505 2568 4551 tuo
2606 4495 2866 4566 subjectis
2910 4495 3255 4565 alloquimur,
3297 4492 3510 4551 auferto

1846 4570 1899 4633 θ
1924 4590 2126 4646 malum
2156 4590 2222 4645 de
2260 4589 2437 4645 medio
2479 4597 2743 4655 vestrum,
2772 4589 2941 4645 tollite
2980 4588 3300 4650 adulterum,
3337 4587 3511 4644 tollite

1926 4692 2215 4758 tyrannum
2243 4692 2298 4740 et
2323 4698 2667 4754 pervasorem
2703 4682 2991 4747 Ecclesiae;
3030 4680 3235 4737 reddite
3263 4679 3419 4736 fratri
3453 4690 3512 4738 et

1926 4781 2246 4851 coepiscopo
2292 4786 2477 4833 nostro
2521 4776 2729 4849 lgnatio
2768 4774 3065 4830 Ecclesiam
3107 4773 3210 4829 sibi
3250 4772 3511 4831 divinitus

1930 4874 2217 4937 creditam,
2244 4872 2309 4928 de
2334 4888 2441 4943 qua
2469 4886 2565 4925 vos
2595 4870 2742 4924 illum
2769 4877 2894 4923 ante
2921 4880 3137 4923 omnem
3175 4866 3512 4922 audientiam

1931 4966 2247 5021 canonicam
2309 4962 2591 5033 expulistis
2643 4980 2655 5014 :
2710 4959 2918 5015 reddite
2978 4960 3122 5029 quod
3178 4958 3407 5025 tulistis,
3459 4967 3517 5015 et

1896 5103 1901 5109 .
1934 5057 2219 5113 emendate
2243 5070 2343 5126 pro
2376 5055 2485 5109 Deo
2514 5053 2656 5123 quod
2680 5061 2869 5108 contra
2900 5052 3068 5107 Deum
3096 5051 3317 5123 egistis;
3352 5052 3511 5108 relin-

1933 5154 2082 5223 quite
2119 5150 2343 5213 malum,
2380 5147 2753 5204 convertimini
2798 5147 2865 5202 ad
2894 5163 2993 5202 nos
3035 5155 3090 5201 et
3125 5146 3510 5217 corrigemini:

1935 5252 1989 5298 et
2018 5242 2229 5297 liberati
2276 5256 2307 5295 a
2356 5238 2517 5303 malo,
2569 5255 2600 5293 a
2636 5238 2791 5292 nobis
2837 5238 3143 5294 nullatenus
3176 5238 3511 5308 dividemini,

1933 5334 2188 5406 quoniam
2234 5348 2334 5387 nos
2368 5346 2473 5386 non
2515 5327 2568 5384 in
2593 5329 2843 5385 Phorium
2881 5330 3002 5385 ideo
3033 5330 3356 5385 sententiam
3385 5327 3514 5386 tuli-

1936 5444 2055 5483 mus
2085 5426 2208 5499 quia
2249 5426 2412 5481 bomo
2440 5433 2544 5491 est,
2576 5423 2699 5495 quia
2732 5423 2954 5480 Pbotins
2992 5416 3206 5489 dicitur,
3251 5425 3345 5479 sed
3385 5421 3515 5492 quia

1935 5528 2016 5574 est
2040 5532 2267 5590 persona
2291 5512 2721 5588 prtevaricatrix,
2747 5523 2800 5569 et
2821 5514 2945 5584 quia
2972 5514 3203 5570 viventis
3229 5511 3509 5578 antistitis.

1932 5621 1986 5667 ct
2036 5626 2097 5665 ea
2139 5609 2282 5664 nulla
2335 5623 2401 5665 ex
2453 5614 2604 5679 parte
2651 5606 2885 5679 legitime
2923 5607 3182 5673 carentis,
3224 5602 3509 5676 usurpavit

1935 5701 2253 5759 Ecclesiam.
2295 5702 2478 5773 Itaque
2517 5699 2857 5757 malefactum
2887 5699 3028 5773 quod
3073 5699 3124 5755 in
3157 5707 3220 5752 ca
3248 5702 3333 5753 est
3371 5704 3424 5752 et
3451 5695 3507 5755 in
