4050 6324
577 330 717 388 1059

577 445 880 501 fautoribus
910 440 1025 513 eius
1055 441 1292 514 punitur
1318 440 1647 513 irrogatione
1682 438 1964 496 sententire
1996 453 2010 493 :
2041 453 2161 508 qum
2189 440 2237 500 A

574 535 974 608 praevaricatio,
1002 535 1144 605 quod
1176 532 1499 588 maleﬁcium
1536 533 1579 587 si
1630 533 1868 596 recedat,
1904 532 2017 602 jam
2055 545 2161 585 non

575 628 683 682 erit
712 626 798 681 illa
828 640 1080 695 persona,
1109 623 1163 678 in
1190 637 1349 694 quam
1377 623 1643 678 sententia
1686 622 1895 694 prolata
1922 630 2022 677 est.
2052 621 2160 677 Rc-

574 718 817 772 mauebit
836 717 979 771 enim
1013 716 1197 781 homo,
1228 722 1284 768 et
1315 714 1560 780 Photius,
1592 730 1751 784 quem
1780 729 1885 768 non
1914 715 2155 779 damnat,

574 807 896 876 inquantum
950 806 1110 883 homo
1150 812 1232 861 est
1280 814 1335 860 et
1378 805 1613 861 hominis
1639 819 1833 883 nomen
1882 813 2156 870 censetur,

575 900 671 958 sed
716 880 1036 969 inquantum
1076 880 1461 968 prmvaricator
1506 907 1562 954 et
1611 880 1926 954 malefactor
1957 906 2061 953 est.
2100 896 2159 953 Si

572 1007 704 1063 ergo
733 991 947 1047 desinat
987 1006 1108 1048 esse
1144 995 1552 1064 prmvaricator,
1582 993 1851 1048 sententia
1889 1000 2075 1047 nostra
2104 991 2159 1046 in

570 1096 638 1137 eo
666 1082 843 1138 locum
872 1082 1091 1154 penitus
1114 1098 1219 1138 non
1240 1083 1474 1140 thabebit
1498 1101 1513 1138 ;
1535 1083 1672 1139 alter
1693 1083 1840 1139 enim
1863 1084 1969 1138 erit
1993 1099 2157 1155 quam

574 1173 686 1239 ille,
714 1174 801 1230 cui
843 1173 993 1229 illata
1020 1175 1294 1230 sententia
1321 1184 1423 1239 est,
1454 1174 1581 1230 dum
1616 1175 1838 1245 incipiet
1867 1190 1987 1232 esse
2011 1176 2157 1247 quod

572 1281 679 1322 non
704 1265 826 1330 fuit,
851 1266 936 1322 vel
965 1281 1072 1322 non
1097 1282 1215 1323 esse
1244 1267 1298 1321 in
1320 1282 1479 1338 quem
1508 1268 1717 1338 prolata
1747 1269 2014 1324 sententia
2037 1278 2153 1325 est:

570 1372 697 1412 nam
725 1357 966 1428 quandiu
1006 1356 1061 1412 in
1084 1358 1188 1413 hoc
1222 1366 1423 1422 manet,
1452 1358 1539 1413 cui
1569 1357 1714 1413 illata
1749 1359 2022 1414 sententia
2051 1367 2156 1425 est,

569 1467 698 1507 vere
737 1450 1039 1508 insolubilis
1079 1460 1166 1508 est
1208 1452 1298 1507 illa
1333 1452 1620 1508 sententia.
1664 1451 1733 1506 Et
1766 1451 2161 1523 quantumlibet

568 1542 725 1599 ﬂoret
770 1542 1019 1609 ille,.cui
1061 1543 1297 1615 irrogata
1351 1552 1436 1599 est
1485 1542 1775 1617 [erogata].
1811 1544 2161 1613 quantislibet

567 1631 751 1688 allluat
780 1632 1102 1699 honoribus,
1132 1633 1432 1689 tantislibet
1478 1633 1633 1689 miris
1667 1632 1918 1688 laudibus
1959 1631 2157 1689 eﬁ'era-

570 1734 677 1791 tur,
726 1724 816 1780 illa
867 1724 1135 1781 sententia
1177 1732 1439 1795 perpetuo
1490 1722 1884 1795 confringetur.
1940 1722 2011 1778 Et
2051 1723 2158 1779 nisi

566 1814 876 1885 resipiscat,
919 1814 967 1869 si
998 1829 1106 1869 non
1136 1814 1318 1879 modo,
1349 1822 1498 1869 certe
1525 1813 1612 1868 vel
1649 1820 1774 1884 post
1797 1828 2018 1885 paucos,
2063 1820 2158 1867 aut
2184 1838 2233 1900 Β

566 1908 729 1962 etiam
755 1915 879 1977 post
909 1905 1108 1962 multos
1137 1920 1331 1972 annos,
1359 1913 1453 1960 aut
1481 1914 1630 1961 certe
1672 1904 2019 1974 quandoque,
2046 1903 2153 1960 etsi

567 2012 677 2052 non
704 1997 815 2051 vita
854 2010 951 2072 sua
981 1995 1187 2052 carebit
1213 1994 1456 2050 Ecclesia
1482 2008 1643 2064 quam
1668 1993 1951 2065 tyrannice
1977 1994 2152 2064 possi-

568 2088 681 2155 det,
712 2088 920 2144 carehit
947 2095 1127 2143 tamen
1148 2096 1271 2159 post
1307 2096 1545 2163 mortem.
1568 2085 1993 2142 Christianitatis
2026 2101 2154 2156 pro-

568 2178 656 2236 cul
701 2178 864 2235 dubio
894 2178 1136 2244 nomine,
1167 2178 1321 2249 cujus
1360 2177 1754 2249 professionem
1790 2174 2153 2233 inverecunde

566 2270 873 2328 conculcat.

635 2363 755 2419 Jam
785 2378 917 2420 vero
956 2363 1002 2419 si
1037 2362 1306 2419 sententia
1343 2369 1532 2417 nostra
1556 2376 1617 2417 se
1649 2376 1715 2417 ac
1748 2360 1989 2440 fautores
2023 2375 2153 2418 suos

559 2456 771 2528 judicat
815 2455 1104 2525 obligatos,
1135 2462 1191 2509 et
1222 2453 1367 2509 idem
1405 2468 1530 2509 cum
1576 2452 1657 2509 eis
1703 2466 1866 2524 posse
1907 2450 2146 2509 absolvi:

564 2550 669 2605 hoc
696 2549 846 2605 enim
882 2547 1193 2620 signiﬁcare
1232 2546 1515 2612 videmini,
1554 2561 1677 2601 cum
1722 2545 1949 2617 epistola
1993 2544 2152 2603 nobis

564 2641 772 2697 directa
819 2655 918 2695 nos
967 2647 1181 2695 mutare
1209 2638 1565 2705 voluntatem,
1606 2638 1891 2706 consilium
1916 2655 1981 2697 ac
2020 2655 2150 2697 sen-

562 2733 789 2789 tentiam
834 2733 1031 2803 saepius
1061 2732 1460 2799 exhortamini;
1490 2731 1677 2804 utique
1721 2748 1828 2789 non
1861 2735 2147 2805 praetendit

562 2825 908 2898 iniustitiam,
946 2833 1003 2880 et
1053 2839 1173 2882 esse
1206 2825 1434 2896 alicujus
1473 2824 1732 2880 momenti
1763 2823 2008 2896 profecto
2041 2841 2150 2883 non

561 2915 795 2981 dubitat,
828 2930 949 2986 quae
981 2922 1093 2970 tum
1124 2915 1299 2987 potuit
1328 2914 1594 2988 obligare,
1634 2924 1688 2971 et
1712 2930 1742 2970 a
1777 2931 1884 2987 qua
1928 2931 1987 2972 se
2021 2931 2151 2972 cum

561 3010 864 3068 fautoribus
900 3012 1015 3068 suis
1041 3012 1211 3082 possit
1237 3011 1469 3077 absolvi,
1510 3010 1637 3081 quia
1665 3026 1774 3066 non
1798 3018 1984 3082 posset
2011 3010 2152 3065 obli-

562 3117 692 3174 gare
718 3103 822 3158 nisi
850 3101 1013 3173 iusta.
1047 3101 1181 3157 Cum
1224 3110 1406 3157 autem
1431 3100 1578 3171 justa
1610 3102 1706 3170 sit,
1748 3101 1964 3159 nonnisi
1994 3101 2146 3157 dam-

560 3202 693 3247 nato
714 3176 901 3247 errore
924 3190 1069 3260 juste
1108 3189 1416 3247 resolvitur.

632 3283 778 3354 Ergo
824 3282 1057 3337 fateatur
1102 3297 1346 3337 errorem
1390 3282 1617 3340 Photius
1666 3299 1789 3340 cum
1842 3283 2148 3356 fautoribus

563 3373 698 3442 suis,
725 3373 1000 3445 deponant
1023 3373 1525 3444 praevaricationem
1569 3390 1759 3431 omnes
1787 3390 1924 3447 quos
1954 3375 2149 3449 ligatos

562 3475 709 3523 tenet
734 3465 882 3536 jusla
911 3468 1181 3523 sententia
1207 3486 1221 3522 :
1246 3468 1344 3525 sed
1374 3477 1429 3524 tu
1472 3469 1641 3525 multo
1670 3471 1864 3542 magis,
1895 3470 1969 3527 ﬁli
2012 3474 2146 3545 cha-\

561 3560 797 3633 rissime,
827 3560 921 3631 qui
954 3569 1161 3616 tantum
1181 3561 1395 3633 justitia
1422 3571 1478 3618 et
1499 3563 1702 3633 pietate
1728 3572 1957 3621 cunctos
1982 3565 2147 3622 debes

559 3670 843 3727 superare,
874 3662 1144 3724 quatenus
1169 3653 1430 3711 dissoluta
1470 3655 1920 3726 praevaricatione
1950 3657 2144 3713 dissol-

558 3755 719 3803 vatur
768 3744 999 3817 quisque
1045 3753 1445 3816 consequenter
1489 3755 1563 3815 et,
1599 3746 1883 3803 sententia:
1919 3748 2145 3818 prolata)

557 3850 787 3892 censura
812 3852 827 3901 ;
858 3836 987 3907 quia
1014 3843 1071 3891 et
1093 3834 1304 3891 Nathan
1332 3838 1601 3909 propheta
1622 3836 1802 3907 palam
1822 3838 2145 3926 publiceque

548 3926 615 3983 .in
667 3924 809 3983 facie
865 3927 1010 3998 regis
1043 3927 1212 3983 David
1265 3936 1321 3985 et
1375 3929 1726 3986 commissum
1775 3924 2148 3999 pronuntiavit

558 4033 825 4085 errorem,
856 4029 912 4075 et
939 4019 1065 4091 quia
1093 4022 1196 4077 hoc
1236 4020 1351 4093 ipse
1396 4023 1750 4089 commiserit,
1774 4024 1997 4081 omnino
2039 4023 2148 4081 non

560 4111 754 4178 tacuit,
782 4113 876 4167 sed
920 4114 1260 4174 confessione
1283 4125 1589 4174 correctum
1619 4126 2019 4188 consequenter
2053 4119 2149 4175 ab-

559 4200 742 4258 solvit.
789 4201 1053 4262 Praaterea
1093 4221 1202 4263 non
1249 4207 1607 4262 omittendum
1647 4221 1769 4263 esse
1815 4207 2145 4264 credidimus

544 4308 662 4349 nos
695 4308 1125 4353 commemorare
1152 4300 1429 4369 praeterito
1458 4314 1603 4355 anno
1646 4314 1746 4369 per
1792 4299 2146 4357 indictionem

558 4385 811 4441 videlicet
858 4387 1071 4442 tertiam
1123 4390 1387 4446 decimam
1444 4390 1729 4461 epistolam
1779 4392 1880 4447 sub
1929 4393 2149 4449 nomine

556 4488 743 4534 vestro
767 4478 1149 4548 conscriptam,
1177 4496 1273 4550 per
1295 4482 1612 4538 Michaelem
1640 4484 2175 4555 protospatharium‘

554 4568 890 4638 suscepisse;
931 4583 1054 4639 quae
1104 4570 1268 4625 tantis
1307 4580 1428 4626 erat
1474 4572 1656 4629 verbis
1709 4573 2139 4642 contumeliosis,

553 4662 668 4718 imo
696 4661 1049 4733 hlasphemiis
1076 4676 1324 4733 respersa
1345 4703 1361 4729 ,
1389 4673 1450 4719 ut
1476 4665 1713 4737 scriptor
1760 4666 1877 4736 ejus
1921 4667 2138 4724 nonnisi
2173 4661 2233 4729 υ.

553 4752 608 4807 in
634 4760 850 4821 gutture
876 4753 1084 4809 colubri
1125 4754 1398 4810 calamum
1431 4756 1654 4813 tinxisse
1680 4767 1918 4828 putetur,
1950 4767 2006 4815 et
2058 4759 2145 4816 di-

552 4844 779 4899 ctatoris
803 4843 946 4899 labia
974 4860 1073 4915 pro
1102 4846 1427 4903 dictionibus
1455 4863 1659 4903 venena
1686 4848 1890 4906 fudisse
1921 4849 2143 4907 videan-

554 4942 675 4999 tur;
707 4934 865 5001 adeo,
898 4945 956 4990 ut
995 4937 1041 4992 si
1080 4936 1377 5008 cujuspiam
1410 4928 1799 5009 simpliciorum
1850 4957 1949 4997 cor
1987 4957 2150 5013 pene-

553 5033 723 5091 trcnt,
770 5043 873 5082 non
903 5029 1047 5083 enim
1079 5030 1194 5086 hmc
1237 5046 1396 5086 aures
1430 5033 1773 5101 prudentium
1818 5035 2143 5107 suscipiunt,

554 5116 702 5171 hunc
729 5118 983 5174 continuo
1013 5131 1228 5187 necent,
1272 5122 1529 5177 nimirum
1574 5130 1724 5179 tanto
1753 5125 2137 5193 miserabilius,

556 5212 763 5273 quanto
790 5221 936 5262 mors
962 5208 1156 5264 anima:
1187 5211 1358 5281 magis
1387 5226 1549 5281 quam
1576 5214 1821 5284 corporis
1858 5230 1957 5285 per
1992 5215 2140 5272 illum

556 5292 882 5348 virulentum
921 5296 1174 5353 haustum
1221 5301 1544 5357 admittitur.
1591 5302 1668 5359 De
1698 5303 1851 5372 cujus
1890 5306 2142 5361 immani-

559 5390 667 5437 tate
708 5382 927 5454 piaculi,
959 5386 1086 5442 licet
1112 5387 1263 5444 vobis
1295 5390 1408 5460 jam
1456 5406 1554 5446 nos
1603 5392 1886 5465 scripsisse
1932 5394 2139 5450 recola-

554 5489 697 5541 mus,
729 5475 915 5532 eadem
945 5485 1123 5534 tamen
1152 5479 1394 5538 scribere
1431 5494 1625 5539 vesme
1664 5484 1945 5555 sapientia:
1973 5501 2140 5554 nunc,

554 5564 689 5622 mihi
720 5564 936 5637 quidem
961 5582 1067 5623 non
1096 5569 1330 5640 pigrum,
1363 5571 1517 5629 vobis
1549 5582 1730 5631 autem
1760 5583 1814 5630 et
1840 5574 2024 5633 multis
2047 5590 2142 5634 nec

555 5673 874 5715 cessanum.

2175 3237 2221 3302 C

629 5783 654 5811 ι
678 5771 876 5831 Deesse
899 5774 986 5831 hic
1015 5775 1272 5846 quiddam
1302 5778 1531 5833 videtur.

1916 323 2185 382 NlCOLAl
2224 321 2423 380 ΡΑΡᾸΞ
2440 323 2484 378 .Ι

3798 327 3955 387 £040

2335 438 2578 509 Denique
2626 440 2829 511 opinati
2873 455 3095 506 sumus,
3164 451 3223 498 et
3268 444 3447 501 adhuc
3506 446 3947 505 nihilominus

2265 531 2572 600 opinamur,
2606 533 2748 603 quod
2774 533 2948 603 pietas
2973 545 3154 590 vestra
3192 537 3406 593 tandem
3438 539 3807 617 aliquando
3860 560 3945 596 re-

2264 622 2489 693 sipiscat
2524 630 2579 676 et
2605 623 2671 678 de
2706 624 2961 680 Ecclesia:
2991 625 3631 700 Constantinopolitanae
3674 644 3938 689 restau-

2263 714 2433 769 rando
2458 722 2602 770 statu
2651 716 2807 771 nobis
2837 716 3078 772 salubria
3120 721 3476 779 suadentibus
3521 725 3933 794 acquiescat.

2264 803 2464 875 Sicque
2489 806 2704 861 demum
2726 808 2907 867 omnia
2943 809 3169 880 scripta,
3197 827 3317 882 qum
3345 813 3487 869 male
3514 815 3649 870 sint
3681 820 3931 887 compi-

2262 894 2392 959 lata,
2443 911 2551 951 non
2604 895 2777 951 solum
2824 897 3111 953 adversum
3158 916 3257 956 nos
3312 912 3369 958 et
3417 904 3570 960 hanc
3633 915 3923 962 sanctam

2262 986 2581 1055 Ecclesium,
2607 1003 2795 1043 verum
2830 990 2995 1044 etiam
3022 1000 3212 1048 contra
3259 992 3485 1052 fratrem
3517 1007 3825 1054 nostrum
3868 1012 3920 1056 et

2262 1079 2695 1135 comministrum
2749 1079 3040 1151 lgnatium,
3083 1098 3268 1139 coram
3325 1088 3592 1144 universa
3665 1090 3912 1161 imperii

2262 1170 2347 1225 sui
2402 1171 2746 1229 multitudine
2794 1173 2902 1245 igni
2952 1175 3211 1232 tradenda
3267 1177 3541 1234 decernat.
3610 1180 3908 1253 Alioquin

2255 1260 2369 1332 jam
2408 1265 2619 1321 cunctis
2638 1254 2896 1323 Ecclesiae
2920 1267 3190 1336 fidelibus,
3213 1287 3334 1342 qua:
3362 1270 3507 1327 foret
3542 1275 3903 1345 apostolica

2261 1356 2408 1413 sedis
2455 1359 2772 1425 auctoritas,
2824 1359 2904 1414 vel
2955 1376 3076 1432 qua:
3119 1360 3543 1419 fabricatoribus
3590 1366 3897 1421 mendacii

2262 1463 2357 1503 seu
2396 1448 2767 1520 inventoribus
2795 1467 3173 1523 perversorum
3197 1455 3509 1525 dogmatum
3542 1457 3894 1515 immineret

2260 1539 2417 1606 ultio,
2457 1540 2701 1612 profecto
2728 1553 3052 1614 patesceret.

2330 1632 2668 1702 lmpossibile
2697 1643 2780 1690 est
2806 1635 2975 1703 enim,
3005 1653 3317 1710 quanquam
3352 1649 3579 1698 nostras
3609 1626 3727 1698 nos
3763 1660 3895 1716 spe-

2263 1721 2431 1779 ciales
2468 1721 2696 1794 injurias
2731 1741 2927 1783 curare
2954 1726 3430 1800 ﬁoccipendamus,
3475 1740 3540 1787 ut
3579 1742 3895 1794 tantorum

2264 1830 2330 1872 ac
2385 1815 2574 1872 talium
2632 1825 2942 1875 sanctorum
2992 1820 3213 1899 Patrum
3269 1832 3325 1878 et
3387 1836 3891 1897 propugnatorum

2259 1908 2515 1966 Ecclesia:
2558 1909 2865 1985 [catholica
2899 1912 3199 1993 Ecclesiae],
3233 1931 3298 1971 ac
3324 1916 3761 1975 destruetorum
3816 1922 3893 1978 di—

2257 2016 2538 2057 versarum
2592 2003 2871 2061 haereseon
2927 2014 3090 2077 atque
3143 2007 3487 2089 defensorum
3537 2013 3889 2070 orthodox:

2255 2091 2381 2150 ﬁdei
2433 2093 2803 2166 blasphemias
2862 2099 3238 2169 aquanimiter
3301 2104 3734 2173 sustineamus,
3798 2109 3883 2165 vel

2255 2184 2421 2242 etiam
2487 2196 2650 2244 tanta:
2696 2188 2861 2255 sedis,
2911 2190 3028 2246 sive
3076 2199 3185 2246 tam
3232 2193 3550 2252 excellentis
3596 2197 3883 2258 Ecclesia

2256 2277 2534 2345 Romanae,
2568 2280 2655 2336 cui
2698 2280 2810 2338 Deo
2838 2281 3176 2340 deservimus
3206 2295 3450 2353 auctore,
3483 2292 3879 2351 contumelias

2254 2368 2610 2441 perferamus.

2330 2459 2552 2530 Verum,
2585 2465 2832 2535 quamvis
2867 2476 2923 2524 et
2956 2467 3023 2525 de
3046 2470 3201 2526 nobis
3225 2472 3501 2531 humiliter
3525 2479 3871 2547 sentiamus,

2253 2567 2364 2636 non
2393 2562 2595 2623 tamen,
2634 2558 2969 2616 conscientia
2996 2561 3254 2637 dictante,
3282 2580 3411 2621 vera
3446 2581 3573 2625 esse
3600 2586 3740 2642 qua:
3766 2588 3874 2631 vos

2255 2646 2323 2704 de
2354 2648 2512 2705 nobis
2538 2650 2853 2720 perhibetis,
2903 2669 3280 2712 asscveramus
3307 2674 3323 2724 ;
3356 2659 3453 2715 sed
3484 2670 3547 2716 ut
3588 2662 3869 2735 diximus,

2251 2754 2318 2796 ea
2345 2749 2752 2811 postponentcs,
2807 2743 2898 2799 illa
2939 2746 3119 2817 potius
3148 2763 3269 2818 qua:
3308 2748 3438 2807 Jesu
3471 2750 3685 2811 Christi
3730 2770 3869 2816 sunt

2252 2834 2664 2908 investigamus.
2708 2837 2824 2894 Etsi
2865 2839 3006 2896 male
3032 2852 3286 2914 congesta
3318 2818 3583 2905 adve‘rsus
3618 2849 3751 2920 ejus
3776 2852 3867 2910 fa-

2251 2928 2450 2995 mulos,
2475 2928 2733 2987 adversus
2752 2931 2869 3003 ejus
2890 2934 3279 3005 ordinationes,
3306 2940 3568 3015 adversus
3593 2943 3720 3014 ejus
3742 2948 3863 3004 dis-

2247 3022 2547 3111 positiones
2589 3023 2718 3097 [pro
2760 3027 3131 3110 dispositione,
3162 3030 3363 3107 Hann]
3403 3036 3636 3093 stabilita
3674 3042 3854 3111 privi-

2248 3109 2386 3185 legia
2423 3116 2799 3186 reperiuntur,
2822 3119 2974 3177 nulla
2997 3122 3259 3193 patientia
3289 3126 3621 3187 toleramus:
3650 3109 3847 3192 etnon

2254 3203 2425 3260 solum
2453 3206 2569 3261 lucc
2597 3208 2874 3266 destruere
2890 3212 3029 3275 totis
3051 3214 3259 3272 viribus
3285 3218 3615 3287 anhelamus,
3647 3238 3847 3283 verum

2253 3294 2415 3350 etiam
2445 3295 2833 3356 conﬁatoribus
2882 3310 3046 3358 tanta:
3093 3308 3466 3375 perversitatis
3495 3311 3710 3382 dignam
3754 3317 3844 3372 vi-

2251 3386 2623 3445 cissitudinem
2667 3392 2895 3449 reddere
2943 3397 3255 3454 necessario
3284 3400 3610 3457 meditemur.
3641 3402 3835 3463 Nimi-

2252 3493 2372 3533 rum
2411 3494 2480 3536 ne
2522 3483 2621 3539 hos
2664 3483 2789 3554 quis
2818 3484 3114 3558 impunitos
3158 3488 3385 3559 intuens,
3418 3502 3513 3548 aut
3552 3510 3706 3553 nunc
3735 3498 3865 3555 ant'

2251 3569 2436 3628 futuro
2481 3580 2725 3645 tempore
2760 3560 3014 3651 deinceps
3055 3580 3180 3637 talia
3227 3594 3517 3655 praesumat
3557 3591 3832 3664 prestigia

2251 3662 2506 3722 falsitatis
2532 3683 2877 3740 componere,
2908 3672 2995 3728 vel
3022 3687 3330 3733 commenta
3374 3662 3827 3752 blasphemiarum

2252 3756 2556 3828 hujusmodi
2594 3761 2863 3833 ﬁgmentis
2894 3767 3288 3841 contradicere.
3319 3769 3682 3844 Quapropter,
3724 3776 3823 3831 im-

2250 3861 2472 3924 perator
2514 3856 2917 3936 sublimissime,
2968 3859 3256 3933 diligenter
3280 3875 3515 3936 propter
3548 3867 3823 3928 Dominum

2251 3944 2590 4015 inquirentes
2617 3934 2799 4019 atque
2841 3959 3166 4020 scrutantes,
3211 3954 3259 4011 si
3284 3934 3487 4014 vestra
3531 3958 3675 4016 illam
3721 3977 3824 4020 non

2250 4034 2417 4093 fuisse
2440 4039 2803 4109 praeceptione
2848 4051 2958 4098 tam
3000 4058 3277 4102 caenosam
3317 4047 3632 4108 inveneritis
3654 4054 3829 4111 confe-

2252 4138 2419 4193 ctam,
2464 4129 2573 4214 imo
2606 4132 2855 4187 toxicatis
2886 4134 3108 4207 syllabis
3140 4137 3397 4195 infectam
3436 4143 3737 4214 epistolam,
3770 4154 3827 4202 ut

2251 4219 2467 4275 interim
2485 4213 2563 4278 'de
2593 4231 2671 4277 tot
2704 4225 2975 4296 praestigia
3019 4230 3315 4285 texentium
3341 4248 3502 4304 pmna
3543 4243 3821 4303 taceamus,

2250 4327 2415 4382 quam
2445 4312 2517 4368 illi
2556 4313 2708 4369 vobis
2735 4315 2852 4370 zelo
2880 4318 3129 4374 veritatis
3162 4321 3517 4393 flagrantibus
3544 4325 3822 4394 involvere,

2253 4415 2279 4444 ιι
2328 4405 2579 4461 convenit
2626 4406 2815 4463 saltem
2868 4409 3027 4482 hujus
3078 4414 3222 4469 socia
3275 4425 3519 4488 accepta,
3555 4427 3611 4473 et
3658 4419 3820 4491 palam

2252 4496 2461 4551 cunctis
2506 4497 2626 4569 igne
2673 4492 2931 4555 succensa
2973 4518 3071 4574 per
3117 4506 3425 4577 augustales
3473 4519 3679 4567 vestros
3720 4522 3820 4568 tam

2251 4586 2409 4643 nobis
2428 4604 2590 4659 quam
2625 4590 2877 4663 omnibus
2921 4593 2990 4648 ad
3025 4610 3256 4666 quorum
3286 4599 3535 4656 notitiam
3572 4606 3820 4674 pervenit,

2250 4679 2551 4737 destinatos
2602 4682 2783 4753 apices
2828 4687 3156 4755 competenti
3213 4689 3587 4748 satisfactione
3639 4708 3669 4747 a
3723 4703 3821 4749 tam

2251 4786 2509 4842 perverso
2529 4788 2692 4830 sensu
2717 4783 2773 4831 et
2794 4784 2901 4831 tam
2919 4778 3163 4848 profanis
3185 4780 3818 4855 adinventionibus,quod

2253 4879 2283 4919 a
2310 4880 2472 4921 sensu
2509 4876 2843 4939 vestro'non
2888 4867 3093 4925 fuerint
3126 4863 3451 4929 commentis
3483 4875 3700 4941 tradita,
3734 4890 3820 4931 vos

2224 5019 2231 5026 ι
2252 4956 2511 5013 exhibere
2534 4974 2756 5029 prorsus
2783 4960 3071 5018 immunes.
3091 4960 3210 5018 Jam
3227 4979 3355 5020 vero
3373 4965 3422 5020 si
3450 4967 3605 5023 vobis
3625 4968 3677 5022 in
3700 4966 3820 5021 mul-

2227 5104 2231 5108 _
2257 5049 2327 5103 tis
2352 5047 2510 5117 hujus
2531 5052 2715 5107 mundi
2738 5051 3494 5127 sollicitadinihus.occnpatis
3524 5058 3817 5132 subreptum

2242 5150 2354 5211 est,
2383 5150 2443 5195 ut
2469 5141 2597 5196 talia
2627 5143 2868 5199 scribere
2893 5145 3245 5213 mandaretis,
3288 5163 3358 5203 ne
3386 5148 3571 5220 pigeat
3607 5148 3817 5206 demen—

2253 5232 2383 5286 tiam
2412 5240 2649 5288 vestram
2677 5236 2779 5290 hoc
2800 5236 2964 5291 etiam
2986 5236 3161 5309 ipsum
3190 5239 3470 5296 humiliter
3494 5241 3744 5305 conﬁteri,
3767 5251 3818 5299 et

2224 5325 2456 5405 legibus
2485 5327 2680 5382 vestris
2705 5336 2762 5382 ut
2793 5329 3100 5400 hujusmodi
3145 5332 3348 5403 scripta
3374 5332 3577 5389 nullius
3611 5333 3818 5390 habeano

2251 5426 2341 5473 tur
2368 5418 2647 5481 momenti,
2679 5414 2971 5475 decernere
2999 5439 3011 5473 :
3041 5421 3115 5476 ita
3142 5430 3203 5477 ut
3228 5437 3396 5493 penes
3426 5439 3593 5495 quem
3625 5434 3813 5497 reperta

2253 5509 2477 5577 fuerint,
2513 5511 2779 5583 impunito
2809 5529 2917 5569 non
2943 5514 3232 5581 evadente,
3255 5515 3425 5586 ipsius
3452 5531 3668 5589 quoque
3694 5532 3814 5590 sepe

2253 5610 2567 5659 memoratae
2588 5618 2651 5659 ac
2669 5619 2882 5676 semper
2906 5606 3253 5662 exsecranda:
3273 5606 3515 5677 epistolze
3551 5608 3633 5662 vel
3656 5623 3814 5666 exem-

2250 5693 2420 5765 plaris
2447 5692 2563 5763 ejus
2592 5694 2776 5768 apices
2801 5697 3139 5754 intemeratis
3162 5712 3260 5770 pro
3282 5698 3589 5754 reverentia
3616 5714 3813 5759 manea-
