4050 6324
244 358 396 418 40M

1460 352 1820 417 EPISTOLE
1857 353 1946 412 ET
1962 404 1967 411 .
1983 353 2321 413 DECRETA.

3295 424 3301 429 .
3386 368 3528 426 1οη

245 482 403 538 tibus
437 480 607 537 sacris
638 477 983 546 dictionibus,
1022 476 1270 534 ﬂammeo
1298 477 1563 535 dedantur
1598 476 1707 551 igni
1744 494 1837 533 vo-
1865 478 1914 539 Α
1941 474 2132 531 studiis
2161 476 2357 547 quibus
2396 490 2682 548 possumus
2714 474 3047 550 insistemus,
3075 491 3135 539 ut
3168 483 3308 540 inter
3332 488 3526 543 exani-

244 572 448 636 randa,
481 582 542 628 ut
570 581 625 628 et
661 573 895 629 sinistrae
929 571 1200 643 opinionis
1246 586 1420 637 ntevo,
1450 570 1594 642 quod
1621 588 1690 626 ex
1726 570 1840 626 bla-

246 661 519 733 spbemiis
565 663 784 734 scriptis
826 663 1199 729 incurreretis,
1242 677 1432 718 carere
1480 662 1724 719 valeatis.
1772 662 1842 718 Et

246 751 456 823 ingrati
487 752 581 809 ﬁlii
609 754 754 810 circa
778 762 1007 809 matrem
1030 760 1288 817 vestram,
1314 768 1382 808 ex
1408 768 1512 824 qua
1538 752 1840 824 imperandi

174 891 183 895 -
245 843 531 918 fastigium
557 862 655 904 vos
695 856 752 903 et
778 856 961 919 patres
989 846 1155 903 vestri
1189 846 1381 902 ordine
1407 846 1622 903 caelitus
1652 846 1838 918 dispo-

245 936 365 994 sito
401 940 740 1010 percepistis,
768 939 1074 997 nullatenus
1099 940 1426 1010 appareatis.
1598 927 1605 936 ’

328 1030 426 1089 Sin
460 1041 663 1101 autem,
691 1034 887 1091 scitote
911 1034 1165 1104 quoniam
1195 1041 1479 1104 postquam
1509 1033 1562 1090 in
1604 1032 1709 1090 hac
1741 1048 1839 1091 vos

244 1125 553 1197 pertinacia
593 1125 888 1196 persistere
929 1126 1193 1181 linetenus
1224 1125 1362 1182 velle
1389 1125 1835 1197 compererimus,

245 1216 488 1288 primum
518 1217 734 1289 quidem
782 1217 1121 1290 congregatis
1160 1225 1475 1273 cunctarum
1516 1217 1840 1274 Occidenta-

244 1305 385 1363 lium
425 1308 707 1380 regionum
741 1308 1142 1365 venerabilibus
1171 1310 1566 1374 sacerdotibus,
1601 1309 1829 1365 dictato-

245 1412 342 1456 res
370 1408 426 1455 et
469 1399 839 1471 dispositores,
883 1408 1044 1472 atque
1068 1410 1430 1472 praeceptores
1462 1408 1624 1455 tanta:
1668 1399 1834 1456 falla-

246 1489 370 1554 cias.
401 1505 494 1546 seu
527 1489 915 1546 crudelissimae
960 1490 1327 1561 derogationis
1374 1500 1713 1559 sanctorum,
1751 1491 1838 1548 vel
1869 1549 1882 1561 ,

243 1594 599 1655 paternarum
638 1583 1010 1648 traditionum,
1039 1585 1107 1641 ab
1150 1582 1297 1639 omni
1327 1582 1659 1639 Christiana‘
1683 1599 1836 1640 com-

242 1689 386 1747 page
440 1683 703 1742 remotus,
758 1674 1054 1745 apostolica
1118 1673 1244 1730 freti
1294 1659 1639 1738 auctoritate,
1700 1668 1837 1732 diris

245 1759 614 1821 anathematis
651 1764 882 1821 vinculis
926 1765 1324 1822 innodabimus.
1360 1766 1578 1823 Necnon
1622 1777 1678 1823 et
1727 1766 1831 1822 Pa-

1942 581 2058 622 mcs
2084 577 2463 638 computentur
2487 570 2579 641 qui
2608 571 2986 629 auctoritatem
3015 573 3160 630 Petri
3204 592 3310 633 non
3342 593 3527 635 sense-

1942 660 2072 725 rint,
2108 659 2218 715 imo
2245 660 2341 717 Dei
2371 661 2511 717 hanc
2547 662 2846 720 ordinantis
2884 664 2937 720 in
2961 664 3122 722 Petro
3169 683 3275 726 non
3313 669 3526 727 intelle-

1942 752 2161 820 xerint;
2212 752 2287 808 ita
2335 762 2397 810 ut
2435 769 2535 811 nec
2574 755 2675 811 ista
2719 771 2839 826 quae
2884 758 3192 830 perniciose
3236 760 3527 832 compilata

1941 852 2067 900 sunt
2108 844 2427 911 defendere,
2470 847 2564 903 sed
2608 861 2707 903 nec
2742 847 2827 903 bis
2866 848 3082 916 similia,
3120 857 3180 905 ut
3216 866 3322 907 non
3346 850 3528 910 dicam

1939 936 2143 1008 scripto
2166 938 2399 1005 tradere,
2428 938 2513 992 vel
2541 939 2596 994 in
2625 948 2863 994 mentem
2885 939 3121 1008 volvere,
3149 942 3272 1013 quis
3295 942 3529 1000 ulterius

1940 1027 2153 1082 audeat.
2198 1024 2314 1082 Non
2343 1026 2488 1083 enim
2523 1027 2775 1099 ﬁgmenta
2806 1043 2927 1097 quae
2959 1030 3288 1087 ordiuationi
3315 1032 3411 1089 Dei
3441 1048 3528 1090 re-

1940 1118 2159 1184 sistunt,
2193 1134 2313 1191 quae
2364 1119 2689 1192 evangelicis
2712 1120 2938 1177 vocibus
2983 1123 3380 1190 contradicunt,
3404 1140 3527 1197 qua!

1940 1219 2251 1267 sanctorum
2289 1210 2509 1266 Patrum
2562 1210 2968 1269 dilIinilionibus
3017 1214 3257 1281 obviant,
3292 1231 3412 1286 quae
3440 1231 3531 1290 sy-

1938 1303 2149 1360 nodicis
2174 1304 2652 1361 constitutionibus
2680 1305 3060 1373 adversantur,
3094 1323 3214 1379 quae
3244 1308 3288 1364 si
3319 1308 3399 1364 sic
3440 1309 3528 1365 di-

1938 1394 2242 1463 mittantur,
2280 1397 2564 1451 innumera
2604 1406 2830 1468 possunt
2860 1396 3105 1453 ﬁdelibus
3144 1398 3342 1453 auxilia
3370 1398 3521 1456 Petri

1928 1482 2304 1557 quaerentibus
2345 1486 2547 1544 inferre
2584 1487 2888 1559 dispendia,
2929 1487 3218 1544 incolumia
3257 1490 3374 1545 sine
3409 1489 3524 1545 dis-

1938 1576 2167 1632 crimine
2199 1586 2388 1633 nostro
2425 1577 2669 1634 valemus
2715 1582 2992 1645 deserere,
3028 1592 3084 1636 et
3127 1581 3520 1638 existimationi
3598 1582 3607 1589 ’

1936 1677 2137 1726 nostrae
2164 1669 2246 1724 vel
2278 1686 2421 1727 nunc
2450 1672 2532 1727 vel
2560 1680 2679 1743 post
2708 1673 2988 1729 decessum
3018 1686 3261 1731 nostrum
3290 1684 3525 1745 tantum,

1936 1763 2080 1834 quod
2112 1762 2274 1831 absit,
2307 1763 2502 1822 nedum
2532 1763 2649 1840 [pro
2679 1782 2909 1836 naavum,
2948 1777 3003 1825 ut
3032 1769 3087 1824 in
3112 1770 3261 1843 epist.
3293 1767 3423 1845 104]
3454 1784 3524 1829 aa

244 1864 396 1912 trum
448 1872 512 1912 ac
557 1844 1016 1927 praedecessorum
1056 1863 1327 1913 meorum'
1354 1860 1524 1914 secuti
1578 1860 1826 1930 vestigia,
1861 1851 1910 1912 Β
1938 1856 2360 1915 destructionem
2400 1861 2809 1932 simplicior-um,
2848 1874 2904 1919 et
2939 1865 3333 1922 mutilationem
3374 1844 3519 1923 sedis

243 1947 341 2017 qui
363 1947 507 2003 soliti
534 1957 660 2004 sunt
690 1949 857 2005 etiam
886 1965 1299 2007 numerosorum
1326 1952 1556 2007 concilia
1582 1952 1836 2022 nequiter

243 2039 521 2095 celebrata
550 2055 769 2096 cassare
790 2041 1129 2112 pontiﬁcum,
1159 2042 1205 2096 si
1238 2058 1344 2112 qua
1380 2044 1527 2098 socia
1555 2053 1682 2098 sunt
1714 2058 1835 2099 cre-

241 2127 346 2183 bro
379 2128 555 2195 dictae,
606 2130 691 2186 vel
732 2131 1063 2202 exemplaria
1116 2129 1363 2189 fortassis
1391 2133 1652 2202 epistolae,
1701 2136 1833 2204 quin

240 2221 424 2292 potius
449 2237 558 2278 non
595 2223 770 2279 solum
802 2223 938 2288 haec,
960 2225 1055 2280 sed
1080 2233 1135 2280 et
1158 2224 1339 2280 omnia
1371 2224 1576 2295 Scripta
1602 2242 1723 2297 quae
1744 2227 1831 2283 vel

243 2312 504 2369 adversus
531 2311 769 2374 fratrem.
785 2323 842 2371 et
868 2315 1249 2386 coepiscopum
1276 2326 1520 2383 nostrum
1557 2317 1827 2390 Ignatium

244 2404 431 2476 inique
457 2405 725 2473 confecta,
766 2408 852 2463 vel
899 2408 1159 2465 adversus
1192 2424 1293 2465 nos
1313 2426 1537 2466 causam
1567 2411 1711 2468 illius
1736 2428 1832 2468 ca-

244 2498 440 2571 nonice
481 2509 894 2571 prosequentes,
943 2500 1149 2558 furiose
1191 2503 1508 2575 deprompta
1549 2512 1690 2571 sunt,
1737 2521 1833 2577 pe-

243 2590 400 2645 renni
427 2591 762 2647 damnationi
797 2594 1193 2651 mandabimus.

314 2683 520 2739 Deinde
562 2700 696 2743 vero
743 2686 1163 2745 decernentibus
1210 2691 1493 2747 nobiscum
1518 2734 1533 2760 ,
1571 2700 1626 2748 et
1670 2692 1831 2750 simul

244 2775 715 2833 considerantibus
770 2777 977 2834 eisdem
1045 2780 1405 2838 sanctissimis
1460 2783 1724 2839 fratribus
1775 2792 1830 2839 et

244 2870 579 2941 coepiscopis
630 2870 849 2937 nostris,
884 2871 1054 2943 ipsam
1095 2873 1377 2943 epistolam
1426 2874 1482 2929 in
1530 2876 1712 2947 stipite
1752 2876 1832 2932 vi-

245 2961 497 3017 dentibus
520 2962 732 3018 cunctis
761 2978 1079 3033 suspensam
1108 2973 1264 3021 vasto
1288 2968 1567 3038 supposito
1588 2967 1729 3035 foco,
1762 2970 1830 3025 ad

241 3054 569 3125 vituperium
591 3062 830 3111 vestrum
855 3072 1038 3112 coram
1069 3059 1321 3115 omnibus
1350 3059 1685 3127 nationibus,
1710 3075 1830 3130 qua:

242 3159 408 3217 penes
442 3148 764 3208 memoriam
797 3150 973 3204 sancti
993 3134 1160 3205 'Petri
1190 3150 1517 3221 multiplices
1546 3152 1829 3207 inveniun-

1937 1948 2243 2017 apostolicte
2264 1950 2666 2022 privilegiorum
2690 1953 3016 2025 relinquere.

1932 2034 1939 2035 ί
2008 2038 2209 2110 Itaque,
2237 2040 2313 2095 fili
2342 2042 2856 2102 desiderabilissime
2883 2047 3192 2119 etAuguste
3217 2049 3528 2110 clementis-

1936 2129 2092 2197 sime,
2123 2143 2378 2203 tanquam
2421 2134 2853 2205 sapientissimus
2893 2138 3034 2195 ﬁlius
3070 2141 3283 2199 lcetiﬁca
3312 2153 3524 2215 patrem

1934 2228 2110 2286 tuum,
2149 2230 2205 2277 et
2243 2223 2460 2279 tandem
2500 2224 2793 2297 aliquando
2842 2231 3155 2287 mmstitiam
3198 2233 3264 2289 de
3302 2247 3525 2306 pectore

1936 2315 2126 2370 matris
2166 2323 2271 2372 tua:
2298 2317 2464 2373 veluti
2504 2320 2848 2390 gratissimus
2883 2333 3046 2380 natus
3088 2326 3309 2395 repelle,
3343 2344 3521 2384 remo-

1933 2408 2108 2463 vendo
2134 2403 2383 2466 videlicet
2420 2412 2693 2467 moechum
2728 2422 2784 2470 et
2811 2414 2860 2469 ei
2891 2416 3164 2472 reddendo
3198 2417 3516 2489 legitimum.

1934 2500 2182 2583 Destrue,
2241 2518 2571 2573 quaesumus,
2620 2520 2756 2575 opus
2799 2506 3018 2572 diaboli,
3050 2518 3105 2563 et
3146 2525 3336 2566 omnes
3385 2527 3510 2583 sup-

1933 2575 2291 2660 planta'tiones
2319 2591 2439 2661 ejus
2464 2595 2735 2652 subverte.
2801 2595 2947 2668 Opus
2996 2607 3081 2654 est
3121 2601 3268 2656 enim
3295 2575 3516 2669 diaboli,

1933 2690 1989 2736 et
2017 2680 2135 2751 ejus
2170 2684 2527 2740 subversutiis
2561 2694 2741 2741 actum
2777 2695 2881 2754 est,
2918 2688 3049 2742 mihi
3091 2690 3315 2756 credite,
3341 2700 3402 2746 ut
3424 2707 3516 2763 pa-

1933 2772 2170 2827 triarcha
2211 2772 2503 2843 pelleretur
2534 2775 2801 2846 lgnatius,
2846 2786 2900 2832 et
2938 2777 3041 2834 sibi
3071 2778 3367 2836 Ecclesiam
3397 2798 3521 2838 cre-

1905 2862 2100 2942 .ditam
2126 2863 2350 2920 Photius
2384 2864 2595 2922 adulter
2633 2867 2949 2924 invaderet:
2983 2869 3098 2941 ipse
3133 2870 3332 2942 quippe
3365 2871 3517 2928 calli-

1933 2940 2033 3011 dus
2068 2964 2123 3010 et
2156 2964 2474 3012 veternosus
2509 2956 2780 3024 inimicus,
2814 2940 3015 3016 volens,
3037 2940 3310 3018 inferioris
3344 2963 3523 3035 digni-

1934 3045 2063 3101 tatis
2092 3046 2467 3104 sacerdotibus
2496 3047 2774 3119 imponere
2807 3051 3195 3122 sempiternum
3219 3052 3517 3121 silentium,

1931 3151 2055 3191 eum
2081 3152 2240 3208 quem
2282 3138 2614 3196 sublimioris
2662 3142 3003 3198 auctoritatis
3045 3158 3166 3199 esse
3213 3147 3515 3216 conspexit,

242 3243 353 3303 ιιιιο,
392 3244 649 3295 extremae
689 3239 981 3310 perditioni
1022 3242 1367 3300 donabimus,
1417 3244 1693 3311 Quatenus
1742 3244 1829 3300 his
1854 3234 1901 3299 C
1934 3230 2297 3300 impetendum
2329 3232 2581 3304 primitus
2618 3233 2981 3301 existimavit;
3026 3243 3081 3291 et
3120 3236 3188 3292 ad
3219 3237 3363 3294 hunc
3395 3253 3523 3308 pro-

243 3332 346 3388 rite
370 3334 604 3415 patratis
632 3334 806 3389 discat
832 3335 955 3404 pius
985 3336 1128 3407 quod
1156 3344 1322 3404 amet,
1348 3345 1402 3393 et
1424 3337 1659 3393 crudelis
1681 3337 1827 3408 quod

244 3411 461 3491 timeat,
495 3411 632 3481 lnam
663 3433 744 3482 tot
772 3435 828 3482 et
854 3427 977 3482 talia
1011 3427 1468 3498 blasphemiarum
1495 3438 1823 3497 commenta,

244 3517 373 3588 quin
396 3519 578 3587 potius
619 3520 894 3575 veracium
938 3519 1243 3576 litterarum
1283 3522 1699 3592 depravationes
1736 3538 1828 3577 au-

243 3610 381 3666 disse
407 3620 461 3665 et
510 3612 759 3676 tacuisse,
792 3623 818 3652 ει
846 3611 1157 3668 cohibuisse
1186 3620 1290 3668 est.
1321 3612 1705 3680 Quamobrem,
1736 3628 1828 3668 ve-

240 3699 498 3755 nerabilis
536 3701 853 3771 imperator,
885 3701 1038 3756 valde
1066 3702 1217 3768 mihi,
1250 3702 1393 3757 sicut
1425 3703 1538 3773 ipse
1580 3718 1829 3774 compre-

242 3793 475 3850 hendere
503 3795 728 3865 poteris,
778 3793 1076 3850 cavendum
1119 3802 1205 3848 est
1243 3809 1344 3861 ne,
1386 3795 1431 3849 si
1473 3810 1572 3850 nos
1614 3796 1831 3865 prresbi-

242 3874 451 3957 giorum
507 3885 780 3956 ﬁgmentis
844 3884 1024 3939 minus
1087 3884 1338 3940 celeriter
1389 3885 1824 3952 obviaverimus,

242 3986 495 4047 tanquam
525 3992 654 4033 vera
686 3976 963 4047 recognita
992 3975 1080 4032 vel
1108 3976 1461 4046 comprobata
1509 3979 1626 4034 lucc
1655 3978 1829 4034 admi-

242 4073 375 4130 sisse
399 4074 669 4131 fallaciter
688 4074 830 4145 apud
860 4072 1086 4128 stolidos
1124 4073 1420 4129 aestimetur
1446 4072 1561 4146 [pro
1593 4074 1829 4130 aestime-

240 4182 381 4232 mur,
428 4165 648 4239 llum].
692 4165 803 4221 Nec
842 4180 1134 4236 possumus
1173 4165 1228 4220 in
1268 4166 1511 4222 Ecclesia
1543 4167 1638 4222 Dei
1669 4166 1829 4223 dissi-

241 4258 494 4313 mulando
537 4244 649 4312 tam
699 4270 897 4329 spurca
924 4255 1234 4326 relinquere
1263 4256 1526 4328 germina,
1557 4272 1677 4328 quae
1725 4272 1824 4312 an-

240 4348 589 4408 teeessorum'
638 4361 947 4407 nostrorum
1013 4349 1450 4407 beatissimorum
1509 4352 1826 4422 pontiﬁcum

240 4453 499 4515 tempore,
544 4451 638 4499 aut
670 4459 945 4516 nunquam
989 4452 1202 4511 exorta,
1254 4451 1347 4499 aut
1373 4452 1523 4499 certe
1569 4443 1617 4499 si
1658 4444 1825 4500 unde-

240 4552 445 4609 cunque
483 4536 566 4594 vel
595 4536 1081 4609 quomodocunque
1103 4544 1292 4592 exorta
1328 4550 1473 4601 sunt,
1501 4552 1688 4593 eorum
1728 4536 1822 4607 ju-

1931 3324 2284 3379 sternendum
2334 3332 2602 3395 quotquot
2626 3327 2818 3397 potuit,
2868 3328 3014 3384 vires
3067 3329 3320 3396 armavit,
3350 3339 3514 3402 atque

1932 3414 2097 3471 totius
2151 3414 2367 3471 invidiae
2412 3414 2621 3473 facibus
2666 3417 2833 3473 etiam
2881 3418 3064 3474 mundi
3119 3419 3392 3491 principes
3434 3419 3525 3475 in-
3586 3436 3591 3439 ·

1928 3507 2247 3563 ﬁammavit.

2000 3599 2109 3655 Cur
2134 3600 2258 3664 hoc,
2297 3598 2402 3654 nisi
2438 3608 2498 3655 ut
2526 3600 2652 3655 dum
2688 3599 2766 3655 illi
2794 3615 2917 3655 eum
2955 3600 3045 3670 qui
3076 3615 3239 3670 super
3266 3616 3324 3656 se
3349 3611 3516 3667 esset,

1930 3686 2122 3742 elisum
2147 3696 2464 3753 cernerent,
2498 3688 2599 3759 ipsi
2632 3688 2840 3760 (utpote
2870 3689 3097 3745 minoris
3152 3690 3517 3763 auctoritatis)

1929 3794 2028 3848 pro
2059 3780 2288 3851 veritate
2333 3781 2481 3853 loqui
2523 3770 2742 3852 penitus
2785 3797 2891 3838 non
2935 3782 3217 3847 auderent,
3266 3790 3322 3837 et
3366 3791 3519 3838 tanto

1923 3872 2035 3944 jam
2074 3871 2481 3928 sublimioribus
2514 3872 2763 3943 personis
2789 3886 2955 3942 prave
2993 3873 3296 3943 agentibus,
3335 3857 3525 3929 minus

1930 3962 2195 4017 audenter
2218 3977 2285 4017 ex
2312 3963 2540 4019 adverso
2578 3978 2638 4017 se
2676 3971 3033 4033 opponerent,
3062 3971 3120 4018 et
3159 3971 3309 4018 tanto
3336 3963 3516 4021 minus

1928 4068 2027 4123 pro
2071 4053 2232 4109 domo
2274 4053 2489 4109 Domini
2535 4070 2749 4110 murum
2799 4054 3028 4110 licenter
3069 4054 3515 4121 conscenderent,

1929 4155 2130 4217 quanto
2163 4147 2216 4201 in
2243 4148 2505 4217 potiorem
2547 4163 2704 4203 suum
2744 4146 2869 4202 talia
2899 4146 3203 4217 perpetrari
3234 4148 3515 4219 conspice-

1929 4247 2068 4294 rcnt.
2111 4237 2218 4293 Sed
2258 4248 2343 4305 tu,
2384 4238 2702 4309 imperator,
2746 4238 2840 4308 qui
2887 4236 3006 4308 plus
3049 4237 3307 4308 rcligioae
3346 4253 3508 4308 quam

1927 4333 2152 4390 brachio
2189 4332 2371 4388 carnis
2409 4332 2595 4388 hostes
2624 4330 2881 4386 Ecclesia:
2918 4330 3111 4395 vincis,
3140 4330 3295 4385 vince
3319 4336 3517 4384 versu-‘

1931 4428 2033 4482 tias
2072 4425 2191 4497 ejus
2231 4435 2287 4480 et
2326 4426 2509 4481 omnia
2551 4424 2830 4480 molimina
2878 4422 3049 4493 ipsius
3089 4422 3342 4478 subverte
3376 4434 3513 4475 :ex-

1929 4519 2053 4575 audi
2085 4535 2207 4586 nos,
2242 4519 2287 4574 si
2324 4517 2487 4587 libet;
2518 4518 2603 4574 sin
2634 4526 2815 4574 autem
2847 4516 2931 4573 vel
2959 4524 3325 4588 protectorem
3358 4524 3511 4571 tuum

154 4615 157 4619 Α
239 4591 373 4685 dicii
383 4629 584 4701 ligone,
612 4591 904 4698 antequam
944 4591 1291 4699 proﬁcerent,
1336 4628 1598 4684 radicitus
1627 4591 1823 4685 exsiir-

1931 4614 2142 4681 exaudi,
2181 4621 2236 4670 et
2266 4613 2431 4669 verba
2456 4627 2577 4683 quae
2611 4612 2678 4667 ad
2705 4609 2998 4667 Jeremiam
3043 4609 3254 4664 loeutus
3294 4616 3397 4672 est,
3438 4606 3508 4661 ad

273 4729 357 4777 ata
384 4727 537 4777 sunt.

273 4736 357 4777 ata
384 4736 537 4777 sunt.

238 4736 270 4792 Ρ
303 4810 574 4867 Destruite
603 4823 735 4879 ergo
758 4824 857 4866 vos
882 4817 937 4864 et
966 4808 1226 4881 dissipate
1258 4810 1368 4877 illa,
1399 4811 1636 4882 alioquin
1668 4827 1699 4868 a
1725 4829 1825 4870 no-

238 4907 315 4962 bis
340 4904 471 4960 ‘fore
511 4902 861 4970 destruenda,
902 4919 997 4960 seu
1043 4902 1285 4960 funditus
1308 4904 1617 4975 dissipanda
1663 4907 1822 4962 modo

240 5010 391 5066 quem
434 4994 807 5066 praediximus,
848 4995 1202 5062 antenoscite,
1243 4997 1491 5066 quamvis
1531 5005 1821 5070 antequam

239 5103 331 5144 nos
368 5086 471 5143 ista
501 5086 655 5143 vobis
688 5085 1067 5153 scriberemus,
1099 5102 1220 5157 qua:
1250 5102 1395 5143 nunc
1431 5087 1818 5146 sublimitatem

238 5190 466 5239 vestram
529 5181 842 5247 hortamur,
894 5179 999 5235 hoc
1041 5194 1138 5235 vos
1180 5186 1370 5250 sponte
1413 5178 1654 5236 facturos
1697 5195 1819 5237 esse

240 5286 544 5350 putaremus
569 5292 581 5330 :
608 5273 703 5332 sed
734 5274 861 5346 quia
890 5271 1036 5344 quod
1060 5281 1306 5344 putatum
1332 5280 1431 5340 est,
1458 5273 1663 5329 nullum
1688 5273 1817 5330 eli‘e-

240 5379 374 5428 ctum
403 5373 665 5427 hactenus
691 5367 904 5434 habuit,
941 5366 1143 5423 idcirco
1183 5383 1282 5424 nos
1319 5367 1544 5424 salutem
1573 5376 1814 5424 vestram

240 5463 444 5521 illcesam
477 5476 696 5520 manere
720 5460 984 5527 volentes,
1009 5468 1071 5517 ut
1093 5461 1196 5518 hoc
1224 5477 1368 5518 nunc
1397 5462 1587 5518 saltem
1617 5462 1809 5533 agatis,

241 5553 420 5611 affectu
460 5564 685 5625 paterno
717 5568 1020 5611 monemus.
1068 5553 1341 5624 Alioquin,
1374 5565 1433 5610 ut
1456 5554 1567 5623 jam
1604 5554 1814 5626 prmfati

241 5663 436 5715 sumus,
469 5649 567 5717 sic,
598 5648 709 5705 Deo
750 5648 994 5714 favente,
1035 5648 1101 5704 de
1134 5656 1333 5705 caetero
1370 5648 1730 5719 vigilabimus,
1762 5656 1819 5704 et

1928 4719 1981 4765 te
2002 4709 2180 4766 delata
2209 4723 2494 4781 cognosce.
2523 4707 2617 4763 Ait
2640 4707 2785 4763 enim
2812 4724 2825 4761 :
2852 4705 2988 4761 Ecce
3012 4703 3258 4759 constitui
3287 4712 3336 4757 te
3356 4702 3512 4758 hodie

1925 4821 2082 4876 super
2108 4813 2305 4875 gentes,
2334 4813 2382 4858 et
2414 4818 2594 4874 regna,
2626 4810 2683 4854 ut
2706 4798 2914 4865 evellas,
2942 4807 2990 4852 et
3018 4797 3282 4862 destruas,
3326 4805 3373 4850 et
3405 4794 3513 4848 dis-

1924 4897 2113 4969 perdas
2139 4937 2154 4964 ,
2194 4905 2241 4951 et
2288 4895 2541 4966 dissipes,
2581 4901 2630 4947 et
2664 4891 2924 4957 mdiﬁces,
2963 4900 3008 4945 et
3038 4888 3240 4960 plantes
3280 4885 3412 4959 (Jer.
3446 4888 3509 4959 ι).

1927 4992 2140 5048 Evellas
2165 4989 2435 5053 videlicet,
2475 4995 2531 5042 et
2564 4986 2835 5049 destruas,
2867 4989 2921 5037 et
2947 4980 3245 5052 disperdas,
3271 4986 3326 5035 et
3350 4977 3511 5034 dissi-

1929 5106 2049 5162 pes,
2076 5088 2230 5161 juxta
2275 5094 2587 5156 competens
2625 5079 2854 5152 imperio
2906 5087 3084 5134 vestro
3127 5074 3506 5138 ministerium,

1926 5199 2120 5242 omnes
2166 5177 2665 5254 argumentationes
2702 5171 3012 5236 diabolicas,
3045 5177 3100 5226 et
3133 5167 3313 5225 onmia
3340 5182 3512 5222 mem-

1925 5277 2149 5333 brorum
2194 5273 2311 5343 ejus
2357 5267 2813 5329 machinamenta,
2856 5272 2910 5318 et
2954 5261 3224 5334 pra-cipue
3270 5258 3359 5315 illa
3388 5272 3510 5328 qua:

1924 5384 2022 5438 per
2055 5365 2307 5422 Pbotium
2353 5370 2474 5417 orta
2522 5366 2668 5423 sunt,
2698 5354 2835 5411 male
2866 5353 3181 5425 pullulantia
3229 5349 3502 5423 germina:

1921 5460 2157 5516 aediﬁces
2183 5465 2363 5514 autem
2388 5461 2444 5508 et
2471 5451 2687 5522 plantes
2717 5458 3037 5505 cunctarum
3081 5445 3339 5500 virtutum
3369 5454 3508 5496 moe-

1922 5553 2030 5616 nia,
2068 5559 2124 5604 et
2153 5549 2504 5603 honestorum
2541 5541 2798 5598 odorillua
2840 5554 3051 5594 morum
3084 5541 3330 5609 aromata
3356 5551 3369 5587 :
3395 5533 3506 5585 imo

1922 5656 2257 5715 qumcunque
2290 5655 2384 5710 per
2422 5651 2516 5691 vos
2555 5635 2620 5691 de
2653 5633 2839 5687 fratris
2887 5640 2942 5687 et
2977 5616 3501 5700 coepiscopi’nostri

301 5786 453 5841 nPro
501 5786 818 5851 connivisse,
861 5796 920 5841 ut
967 5784 1022 5840 in
1070 5786 1296 5856 epistola
1342 5786 1465 5843 lOi.
1525 5783 1811 5842 Cohibendi
1850 5783 2016 5839 verbo
2063 5796 2168 5852 pro
2199 5774 2502 5835 connivendi
2541 5789 2684 5845 saepe
2727 5773 3027 5828 abutuntur
3090 5776 3299 5822 veteres
3354 5761 3502 5821 libri-

242 5858 401 5917 Hane.
