4050 6324
491 293 496 299 -
519 257 660 314 10ιὸ

515 369 714 446 lgnatii
759 383 886 427 sunt
928 369 1192 440 dignitate
1236 366 1531 434 destructa,
1575 373 1632 422 et
1671 365 1740 422 de
1773 365 1858 422 his
1887 382 2008 438 quae
2035 365 2103 420 ad
2131 375 2179 432 Α

515 460 752 521 cilicium
781 461 1148 535 patt'iarchaie
1195 460 1486 532 pertinent,
1519 474 1550 514 a
1583 474 1814 532 persona
1859 458 2100 534 qualibet

521 557 891 615 irreverenter
914 556 1118 613 evulsa.

585 643 708 705 lam
736 661 864 705 vero
890 648 936 704 si
960 647 1044 702 vel
1085 643 1325 718 peccatis
1373 644 1810 717 impedientibus,
1846 643 1932 698 vel
1979 658 2102 714 per-

491 739 690 798 "versis
717 739 1027 796 hominibus
1063 738 1437 802 suadentibus,
1471 739 1651 792 missis
1698 735 2102 791 imminentibus

517 834 742 898 nosrris,
777 835 920 904 quod
960 833 1189 889 suadere
1215 831 1367 888 vobis
1397 832 1561 887 etiam
1593 832 1659 886 ad
1689 831 1899 902 imperii
1935 829 2098 886 vestri

518 925 830 983 felicitatem
872 927 1116 990 nitimur,
1149 941 1253 979 non
1283 923 1498 989 ducitis,
1529 923 1672 996 quod
1709 930 1986 992 gementes
2016 920 2102 976 div-

515 1017 708 1082 cimus,
755 1015 1180 1087 adimplendum,
1227 1023 1283 1068 et
1329 1014 1697 1077 dilationibus,
1730 1012 1863 1083 proh
1911 1009 2095 1066 dolor!

480 1107 690 1175 solum
737 1108 1030 1164 decernitis
1077 1105 1194 1162 fore
1245 1107 1604 1172 studendum;
1658 1105 1798 1160 scire
1851 1103 2103 1158 volumus

515 1199 891 1256 excellentiam
939 1207 1175 1254 vestram
1220 1198 1476 1268 quoniam
1521 1200 1586 1253 de
1632 1213 1861 1268 persona
1909 1195 2100 1266 lgnatii

517 1301 682 1362 atque
705 1291 906 1356 Photii,
937 1292 1004 1346 de
1028 1306 1256 1361 quorum
1303 1290 1483 1358 agitur
1527 1287 1918 1354 controversia,
1966 1285 2102 1341 nihil

519 1381 808 1439 discretius
845 1391 1007 1450 atque
1039 1381 1240 1444 mitius,
1286 1395 1496 1435 necnon
1535 1388 1592 1432 et
1641 1378 1910 1434 salubrius
1951 1377 2101 1432 arbi-

411 1533 426 1548 .
519 1481 729 1530 tramur
758 1490 920 1546 quam
953 1482 1011 1527 ιιι
1038 1481 1266 1544 uterque
1296 1481 1350 1528 et
1373 1471 1603 1528 Romam
1633 1472 1702 1526 ad
1731 1470 2102 1526 renovandum
2141 1479 2154 1493 '

512 1577 766 1630 examen,
798 1565 942 1635 quod
980 1574 1160 1620 tamen
1200 1565 1498 1620 secundum
1544 1563 1927 1635 indulgentiam
1971 1576 2102 1632 pro-

517 1659 814 1723 mittimus,
863 1666 1049 1714 tcnore
1089 1669 1150 1713 ac
1181 1659 1372 1712 ordine
1401 1672 1512 1728 quo
1545 1656 1656 1728 jam
1689 1655 1839 1710 vobis
1873 1670 1970 1724 per
1998 1652 2100 1707 Mi-

515 1750 758 1807 chaelem
793 1749 1292 1822 protospatharium
1333 1747 1777 1819 signiﬁcavimus,
1810 1755 1992 1800 vestro
2021 1743 2102 1798 fa-
2134 1743 2176 1802 B

511 1855 650 1897 \‘ore
689 1843 888 1907 veniat,
941 1842 1012 1897 ita
1059 1850 1120 1896 ut
1163 1840 1419 1912 lgnatius,
1455 1839 1546 1909 qui
1577 1839 1721 1893 omni
1757 1847 1840 1892 est
1866 1837 2104 1892 humano

517 1935 808 1990 destitutus
846 1935 1066 2001 auxilio,
1107 1931 1560 2004 quemadmodum
1603 1931 1788 1986 venire
1811 1929 1987 1983 valeat
2013 1945 2106 1983 ve-

521 2035 635 2082 stro
663 2043 760 2098 pro
784 2026 988 2083 Christi
1021 2041 1212 2080 amore
1240 2024 1436 2080 collato
1465 2024 1565 2080 sibi
1599 2021 1785 2077 fulciat
1803 2022 2102 2092 juvamine.

519 2117 638 2174 1am
667 2133 794 2173 vero
821 2120 865 2173 si
893 2118 1135 2189 epistolae
1165 2133 1260 2188 per
1285 2117 1535 2172 eumdem
1560 2111 1816 2171 'leeatum
1844 2122 2105 2178 vestrum,

520 2223 552 2265 a
580 2225 688 2282 quo
713 2211 867 2266 vobis
897 2211 1058 2267 modo
1087 2210 1263 2266 delata
1304 2224 1408 2263 non
1438 2217 1544 2272 est,
1573 2216 1812 2262 tenorem
1844 2205 1924 2261 vel
1961 2204 2109 2260 ordi-

517 2318 644 2360 nem
687 2301 796 2376 quo
840 2304 1078 2359 diximus
1127 2301 1548 2373 praenominatas
1589 2313 1851 2369 personas
1877 2296 2106 2352 Romam

518 2397 638 2454 fore
679 2406 938 2453 venturas
983 2398 1125 2454 scire
1171 2397 1393 2468 cupitis,
1443 2412 1469 2450 a
1520 2393 1883 2467 prtescntibus
1926 2392 2108 2447 missis

516 2491 722 2548 nostris
747 2490 967 2561 exigite,
995 2499 1050 2546 et
1075 2491 1219 2545 hunc
1248 2504 1406 2545 nosse
1437 2487 1592 2559 plene
1615 2485 1882 2541 valebitis.
1927 2483 2109 2554 Siqui-

515 2585 638 2642 dem
669 2585 774 2641 illis
805 2585 1134 2656 exemplaria
1184 2585 1534 2656 epistularum
1564 2599 1700 2655 quas
1747 2581 2107 2655 magnitudini

519 2687 736 2743 vestrm,
775 2691 984 2734 necnon
1011 2676 1204 2733 Photio
1233 2691 1328 2748 per
1383 2674 1757 2730 Rhadoaldum
1803 2681 1858 2730 et
1893 2673 2105 2729 Zacha—

522 2769 659 2824 riam
698 2777 830 2826 tunc
871 2770 1155 2841 episcopos
1200 2767 1516 2830 direximus,
1570 2765 1771 2835 scripta
1807 2778 1908 2835 pro
1945 2762 2110 2818 colla-

520 2861 666 2918 tione
707 2877 830 2918 cum
886 2861 1214 2916 authenticis
1264 2857 1512 2914 facienda
1559 2857 1932 2912 tradidimus:
1981 2871 2107 2912 cum

521 2954 718 3023 quibus
741 2954 906 3010 etiam
938 2953 1268 3026 exemplaria
1307 2950 1682 3023 cpistolarum,
1709 2965 1846 3021 quas
1871 2949 2024 3004 vobis
2052 2955 2110 3004 et

520 3043 714 3101 Photio
758 3061 855 3116 per
883 3035 1130 3099 Leonem
1159 3059 1189 3098 a
1221 3041 1448 3098 secretis
1500 3041 1768 3108 misimus,
1817 3049 1874 3097 et
1920 3037 2102 3108 hujus,

522 3147 690 3207 quam
747 3153 846 3208 per
881 3135 1198 3193 Michaelem
1231 3134 1750 3212 \protospatharium
1801 3149 1902 3190 nos
1939 3133 2107 3189 desti-
2139 3117 2184 3180 C

517 3241 677 3284 nasse
708 3227 1077 3298 praediximus,
1137 3242 1320 3284 secum
1363 3225 1714 3282 nihilominus
1757 3224 2109 3284 deferendum

517 3321 871 3377 contulimus.

591 3413 755 3470 Juxta
783 3429 912 3487 ergo
947 3424 1189 3472 tenorem
1211 3423 1268 3472 et
1294 3415 1537 3471 ordinem
1565 3431 1674 3487 quo
1701 3413 1958 3486 przefatas
1985 3429 2111 3484 per-

520 3523 684 3565 sonas
727 3509 794 3564 ad
832 3509 1138 3565 iterandum
1184 3507 1450 3580 judicium
1493 3509 1602 3564 huc
1631 3507 1819 3564 venire
1865 3505 2110 3562 decrevi-

522 3601 664 3668 t‘uns,
714 3601 878 3659 latius
911 3619 1078 3676 sagax
1133 3602 1400 3659 industria
1430 3611 1608 3659 vestra
1653 3601 1910 3673 reperiet,
1943 3613 2110 3670 quem

523 3712 622 3752 nos
654 3697 708 3752 in
741 3696 843 3753 hac
875 3695 1150 3754 fastidium
1188 3696 1520 3770 prolixitatis
1567 3695 1922 3760 declinantes,
1953 3693 2110 3765 repli-

518 3805 646 3846 care
677 3789 997 3861 refugimus.
1030 3791 1128 3849 llis
1161 3791 1350 3865 igitur,
1396 3791 1696 3862 inspirante
1725 3791 1858 3854 Deo,
1897 3789 1971 3844 ita
2008 3803 2106 3844 ve-

515 3889 647 3937 stra:
693 3883 1005 3940 serenitatis
1049 3883 1274 3940 auribus
1319 3883 1608 3948 inlimatis,
1654 3882 1790 3938 sciat
1821 3897 1850 3935 a
1877 3878 2108 3936 Domino

518 3972 832 4030 redimitum
867 3973 1154 4046 imperium
1198 3985 1438 4031 vestrum
1487 3975 1684 4031 missos
1707 3973 1810 4032 sibi
1838 3989 1868 4028 a
1901 3987 2108 4044 praesu-

518 4062 632 4129 latu
666 4073 875 4131 nostro,
901 4064 1014 4121 Deo
1038 4077 1263 4123 auctore
1314 4067 1636 4132 destinatos,
1666 4065 1931 4120 Donatum
1962 4063 2108 4121 vide-

525 4151 655 4212 licet
702 4156 1216 4212 reverendissimum
1246 4165 1298 4212 et
1331 4156 1738 4214 sanctissimum
1780 4165 1981 4212 sanctae
2007 4156 2110 4212 Ec-

521 4249 705 4307 clesia:
727 4247 996 4306 Ostiensis
1041 4251 1388 4323 episcopum,
1432 4259 1488 4306 et
1522 4249 1804 4323 religiosos
1848 4265 1913 4306 ac
1940 4263 2108 4306 vene-

519 4341 720 4400 rabiles
759 4351 962 4398 sancta:
988 4340 1245 4400 Romana:
1270 4343 1525 4400 Ecclesia:
1549 4343 1783 4399 Leonem
1815 4342 1951 4398 tituli
1983 4358 2108 4398 san-

519 4433 591 4488 cti
634 4431 838 4490 Christi
888 4435 1145 4506 martyris
1172 4435 1474 4502 Laurentii,
1517 4451 1612 4507 qut
1659 4435 1962 4508 appellantur
2004 4435 2108 4490 Da-

516 4526 679 4593 masi,
726 4527 1129 4601 presbyterum,
1159 4537 1322 4599 atque
1346 4527 1615 4584 Marinum
1662 4529 1972 4601 apostolica:
2015 4544 2107 4585 no-

512 4627 644 4675 stra:
673 4618 818 4676 sedis
840 4617 1149 4686 diaconem,
1181 4634 1319 4690 quos
1345 4619 1578 4692 benigne
1607 4620 1894 4678 clementia
1928 4629 2108 4676 vestra

513 4710 840 4782 suscipiens,
889 4722 1075 4782 utpote
1103 4711 1428 4769 Christiana:
1460 4711 1738 4785 religionis
1785 4713 2004 4778 cultrix,
2051 4712 2104 4768 in

512 4807 768 4864 omnibus
793 4808 882 4880 pie
909 4818 1126 4876 tractet,
1173 4818 1228 4867 et
1273 4811 1507 4867 intactos
1547 4811 1784 4882 quandiu
1813 4827 1910 4866 vos
1938 4825 2108 4882 penes

513 4909 886 4969 remorantur,
914 4911 972 4958 et
1000 4903 1280 4960 indemnes
1306 4919 1529 4974 prorsus
1558 4899 1782 4960 manere
1809 4903 2102 4960 decernat:

518 4991 650 5062 qttin
679 5001 734 5048 et
759 4993 965 5049 aditum
995 4995 1263 5066 simulque
1311 4996 1490 5052 locum
1526 5011 1647 5068 qua:
1691 4993 1932 5064 iujuncta
1980 5003 2111 5052 sunt

515 5081 644 5152 sibi,
671 5083 821 5141 vobis
849 5085 1074 5142 licenter
1100 5087 1401 5158 exponendi
1432 5102 1729 5160 congruum
1759 5087 1840 5143 eis
1864 5102 1925 5142 ac
1955 5083 2106 5142 solli-

518 5174 754 5230 cientem
801 5175 1070 5247 impartiri
1104 5179 1378 5251 dignetur.
1430 5177 1628 5252 Sicque
1655 5179 1873 5236 demum
1907 5179 1959 5234 in
1985 5177 2108 5251 qui-

514 5267 618 5322 bus
645 5265 788 5322 Deus
811 5270 1086 5336 annuerit,
1113 5278 1167 5326 et
1195 5271 1344 5328 cordi
1372 5281 1556 5328 vestro
1589 5271 1979 5342 impetraverit,
2010 5285 2104 5326 or-

511 5357 734 5425 dinatis,
766 5357 962 5416 illaesos
997 5361 1064 5416 ad
1114 5377 1214 5418 nos
1241 5364 1485 5435 protinus
1512 5379 1606 5420 eos
1651 5372 1707 5420 ct
1734 5363 1938 5434 absque
1973 5377 2103 5434 qua-

509 5453 642 5511 libet
671 5453 1000 5528 impediente
1026 5456 1273 5512 molestia
1305 5459 1480 5514 redire
1507 5458 1670 5514 sinat.

530 5615 536 5621 θ
583 5547 692 5606 Sed
745 5550 1001 5621 quoniam
1045 5550 1097 5606 in
1126 5550 1221 5606 Dei
1271 5552 1660 5624 omnipotentis
1704 5551 1924 5607 servitio
1973 5550 2100 5607 diri-

507 5650 734 5712 guntur,
771 5657 869 5712 per
907 5643 1076 5714 ipsius
1126 5642 1367 5700 terribile
1417 5658 1637 5708 nomen,
1687 5645 1830 5714 quod
1858 5643 2100 5699 Trinitas

505 5741 595 5798 ost
641 5734 1055 5811 inseparabilis;
1092 5745 1148 5796 et
1182 5751 1282 5814 per
1317 5736 1648 5795 horrendum
1679 5736 1920 5796 divinum
1964 5737 2102 5796 iudi-

1860 249 2136 310 NlCOLAI
2171 250 2373 308 ΡΑΡιΕ
2411 251 2432 307 1

3727 249 3878 322 “5‘

2210 365 2376 428 cium,
2411 363 2464 418 in
2493 376 2600 434 quo
2637 369 2766 419 ante
2793 361 3102 434 pavendum
3125 360 3329 420 Christi
3351 363 3455 421 Dei
3511 362 3744 420 nostri
3778 363 3874 420 tsi-

2203 455 2366 512 bunal
2406 471 2594 512 omnes
2633 455 2955 522 astabimus,
2985 463 3041 514 et
3067 457 3742 534 districtamtreddituri
3785 473 3844 513 al

2205 561 2326 602 mus
2365 561 2465 616 pro
2513 546 2724 602 meritis
2771 547 3056 611 rationem,
3087 563 3186 604 vos
3214 546 3580 618 adjuramus,
3623 555 3702 603 et
3743 548 3864 604 lotis

2201 642 2517 713 przccordiis
2565 643 2956 712 obsecramus,
3003 653 3064 700 ut
3113 645 3318 701 eisdem
3366 645 3576 702 missis
3641 646 3864 702 nostris

2202 735 2343 804 apud
2383 749 2481 790 vos
2507 735 2700 807 positis
2743 736 2945 791 nullam
2996 735 3294 803 laesionem,
3321 737 3410 792 vel
3441 753 3598 800 cum
3638 739 3864 794 reverti

2205 826 2334 883 inde
2357 827 2652 894 voluerint,
2684 828 3024 884 obstaculum
3072 828 3339 896 inferatis,
3374 845 3578 901 neque
3641 828 3865 886 inferre

2205 917 2370 974 alium
2401 920 2697 990 quemlibet
2739 921 3108 992 permittatis:
3147 923 3276 993 quin
3306 922 3498 994 potius
3549 937 3588 976 a
3623 922 3863 978 cunctis

2205 1013 2580 1068 insidiatorum
2632 1013 3002 1071 molitionihus
3027 1029 3122 1071 eos
3148 1015 3450 1085 intrepidos
3502 1023 3576 1069 et
3611 1028 3864 1070 secnres

2205 1103 2466 1160 reddatis.
2507 1103 2784 1172 Quatenus
2824 1105 2931 1160 illis
2967 1107 3035 1162 ad
3082 1122 3202 1170 nos,
3237 1107 3339 1162 etsi
3373 1115 3661 1161 vestram
3702 1103 3863 1162 vobis

2208 1195 2438 1252 salutem
2487 1199 2716 1254 suadere
2765 1207 3010 1268 possunt,
3063 1197 3378 1255 efﬁcacibus
3424 1197 3860 1266 redeuntibus,

2205 1289 2415 1344 cunctis
2442 1290 2691 1360 gentibus
2721 1299 2902 1360 pateat
2927 1300 3188 1361 quantum
3220 1291 3388 1346 Deum
3421 1303 3860 1346 coronatos-en

2205 1391 2468 1448 vestrum,
2503 1397 2600 1453 pro
2629 1380 2784 1452 cujus
2813 1383 3072 1438 Ecclesia:
3101 1399 3234 1454 pace
3259 1393 3426 1455 atque
3467 1385 3862 1440 correctione

2204 1471 2472 1545 legatione
2499 1473 2769 1546 perfuncti
2803 1484 2950 1542 sunt,
2982 1477 3264 1532 honorctis
3291 1517 3305 1530 .
3331 1484 3388 1533 et
3416 1487 3729 1547 quantam
3773 1492 3859 1532 ro-

2202 1573 2508 1629 verentiam
2554 1574 2858 1646 principum
2901 1575 3290 1646 apostolorum,
3339 1591 3368 1632 a
3397 1591 3666 1644 quorum
3721 1573 3858 1630 sede

2203 1663 2435 1737 profecti
2482 1675 2624 1728 sunt,
2673 1681 2786 1736 pra:
2833 1666 3006 1722 oculis
3049 1667 3320 1724 habeatis.
3371 1667 3688 1738 Siquidem
3725 1681 3854 1732 nos,

2205 1769 2238 1809 ο
2275 1755 2720 1826 tranquillissime
2771 1757 3089 1828 imperator,
3130 1757 3250 1814 illos
3284 1775 3388 1814 non
3435 1759 3506 1813 ad
3541 1759 3852 1830 synmlnn

2210 1847 2590 1904 celebrandam
2628 1848 3046 1917 destinavimus,
3093 1866 3200 1905 non
3238 1850 3306 1906 ad
3344 1849 3471 1906 lites
3508 1859 3576 1904 et
3607 1859 3854 1906 conten-

2212 1937 2386 1994 tiones
2439 1939 2756 1995 excitandas
2804 1939 3125 1996 direximus.
3185 1940 3400 1997 Scimus
3454 1942 3622 1996 enim
3688 1941 3850 2011 quod

2210 2031 2441 2088 docente
2464 2033 2740 2104 Apostolo,
2773 2051 2978 2090 servum
3005 2034 3216 2089 Domini
3265 2051 3367 2090 non
3415 2046 3686 2105 oporteat
3729 2034 3847 2092 liti»

2208 2143 2334 2198 gare
2363 2127 2447 2198 (II
2484 2127 2619 2182 Tim.
2648 2131 2746 2200 n);
2781 2131 2876 2186 sed
2919 2131 3022 2185 hoc
3054 2138 3226 2184 totum
3266 2138 3352 2185 est
3386 2145 3490 2199 pro
3518 2143 3646 2198 quo
3681 2129 3848 2185 misi-

2209 2234 2352 2284 mus,
2378 2219 2628 2275 videlicet
2668 2228 2747 2284 ut,
2775 2229 2986 2276 servata
3021 2220 3331 2291 apostolica:
3373 2219 3524 2274 sedis
3559 2219 3837 2274 auctori-

2213 2311 2338 2364 latis
2368 2312 2670 2367 reverentia
2687 2352 2703 2378 ,
2739 2313 3194 2390 restaurationem
3221 2311 3466 2368 Ecclesia
3493 2310 3844 2368 Constanti-

2211 2401 2521 2472 n0politana
2553 2411 2730 2458 status
2769 2403 2851 2460 sui
2881 2403 3122 2474 recipiat,
3161 2413 3218 2459 et
3249 2419 3354 2475 pax
3383 2411 3440 2458 et
3468 2403 3838 2464 unanimi“.

2210 2496 2414 2551 sanctis
2442 2495 2699 2552 Ecclesiis
2723 2505 2778 2552 et
2811 2497 3040 2568 imperio
3065 2505 3250 2554 vestro
3301 2497 3586 2561 reddatur,
3642 2505 3831 2566 atque

2209 2587 2518 2658 perpetuis,
2574 2588 2685 2644 Deo
2728 2588 3004 2659 propitio,
3050 2588 3384 2659 temporibus
3434 2587 3830 2652 custodiatur;

2212 2696 2424 2735 necnon
2473 2689 2527 2736 et
2573 2696 2768 2736 nomen
2821 2691 3062 2736 vestrum
3109 2681 3338 2737 diutinis
3395 2695 3462 2736 ac
3531 2678 3834 2750 prosperi

2209 2779 2422 2826 crescat
2461 2771 2823 2828 successibus.
2853 2771 2918 2827 Et
2945 2773 3404 2841 quemadmodum
3431 2771 3648 2842 piorum
3677 2784 3829 2841 pr.-

2209 2863 2517 2919 cedentium
2540 2863 2908 2936 Augustorum
2938 2864 3092 2919 miris
3121 2865 3210 2920 hic
3248 2873 3372 2935 post
3415 2863 3580 2918 funus
3604 2877 3826 2933 praeco-

2209 2956 2318 3012 niis
2345 2956 2648 3022 attollatttr,
2677 2965 2732 3012 et
2779 2957 2834 3012 in
2859 2957 3014 3013 cadis
3035 2958 3226 3012 αξιοι-ιιί
3271 2957 3424 3028 regni
3467 2956 3822 3012 beatitudino

2209 3049 2543 3120 perfruatur.
2592 3049 2844 3120 Alioquin
2888 3049 3186 3105 secundum
3214 3047 3552 3120 Apostolum,
3580 3047 3814 3104 verba.

2218 3139 2315 3194 Dei
2347 3157 2448 3195 non
2482 3149 2557 3196 est
2607 3139 2878 3211 alligatum
2909 3139 2996 3212 (ΙΙ
3031 3139 3164 3194 Tim.
3193 3142 3297 3212 tt);
3335 3139 3426 3211 qtti
3462 3153 3649 3194 rursus
3693 3139 3814 3198 ait:

2221 3227 2382 3288 Vivus
2421 3233 2556 3288 enim
2587 3242 2662 3288 est
2695 3232 2792 3288 Dei
2827 3249 2995 3288 sermo
3025 3243 3074 3288 et
3111 3233 3312 3304 enicas,
3346 3243 3392 3287 et
3423 3229 3814 3296 penetrabin

2213 3327 2355 3382 omni
2376 3325 2550 3398 gladio
2573 3325 2808 3397 ancipiti,
2835 3337 2883 3382 et
2905 3325 3202 3398 pertingens
3226 3341 3372 3396 usque
3388 3322 3456 3378 ad
3478 3321 3804 3380 diuisione-

2213 3421 2404 3475 attima:
2424 3436 2488 3474 ac
2512 3420 2758 3492 spiritus;
2783 3435 3094 3491 compagum
3115 3434 3312 3490 quoque
3331 3433 3390 3470 ac
3414 3413 3805 3484 medullarum.

2211 3520 2259 3566 et
2282 3497 2938 3584 discretorrogitationum
2969 3520 3017 3566 et
3046 3511 3389 3566 intentionem
3411 3507 3584 3564 cordis
3608 3503 3802 3578 (Hebr.

2211 3603 2308 3675 tv);
2329 3619 2436 3677 quo
2453 3603 2534 3659 usi
2549 3619 2650 3660 nec
2666 3603 3058 3667 inohedientes,
3075 3619 3176 3660 nec
3189 3599 3804 3660 adversantesEcclesi.

2214 3693 2334 3761 Dei,
2373 3711 2474 3752 nec
2521 3696 2827 3752 molestiam
2877 3695 3176 3754 inferentes
3212 3693 3432 3750 famulis
3467 3693 3586 3764 ejus
3613 3692 3801 3750 dimitt-

2214 3787 2331 3842 tére
2369 3769 2592 3857 'quoquo
2615 3788 2774 3844 modo
2800 3787 3101 3856 poterimus
3149 3787 3462 3858 impunitos.
3513 3784 3617 3855 Qui
3653 3783 3802 3840 ως

2175 3937 2184 3944 _
2209 3894 2368 3932 aures
2413 3877 2668 3934 audiendi
2705 3879 2892 3934 audiat
2923 3877 3139 3952 (Matth.
3167 3877 3270 3950 ιι).
3307 3876 3441 3946 Quae
3469 3891 3573 3932 nos
3599 3872 3802 3943 omnia.

2211 3971 2340 4029 licet
2371 3973 2625 4040 strictim,
2653 3973 2856 4030 idcirco
2887 3971 3120 4030 dicimus
3149 3980 3206 4028 et
3226 3970 3548 4042 satagimus,
3589 3979 3798 4024 necum

2209 4075 2266 4141 et
2291 4067 2580 4138 diligenter
2609 4067 2977 4137 exsequimur,
3005 4075 3064 4122 ut
3089 4065 3324 4138 plurima
3365 4073 3796 4121 commemorare

2209 4159 2710 4232 praetermittamus.
2761 4159 2970 4226 Primo,
2997 4167 3058 4214 ut
3084 4175 3154 4215 ne
3181 4173 3283 4214 nos
3307 4157 3376 4231 de
3414 4156 3600 4213 talenti
3642 4165 3792 4214 aee.-

2207 4254 2412 4325 ptione,
2457 4269 2623 4326 quam
2669 4253 2724 4309 in
2765 4253 3172 4326 privilegiorum
3208 4252 3518 4323 quantitate
3550 4245 3794 4322 percepi-

2210 4363 2332 4404 mus
2356 4347 2690 4418 districtam,
2718 4347 2762 4402 si
2790 4347 2930 4420 pigri
2971 4347 3331 4418 reperiamur,
3359 4361 3544 4403 coram
3587 4356 3792 4400 sumne

2206 4435 2390 4507 judice
2420 4453 2682 4510 cogamur
2721 4439 2946 4494 reddere
2983 4437 3272 4494 rationem.
3324 4435 3596 4502 Secundo,
3631 4448 3696 4491 ne
3729 4432 3792 4492 in

2214 4532 2503 4604 irregulari
2549 4530 2850 4599 dejectione
2897 4530 3112 4602 lgnatii,
3164 4529 3572 4588 consacerdotis
3620 4524 3792 4586 nosti

2209 4630 2287 4696 et,
2311 4623 2517 4688 fratris,
2570 4621 2655 4677 vel
2716 4621 2769 4677 in
2813 4621 3154 4694 promotione
3197 4619 3616 4691 Photiiquoquo
3635 4616 3798 4678 modo

2213 4713 2556 4770 consensisse
2603 4723 2878 4784 putemur.
2930 4713 3140 4782 Tertio,
3170 4729 3244 4772 ne
3272 4711 3622 4772 sacerdotalis
3659 4709 3787 4768 ordo

2214 4817 2322 4864 tam
2373 4806 2738 4879 ignominioso
2762 4805 3008 4874 vilescat,
3054 4817 3118 4862 ut
3145 4805 3360 4864 Domini
3394 4803 3567 4862 nostri
3607 4811 3663 4859 et
3701 4815 3788 4859 u-

2211 4915 2364 4956 crum
2389 4914 2588 4970 corpus
2609 4897 2727 4970 ejus
2756 4907 3070 4965 tractantes,
3100 4907 3264 4972 atque
3277 4897 3462 4956 Sancti
3489 4903 3786 4952 sanctorum

2211 4994 2329 5065 ejus
2358 4991 2624 5084 velamina
2663 5001 3031 5062 penetrantes,
3055 5001 3110 5049 et
3134 4991 3405 5064 praecipue
3441 5003 3700 5047 summu
3728 4986 3782 5045 in

2211 5085 2435 5142 dimcesi
2470 5079 2567 5141 sua
2608 5083 2786 5140 locum
2822 5085 3140 5149 retinentes,
3171 5091 3282 5137 tam
3317 5079 3478 5136 facile
3505 5079 3570 5136 de
3596 5087 3778 5136 cetera

2211 5175 2582 5248 impellantur,
2615 5185 2671 5232 et
2697 5191 2728 5230 a
2755 5174 3066 5245 vulgaribus
3099 5173 3404 5246 quibusque
3431 5187 3498 5226 ac
3526 5167 3775 5226 inferiori-

2207 5267 2311 5338 bus
2339 5271 2475 5334 suis,
2505 5283 2712 5324 necnon
2739 5275 2796 5323 et
2822 5266 2980 5324 laicis
3033 5274 3473 5338 prosternantur,
3515 5274 3569 5319 et
3593 5264 3782 5333 absque

2208 5363 2320 5419 ullo
2349 5362 2600 5418 examine
2624 5369 2718 5416 aut
2749 5360 3100 5432 comprobato
3125 5358 3354 5414 crimine
3382 5355 3551 5428 gradu
3579 5353 3780 5427 proprio

2211 5467 2265 5514 et
2284 5457 2528 5513 Ecclesia
2558 5471 2655 5512 sua
2693 5455 2994 5527 priventur.
3023 5453 3248 5521 Quarto,
3285 5451 3542 5525 quoniam
3569 5445 3780 5503 manife-

2211 5557 2352 5606 stum
2410 5557 2493 5604 est
2536 5547 2788 5618 qualiter,
2839 5545 2967 5601 sede
3005 5545 3301 5616 apostolica
3339 5543 3392 5597 in
3421 5538 3659 5612 Gregorii
3683 5536 3775 5610 Syc

2210 5641 2464 5698 racusani
2513 5649 2566 5696 et
2611 5641 2880 5696 sociorum
2915 5636 3029 5708 ejus
3058 5636 3403 5692 damnatione
3437 5649 3542 5690 non
3569 5643 3775 5687 consen-

2211 5735 2402 5804 tiente,
2451 5730 2554 5808 ipsi
2605 5729 2767 5792 modo
2807 5744 2968 5809 quem
3019 5728 3370 5806 pmdiximus
3415 5725 3484 5786 ad
3509 5725 3617 5783 hac
3641 5717 3773 5781 excf.
