4050 6324
231 391 386 449 W5

1426 387 1791 449 EPISTOLE
1832 342 1923 449 ετ
1963 388 2309 449 occasu.

3369 388 3509 449 {046

229 508 407 563 tanda
432 507 764 563 surrexerint
789 522 802 562 :
827 514 882 562 et
910 521 1053 563 nunc
1081 506 1185 562 nisi
1217 521 1315 563 nos
1338 506 1455 565 haec
1483 509 1819 579 corrigamus
1844 508 1892 568 Α
1920 505 2044 561 bilis
2070 504 2238 559 frater
2259 511 2311 560 et
2346 500 2697 573 coepiscopus
2723 509 2909 559 noster
2935 500 3173 575 lgnatius
3196 502 3508 559 Constanti-

226 600 329 655 vel
357 600 665 670 puniamus,
697 614 949 655 veremur
982 614 1053 655 ne
1091 600 1247 655 nobis
1290 599 1579 671 deputetur
1612 599 1667 654 in
1714 598 1827 654 cul-

226 705 386 761 pani.
424 688 687 745 Nimirum
719 692 809 761 qui
858 706 1199 747 successores
1243 705 1429 746 sumus
1462 705 1651 746 eorum
1696 704 1828 759 quo-

233 796 364 837 rum
413 782 512 852 ipsi
550 782 882 853 benignitate
930 784 1105 850 abusi,
1138 784 1264 839 licet
1294 784 1451 839 nobis
1485 781 1823 847 inconsultis,

229 873 310 926 atl
342 872 443 926 ista
486 873 720 943 prolapsi
768 882 912 929 sunt.
943 875 1161 943 Quinto,
1192 888 1261 928 ne
1284 875 1459 945 ipsum
1487 888 1701 944 quoque
1727 873 1835 926 im-

231 963 456 1032 perium
501 972 762 1029 vestrum,
804 965 889 1019 vel
939 980 1316 1020 successorum
1366 974 1669 1019 vestrorum
1717 971 1827 1017 tam

233 1051 435 1107 leviter
483 1054 742 1109 adversus
768 1055 1034 1111 Ecclesias
1078 1056 1170 1112 Dei
1216 1056 1297 1111 vel
1338 1056 1599 1125 praesules
1641 1038 1840 1110 eorum.

232 1159 496 1214 perverse
524 1148 884 1217 suggestionis
913 1147 1129 1202 ﬂatibus
1157 1154 1625 1201 commoveantur.

319 1236 471 1292 Unde
518 1238 774 1309 pietatem
819 1248 1063 1293 vestram
1107 1241 1487 1306 obsecramus,
1544 1248 1600 1295 et
1643 1252 1827 1295 coram

237 1328 359 1385 Deo
388 1336 444 1383 et
472 1330 679 1384 sanctis
710 1330 916 1400 angelis
953 1330 1071 1399 eius
1101 1339 1491 1395 contestamur,
1519 1337 1579 1383 ut
1605 1330 1827 1384 obedia-

239 1419 321 1474 tis
360 1419 533 1486 nobis,
572 1427 628 1475 et
679 1432 779 1475 nos
814 1420 867 1474 in
926 1421 1025 1475 hac
1052 1422 1160 1475 vita
1194 1423 1373 1491 potius
1407 1421 1594 1476 audire
1629 1420 1829 1475 curetis

241 1517 529 1572 hortantes
556 1524 718 1584 atque
742 1523 1015 1585 rogantes,
1046 1529 1206 1584 quam
1232 1516 1449 1569 beatum
1465 1514 1686 1569 Petrtun
1716 1526 1829 1568 cte-

240 1607 401 1663 lestis
434 1606 581 1678 regni
618 1607 947 1678 clavigerum
976 1608 1027 1661 in
1070 1606 1251 1661 futuro
1292 1607 1543 1663 sentiatis
1571 1621 1832 1661 accusan-t

245 1709 385 1765 tem,
403 1707 566 1769 atque
585 1698 954 1753 damnantem.
972 1698 1111 1753 Nam
1128 1700 1173 1754 si
1191 1700 1346 1754 nobis
1369 1704 1474 1754 non
1498 1694 1830 1764 ebedieritis,

248 1792 370 1864 ipse
398 1791 786 1855 contemnitur,
831 1790 988 1860 cujus
1018 1792 1162 1845 vices
1209 1798 1491 1862 gestantes
1520 1799 1573 1846 et
1602 1789 1837 1845 anctori~

1927 596 2291 666 nopolitauam
2315 600 2527 666 regeret
2547 592 2866 660 Ecclesium,
2898 609 2926 647 a
2951 602 3151 649 sancta:
3179 593 3515 649 communica

1926 689 2014 743 nis
2045 687 2456 759 participatione
2482 694 2670 741 contra
2717 686 2931 758 regulas
2966 686 3329 742 avertentiuin
3353 693 3515 757 parte

1927 779 2095 833 fuisse
2136 778 2503 848 dignosceris,
2552 784 2606 832 et
2637 791 2703 831 ex
2747 776 2993 831 saeculari
3042 776 3513 831 administratione

1929 878 2092 939 atque
2118 869 2331 934 militia,
2359 878 2413 925 et
2433 883 2499 924 ex
2525 867 2642 924 foro
2666 868 2857 923 subito
2872 876 3182 923 tonsuratus
3202 909 3216 933 ,
3245 883 3273 921 a
3301 867 3511 938 Gregoo

1930 960 2014 1015 rio
2046 960 2393 1030 Syracusano
2430 960 2628 1015 dudum
2659 960 2911 1031 episcopo
2950 973 2978 1013 a
3025 962 3230 1031 synodo
3262 962 3521 1013 damnato

1929 1060 1984 1107 et
2012 1054 2079 1106 ab
2108 1052 2398 1122 apostolica
2431 1053 2558 1107 sede
2588 1053 2837 1107 convicto
2863 1052 3148 1122 cpiscopus
3176 1050 3417 1106 ordinari
3462 1056 3527 1106 έι

1929 1144 2229 1213 nuncupari
2266 1159 2480 1212 passus,
2504 1146 2668 1197 etiam
2700 1144 2913 1197 vivente
2942 1152 3004 1197 ac
3033 1144 3324 1213 superstite
3351 1142 3511 1211 lgna-

1933 1235 2008 1289 tio
2038 1236 2342 1305 patriarcha
2389 1236 2572 1291 sedem
2604 1236 2771 1305 ipsius
2817 1236 3059 1291 invasist'i
3087 1254 3100 1301 ;
3141 1243 3194 1291 et
3226 1249 3513 1306 sponsam,

1930 1343 2092 1398 quam
2120 1344 2148 1381 a
2178 1327 2396 1384 Christo
2422 1344 2620 1399 sponso
2650 1330 3045 1384 immaculatum
3079 1328 3515 1395 custodiendam,-

1930 1419 2095 1473 veluti
2140 1420 2346 1475 amicus
2391 1421 2569 1491 sponsi
2607 1430 2951 1492 perceperat,
3001 1428 3105 1475 non
3154 1435 3250 1490 per
3278 1420 3539 1486 ostium,

1931 1511 2076 1580 quod
2116 1510 2364 1566 Christus
2390 1519 2503 1577 est,
2550 1513 2643 1567 sed
2670 1512 2886 1567 aliunde
2913 1524 2981 1567 ex
3022 1510 3247 1567 adverso
3276 1511 3335 1565 in
3374 1508 3525 1566 ovile

1933 1606 2273 1662 Dominicum
2302 1621 2452 1661 more
2481 1605 2644 1671 furis,
2694 1607 2775 1662 vel
2811 1608 3034 1663 latronis
3067 1607 3403 1677 imrnTpens,
3453 1602 3531 1662 ac

1933 1699 2229 1763 violentus,
2279 1715 2446 1770 rap'tx
2484 1708 2538 1755 et
2566 1700 2825 1757 scelestus
2851 1700 3063 1757 adulter
3087 1698 3422 1772 subripuisri.
3453 1690 3499 1754 Ε

1936 1798 2150 1860 praeter,
2188 1790 2296 1845 imo
2319 1790 2573 1845 adversus
2598 1792 2917 1862 apostolicos
2946 1804 3181 1847 canones
3200 1832 3213 1854 ,
3246 1790 3522 1846 srernlari-

248 1892 367 1939 tate
395 1882 717 1937 clamamus.
743 1881 913 1937 Porro
938 1881 983 1936 si
1014 1881 1161 1935 illum
1195 1880 1558 1936 contemnitis.
1592 1880 1697 1949 ipsi
1720 1878 1838 1947 jam
1869 1883 1915 1940 Β
1944 1881 2049 1937 bus
2074 1882 2429 1952 potestatibus
2458 1898 2587 1937 usus
2609 1924 2622 1948 ,
2662 1883 2946 1939 ecclesiam
2979 1898 3076 1953 per
3104 1897 3195 1937 ens
3222 1881 3526 1937 obtinuisti.

250 1975 594 2029 considerate
628 1974 718 2044 qui
752 1973 818 2028 de
844 1972 997 2028 vobis
1037 1974 1164 2037 erit,
1193 1972 1274 2027 vel
1309 1986 1475 2042 quam
1511 1971 1565 2025 in
1606 1970 1837 2025 terribiii

242 2061 455 2133 judicio
486 2064 581 2118 Dei
609 2064 875 2118 rationem
921 2063 1138 2127 dabitis,
1167 2064 1259 2132 qui
1311 2064 1366 2116 in
1398 2071 1545 2117 tanta
1591 2061 1841 2117 sublimi-

251 2161 368 2209 tate
395 2153 578 2223 positi,
607 2169 705 2225 per
732 2155 1042 2224 exemplum
1069 2162 1311 2209 vestrum
1340 2154 1550 2208 cunctis
1582 2152 1847 2221 subjectis

250 2245 453 2299 vestris
477 2244 657 2298 ultimi
687 2245 866 2299 exitus
895 2245 1250 2316 praecipitium
1281 2245 1699 2300 demonstretis:
1730 2258 1844 2298 non

252 2328 433 2390 solum
466 2349 648 2391 autem
687 2334 742 2391 in
771 2337 1023 2407 przesenti
1056 2346 1316 2407 tempore,
1351 2353 1539 2393 verum
1587 2338 1750 2391 etiam
1782 2336 1837 2390 in

255 2427 488 2493 futuro,
529 2428 949 2498 imperatoribus
992 2429 1243 2484 videlicet
1291 2436 1347 2484 et
1394 2429 1603 2483 cunctis
1652 2427 1841 2482 mundi

254 2519 615 2590 principibus,
642 2533 857 2575 necnon
911 2527 969 2575 et
999 2518 1252 2576 omnibus
1299 2520 1520 2574 omnino
1568 2518 1838 2573 fidelibus.

329 2613 719 2669 Exhorrescite
762 2614 927 2685 igitur
958 2618 1034 2669 tot
1057 2613 1338 2668 hominum
1384 2611 1632 2682 exemplo
1657 2619 1849 2664 vestro

258 2705 519 2777 pietatem
549 2706 862 2771 aestrnere;
900 2704 1188 2762 formidato
1225 2715 1499 2761 tantarum
1537 2704 1842 2759 animarum

261 2799 481 2869 operari
515 2796 855 2868 periculum;
891 2798 1259 2868 pertimescite
1304 2797 1576 2863 fidelibus,
1608 2796 1676 2851 ad
1706 2795 1849 2851 saluo

266 2896 377 2943 tem
405 2887 544 2944 forte
568 2888 936 2955 tendentibus,
964 2898 1168 2945 tantam
1194 2889 1487 2962 perniciem
1516 2903 1853 2959 praeparare,-

266 2988 323 3036 et
364 2994 463 3051 pro
507 2980 599 3036 his
639 2983 895 3037 mnibus
953 2997 1134 3037 coram
1194 2982 1444 3037 districto
1485 2981 1670 3051 judice
1728 2981 1848 3037 sine

268 3070 603 3142 quibuslibet
625 3074 997 3130 excusationis
1038 3075 1358 3147 ambagibus
1384 3073 1450 3130 de
1478 3075 1730 3129 omnibus
1763 3088 1849 3127 ra-

269 3164 472 3218 tionem
504 3164 869 3221 mutandam
913 3166 1064 3221 dare.
1120 3164 1386 3234 Quoniam
1429 3174 1560 3237 quot
1600 3164 1852 3237 exemplo

1944 1973 2150 2029 Deinde
2173 1989 2294 2029 cum
2326 1974 2593 2029 damnatis
2622 1983 2675 2029 et
2702 1974 3194 2039 anathematiz‘at‘is,
3224 1982 3384 2045 atque
3410 1978 3543 2029 cum

1943 2065 2060 2128 bis,
2115 2066 2206 2134 qui
2249 2080 2316 2119 ne
2368 2064 2702 2130 sacerdotale
2756 2064 2997 2121 cilicium
3026 2072 3150 2120 aute
3197 2065 3537 2120 audientiam

1942 2161 2367 2224 praesumerent,
2418 2163 2472 2209 et
2501 2172 2529 2208 a
2561 2155 2846 2209 decessore
2885 2168 3015 2210 meo
3053 2164 3254 2211 saneta:
3281 2155 3537 2210 rccordas-

1948 2244 2108 2298 tionis
2155 2244 2447 2300 Benedicto
2471 2260 2609 2315 papa
2651 2244 2865 2301 fuerant
2894 2246 3145 2317 obligati,
3197 2247 3436 2318 quotidie
3469 2259 3539 2304 ac

1947 2334 2314 2391 intlill'erenter
2342 2338 2773 2404 communicatis,
2806 2347 2858 2393 et
2896 2354 3227 2395 conversaris
3253 2349 3442 2395 contra
3477 2340 3538 2393 ηε

1946 2427 2079 2482 dem-
2094 2429 2439 2497 promissam,
2482 2438 2781 2499 contraque
2812 2439 2958 2486 tuam
2992 2432 3401 2503 professionem,
3433 2446 3542 2502 qua

1947 2518 2219 2589 pollicitus
2265 2535 2358 2584 es,
2397 2528 2450 2575 te
2501 2521 2761 2578 adversus
2805 2522 2919 2591 jatn
2959 2523 3126 2579 fatum
3177 2526 3545 2594 patriarcham

1951 2611 2157 2666 nullum
2191 2612 2470 2668 sinistrum
2501 2616 2782 2671 consilium
2810 2632 2929 2673 esse
2961 2615 3229 2674 facturum
3253 2660 3267 2685 ,
3315 2631 3543 2689 congre-

1953 2705 2097 2776 gusti
2118 2705 2428 2773 concilium,
2463 2715 2517 2761 et
2543 2722 2665 2762 cum
2691 2710 3041 2781 sequentibus
3069 2711 3175 2766 tuis
3204 2712 3461 2781 depositis
3488 2712 3557 2767 et

1955 2798 2226 2853 damnatis
2248 2805 2303 2853 et
2324 2799 2803 2856 exeommuuicatis
2822 2842 2836 2866 ,
2875 2809 2931 2856 et
2961 2803 3461 2869 anathemat'izatis,
3492 2811 3555 2858 et

1955 2888 2078 2944 aliis
2107 2889 2222 2944 sine
2253 2890 2527 2954 Ecclesiis,
2577 2900 2741 2963 atque
2765 2910 2885 2948 cum
2918 2894 3034 2962 bis,
3084 2911 3114 2951 a
3145 2896 3340 2967 quibus
3375 2896 3460 2951 vel
3487 2902 3555 2952 tu"

1957 2982 2330 3054 irregulariter
2375 3000 2438 3041 ac
2483 2985 2668 3041 illicite
2714 2998 3000 3057 provectus
3031 2989 3245 3055 fueras,
3297 2990 3379 3046 vel
3409 3004 3547 3059 quos

1958 3073 2076 3143 ipse
2108 3083 2311 3131 temere
2340 3091 2404 3131 ac
2434 3076 2672 3133 iudebite
2702 3092 3051 3147 promoveras
3081 3089 3277 3136 contra
3297 3082 3549 3137 eumdem

1960 3165 2186 3222 fratrem
2217 3176 2270 3223 et
2311 3168 2741 3224 comministrum
2772 3178 3017 3227 nostrum
3049 3173 3434 3244 depositioncm
3465 3172 3549 3227 fa-

269 3262 455 3310 κιινο
500 3255 571 3309 ad
618 3257 751 3312 lilia
791 3257 993 3312 fuerim
1041 3258 1299 3323 ἀετοιιιιίν
1341 3258 1407 3313 de
1436 3265 1515 3312 tot
1545 3257 1850 3313 animarum
1878 3244 1925 3308 (ἶ
1958 3275 2102 3322 cere,
2130 3268 2182 3316 et
2206 3263 2492 3318 anathema
2516 3263 2882 3320 dicere'ausus
2906 3281 2986 3321 es.
3014 3265 3216 3322 Deinde
3242 3266 3551 3337 apostolica).

272 3347 555 3420 dispendio
588 3350 745 3406 eritis
769 3366 995 3423 prorsus
1035 3351 1254 3407 obuoxii
1275 3368 1305 3423 ;Δ
1328 3359 1380 3407 et
1425 3360 1505 3407 tot
1537 3349 1728 3421 procul
1763 3348 1856 3405 du-

270 3442 380 3501 bios
410 3443 555 3513 qvod
601 3456 715 3500 non
755 3421 1027 3516 optamus,
1062 3460 1253 3516 ptenas
1298 3421 1485 3511 luetis,
1517 3453 1649 3515 quot
1679 3444 1863 3499 noxia

275 3537 504 3593 actionis
531 3545 729 3593 vestrm
754 3537 929 3592 forma
960 3539 1013 3593 in
1044 3538 1423 3593 inohedientite
1449 3539 1617 3593 chaos
1640 3536 1859 3593 demer-

275 3628 427 3698 gitis.
471 3627 605 3696 Qum
647 3631 849 3696 omnia,
895 3631 1100 3700 pietate
1128 3638 1306 3685 vestra
1358 3630 1515 3685 nobis
1544 3628 1854 3695 ubediente,

277 3716 790 3786 avertatﬂouinus,
837 3737 961 3777 nam
1015 3722 1117 3777 ista
1169 3736 1271 3778 nos
1307 3736 1406 3794 pro
1453 3721 1630 3777 salute
1670 3730 1856 3776 vestra

274 3816 655 3887 prosequimur
695 3817 1069 3886 deligimus:
1117 3816 1227 3889 (Ea:
1265 3834 1345 3887 ep.
1375 3814 1572 3871 Cetarii
1603 3830 1757 3887 papce
1786 3814 1859 3869 ad

277 3907 459 3962 Anan.
503 3907 657 3978 inp.)
708 3906 869 3963 Unde
902 3918 972 3963 ne
1018 3907 1273 3964 irascaris
1310 3908 1353 3963 si
1394 3915 1449 3963 te
1489 3915 1697 3961 tantum
1736 3903 1861 3960 δίη-

278 3998 457 4070 gimus
486 4002 555 4054 at
584 3998 881 4069 temperate
921 4004 1146 4070 regnum
1187 3999 1328 4069 quod
1378 4008 1664 4054 assecutus
1689 4012 1767 4063 es,
1803 4010 1861 4054 te

276 4087 505 4144 velimus
533 4088 737 4145 habere
759 4101 1027 4159 perenne;
1079 4096 1135 4143 et
1169 4090 1262 4160 qui
1301 4090 1538 4160 imperas
1574 4102 1717 4144 nunc
1754 4088 1867 4143 bow

278 4179 538 4247 minibus,
592 4188 789 4253 regnes
831 4195 954 4236 cum
1004 4180 1255 4248 Christo;
1292 4188 1347 4237 et
1395 4181 1485 4253 qui
1522 4195 1647 4237 cras
1694 4180 1865 4235 mori-

281 4283 437 4329 turus
457 4282 539 4339 es,
563 4273 733 4329 vitam
755 4274 1027 4345 percipias
1072 4281 1129 4329 et
1157 4272 1383 4346 gloriam
1421 4281 1682 4329 :cternam
1713 4271 1857 4344 [σού.

287 4363 926 4442 Υσηὲεηοεηῳίωηηωῇ
970 4362 1109 4424 Data
1164 4366 1348 4425 Idibus
1381 4364 1723 4432 Novembris,
1773 4363 1858 4419 in-

282 4456 519 4517 dictione
539 4466 632 4518 sv.

312 4566 317 4571 '
978 4549 1165 4611 xeat.

892 4666 961 4722 an
995 4680 1254 4724 puo'riott.

877 4776 1068 4849 (Anno
1104 4777 1266 4863 866.)

283 4889 368 4951 Bs
403 4892 579 4947 robrat
615 4890 805 4955 Photio
834 4894 1001 4949 multa
1031 4898 1286 4963 crimina,
1354 4914 1438 4954 tua
1478 4899 1534 4954 in
1556 4895 1865 4968 occupanda

350 4910 548 5018 limam
584 4969 703 5018 sede
750 4968 1038 5018 commisit:
1081 4968 1263 5018 orabat
1302 4913 1452 5018 iylum
1476 4980 1526 5018 et
1558 4970 1788 5018 divinum
1815 4976 1865 5018 et

384 4964 548 5033 guatii
584 4969 703 5019 sede
750 4968 1038 5032 commisit;
1079 4968 1263 5035 probat
1302 4964 1452 5022 illum
1476 4980 1526 5024 et
1558 4964 1788 5023 divinum
1815 4976 1865 5022 et

350 5034 638 5111 [tamquam
676 5035 769 5111 jus
800 5037 1019 5091 violasse
1040 5034 1087 5103 ;’
1116 5040 1321 5111 nuntiat
1360 5040 1529 5109 ipsum
1574 5040 1864 5111 depositum

352 5105 539 5176 fuisse,
583 5115 630 5160 et
663 5108 708 5160 si
737 5122 842 5180 non
866 5117 1012 5180 paret
1038 5109 1333 5172 sententiw,
1376 5105 1611 5164 minatur
1638 5105 1728 5163 illi
1748 5124 1865 5180 per—

347 5185 561 5247 petuam
583 5192 746 5250 usque
773 5178 843 5233 ad
869 5177 1067 5233 obitum
1096 5182 1706 5236 eumnmunicntionem.

314 5289 622 5349 ‘Ntcouus
648 5292 931 5365 episcopus
1007 5309 1194 5350 servus
1234 5310 1513 5353 servorum
1564 5296 1697 5365 Dei,
1744 5297 1865 5353 viro

286 5378 507 5439 Pueris.

348 5474 826 5535 Innumerabilium
867 5480 1123 5551 reperiris
1162 5482 1664 5552 praevaricationum
1695 5482 1863 5539 obno—

288 5566 427 5632 rius,
455 5577 511 5623 et
534 5571 961 5627 venerandorum
994 5589 1283 5639 canonum,
1320 5584 1483 5645 atque
1513 5585 1862 5646 paternarum

291 5657 697 5728 dillinitionum,
747 5664 986 5734 quittimo
1035 5674 1090 5721 et
1131 5664 1435 5721 divinorum
1486 5666 1863 5722 mandatorum

292 5746 628 5808 contumeliis
671 5751 1039 5825 multipliciter
1078 5772 1141 5811 ac
1186 5756 1524 5828 impudenter
1547 5758 1757 5814 elatus:
1792 5759 1866 5815 si-

293 5845 599 5922 quidem-et
627 5860 693 5905 ex
723 5847 1229 5919 scbismaticorum;
1266 5850 1361 5907 sed
1399 5857 1603 5908 etcum
1633 5865 1862 5909 venera-

1960 3353 2107 3408 sedis
2134 3354 2350 3420 missos,
2382 3368 2517 3425 quos
2560 3372 2657 3427 pro
2706 3372 2867 3414 causa
2904 3372 3179 3414 sacrarum
3217 3359 3550 3431 imaginum,

1958 3455 2017 3502 et
2044 3461 2140 3518 pro
2179 3447 2532 3518 inquirenda,
2584 3456 2639 3504 et
2681 3448 2838 3505 nobis
2885 3451 3246 3505 renuntianda
3292 3452 3402 3521 jam
3452 3449 3554 3505 fati

1959 3539 2286 3608 patriarcha:
2330 3538 2666 3608 dejectione,
2712 3549 2768 3595 et
2794 3542 2863 3597 ob
2899 3542 3278 3597 inveniendum
3324 3543 3555 3598 modum

1960 3632 2322 3702 promotionis
2373 3642 2476 3688 tuas
2520 3633 2982 3689 destinaveramus
3028 3651 3042 3686 :
3091 3635 3285 3704 quibus
3327 3632 3561 3704 potuisti

1963 3724 2299 3793 argumentis
2319 3737 2350 3777 a
2378 3724 2577 3778 nostris
2604 3723 2875 3779 mandatis
2897 3732 3164 3791 avertere,
3190 3738 3338 3780 more
3363 3722 3554 3781 Acacii

1963 3813 2232 3882 quondam
2281 3811 2860 3885 Constantinopolitani
2904 3814 3142 3870 haeretici
3190 3815 3551 3885 patriarcha},

1962 3906 2389 3978 pnesumpsisti,
2433 3913 2488 3962 et
2531 3907 2598 3963 ad
2648 3907 3077 3979 proccssionem,
3115 3922 3235 3979 quae
3281 3908 3374 3965 tibi
3428 3920 3559 3965 cum

1965 3998 2312 4071 comparibus
2358 3999 2464 4054 tuis
2500 3998 2846 4075 habebatur:
2877 3999 3033 4055 sicuti
3096 4014 3282 4055 eorum
3342 3999 3551 4071 preios-

1966 4092 2119 4148 sione
2154 4089 2483 4161 patefactum
2528 4099 2642 4163 est,
2687 4100 2742 4147 et
2784 4100 2974 4147 saneto
3022 4090 3228 4163 Spiritu
3278 4093 3565 4151 revelante‘

1965 4185 2292 4240 veneranda:
2319 4184 2560 4258 synodo,
2611 4199 2733 4255 qua:
2774 4200 2804 4239 a
2842 4184 2995 4240 nobis
3025 4186 3247 4242 collecta
3277 4190 3391 4251 est,
3439 4185 3552 4243 cla-

1967 4277 2110 4342 ruit,
2159 4276 2227 4331 ad
2256 4276 2631 4333 damnatorum
2657 4285 2712 4332 et
2740 4276 3246 4344 schismaticorum,
3299 4286 3563 4348 tuamque

1968 4368 2339 4425 confusionem
2367 4376 2675 4440 contempta
2704 4367 2990 4441 legatione,
3022 4384 3141 4441 quae
3164 4368 3244 4424 vel
3272 4369 3553 4442 gentilium

1968 4472 2123 4513 more
2165 4458 2372 4513 servari
2414 4457 2632 4525 debuit,
2671 4459 3011 4530 pertransisti
3056 4458 3185 4531 [pro
3218 4457 3553 4528 pertraxisti.

1971 4550 2219 4624 illum],
2265 4560 2316 4607 et
2348 4550 2401 4607 in
2433 4551 2734 4607 illusionem
2760 4550 2904 4607 beati
2930 4549 3077 4607 Petri
3108 4549 3363 4620 apostoli,
3403 4548 3558 4618 cujus

1891 4614 2007 4700 θα
2031 4614 2409 4715 εθιίέρτοῐερῐί
2440 4642 2675 4710 fuerunt,
2710 4659 2815 4700 non
2847 4642 3018 4699 solum
3049 4614 3355 4697 ineillcaces
3378 4614 3569 4697 redire”

1968 4734 2177 4801 fecisti,
2217 4735 2312 4792 sed
2357 4735 2521 4792 etiam
2554 4735 2956 4808 impugnatores
2982 4733 3255 4802 omnium,
3305 4750 3426 4805 qua:
3453 4733 3563 4790 sibi

1970 4831 2187 4887 fuerant
2211 4830 2471 4902 imperata
2491 4871 2508 4897 ,
2559 4828 2894 4886 monstrasti.
2925 4826 3207 4884 Postremo
3240 4827 3554 4898 episcopos,

1972 4924 2067 4995 qui
2108 4923 2200 4978 tibi
2235 4931 2491 4994 tanquam
2520 4921 2795 4987 adultero,
2836 4929 2892 4975 et
2934 4918 3209 4991 pervasori
3254 4918 3554 4974 communi-

1972 5032 2103 5072 care
2133 5014 2449 5080 noluerunt,
2476 5012 2665 5069 exsilio
2695 5012 2939 5085 relegasti
2961 5054 2975 5078 ,
3011 5021 3066 5068 et
3088 5011 3218 5083 ipsis
3241 5010 3567 5082 iubentibus

1972 5116 2164 5163 contra
2195 5121 2429 5162 canones
2460 5105 2535 5160 tui
2570 5104 2793 5161 sceleris
2818 5104 3105 5176 complices
3127 5103 3179 5158 in
3210 5118 3397 5161 eorum
3424 5102 3554 5160 sub-

1972 5214 2168 5272 rogare
2211 5199 2346 5255 locis
2387 5214 2493 5255 non
2535 5197 2782 5253 timuisti.
2830 5197 2898 5253 Et
2918 5212 3089 5269 usque
3113 5196 3166 5253 in
3191 5211 3428 5269 praesens
3448 5195 3551 5254 Ec-

1972 5293 2193 5350 clesiam
2224 5293 2317 5349 Dei
2348 5291 2575 5348 diversis
2603 5290 3069 5362 persecutionibus
3099 5291 3411 5362 impugnare
3431 5304 3551 5346 .non

1973 5384 2198 5440 desinis.
2223 5382 2300 5438 lta
2321 5391 2381 5436 ut
2407 5379 2629 5437 fratrem
2656 5389 2711 5437 et
2732 5380 3104 5452 coepiscopum
3128 5389 3371 5437 nostrum
3398 5378 3552 5451 lgna-

1972 5475 2107 5530 tium
2149 5471 2550 5528 sanctissimum
2599 5471 2963 5543 patriarcham
3007 5471 3261 5527 inauditis
3300 5471 3477 5542 pmuis
3500 5462 3561 5525 et

1974 5564 2328 5624 horribilibtts
2371 5564 2653 5620 tormentis
2689 5564 2902 5621 allicere
2928 5578 3035 5621 non
3071 5563 3344 5636 quiescis:
3376 5562 3468 5617 scd
3499 5570 3558 5617 ct

1972 5670 2164 5713 omnes
2191 5662 2453 5725 quotquot
2479 5670 2575 5725 pro
2602 5655 2859 5723 veritate,
2909 5658 2969 5710 et‘
2989 5652 3093 5711 ﬂdc
3120 5650 3399 5709 commode
3431 5666 3553 5722 per-

1970 5754 2167 5810 sistere
2202 5751 2578 5823 deprehendis,
2611 5751 2805 5824 quibus
2830 5749 3090 5825 praevalcs
3118 5749 3290 5807 modis
3317 5746 3571 5822 perdere,

1974 5848 2414 5921 impraztcrmisse
2441 5845 2665 5905 moliris.
