4050 6324
506 292 643 351 1047

1817 281 2089 346 NICOLAI
2123 281 2323 343 ΡΑΡᾹΞ
2349 284 2370 341 l

3735 275 3927 333 1048

573 408 940 475 Quamobrem
964 406 1019 462 in
1046 406 1131 462 his
1154 414 1211 461 et
1230 402 1598 487 hujuscemodi
1625 412 1677 459 te
1700 412 2087 477 cognoscentes
2113 404 2164 466 Α
2191 401 2409 471 quidem
2455 414 2486 455 a
2528 415 2657 455 vero
2692 399 3019 456 discedimus
3049 416 3062 454 :
3112 382 3238 453 nam
3282 396 3397 468 ipse
3447 410 3581 451 non
3671 393 3923 450 solum

505 508 696 557 contra
722 498 1065 570 evangelicas
1086 540 1101 563 ,
1129 496 1450 568 apostolicus
1468 538 1483 562 ,
1509 505 1566 552 et
1591 496 1967 568 propheticas,
2001 503 2086 550 at-

504 604 610 661 que
638 592 930 646 canonicas
969 589 1337 645 institutiones
1374 588 1567 643 efferre
1604 587 1881 653 dolemus,
1929 595 1984 642 et
2008 585 2089 640 ni-

502 685 628 739 miis
672 682 993 739 maeroribus
1030 680 1237 743 allecti,
1293 679 1601 751 necessario
1639 688 1693 734 te
1733 676 2089 749 praesentibus

503 777 744 849 apicibus
774 778 1144 841 admonemus,
1169 776 1453 832 hortamur
1473 783 1528 830 et
1551 776 1920 839 obsecramus,
1948 782 2009 827 ut
2033 773 2087 827 in

502 878 651 924 tanta
673 868 845 940 gloria
874 884 982 924 non
1027 868 1346 938 decipiaris,
1384 876 1439 922 et
1466 874 1667 922 aeterna
1693 865 1835 921 bona
1868 879 1968 936 pro
2002 864 2087 919 his

501 962 759 1017 brevibus
786 976 891 1016 non
921 960 1159 1015 amittas.
1202 959 1377 1015 Pensa
1408 974 1567 1030 quam
1598 973 1767 1029 pauca
1816 965 1943 1013 sunt
1969 973 2087 1012 om-

498 1055 624 1118 nia,
656 1068 776 1123 quae
802 1052 1179 1116 hianulctent
1204 1050 1545 1124 [mulcent],
1591 1049 1888 1121 quamlibet
1915 1048 2085 1104 multa

498 1159 620 1200 esse
644 1144 947 1199 videantur.
992 1143 1304 1213 Perpende,
1352 1158 1569 1214 quaeso,
1613 1157 1776 1212 quam
1804 1139 2085 1210 multiplex

496 1236 586 1298 sit.
617 1246 673 1291 et
692 1252 854 1307 quam
876 1236 1088 1307 prolixa
1111 1251 1271 1306 poena
1298 1237 1575 1307 gehennae,
1606 1245 1662 1290 et
1684 1235 1823 1290 banc
1846 1233 2086 1289 incidere

493 1326 848 1395 pertimesce,
902 1326 1041 1383 hanc
1093 1327 1190 1382 tibi
1240 1327 1523 1397 acquirere
1553 1325 1862 1380 medullitus
1889 1324 2086 1380 exhor-

494 1418 667 1471 resce.
700 1413 869 1482 Nam,
915 1416 1210 1471 secundum
1251 1416 1630 1488 Evangelium,
1683 1415 1823 1482 Quid
1875 1415 2084 1486 prodest

494 1505 695 1561 homini
721 1506 768 1560 si
812 1506 1045 1560 lucretur
1069 1516 1235 1561 totum
1263 1508 1548 1572 mundam,
1593 1507 1783 1562 anima:
1819 1523 1936 1562 vero
1972 1523 2083 1562 sua:

494 1595 862 1651 detrimentum
910 1599 1193 1669 patiatur?
1232 1598 1436 1672 (Marc.
1472 1600 1627 1672 vni.)
1688 1599 1903 1655 Scimus
1948 1615 2082 1670 quo-

494 1689 641 1744 niam
677 1690 940 1761 sapientia
970 1693 1245 1762 praeditus,
1278 1703 1333 1748 et
1356 1693 1581 1749 scientia
1607 1694 1806 1749 ditatus
1836 1693 2072 1749 haberis.

499 1780 608 1859 Sed
650 1783 774 1837 audi
803 1783 931 1853 quid
968 1785 1229 1856 propheta
1276 1787 1343 1841 dc
1382 1787 1700 1856 quibusdam
1745 1787 2081 1859 sapientibus

496 1872 643 1928 dicat
674 1892 685 1927 :
719 1872 1017 1944 Sapientes,
1048 1877 1239 1947 inquit,
1268 1886 1409 1942 sunt,
1439 1886 1496 1932 at
1525 1878 1722 1948 faciant
1750 1879 1912 1945 mala,
1955 1879 2080 1934 bene

502 1974 680 2017 autem
723 1965 895 2034 facere
924 1965 1160 2021 nesciunt
1206 1967 1352 2040 (Jer.
1381 1972 1490 2040 IV).
1539 1968 1708 2024 Porro
1750 1970 1815 2026 de
1853 1970 2079 2025 scientia

495 2054 743 2125 egregius
762 2055 1054 2125 Apostolus
1075 2057 1150 2111 ait
1180 2076 1193 2111 :
1228 2046 1470 2114 Scientia‘
1487 2060 1661 2130 inﬂat,
1686 2061 1914 2131 Charitas
1961 2076 2078 2115 vero

495 2143 723 2213 a’diﬁcat
771 2145 821 2215 (l
867 2143 990 2201 Cor.
1030 2146 1180 2219 vni).
1224 2149 1365 2222 Ergo
1409 2158 1668 2220 quantum
1713 2166 1822 2207 non
1868 2151 2077 2221 prosit,

494 2234 607 2290 imo
651 2248 913 2305 quantum
944 2239 1115 2304 obsit,
1168 2257 1272 2297 non
1322 2243 1389 2297 ad
1430 2243 1569 2298 bnoa
1605 2243 1699 2297 sed
1729 2243 1795 2297 ad
1827 2245 1969 2298 mala
1997 2244 2081 2298 fa-

493 2325 683 2380 cienda
720 2327 1043 2385 habentibus
1079 2332 1398 2402 sapientiam
1446 2333 1855 2388 animadverte:
1886 2343 1940 2389 et
1967 2335 2079 2390 noli

493 2416 713 2487 gloriari
743 2419 790 2473 si
816 2419 986 2476 habes
1017 2422 1292 2477 scientiam
1324 2424 1442 2479 sine
1484 2426 1771 2491 cbaritate,
1798 2428 2074 2497 quoniam,

494 2519 633 2565 teste
657 2511 952 2583 Apostolo,
998 2514 1087 2570 illa
1120 2513 1297 2582 inﬂat,
1330 2516 1431 2572 ista
1456 2517 1688 2575 mdilicat
1721 2518 1786 2592 ,(1
1820 2518 1943 2575 Cor.
1974 2519 2073 2593 tv).

491 2602 560 2658 Et
587 2613 734 2660 certe
776 2605 1069 2662 absurdum
1102 2622 1165 2662 ac
1213 2608 1470 2665 indecens
1499 2619 1609 2676 est,
1661 2620 1723 2667 ut
1749 2627 1900 2677 eam,
1954 2628 2077 2684 quae

491 2695 663 2761 inﬂat,
690 2698 943 2755 virtutem
980 2699 1179 2756 habeas
1205 2742 1220 2767 ,
1251 2700 1343 2755 illa
1369 2717 1498 2757 vero
1525 2718 1647 2773 qua:
1676 2703 1935 2768 aediﬁcat,
1983 2720 2076 2760 ca-

491 2804 632 2845 reas.
664 2790 837 2859 Quam
867 2802 1046 2848 autem
1077 2795 1313 2850 habuisti
1340 2796 1664 2852 charitatem
1689 2837 1704 2862 ,
1748 2797 1964 2868 quando
1994 2797 2085 2859 vi-r

492 2883 659 2939 debas
685 2884 910 2943 fratrem
950 2896 1005 2942 ct
1049 2890 1480 2945 comministrum
1510 2903 1757 2947 nostrum
1806 2892 2071 2964 lgnatium

491 2971 560 3025 ab
594 2974 822 3030 ecclesia
852 2993 945 3032 sua
975 2977 1131 3048 pelli,
1163 2978 1348 3049 impeti
1368 3022 1383 3046 ,
1420 2989 1475 3035 et
1499 2982 1761 3037 adversus
1786 2997 1907 3037 eum
1939 2999 2071 3038 con-

487 3065 797 3143 iurationes
813 3078 866 3124 et
901 3070 1329 3139 conspirationes
1373 3073 1709 3143 praeparari?
1757 3073 1825 3128 Et
1849 3090 1954 3129 non
1984 3090 2073 3129 so-

492 3157 602 3210 lum
640 3138 861 3215 miniine
889 3159 1058 3227 illum,
1089 3177 1211 3216 cum
1238 3177 1457 3233 posses,
1503 3172 1687 3236 utpote
1718 3164 1786 3220 ad
1819 3165 2074 3221 saeculum

491 3251 674 3309 clarus
716 3262 770 3309 et
816 3256 1150 3312 honorabilis
1179 3256 1460 3327 adjuvisti,
1506 3274 1694 3315 verum
1738 3260 1902 3314 etiam
1950 3275 2076 3315 cum

493 3345 734 3403 factiosis
764 3350 1105 3416 concurristi,
1133 3359 1333 3407 etcum
1357 3352 1794 3409 machinantibus
1814 3353 2074 3411 adversus

492 3454 649 3506 eum,
698 3449 753 3497 et
788 3442 967 3497 varias
1002 3443 1354 3515 malignitatis
1383 3447 1885 3516 argumentationes
1931 3447 2075 3503 exci-

492 3534 732 3589 tantibus
777 3536 1123 3592 concertasti.
1189 3536 1327 3606 Quin
1362 3539 1542 3609 potius
1590 3539 1783 3594 horum
1831 3540 2071 3596 omnium

442 3672 446 3676 Α
490 3636 789 3695 peccatum,
822 3628 964 3698 quod
998 3638 1223 3699 generat
1245 3639 1497 3695 mortem,
1529 3631 1584 3685 in
1615 3640 1669 3687 te
1693 3632 1917 3702 proprie
1946 3647 2074 3688 con-

492 3729 815 3775 summatum
846 3729 949 3788 est,
978 3721 1237 3776 nimirum
1265 3724 1357 3793 qui
1388 3733 1710 3780 cunctarum
1748 3725 2073 3795 praevarica-

498 3809 701 3867 tionum
742 3813 793 3866 in
827 3811 1418 3885 illumcommissarum
1466 3823 1524 3870 tu
1569 3824 1760 3871 auctor
1786 3806 1962 3872 faetus
1989 3832 2068 3873 es.

491 3901 626 3958 Nam
656 3913 710 3959 et
752 3904 795 3960 si
838 3913 889 3959 te
919 3905 1244 3963 homicidam
1291 3907 1559 3974 dicimus,
1602 3924 1709 3965 non
1756 3910 2069 3977 mentimur,

489 3992 696 4051 Joanne
725 3998 966 4067 apostolo
998 3999 1301 4068 clamante,
1332 4002 1423 4072 qui
1452 4002 1530 4057 ait
1557 4021 1569 4056 :
1604 4001 1788 4059 Omnis
1833 4005 1923 4075 qui
1962 4005 2071 4061 odit

452 4104 469 4115 -
493 4083 712 4152 fratrem
753 4102 939 4155 suum,
985 4090 1247 4145 homicida
1304 4101 1377 4146 est
1435 4090 1488 4163 (Ι
1510 4091 1670 4147 Joan.
1708 4094 1780 4166 ιι)
1807 4111 1820 4147 :
1852 4094 1897 4150 si
1943 4108 2073 4167 ergo
2113 4128 2116 4131 λ

497 4175 588 4246 qui
636 4176 749 4232 odit
795 4176 1019 4234 fratrem
1052 4181 1321 4238 homicida
1350 4190 1434 4240 est
1460 4224 1475 4250 ,
1530 4195 1734 4254 quanto
1778 4185 1962 4256 potius
1990 4186 2068 4254 is,

491 4266 580 4337 qui
604 4260 812 4338 patre'm
835 4286 941 4326 non
971 4272 1142 4328 solum
1166 4274 1299 4340 odit,
1323 4275 1418 4331 scd
1442 4280 1781 4345 et‘quantum
1805 4276 1859 4331 in
1881 4291 1941 4332 se
1962 4286 2070 4343 est,

491 4364 737 4435 mactat?
772 4363 993 4436 insuper
1023 4367 1186 4422 etiam
1213 4368 1281 4434 si,
1312 4378 1371 4424 ut
1390 4369 1597 4436 Achab,
1630 4386 1749 4441 quae
1779 4371 1921 4427 illius
1944 4380 2073 4427 sunt

490 4453 652 4523 rapit,
684 4463 739 4509 et
768 4456 1023 4525 possidet,
1058 4456 1326 4515 homicida
1354 4452 1614 4516 dicendus
1633 4469 1735 4527 est,
1763 4470 1818 4516 et
1850 4477 1958 4518 non
1984 4476 2073 4518 so-

489 4541 599 4598 lum
628 4543 1016 4617 qualiscunque
1047 4547 1348 4614 homicida,
1386 4564 1577 4604 verum
1613 4551 1778 4606 etiam
1803 4559 1858 4607 et
1894 4552 2071 4622 parri-

491 4635 653 4691 cida?
700 4636 859 4693 Pater
901 4640 1046 4694 enim
1094 4647 1220 4694 tuus
1259 4647 1379 4693 erat
1422 4638 1691 4710 lgnatius,
1741 4650 1796 4696 et
1844 4651 1899 4695 tu
1932 4641 2073 4698 ﬁlius

491 4727 639 4798 eius,
688 4728 780 4797 qui
824 4736 1031 4784 tantum
1057 4744 1087 4783 a
1119 4738 1168 4805 te
1193 4745 1304 4799 prae
1355 4729 1587 4784 naturali
1618 4738 1773 4800 patre
1809 4729 2093 4801 debuerat,

492 4818 763 4883 venerari,
795 4825 1057 4888 quantum
1089 4818 1332 4889 spiritus,
1362 4834 1469 4889 quo
1498 4817 1725 4874 relativa
1753 4819 1869 4875 hinc
1892 4819 2070 4888 nomi-

493 4922 563 4961 na
589 4916 773 4963 mutuo
799 4909 1109 4978 possidetis,
1142 4909 1511 4980 praeferendus
1537 4918 1620 4966 est
1644 4910 1818 4965 carni.
1856 4940 1861 4943 -

564 4997 737 5052 Porro
784 4998 829 5053 si
879 5008 930 5053 te
969 4999 1209 5069 viperam
1239 5001 1606 5072 appellamus,
1653 5017 1763 5056 non
1810 5000 2067 5070 fallimur,

494 5087 761 5158 siquidem
793 5097 878 5153 tu,
923 5091 1136 5146 nonnisi
1167 5100 1389 5162 parente
1447 5101 1762 5163 perempto,
1811 5092 2073 5164 proﬁcere

495 5182 793 5237 credidisti.
838 5182 955 5238 Jam
1016 5200 1143 5240 vero
1189 5186 1232 5240 si
1282 5195 1332 5240 te
1364 5194 1473 5240 tam
1516 5184 1645 5257 [leg.
1680 5186 1849 5242 Cham
1885 5205 1899 5241 :
1931 5186 2072 5258 quod

493 5284 541 5325 et
580 5273 843 5343 sequentia
890 5274 1007 5344 plus
1050 5277 1209 5329 nimio
1247 5276 1586 5347 conﬁrment]
1622 5278 1847 5333 similem
1876 5278 2075 5333 asseri-

492 5379 645 5431 mus,
683 5379 783 5420 nec
815 5366 892 5421 sic
932 5383 1214 5422 erramus:
1248 5369 1364 5438 ipse
1398 5370 1595 5439 quippe
1622 5370 1756 5423 adeo
1782 5371 1833 5423 in
1862 5371 2069 5426 irrisio-

492 5472 617 5512 nem
643 5467 694 5514 et
726 5460 1305 5528 Contumeliampatris
1335 5463 1649 5531 prorupisti,
1702 5472 1758 5517 ut
1787 5464 1854 5518 de
1880 5465 2070 5520 cathe-

492 5549 589 5604 dra
622 5551 943 5607 sacerdotali
993 5567 1118 5606 eum
1165 5550 1487 5620 projiceres,
1530 5561 1585 5607 ct
1630 5553 1698 5607 ad
1741 5553 2073 5610 illudendum

496 5642 698 5707 mimis,
746 5652 801 5697 et
831 5642 1062 5698 scenicis
1090 5642 1447 5697 inverecunde
1472 5643 1751 5711 proderes.
1780 5644 2070 5713 Extremo,

493 5732 541 5800 si
581 5742 633 5790 te
673 5732 872 5793 Judaeis
918 5748 1327 5807 comparamus,
1380 5732 1607 5800 fortasse
1655 5748 1759 5791 non
1802 5735 2072 5795 modicum

2108 1765 2157 1826 B
2185 1782 2382 1837 Sicculo
2410 1781 2759 1848 militaveris,
2810 1796 3156 1852 nequaquam
3185 1789 3299 1837 tam
3324 1790 3559 1853 repente
3594 1781 3843 1837 debue-

2097 4501 2155 4592 Ι),
2176 4501 3128 4612 its,‘.;‘p;.‘h1.'.‘;".‘...‘.1;..;1....
3152 4501 3377 4603 Christi,
3408 4537 3502 4594 sed
3525 4551 3632 4608 quae
3650 4545 3730 4592 ιιι.

2189 506 2351 563 super
2408 492 2729 563 magistrum
2780 500 2931 547 tuum
2974 500 3165 547 contra
3204 488 3581 560 Evangelinm
3666 485 3917 541 factus

2188 601 2248 642 es
2268 626 2282 651 ,
2327 601 2516 641 verum
2542 585 2711 639 etiam
2734 583 3064 639 ordinationi
3110 581 3204 637 Dei
3231 581 3502 645 resistens
3535 577 3914 657 adversus

2188 693 2310 733 eum
2333 677 2523 733 dentes
2554 676 2663 740 tui,
2718 691 2870 731 arma
2898 684 2953 729 et
2979 673 3220 744 sagittm,
3261 680 3318 728 et
3340 672 3541 743 lingua
3569 677 3719 723 tua
3764 683 3904 722 ma-

2188 769 2366 825 chzera
2395 776 2554 824 acuta
2581 766 2773 823 etl‘ecta
2816 774 2917 822 est.
2970 765 3415 835 Quandoquidem
3442 778 3570 818 non
3592 801 3619 826 ,
3712 760 3899 816 sicut

2189 870 2411 918 sanctus
2435 861 2635 926 David,
2692 860 2910 914 mittere
2935 874 3156 914 manum
3189 858 3244 912 in
3266 856 3556 912 christum
3587 853 3892 908 Domini

2187 951 2528 1017 formidasti,
2580 950 2674 1007 sed
2707 950 2849 1006 sicut
2887 949 3162 1020 principes
3211 948 3487 1003 latronum
3524 961 3684 1002 non
3772 946 3892 999 ha-

2186 1045 2378 1100 bentes
2424 1043 2597 1110 bona,
2649 1058 2833 1114 regem
2877 1057 3034 1097 suum
3079 1042 3449 1106 trucidantes,
3503 1039 3887 1109 insurgere

2188 1145 2376 1192 contra
2420 1143 2689 1191 rectorem
2730 1145 2880 1190 tuum
2907 1134 3143 1190 versutis
3184 1133 3396 1190 insidiis
3448 1144 3885 1203 magnopere

2186 1227 2508 1297 procurasti.
2538 1227 2685 1295 Quos
2713 1226 2857 1283 idem
2885 1236 3105 1291 sanctus
3133 1226 3320 1284 David.
3350 1226 3502 1282 sicut
3543 1232 3617 1280 et
3676 1221 3877 1277 illum

2188 1319 2278 1389 qui
2302 1333 2359 1374 se
2379 1320 2643 1375 cliristum
2671 1320 2883 1375 Domini
2912 1318 3153 1390 (Saulem
3177 1318 3453 1390 videticet)
3476 1316 3872 1388 peremisse

2185 1413 2552 1479 nuntiaverat,
2582 1422 2841 1485 tanquam
2867 1413 3115 1469 homines
3141 1413 3356 1484 impios,
3383 1421 3440 1469 et
3472 1412 3863 1483 principem

2186 1516 2344 1556 suum
2382 1503 2753 1569 trucidantes,
2803 1502 3019 1558 tradere
3063 1503 3224 1559 morti
3249 1502 3625 1558 laudabiliter
3649 1500 3863 1571 jussit

2186 1593 2276 1665 (Il
2306 1594 2436 1667 Reg.
2470 1597 2542 1668 ι).
2585 1596 2906 1668 Quanquam
2931 1596 3093 1652 etiam
3130 1595 3178 1651 si
3227 1596 3363 1652 nihil
3389 1596 3445 1651 in
3487 1596 3595 1651 his
3627 1610 3857 1666 repre-

2185 1688 2463 1744 hensionis
2503 1690 2849 1757 admitteres,
2896 1704 3019 1745 cum
3059 1689 3234 1760 pridie
3275 1688 3449 1745 laicus
3492 1688 3712 1745 fueris
3781 1697 3845 1745 et

2186 1890 2277 1931 ras
2305 1876 2372 1931 ad
2399 1875 2597 1932 summi
2626 1874 2916 1931 sacerdotii
2943 1874 3228 1946 pervenire
3255 1874 3532 1947 fastigium
3567 1890 3587 1928 :
3628 1887 3841 1944 quan-

2185 1967 2475 2037 doquidem
2505 1982 2606 2023 nec
2645 1967 3036 2022 monachorum
3060 1974 3279 2037 poteras
3326 1974 3439 2020 tam
3470 1962 3679 2021 subito
3724 1978 3830 2020 se-

2185 2058 2418 2114 cundum
2449 2057 2810 2128 probabilium
2835 2055 3058 2113 Patrum
3097 2056 3469 2124 traditionem,
3493 2055 3828 2128 perfectio-

2183 2167 2307 2208 nem
2332 2152 2615 2223 consequi,
2643 2151 2879 2218 Gelasio,
2907 2150 3171 2226 Gregorio
3196 2160 3253 2207 et
3277 2150 3520 2207 Adriano
3545 2151 3821 2223 magnis,

2183 2251 2239 2297 ct
2280 2232 2404 2297 vere
2434 2243 2638 2297 sanctis
2675 2243 2822 2299 sedis
2848 2242 3107 2300 Romana:
3134 2242 3457 2315 prasulibus
3479 2243 3535 2299 id
3583 2242 3813 2313 ipsum.

2183 2338 2329 2409 quod
2372 2341 2722 2396 serenissimo
2765 2342 3042 2412 Augusto,
3096 2347 3258 2410 atque
3300 2336 3397 2393 tibi
3412 2334 3529 2405 jam
3559 2334 3816 2405 scripsi.

2182 2445 2304 2486 mus
2324 2472 2339 2497 ,
2365 2431 2738 2502 multipliciter
2766 2431 3157 2489 inhibentibus.
3186 2429 3334 2485 Sane
3360 2428 3409 2483 si
3434 2427 3639 2483 horum
3672 2435 3811 2481 tan-

2181 2535 2345 2589 quam
2378 2522 2718 2593 ignotorum,
2762 2522 3068 2579 sanctitatis
3114 2521 3349 2593 insignia
3373 2535 3484 2576 non
3513 2533 3804 2591 agnosce-

2179 2614 2276 2669 bas
2306 2613 2457 2685 (licet
2483 2614 2636 2683 cujus
2663 2613 2809 2679 ﬁdei,
2837 2615 2992 2685 cujus
3018 2612 3180 2670 studii
3206 2611 3436 2679 fuerint,
3458 2626 3561 2682 per
3581 2626 3792 2668 eorum

2179 2722 2340 2763 nosse
2364 2707 2563 2780 scripta
2586 2705 2878 2778 sullicerct)
2908 2707 3101 2763 saltem
3122 2704 3429 2771 Caelestini,
3455 2714 3623 2774 atque
3644 2702 3797 2759 Leo-

2177 2797 2298 2864 nis,
2350 2795 2701 2868 ejusdemque
2728 2794 2873 2852 sedis
2904 2796 3224 2867 pontiﬁcum
3258 2794 3624 2852 reverentiam
3659 2809 3780 2865 pra:

2177 2887 2348 2943 oculis
2387 2887 2669 2943 habuisses
2699 2901 2715 2941 :
2748 2901 2980 2957 quorum
3026 2887 3313 2944 sententia:
3358 2894 3472 2942 tota
3496 2900 3595 2958 per
3615 2900 3785 2940 mun-

2177 2981 2303 3036 dum
2329 2980 2523 3038 diﬁ'usa
2549 2980 2844 3037 inclinatur
2878 2980 3122 3037 Ecclesia
3149 2998 3165 3036 :
3196 2993 3536 3051 quorumque
3563 2978 3776 3035 doctri-

2178 3089 2306 3128 nam
2342 3073 2362 3146 (
2386 3073 2529 3129 sicut
2554 3073 2609 3128 in
2635 3072 3021 3130 sacratissimis
3051 3071 3214 3128 tertia
3240 3080 3297 3128 et
3326 3079 3517 3143 quarta
3540 3068 3766 3141 synodis

2178 3170 2365 3226 videre
2408 3169 2525 3240 est)
2571 3169 2879 3226 Christiana
2921 3176 3214 3226 veneratur
3259 3166 3497 3238 apprime
3545 3161 3750 3232 religio.

2177 3262 2434 3329 Quinimo
2476 3270 2533 3317 et
2574 3276 2802 3332 quorum
2836 3262 3093 3317 virtutum
3123 3259 3313 3325 decus,
3355 3264 3407 3311 et
3433 3251 3749 3324 eloquentia

2176 3353 2431 3417 nitorem,
2491 3367 2701 3408 necnon
2730 3340 2786 3407 et
2815 3366 3027 3407 morum
3054 3350 3369 3422 probitatem
3396 3361 3461 3401 ac
3482 3343 3739 3400 exhorta-

2178 3443 2382 3499 tionum
2413 3443 2737 3498 suavitatem
2769 3458 2878 3498 non
2922 3441 3100 3498 solum
3129 3439 3310 3497 ﬁdeles
3336 3450 3518 3509 reges.
3558 3448 3749 3489 Vm

2175 3534 2632 3594 etiam'inﬁdeles
2679 3549 2742 3590 ac
2786 3534 3046 3606 tyranni,
3086 3531 3413 3603 barbarique
3450 3527 3747 3601 principes,

2174 3629 2510 3693 reverentia,
2553 3628 2639 3684 vel
2674 3642 2876 3700 pavore
2899 3644 3009 3684 non
3033 3628 3243 3685 modico
3273 3623 3622 3684 mansuefacti
3647 3638 3745 3680 ve-

2173 3718 2458 3775 hementer
2482 3718 2770 3788 amplexati
2800 3728 2927 3775 sunt
2957 3726 3014 3775 et
3036 3718 3250 3775 sectati.
3279 3716 3435 3787 Quod
3459 3715 3507 3772 si
3538 3729 3747 3786 magnos

2175 3819 2501 3881 sanctosque
2528 3808 2697 3866 fuisse
2724 3826 2828 3866 non
2856 3824 3026 3881 negas
3041 3809 3079 3880 '(
3094 3808 3222 3880 quia
3256 3822 3360 3865 nec
3404 3806 3587 3863 vales:
3615 3804 3739 3860 alio-

2174 3900 2303 3969 quin
2335 3898 2594 3970 pugnabit
2619 3913 2719 3968 pro
2744 3899 2823 3954 eis
2848 3898 3000 3954 orbis
3027 3904 3186 3953 terra:
3213 3905 3406 3952 contra
3430 3894 3742 3961 insensatos)

2173 3998 2389 4063 oportet
2415 3997 2473 4044 ut
2500 3989 2555 4045 in
2591 3989 2801 4046 cunctis
2828 3988 3084 4045 Ecclesia:
3117 3986 3461 4059 dogmatibus
3479 4025 3496 4051 ,
3520 3992 3573 4039 et
3593 3983 3742 4039 disci-

2177 4081 2339 4151 plinis
2361 4095 2457 4137 eos
2484 4079 3018 4149 solerterrattendas,
3050 4086 3105 4136 et
3132 4085 3458 4134 veneranter
3484 4073 3735 4130 admittas.
3836 4092 3843 4097 ι

2173 4172 2312 4227 Nam
2347 4172 2393 4228 si
2424 4172 2480 4227 in
2508 4172 2722 4228 caeteris
2759 4180 2960 4227 nostrae
3007 4168 3283 4241 religionis
3310 4166 3539 4237 negotiis
3566 4178 3736 4220 eorum

2174 4264 2863 4333 assertionibuscesseris,
2910 4272 2966 4319 et
2993 4263 3046 4319 in
3074 4262 3161 4318 his
3189 4275 3317 4327 eos,
3348 4259 3406 4315 in
3434 4257 3619 4330 quibus
3640 4264 3737 4312 tuae

2173 4354 2503 4428 promotioni
2537 4355 2947 4423 contradicunt,
3002 4351 3385 4425 contempleris
3404 4392 3423 4418 ,
3455 4358 3661 4421 apparet
3683 4356 3736 4405 te

2176 4447 2357 4503 minus
2399 4447 2556 4504 saluti
2590 4448 2894 4515 communi,
2943 4462 3105 4519 quam
3154 4445 3291 4502 sorti
3336 4444 3555 4515 privata:
3575 4443 3731 4497 inten-

2178 4643 2333 4701 sunt,
2382 4649 2647 4706 quaerere.
2678 4634 2790 4688 Aut
2818 4633 2923 4688 illae
2953 4634 3108 4689 bona:
3152 4632 3378 4688 arbores
3405 4631 3635 4694 fuerunt,
3679 4639 3731 4685 et

2176 4729 2347 4785 bonos
2375 4728 2582 4786 fructus
2628 4728 2910 4793 fecerunt,
2962 4738 3056 4784 aut
3077 4728 3231 4783 malae
3275 4729 3451 4799 (quod
3482 4727 3637 4799 absit)
3678 4734 3729 4783 et

2177 4820 2384 4877 fructus
2420 4835 2608 4877 eorum
2655 4820 2822 4877 mali:
2859 4826 2917 4876 et
2957 4820 3003 4876 si
3041 4821 3261 4890 quidem
3289 4820 3419 4876 boni
3448 4819 3646 4875 fuerunt
3679 4827 3726 4874 et

2086 4972 2089 4983 μ
2178 4912 2388 4968 fructus
2411 4928 2600 4968 eorum
2622 4912 2770 4978 boni,
2800 4912 3038 4984 oportuit
3063 4927 3160 4968 eos
3186 4923 3445 4983 tanquam
3478 4913 3631 4968 bonos
3651 4928 3723 4968 se-

2177 5004 2270 5075 qui
2296 5019 2310 5057 :
2347 5002 2471 5058 Non
2500 5003 2638 5073 gnim
2662 5013 2829 5073 potest
2863 5003 3189 5075 (Evangelia
3218 5001 3474 5073 testante)
3505 5003 3619 5057 bona
3644 5019 3719 5056 ar-

2178 5097 2273 5152 bor
2319 5097 2489 5152 malos
2538 5098 2741 5167 fructus
2772 5096 3199 5169 facere(MattIr.
3246 5096 3380 5164 vti).
3428 5095 3586 5150 Porro
3604 5094 3717 5148 side

2176 5188 2380 5244 eisdem
2411 5203 2517 5242 non
2542 5203 2663 5243 cum
2696 5194 2808 5242 tota
2837 5186 3042 5243 Christi
3074 5187 3314 5243 Ecclesia
3341 5186 3509 5257 sapis,
3540 5198 3717 5240 necesse

2176 5289 2260 5335 est
2293 5280 2527 5352 qualiter
2554 5278 2638 5334 vel
2667 5280 2790 5350 ipsi,
2818 5280 2902 5335 vel
2936 5281 3144 5337 fructus
3171 5296 3359 5336 eorum
3385 5280 3511 5335 mali
3536 5279 3716 5343 fuerint,

2177 5372 2423 5443 plurimis
2446 5371 2700 5426 adhibitis
2727 5387 2795 5427 ex
2816 5372 2967 5446 omni
2995 5370 3485 5428 Ecclesiatestibus
3513 5384 3718 5440 compro-

2174 5466 2270 5519 bes
2297 5472 2352 5520 et
2381 5464 2617 5519 allirmcs
2644 5481 2658 5519 :
2690 5464 2945 5533 quoniam
2976 5462 3067 5518 tibi
3107 5463 3205 5519 soli
3230 5477 3393 5534 super
3419 5463 3518 5518 hoc
3544 5461 3719 5533 negotio

2175 5554 2451 5609 contraria
2485 5554 2736 5609 suadenti
2763 5570 2869 5609 non
2897 5554 3159 5610 creditur.
3187 5582 3194 5587 -
3384 5620 3389 5627 ρ

2214 5644 2360 5713 1³η]
2399 5660 2527 5701 vero
2570 5647 2616 5701 si
2668 5647 2888 5712 dixeris,
2924 5646 3073 5702 Bona
3116 5659 3172 5703 et
3195 5653 3350 5718 grata
3376 5652 3528 5711 sunt,
3574 5651 3707 5722 atqpe

2175 5734 2442 5805 salubria,
2494 5753 2614 5809 quae
2660 5738 3127 5811 praedicaverunt,
3174 5736 3263 5795 vel
3290 5744 3606 5805 statuerunt,
3637 5733 3713 5793 sed
