  <div class='ocr_page' id='page_1' title='image "/cluster/home/n/w/nwhite01/storage/ocr_20150623/119/hvd.32044015466915/532.png"; bbox 0 0 4050 6324; ppageno 0'>
   <div class='ocr_carea' id='block_1_1' title="bbox 289 258 457 319">
    <p class='ocr_par' dir='ltr' id='par_1_1' title="bbox 289 258 457 319">
     <span class='ocr_line' id='line_1_1' title="bbox 289 258 457 319; baseline 0 0"><span class='ocrx_word' id='word_1_1' title='bbox 289 258 457 319; x_wconf 71' lang='grc' dir='ltr'><strong>10ὅὸ</strong></span> 
     </span>
    </p>
   </div>
   <div class='ocr_carea' id='block_1_2' title="bbox 1516 256 2399 322">
    <p class='ocr_par' dir='ltr' id='par_1_2' title="bbox 1516 256 2399 322">
     <span class='ocr_line' id='line_1_2' title="bbox 1516 256 2399 322; baseline 0 -1"><span class='ocrx_word' id='word_1_2' title='bbox 1516 256 1877 321; x_wconf 67' lang='lat' dir='ltr'><strong>EPISTOLE</strong></span> <span class='ocrx_word' id='word_1_3' title='bbox 1931 262 2018 319; x_wconf 85' lang='lat' dir='ltr'><strong>ET</strong></span> <span class='ocrx_word' id='word_1_4' title='bbox 2058 263 2399 322; x_wconf 80' lang='lat' dir='ltr'><strong>DECRETA.</strong></span> 
     </span>
    </p>
   </div>
   <div class='ocr_carea' id='block_1_3' title="bbox 3443 268 3589 333">
    <p class='ocr_par' dir='ltr' id='par_1_3' title="bbox 3443 268 3589 333">
     <span class='ocr_line' id='line_1_3' title="bbox 3443 268 3589 333; baseline 0 -2"><span class='ocrx_word' id='word_1_5' title='bbox 3443 268 3589 333; x_wconf 60' lang='grc' dir='ltr'><strong>ιω</strong></span> 
     </span>
    </p>
   </div>
   <div class='ocr_carea' id='block_1_4' title="bbox 290 376 3592 466">
    <p class='ocr_par' dir='ltr' id='par_1_4' title="bbox 290 376 3592 466">
     <span class='ocr_line' id='line_1_4' title="bbox 290 376 3592 466; baseline 0.003 -31"><span class='ocrx_word' id='word_1_6' title='bbox 290 392 420 435; x_wconf 85' lang='lat' dir='ltr'><strong>non</strong></span> <span class='ocrx_word' id='word_1_7' title='bbox 467 376 709 451; x_wconf 89' lang='lat' dir='ltr'><strong>repellat.</strong></span> <span class='ocrx_word' id='word_1_8' title='bbox 756 379 1037 452; x_wconf 76' lang='lat' dir='ltr'><strong>Siquidem</strong></span> <span class='ocrx_word' id='word_1_9' title='bbox 1100 396 1247 437; x_wconf 88' lang='lat' dir='ltr'><strong>nunc</strong></span> <span class='ocrx_word' id='word_1_10' title='bbox 1303 395 1403 453; x_wconf 91' lang='lat' dir='ltr'><strong>pro</strong></span> <span class='ocrx_word' id='word_1_11' title='bbox 1447 381 1736 448; x_wconf 89' lang='lat' dir='ltr'><strong>omnibus,</strong></span> <span class='ocrx_word' id='word_1_12' title='bbox 1783 396 1903 466; x_wconf 71' lang='lat' dir='ltr'><strong>quae</strong></span> <span class='ocrx_word' id='word_1_13' title='bbox 1931 381 1980 442; x_wconf 80' lang='grc' dir='ltr'>Α</span> <span class='ocrx_word' id='word_1_14' title='bbox 2008 389 2058 435; x_wconf 87' lang='lat' dir='ltr'><strong>et</strong></span> <span class='ocrx_word' id='word_1_15' title='bbox 2088 382 2226 452; x_wconf 88' lang='lat' dir='ltr'><strong>apud</strong></span> <span class='ocrx_word' id='word_1_16' title='bbox 2255 382 2466 437; x_wconf 90' lang='lat' dir='ltr'><strong>aurium</strong></span> <span class='ocrx_word' id='word_1_17' title='bbox 2496 389 2800 439; x_wconf 85' lang='lat' dir='ltr'><strong>nostrarum</strong></span> <span class='ocrx_word' id='word_1_18' title='bbox 2826 382 3341 445; x_wconf 23' lang='lat' dir='ltr'><strong>auditusrodorit‘era</strong></span> <span class='ocrx_word' id='word_1_19' title='bbox 3368 387 3592 445; x_wconf 79' lang='lat' dir='ltr'><strong>crebre-</strong></span> 
     </span>
    </p>
   </div>
   <div class='ocr_carea' id='block_1_5' title="bbox 292 472 1899 546">
    <p class='ocr_par' dir='ltr' id='par_1_5' title="bbox 292 472 1899 546">
     <span class='ocr_line' id='line_1_5' title="bbox 292 472 1899 546; baseline 0.003 -21"><span class='ocrx_word' id='word_1_20' title='bbox 292 472 539 543; x_wconf 87' lang='lat' dir='ltr'><strong>sparsim</strong></span> <span class='ocrx_word' id='word_1_21' title='bbox 569 488 667 544; x_wconf 91' lang='lat' dir='ltr'><strong>per</strong></span> <span class='ocrx_word' id='word_1_22' title='bbox 704 473 862 543; x_wconf 90' lang='lat' dir='ltr'><strong>hujus</strong></span> <span class='ocrx_word' id='word_1_23' title='bbox 887 474 1127 546; x_wconf 86' lang='lat' dir='ltr'><strong>epistolae</strong></span> <span class='ocrx_word' id='word_1_24' title='bbox 1165 483 1369 530; x_wconf 85' lang='lat' dir='ltr'><strong>textum</strong></span> <span class='ocrx_word' id='word_1_25' title='bbox 1415 482 1468 531; x_wconf 90' lang='lat' dir='ltr'><strong>te</strong></span> <span class='ocrx_word' id='word_1_26' title='bbox 1501 483 1689 530; x_wconf 88' lang='lat' dir='ltr'><strong>contra</strong></span> <span class='ocrx_word' id='word_1_27' title='bbox 1717 474 1899 530; x_wconf 80' lang='lat' dir='ltr'><strong>omnia</strong></span> 
     </span>
    </p>
   </div>
   <div class='ocr_carea' id='block_1_6' title="bbox 285 560 1898 635">
    <p class='ocr_par' dir='ltr' id='par_1_6' title="bbox 285 560 1898 635">
     <span class='ocr_line' id='line_1_6' title="bbox 285 560 1898 635; baseline 0.003 -21"><span class='ocrx_word' id='word_1_28' title='bbox 285 560 454 632; x_wconf 84' lang='lat' dir='ltr'><strong>jussa</strong></span> <span class='ocrx_word' id='word_1_29' title='bbox 480 562 657 618; x_wconf 90' lang='lat' dir='ltr'><strong>divina</strong></span> <span class='ocrx_word' id='word_1_30' title='bbox 686 574 1031 635; x_wconf 78' lang='lat' dir='ltr'><strong>perpetrasse</strong></span> <span class='ocrx_word' id='word_1_31' title='bbox 1059 565 1624 629; x_wconf 79' lang='lat' dir='ltr'><strong>commemoravimus,</strong></span> <span class='ocrx_word' id='word_1_32' title='bbox 1659 565 1750 619; x_wconf 88' lang='lat' dir='ltr'><strong>Dei</strong></span> <span class='ocrx_word' id='word_1_33' title='bbox 1784 580 1898 619; x_wconf 81' lang='lat' dir='ltr'><strong>om-</strong></span> 
     </span>
    </p>
   </div>
   <div class='ocr_carea' id='block_1_7' title="bbox 288 656 1895 730">
    <p class='ocr_par' dir='ltr' id='par_1_7' title="bbox 288 656 1895 730">
     <span class='ocr_line' id='line_1_7' title="bbox 288 656 1895 730; baseline 0.002 -19"><span class='ocrx_word' id='word_1_34' title='bbox 288 656 603 727; x_wconf 80' lang='lat' dir='ltr'><strong>nipotentis</strong></span> <span class='ocrx_word' id='word_1_35' title='bbox 628 667 684 714; x_wconf 94' lang='lat' dir='ltr'><strong>et</strong></span> <span class='ocrx_word' id='word_1_36' title='bbox 707 658 987 716; x_wconf 91' lang='lat' dir='ltr'><strong>beatorum</strong></span> <span class='ocrx_word' id='word_1_37' title='bbox 1020 658 1386 729; x_wconf 81' lang='lat' dir='ltr'><strong>apostolorum</strong></span> <span class='ocrx_word' id='word_1_38' title='bbox 1417 660 1720 730; x_wconf 80' lang='lat' dir='ltr'><strong>principum</strong></span> <span class='ocrx_word' id='word_1_39' title='bbox 1748 656 1895 714; x_wconf 91' lang='lat' dir='ltr'><strong>Petri</strong></span> 
     </span>
    </p>
   </div>
   <div class='ocr_carea' id='block_1_8' title="bbox 289 748 1894 823">
    <p class='ocr_par' dir='ltr' id='par_1_8' title="bbox 289 748 1894 823">
     <span class='ocr_line' id='line_1_8' title="bbox 289 748 1894 823; baseline 0.003 -20"><span class='ocrx_word' id='word_1_40' title='bbox 289 763 370 822; x_wconf 84' lang='lat' dir='ltr'><strong>ac</strong></span> <span class='ocrx_word' id='word_1_41' title='bbox 396 748 544 804; x_wconf 85' lang='lat' dir='ltr'><strong>Pauli</strong></span> <span class='ocrx_word' id='word_1_42' title='bbox 567 790 583 815; x_wconf 95' lang='lat'><strong>,</strong></span> <span class='ocrx_word' id='word_1_43' title='bbox 610 766 675 808; x_wconf 89' lang='lat' dir='ltr'><strong>ac</strong></span> <span class='ocrx_word' id='word_1_44' title='bbox 696 751 938 808; x_wconf 88' lang='lat' dir='ltr'><strong>omnium</strong></span> <span class='ocrx_word' id='word_1_45' title='bbox 966 753 1127 809; x_wconf 89' lang='lat' dir='ltr'><strong>simul</strong></span> <span class='ocrx_word' id='word_1_46' title='bbox 1154 761 1464 809; x_wconf 90' lang='lat' dir='ltr'><strong>sanctorum</strong></span> <span class='ocrx_word' id='word_1_47' title='bbox 1485 792 1502 819; x_wconf 91' lang='lat'><strong>,</strong></span> <span class='ocrx_word' id='word_1_48' title='bbox 1535 761 1699 823; x_wconf 87' lang='lat' dir='ltr'><strong>atque</strong></span> <span class='ocrx_word' id='word_1_49' title='bbox 1728 767 1894 808; x_wconf 86' lang='lat' dir='ltr'><strong>vene-</strong></span> 
     </span>
    </p>
   </div>
   <div class='ocr_carea' id='block_1_9' title="bbox 290 840 1893 919">
    <p class='ocr_par' dir='ltr' id='par_1_9' title="bbox 290 840 1893 919">
     <span class='ocr_line' id='line_1_9' title="bbox 290 840 1893 919; baseline 0.003 -24"><span class='ocrx_word' id='word_1_50' title='bbox 290 840 603 897; x_wconf 82' lang='lat' dir='ltr'><strong>randomm</strong></span> <span class='ocrx_word' id='word_1_51' title='bbox 629 858 724 898; x_wconf 86' lang='lat' dir='ltr'><strong>sex</strong></span> <span class='ocrx_word' id='word_1_52' title='bbox 756 843 1143 919; x_wconf 83' lang='lat' dir='ltr'><strong>universalium</strong></span> <span class='ocrx_word' id='word_1_53' title='bbox 1172 844 1524 901; x_wconf 89' lang='lat' dir='ltr'><strong>conciliorum</strong></span> <span class='ocrx_word' id='word_1_54' title='bbox 1552 844 1893 911; x_wconf 87' lang='lat' dir='ltr'><strong>auctoritate,</strong></span> 
     </span>
    </p>
   </div>
   <div class='ocr_carea' id='block_1_10' title="bbox 288 933 1896 1009">
    <p class='ocr_par' dir='ltr' id='par_1_10' title="bbox 288 933 1896 1009">
     <span class='ocr_line' id='line_1_10' title="bbox 288 933 1896 1009; baseline 0.002 -22"><span class='ocrx_word' id='word_1_55' title='bbox 288 947 516 989; x_wconf 86' lang='lat' dir='ltr'><strong>necnon</strong></span> <span class='ocrx_word' id='word_1_56' title='bbox 546 941 603 989; x_wconf 92' lang='lat' dir='ltr'><strong>et</strong></span> <span class='ocrx_word' id='word_1_57' title='bbox 645 933 881 1005; x_wconf 86' lang='lat' dir='ltr'><strong>Spiritus</strong></span> <span class='ocrx_word' id='word_1_58' title='bbox 912 938 1082 992; x_wconf 80' lang='lat' dir='ltr'><strong>sancti</strong></span> <span class='ocrx_word' id='word_1_59' title='bbox 1111 952 1206 1009; x_wconf 90' lang='lat' dir='ltr'><strong>per</strong></span> <span class='ocrx_word' id='word_1_60' title='bbox 1237 953 1334 993; x_wconf 90' lang='lat' dir='ltr'><strong>nos</strong></span> <span class='ocrx_word' id='word_1_61' title='bbox 1355 936 1559 1008; x_wconf 91' lang='lat' dir='ltr'><strong>judicio</strong></span> <span class='ocrx_word' id='word_1_62' title='bbox 1590 946 1785 992; x_wconf 87' lang='lat' dir='ltr'><strong>cuncto</strong></span> <span class='ocrx_word' id='word_1_63' title='bbox 1810 952 1896 991; x_wconf 83' lang='lat' dir='ltr'><strong>sa-</strong></span> 
     </span>
    </p>
   </div>
   <div class='ocr_carea' id='block_1_11' title="bbox 286 1025 1891 1101">
    <p class='ocr_par' dir='ltr' id='par_1_11' title="bbox 286 1025 1891 1101">
     <span class='ocr_line' id='line_1_11' title="bbox 286 1025 1891 1101; baseline 0.001 -21"><span class='ocrx_word' id='word_1_64' title='bbox 286 1025 560 1080; x_wconf 89' lang='lat' dir='ltr'><strong>cerdotali</strong></span> <span class='ocrx_word' id='word_1_65' title='bbox 585 1026 811 1093; x_wconf 88' lang='lat' dir='ltr'><strong>honore,</strong></span> <span class='ocrx_word' id='word_1_66' title='bbox 834 1044 900 1085; x_wconf 82' lang='lat' dir='ltr'><strong>ac</strong></span> <span class='ocrx_word' id='word_1_67' title='bbox 921 1030 1138 1085; x_wconf 90' lang='lat' dir='ltr'><strong>nomine</strong></span> <span class='ocrx_word' id='word_1_68' title='bbox 1160 1028 1322 1101; x_wconf 91' lang='lat' dir='ltr'><strong>(quod</strong></span> <span class='ocrx_word' id='word_1_69' title='bbox 1345 1037 1621 1099; x_wconf 75' lang='lat' dir='ltr'><strong>gementes</strong></span> <span class='ocrx_word' id='word_1_70' title='bbox 1641 1026 1891 1099; x_wconf 88' lang='lat' dir='ltr'><strong>dicimus)</strong></span> 
     </span>
    </p>
   </div>
   <div class='ocr_carea' id='block_1_12' title="bbox 288 1116 1888 1192">
    <p class='ocr_par' dir='ltr' id='par_1_12' title="bbox 288 1116 1888 1192">
     <span class='ocr_line' id='line_1_12' title="bbox 288 1116 1888 1192; baseline 0.003 -21"><span class='ocrx_word' id='word_1_71' title='bbox 288 1116 535 1183; x_wconf 76' lang='lat' dir='ltr'><strong>alienus,</strong></span> <span class='ocrx_word' id='word_1_72' title='bbox 565 1128 618 1175; x_wconf 90' lang='lat' dir='ltr'><strong>et</strong></span> <span class='ocrx_word' id='word_1_73' title='bbox 641 1121 785 1175; x_wconf 92' lang='lat' dir='ltr'><strong>omni</strong></span> <span class='ocrx_word' id='word_1_74' title='bbox 814 1121 1105 1187; x_wconf 76' lang='lat' dir='ltr'><strong>clericatus</strong></span> <span class='ocrx_word' id='word_1_75' title='bbox 1132 1138 1199 1178; x_wconf 85' lang='lat' dir='ltr'><strong>ex</strong></span> <span class='ocrx_word' id='word_1_76' title='bbox 1226 1120 1400 1176; x_wconf 82' lang='lat' dir='ltr'><strong>oﬂlcio</strong></span> <span class='ocrx_word' id='word_1_77' title='bbox 1426 1136 1649 1192; x_wconf 85' lang='lat' dir='ltr'><strong>prorsus</strong></span> <span class='ocrx_word' id='word_1_78' title='bbox 1674 1131 1888 1176; x_wconf 87' lang='lat' dir='ltr'><strong>exutus:</strong></span> 
     </span>
    </p>
   </div>
   <div class='ocr_carea' id='block_1_13' title="bbox 286 1207 1892 1284">
    <p class='ocr_par' dir='ltr' id='par_1_13' title="bbox 286 1207 1892 1284">
     <span class='ocr_line' id='line_1_13' title="bbox 286 1207 1892 1284; baseline 0.002 -19"><span class='ocrx_word' id='word_1_79' title='bbox 286 1207 374 1265; x_wconf 84' lang='lat' dir='ltr'><strong>ita</strong></span> <span class='ocrx_word' id='word_1_80' title='bbox 405 1219 466 1264; x_wconf 86' lang='lat' dir='ltr'><strong>ut</strong></span> <span class='ocrx_word' id='word_1_81' title='bbox 493 1211 535 1265; x_wconf 92' lang='lat' dir='ltr'><strong>si</strong></span> <span class='ocrx_word' id='word_1_82' title='bbox 567 1222 688 1281; x_wconf 91' lang='lat' dir='ltr'><strong>post</strong></span> <span class='ocrx_word' id='word_1_83' title='bbox 716 1214 964 1268; x_wconf 83' lang='lat' dir='ltr'><strong>notitiam</strong></span> <span class='ocrx_word' id='word_1_84' title='bbox 995 1213 1152 1282; x_wconf 86' lang='lat' dir='ltr'><strong>hujus</strong></span> <span class='ocrx_word' id='word_1_85' title='bbox 1177 1214 1496 1277; x_wconf 90' lang='lat' dir='ltr'><strong>sanctionis,</strong></span> <span class='ocrx_word' id='word_1_86' title='bbox 1520 1229 1682 1284; x_wconf 85' lang='lat' dir='ltr'><strong>quam</strong></span> <span class='ocrx_word' id='word_1_87' title='bbox 1710 1212 1892 1269; x_wconf 89' lang='lat' dir='ltr'><strong>divina</strong></span> 
     </span>
    </p>
   </div>
   <div class='ocr_carea' id='block_1_14' title="bbox 287 1302 1892 1378">
    <p class='ocr_par' dir='ltr' id='par_1_14' title="bbox 287 1302 1892 1378">
     <span class='ocr_line' id='line_1_14' title="bbox 287 1302 1892 1378; baseline 0.003 -20"><span class='ocrx_word' id='word_1_88' title='bbox 287 1302 660 1373; x_wconf 85' lang='lat' dir='ltr'><strong>inspiratione</strong></span> <span class='ocrx_word' id='word_1_89' title='bbox 688 1307 1063 1378; x_wconf 79' lang='lat' dir='ltr'><strong>depromptum</strong></span> <span class='ocrx_word' id='word_1_90' title='bbox 1096 1325 1216 1366; x_wconf 90' lang='lat' dir='ltr'><strong>esse</strong></span> <span class='ocrx_word' id='word_1_91' title='bbox 1242 1310 1548 1373; x_wconf 82' lang='lat' dir='ltr'><strong>credimus,</strong></span> <span class='ocrx_word' id='word_1_92' title='bbox 1598 1309 1723 1363; x_wconf 88' lang='lat' dir='ltr'><strong>dum</strong></span> <span class='ocrx_word' id='word_1_93' title='bbox 1758 1324 1892 1363; x_wconf 88' lang='lat' dir='ltr'><strong>una-</strong></span> 
     </span>
    </p>
   </div>
   <div class='ocr_carea' id='block_1_15' title="bbox 285 1393 1890 1471">
    <p class='ocr_par' dir='ltr' id='par_1_15' title="bbox 285 1393 1890 1471">
     <span class='ocr_line' id='line_1_15' title="bbox 285 1393 1890 1471; baseline 0.002 -22"><span class='ocrx_word' id='word_1_94' title='bbox 285 1393 547 1450; x_wconf 86' lang='lat' dir='ltr'><strong>nimitate</strong></span> <span class='ocrx_word' id='word_1_95' title='bbox 575 1405 629 1451; x_wconf 91' lang='lat' dir='ltr'><strong>et</strong></span> <span class='ocrx_word' id='word_1_96' title='bbox 653 1398 938 1452; x_wconf 76' lang='lat' dir='ltr'><strong>concordia</strong></span> <span class='ocrx_word' id='word_1_97' title='bbox 976 1407 1177 1454; x_wconf 75' lang='lat' dir='ltr'><strong>sancta:</strong></span> <span class='ocrx_word' id='word_1_98' title='bbox 1206 1400 1395 1471; x_wconf 80' lang='lat' dir='ltr'><strong>synodi</strong></span> <span class='ocrx_word' id='word_1_99' title='bbox 1424 1398 1495 1453; x_wconf 90' lang='lat' dir='ltr'><strong>sit</strong></span> <span class='ocrx_word' id='word_1_100' title='bbox 1521 1398 1703 1468; x_wconf 87' lang='lat' dir='ltr'><strong>procul</strong></span> <span class='ocrx_word' id='word_1_101' title='bbox 1729 1398 1890 1453; x_wconf 85' lang='lat' dir='ltr'><strong>dubio</strong></span> 
     </span>
    </p>
   </div>
   <div class='ocr_carea' id='block_1_16' title="bbox 284 1488 1891 1562">
    <p class='ocr_par' dir='ltr' id='par_1_16' title="bbox 284 1488 1891 1562">
     <span class='ocr_line' id='line_1_16' title="bbox 284 1488 1891 1562; baseline 0.003 -20"><span class='ocrx_word' id='word_1_102' title='bbox 284 1488 634 1558; x_wconf 76' lang='lat' dir='ltr'><strong>promulgata</strong></span> <span class='ocrx_word' id='word_1_103' title='bbox 656 1530 672 1555; x_wconf 94' lang='lat'><strong>,</strong></span> <span class='ocrx_word' id='word_1_104' title='bbox 724 1492 940 1546; x_wconf 87' lang='lat' dir='ltr'><strong>tentasti</strong></span> <span class='ocrx_word' id='word_1_105' title='bbox 975 1491 1028 1546; x_wconf 93' lang='lat' dir='ltr'><strong>in</strong></span> <span class='ocrx_word' id='word_1_106' title='bbox 1062 1492 1658 1562; x_wconf 77' lang='lat' dir='ltr'><strong>Constantinopolitano</strong></span> <span class='ocrx_word' id='word_1_107' title='bbox 1698 1492 1891 1547; x_wconf 82' lang='lat' dir='ltr'><strong>throno</strong></span> 
     </span>
    </p>
   </div>
   <div class='ocr_carea' id='block_1_17' title="bbox 283 1581 1889 1656">
    <p class='ocr_par' dir='ltr' id='par_1_17' title="bbox 283 1581 1889 1656">
     <span class='ocr_line' id='line_1_17' title="bbox 283 1581 1889 1656; baseline 0.003 -20"><span class='ocrx_word' id='word_1_108' title='bbox 283 1581 610 1652; x_wconf 67' lang='lat' dir='ltr'><strong>praesidere,</strong></span> <span class='ocrx_word' id='word_1_109' title='bbox 634 1598 697 1637; x_wconf 91' lang='lat' dir='ltr'><strong>ac</strong></span> <span class='ocrx_word' id='word_1_110' title='bbox 723 1599 865 1654; x_wconf 68' lang='lat' dir='ltr'><strong>smpe</strong></span> <span class='ocrx_word' id='word_1_111' title='bbox 897 1583 1004 1639; x_wconf 83' lang='lat' dir='ltr'><strong>fato</strong></span> <span class='ocrx_word' id='word_1_112' title='bbox 1034 1586 1327 1641; x_wconf 86' lang='lat' dir='ltr'><strong>venerabili</strong></span> <span class='ocrx_word' id='word_1_113' title='bbox 1357 1587 1679 1656; x_wconf 83' lang='lat' dir='ltr'><strong>coepiscopo</strong></span> <span class='ocrx_word' id='word_1_114' title='bbox 1705 1595 1889 1641; x_wconf 85' lang='lat' dir='ltr'><strong>nostro</strong></span> 
     </span>
    </p>
   </div>
   <div class='ocr_carea' id='block_1_18' title="bbox 284 1671 1887 1745">
    <p class='ocr_par' dir='ltr' id='par_1_18' title="bbox 284 1671 1887 1745">
     <span class='ocr_line' id='line_1_18' title="bbox 284 1671 1887 1745; baseline 0.005 -19"><span class='ocrx_word' id='word_1_115' title='bbox 284 1671 539 1745; x_wconf 81' lang='lat' dir='ltr'><strong>Iguatio,</strong></span> <span class='ocrx_word' id='word_1_116' title='bbox 586 1673 875 1743; x_wconf 84' lang='lat' dir='ltr'><strong>quominus</strong></span> <span class='ocrx_word' id='word_1_117' title='bbox 927 1676 1213 1733; x_wconf 88' lang='lat' dir='ltr'><strong>ecclesiam</strong></span> <span class='ocrx_word' id='word_1_118' title='bbox 1250 1677 1352 1733; x_wconf 86' lang='lat' dir='ltr'><strong>sibi</strong></span> <span class='ocrx_word' id='word_1_119' title='bbox 1384 1679 1727 1733; x_wconf 86' lang='lat' dir='ltr'><strong>commissam</strong></span> <span class='ocrx_word' id='word_1_120' title='bbox 1768 1679 1887 1734; x_wconf 86' lang='lat' dir='ltr'><strong>sine</strong></span> 
     </span>
    </p>
   </div>
   <div class='ocr_carea' id='block_1_19' title="bbox 2000 472 3590 548">
    <p class='ocr_par' dir='ltr' id='par_1_19' title="bbox 2000 472 3590 548">
     <span class='ocr_line' id='line_1_19' title="bbox 2000 472 3590 548; baseline 0.006 -20"><span class='ocrx_word' id='word_1_121' title='bbox 2000 483 2184 528; x_wconf 90' lang='lat' dir='ltr'><strong>scente</strong></span> <span class='ocrx_word' id='word_1_122' title='bbox 2233 473 2375 527; x_wconf 77' lang='lat' dir='ltr'><strong>fama</strong></span> <span class='ocrx_word' id='word_1_123' title='bbox 2425 472 2767 530; x_wconf 90' lang='lat' dir='ltr'><strong>laudabiliter</strong></span> <span class='ocrx_word' id='word_1_124' title='bbox 2816 476 3178 547; x_wconf 84' lang='lat' dir='ltr'><strong>frequentare,</strong></span> <span class='ocrx_word' id='word_1_125' title='bbox 3226 478 3492 548; x_wconf 70' lang='lat' dir='ltr'><strong>cmpimus</strong></span> <span class='ocrx_word' id='word_1_126' title='bbox 3528 487 3590 539; x_wconf 75' lang='lat' dir='ltr'><strong>et</strong></span> 
     </span>
    </p>
   </div>
   <div class='ocr_carea' id='block_1_20' title="bbox 1999 564 3585 633">
    <p class='ocr_par' dir='ltr' id='par_1_20' title="bbox 1999 564 3585 633">
     <span class='ocr_line' id='line_1_20' title="bbox 1999 564 3585 633; baseline 0.008 -17"><span class='ocrx_word' id='word_1_127' title='bbox 1999 578 2099 633; x_wconf 85' lang='lat' dir='ltr'><strong>nos</strong></span> <span class='ocrx_word' id='word_1_128' title='bbox 2123 564 2316 619; x_wconf 82' lang='lat' dir='ltr'><strong>exinde</strong></span> <span class='ocrx_word' id='word_1_129' title='bbox 2344 565 2637 621; x_wconf 88' lang='lat' dir='ltr'><strong>immensas</strong></span> <span class='ocrx_word' id='word_1_130' title='bbox 2666 567 2837 622; x_wconf 89' lang='lat' dir='ltr'><strong>eidem</strong></span> <span class='ocrx_word' id='word_1_131' title='bbox 2886 566 3127 622; x_wconf 87' lang='lat' dir='ltr'><strong>omnium</strong></span> <span class='ocrx_word' id='word_1_132' title='bbox 3163 568 3427 625; x_wconf 85' lang='lat' dir='ltr'><strong>donorum</strong></span> <span class='ocrx_word' id='word_1_133' title='bbox 3472 571 3585 628; x_wconf 84' lang='lat' dir='ltr'><strong>lar-</strong></span> 
     </span>
    </p>
   </div>
   <div class='ocr_carea' id='block_1_21' title="bbox 2000 654 3583 729">
    <p class='ocr_par' dir='ltr' id='par_1_21' title="bbox 2000 654 3583 729">
     <span class='ocr_line' id='line_1_21' title="bbox 2000 654 3583 729; baseline 0.009 -23"><span class='ocrx_word' id='word_1_134' title='bbox 2000 654 2159 725; x_wconf 84' lang='lat' dir='ltr'><strong>gitori</strong></span> <span class='ocrx_word' id='word_1_135' title='bbox 2214 655 2442 711; x_wconf 90' lang='lat' dir='ltr'><strong>Domino</strong></span> <span class='ocrx_word' id='word_1_136' title='bbox 2496 660 2699 728; x_wconf 80' lang='lat' dir='ltr'><strong>gratias</strong></span> <span class='ocrx_word' id='word_1_137' title='bbox 2744 674 2905 729; x_wconf 85' lang='lat' dir='ltr'><strong>agere</strong></span> <span class='ocrx_word' id='word_1_138' title='bbox 2933 677 2945 714; x_wconf 87' lang='lat'>:</span> <span class='ocrx_word' id='word_1_139' title='bbox 2979 668 3035 715; x_wconf 90' lang='lat' dir='ltr'><strong>ct</strong></span> <span class='ocrx_word' id='word_1_140' title='bbox 3063 668 3124 715; x_wconf 89' lang='lat' dir='ltr'><strong>ut</strong></span> <span class='ocrx_word' id='word_1_141' title='bbox 3150 661 3266 716; x_wconf 65' lang='lat' dir='ltr'><strong>haec</strong></span> <span class='ocrx_word' id='word_1_142' title='bbox 3299 662 3352 717; x_wconf 90' lang='lat' dir='ltr'><strong>in</strong></span> <span class='ocrx_word' id='word_1_143' title='bbox 3380 672 3432 719; x_wconf 90' lang='lat' dir='ltr'><strong>te</strong></span> <span class='ocrx_word' id='word_1_144' title='bbox 3456 678 3583 720; x_wconf 81' lang='lat' dir='ltr'><strong>cre-</strong></span> 
     </span>
    </p>
   </div>
   <div class='ocr_carea' id='block_1_22' title="bbox 1998 744 3589 827">
    <p class='ocr_par' dir='ltr' id='par_1_22' title="bbox 1998 744 3589 827">
     <span class='ocr_line' id='line_1_22' title="bbox 1998 744 3589 827; baseline 0.008 -27"><span class='ocrx_word' id='word_1_145' title='bbox 1998 760 2152 801; x_wconf 91' lang='lat' dir='ltr'><strong>scere</strong></span> <span class='ocrx_word' id='word_1_146' title='bbox 2199 744 2424 812; x_wconf 83' lang='lat' dir='ltr'><strong>faceret,</strong></span> <span class='ocrx_word' id='word_1_147' title='bbox 2461 750 2675 805; x_wconf 82' lang='lat' dir='ltr'><strong>enixius</strong></span> <span class='ocrx_word' id='word_1_148' title='bbox 2727 750 3039 821; x_wconf 88' lang='lat' dir='ltr'><strong>implorare,</strong></span> <span class='ocrx_word' id='word_1_149' title='bbox 3090 752 3181 823; x_wconf 91' lang='lat' dir='ltr'><strong>qui</strong></span> <span class='ocrx_word' id='word_1_150' title='bbox 3226 768 3326 824; x_wconf 90' lang='lat' dir='ltr'><strong>pro</strong></span> <span class='ocrx_word' id='word_1_151' title='bbox 3374 770 3589 827; x_wconf 62' lang='lat' dir='ltr'><strong>magna:</strong></span> 
     </span>
    </p>
   </div>
   <div class='ocr_carea' id='block_1_23' title="bbox 1996 839 3589 910">
    <p class='ocr_par' dir='ltr' id='par_1_23' title="bbox 1996 839 3589 910">
     <span class='ocr_line' id='line_1_23' title="bbox 1996 839 3589 910; baseline 0.008 -18"><span class='ocrx_word' id='word_1_152' title='bbox 1996 839 2214 910; x_wconf 86' lang='lat' dir='ltr'><strong>pietatis</strong></span> <span class='ocrx_word' id='word_1_153' title='bbox 2246 856 2378 907; x_wconf 69' lang='lat' dir='ltr'><strong>sum,</strong></span> <span class='ocrx_word' id='word_1_154' title='bbox 2406 857 2470 896; x_wconf 92' lang='lat' dir='ltr'><strong>ac</strong></span> <span class='ocrx_word' id='word_1_155' title='bbox 2498 841 2781 898; x_wconf 77' lang='lat' dir='ltr'><strong>inell&#39;ahilis</strong></span> <span class='ocrx_word' id='word_1_156' title='bbox 2813 844 3201 900; x_wconf 66' lang='lat' dir='ltr'><strong>misericordiae</strong></span> <span class='ocrx_word' id='word_1_157' title='bbox 3239 846 3589 904; x_wconf 72' lang='lat' dir='ltr'><strong>multitudine</strong></span> 
     </span>
    </p>
   </div>
   <div class='ocr_carea' id='block_1_24' title="bbox 1999 928 3585 1006">
    <p class='ocr_par' dir='ltr' id='par_1_24' title="bbox 1999 928 3585 1006">
     <span class='ocr_line' id='line_1_24' title="bbox 1999 928 3585 1006; baseline 0.007 -22"><span class='ocrx_word' id='word_1_158' title='bbox 1999 939 2148 984; x_wconf 88' lang='lat' dir='ltr'><strong>tanto</strong></span> <span class='ocrx_word' id='word_1_159' title='bbox 2177 928 2381 999; x_wconf 85' lang='lat' dir='ltr'><strong>apicem</strong></span> <span class='ocrx_word' id='word_1_160' title='bbox 2416 932 2747 987; x_wconf 72' lang='lat' dir='ltr'><strong>excellentire</strong></span> <span class='ocrx_word' id='word_1_161' title='bbox 2777 943 2881 989; x_wconf 80' lang='lat' dir='ltr'><strong>tuae</strong></span> <span class='ocrx_word' id='word_1_162' title='bbox 2912 944 3033 1005; x_wconf 90' lang='lat' dir='ltr'><strong>post</strong></span> <span class='ocrx_word' id='word_1_163' title='bbox 3062 934 3348 992; x_wconf 78' lang='lat' dir='ltr'><strong>sublimius</strong></span> <span class='ocrx_word' id='word_1_164' title='bbox 3368 938 3585 1006; x_wconf 80' lang='lat' dir='ltr'><strong>extulit,</strong></span> 
     </span>
    </p>
   </div>
   <div class='ocr_carea' id='block_1_25' title="bbox 1998 1025 3584 1097">
    <p class='ocr_par' dir='ltr' id='par_1_25' title="bbox 1998 1025 3584 1097">
     <span class='ocr_line' id='line_1_25' title="bbox 1998 1025 3584 1097; baseline 0.006 -24"><span class='ocrx_word' id='word_1_165' title='bbox 1998 1030 2200 1093; x_wconf 79' lang='lat' dir='ltr'><strong>quanto</strong></span> <span class='ocrx_word' id='word_1_166' title='bbox 2231 1036 2327 1093; x_wconf 92' lang='lat' dir='ltr'><strong>per</strong></span> <span class='ocrx_word' id='word_1_167' title='bbox 2360 1031 2412 1077; x_wconf 92' lang='lat' dir='ltr'><strong>te</strong></span> <span class='ocrx_word' id='word_1_168' title='bbox 2434 1039 2721 1094; x_wconf 76' lang='lat' dir='ltr'><strong>oppressos</strong></span> <span class='ocrx_word' id='word_1_169' title='bbox 2752 1025 2908 1096; x_wconf 88' lang='lat' dir='ltr'><strong>erigi,</strong></span> <span class='ocrx_word' id='word_1_170' title='bbox 2956 1034 3011 1082; x_wconf 86' lang='lat' dir='ltr'><strong>et</strong></span> <span class='ocrx_word' id='word_1_171' title='bbox 3037 1027 3405 1097; x_wconf 79' lang='lat' dir='ltr'><strong>opprimentes</strong></span> <span class='ocrx_word' id='word_1_172' title='bbox 3430 1044 3584 1084; x_wconf 85' lang='lat' dir='ltr'><strong>com-</strong></span> 
     </span>
    </p>
   </div>
   <div class='ocr_carea' id='block_1_26' title="bbox 1994 1113 3588 1184">
    <p class='ocr_par' dir='ltr' id='par_1_26' title="bbox 1994 1113 3588 1184">
     <span class='ocr_line' id='line_1_26' title="bbox 1994 1113 3588 1184; baseline 0.005 -17"><span class='ocrx_word' id='word_1_173' title='bbox 1994 1113 2178 1184; x_wconf 81' lang='lat' dir='ltr'><strong>primi.</strong></span> <span class='ocrx_word' id='word_1_174' title='bbox 2238 1124 2293 1169; x_wconf 88' lang='lat' dir='ltr'><strong>et</strong></span> <span class='ocrx_word' id='word_1_175' title='bbox 2341 1114 2646 1171; x_wconf 85' lang='lat' dir='ltr'><strong>exaltantes</strong></span> <span class='ocrx_word' id='word_1_176' title='bbox 2694 1116 2990 1172; x_wconf 85' lang='lat' dir='ltr'><strong>Ecclesiam</strong></span> <span class='ocrx_word' id='word_1_177' title='bbox 3042 1133 3195 1173; x_wconf 90' lang='lat' dir='ltr'><strong>suam</strong></span> <span class='ocrx_word' id='word_1_178' title='bbox 3228 1118 3481 1183; x_wconf 80' lang='lat' dir='ltr'><strong>exaltari,</strong></span> <span class='ocrx_word' id='word_1_179' title='bbox 3529 1126 3588 1175; x_wconf 87' lang='lat' dir='ltr'><strong>et</strong></span> 
     </span>
    </p>
   </div>
   <div class='ocr_carea' id='block_1_27' title="bbox 1994 1203 3587 1281">
    <p class='ocr_par' dir='ltr' id='par_1_27' title="bbox 1994 1203 3587 1281">
     <span class='ocr_line' id='line_1_27' title="bbox 1994 1203 3587 1281; baseline 0.004 -22"><span class='ocrx_word' id='word_1_180' title='bbox 1994 1203 2338 1261; x_wconf 88' lang='lat' dir='ltr'><strong>humiliantes</strong></span> <span class='ocrx_word' id='word_1_181' title='bbox 2368 1207 2510 1263; x_wconf 85' lang='lat' dir='ltr'><strong>hane</strong></span> <span class='ocrx_word' id='word_1_182' title='bbox 2549 1207 2716 1262; x_wconf 83' lang='lat' dir='ltr'><strong>voluit</strong></span> <span class='ocrx_word' id='word_1_183' title='bbox 2745 1207 3039 1263; x_wconf 87' lang='lat' dir='ltr'><strong>humiliari.</strong></span> <span class='ocrx_word' id='word_1_184' title='bbox 3091 1208 3279 1264; x_wconf 88' lang='lat' dir='ltr'><strong>Posuit</strong></span> <span class='ocrx_word' id='word_1_185' title='bbox 3304 1210 3504 1281; x_wconf 83' lang='lat' dir='ltr'><strong>quippe</strong></span> <span class='ocrx_word' id='word_1_186' title='bbox 3527 1218 3587 1266; x_wconf 81' lang='lat' dir='ltr'><strong>te</strong></span> 
     </span>
    </p>
   </div>
   <div class='ocr_carea' id='block_1_28' title="bbox 1996 1299 3587 1377">
    <p class='ocr_par' dir='ltr' id='par_1_28' title="bbox 1996 1299 3587 1377">
     <span class='ocr_line' id='line_1_28' title="bbox 1996 1299 3587 1377; baseline 0.003 -24"><span class='ocrx_word' id='word_1_187' title='bbox 1996 1299 2047 1353; x_wconf 86' lang='lat' dir='ltr'><strong>in</strong></span> <span class='ocrx_word' id='word_1_188' title='bbox 2103 1299 2345 1377; x_wconf 72' lang='lat' dir='ltr'><strong>Ecclesia</strong></span> <span class='ocrx_word' id='word_1_189' title='bbox 2375 1316 2470 1355; x_wconf 86' lang='lat' dir='ltr'><strong>sua</strong></span> <span class='ocrx_word' id='word_1_190' title='bbox 2500 1301 2638 1355; x_wconf 90' lang='lat' dir='ltr'><strong>sicut</strong></span> <span class='ocrx_word' id='word_1_191' title='bbox 2674 1303 2916 1371; x_wconf 84' lang='lat' dir='ltr'><strong>cedrum,</strong></span> <span class='ocrx_word' id='word_1_192' title='bbox 2946 1311 3005 1356; x_wconf 82' lang='grc' dir='ltr'><strong>ιιι</strong></span> <span class='ocrx_word' id='word_1_193' title='bbox 3029 1301 3132 1356; x_wconf 88' lang='lat' dir='ltr'><strong>sub</strong></span> <span class='ocrx_word' id='word_1_194' title='bbox 3162 1302 3353 1357; x_wconf 88' lang='lat' dir='ltr'><strong>umbra</strong></span> <span class='ocrx_word' id='word_1_195' title='bbox 3387 1312 3478 1357; x_wconf 84' lang='lat' dir='ltr'><strong>tua</strong></span> <span class='ocrx_word' id='word_1_196' title='bbox 3500 1316 3587 1358; x_wconf 80' lang='lat' dir='ltr'><strong>re-</strong></span> 
     </span>
    </p>
   </div>
   <div class='ocr_carea' id='block_1_29' title="bbox 1994 1391 3591 1464">
    <p class='ocr_par' dir='ltr' id='par_1_29' title="bbox 1994 1391 3591 1464">
     <span class='ocr_line' id='line_1_29' title="bbox 1994 1391 3591 1464; baseline 0.003 -19"><span class='ocrx_word' id='word_1_197' title='bbox 1994 1391 2274 1461; x_wconf 71' lang='lat' dir='ltr'><strong>frigerium</strong></span> <span class='ocrx_word' id='word_1_198' title='bbox 2302 1393 2551 1459; x_wconf 88' lang='lat' dir='ltr'><strong>cruciati,</strong></span> <span class='ocrx_word' id='word_1_199' title='bbox 2592 1401 2646 1448; x_wconf 91' lang='lat' dir='ltr'><strong>et</strong></span> <span class='ocrx_word' id='word_1_200' title='bbox 2686 1395 3076 1464; x_wconf 86' lang='lat' dir='ltr'><strong>protectionem</strong></span> <span class='ocrx_word' id='word_1_201' title='bbox 3118 1393 3391 1449; x_wconf 80' lang='lat' dir='ltr'><strong>inveniant</strong></span> <span class='ocrx_word' id='word_1_202' title='bbox 3427 1394 3591 1450; x_wconf 60' lang='lat' dir='ltr'><strong>desoa</strong></span> 
     </span>
    </p>
   </div>
   <div class='ocr_carea' id='block_1_30' title="bbox 1995 1485 3591 1558">
    <p class='ocr_par' dir='ltr' id='par_1_30' title="bbox 1995 1485 3591 1558">
     <span class='ocr_line' id='line_1_30' title="bbox 1995 1485 3591 1558; baseline 0.005 -19"><span class='ocrx_word' id='word_1_203' title='bbox 1995 1485 2110 1551; x_wconf 89' lang='lat' dir='ltr'><strong>lati,</strong></span> <span class='ocrx_word' id='word_1_204' title='bbox 2150 1502 2213 1542; x_wconf 91' lang='lat' dir='ltr'><strong>ac</strong></span> <span class='ocrx_word' id='word_1_205' title='bbox 2259 1488 2488 1543; x_wconf 88' lang='lat' dir='ltr'><strong>diversis</strong></span> <span class='ocrx_word' id='word_1_206' title='bbox 2541 1487 2947 1558; x_wconf 77' lang='lat' dir='ltr'><strong>fatigationihus</strong></span> <span class='ocrx_word' id='word_1_207' title='bbox 2999 1489 3241 1544; x_wconf 86' lang='lat' dir='ltr'><strong>lacerati.</strong></span> <span class='ocrx_word' id='word_1_208' title='bbox 3293 1488 3424 1544; x_wconf 85' lang='lat' dir='ltr'><strong>Post</strong></span> <span class='ocrx_word' id='word_1_209' title='bbox 3470 1488 3591 1548; x_wconf 77' lang='lat' dir='ltr'><strong>tunc</strong></span> 
     </span>
    </p>
   </div>
   <div class='ocr_carea' id='block_1_31' title="bbox 1994 1578 3589 1650">
    <p class='ocr_par' dir='ltr' id='par_1_31' title="bbox 1994 1578 3589 1650">
     <span class='ocr_line' id='line_1_31' title="bbox 1994 1578 3589 1650; baseline 0.003 -18"><span class='ocrx_word' id='word_1_210' title='bbox 1994 1588 2174 1632; x_wconf 88' lang='lat' dir='ltr'><strong>autem</strong></span> <span class='ocrx_word' id='word_1_211' title='bbox 2207 1578 2511 1634; x_wconf 82' lang='lat' dir='ltr'><strong>audivimus</strong></span> <span class='ocrx_word' id='word_1_212' title='bbox 2554 1580 2608 1634; x_wconf 89' lang='lat' dir='ltr'><strong>in</strong></span> <span class='ocrx_word' id='word_1_213' title='bbox 2664 1579 3262 1650; x_wconf 88' lang='lat' dir='ltr'><strong>Cunstantiuopolitana</strong></span> <span class='ocrx_word' id='word_1_214' title='bbox 3310 1581 3443 1634; x_wconf 89' lang='lat' dir='ltr'><strong>urbe</strong></span> <span class='ocrx_word' id='word_1_215' title='bbox 3476 1579 3589 1636; x_wconf 80' lang='lat' dir='ltr'><strong>dis-</strong></span> 
     </span>
    </p>
   </div>
   <div class='ocr_carea' id='block_1_32' title="bbox 1996 1668 3589 1743">
    <p class='ocr_par' dir='ltr' id='par_1_32' title="bbox 1996 1668 3589 1743">
     <span class='ocr_line' id='line_1_32' title="bbox 1996 1668 3589 1743; baseline 0 -18"><span class='ocrx_word' id='word_1_216' title='bbox 1996 1671 2295 1735; x_wconf 84' lang='lat' dir='ltr'><strong>sensiones,</strong></span> <span class='ocrx_word' id='word_1_217' title='bbox 2347 1672 2743 1737; x_wconf 84' lang='lat' dir='ltr'><strong>contentiones,</strong></span> <span class='ocrx_word' id='word_1_218' title='bbox 2798 1672 3086 1737; x_wconf 87' lang='lat' dir='ltr'><strong>clamores,</strong></span> <span class='ocrx_word' id='word_1_219' title='bbox 3151 1668 3589 1743; x_wconf 73' lang='lat' dir='ltr'><strong>conjurationes,</strong></span> 
     </span>
    </p>
   </div>
   <div class='ocr_carea' id='block_1_33' title="bbox 289 1752 3585 1840">
    <p class='ocr_par' dir='ltr' id='par_1_33' title="bbox 289 1752 3585 1840">
     <span class='ocr_line' id='line_1_33' title="bbox 289 1752 3585 1840; baseline -0.002 -16"><span class='ocrx_word' id='word_1_220' title='bbox 289 1766 492 1837; x_wconf 81' lang='lat' dir='ltr'><strong>quavis</strong></span> <span class='ocrx_word' id='word_1_221' title='bbox 531 1766 903 1829; x_wconf 81' lang='lat' dir='ltr'><strong>inoltietudine</strong></span> <span class='ocrx_word' id='word_1_222' title='bbox 940 1784 1128 1840; x_wconf 85' lang='lat' dir='ltr'><strong>regere</strong></span> <span class='ocrx_word' id='word_1_223' title='bbox 1153 1777 1333 1839; x_wconf 90' lang='lat' dir='ltr'><strong>posset</strong></span> <span class='ocrx_word' id='word_1_224' title='bbox 1382 1770 1648 1840; x_wconf 88' lang='lat' dir='ltr'><strong>impedisti</strong></span> <span class='ocrx_word' id='word_1_225' title='bbox 1680 1788 1692 1824; x_wconf 93' lang='lat'>:</span> <span class='ocrx_word' id='word_1_226' title='bbox 1729 1769 1809 1824; x_wconf 85' lang='lat' dir='ltr'><strong>vel</strong></span> <span class='ocrx_word' id='word_1_227' title='bbox 1841 1768 1887 1825; x_wconf 89' lang='lat' dir='ltr'><strong>si</strong></span> <span class='ocrx_word' id='word_1_228' title='bbox 1920 1752 1964 1811; x_wconf 76' lang='grc' dir='ltr'>Β</span> <span class='ocrx_word' id='word_1_229' title='bbox 1992 1764 2440 1832; x_wconf 79' lang='lat' dir='ltr'><strong>conspirationes,</strong></span> <span class='ocrx_word' id='word_1_230' title='bbox 2472 1764 2755 1829; x_wconf 80' lang='lat' dir='ltr'><strong>factiones,</strong></span> <span class='ocrx_word' id='word_1_231' title='bbox 2801 1766 3193 1829; x_wconf 85' lang='lat' dir='ltr'><strong>animositates,</strong></span> <span class='ocrx_word' id='word_1_232' title='bbox 3253 1763 3585 1831; x_wconf 82' lang='lat' dir='ltr'><strong>simultates,</strong></span> 
     </span>
    </p>
   </div>
   <div class='ocr_carea' id='block_1_34' title="bbox 290 1855 1891 1930">
    <p class='ocr_par' dir='ltr' id='par_1_34' title="bbox 290 1855 1891 1930">
     <span class='ocr_line' id='line_1_34' title="bbox 290 1855 1891 1930; baseline 0.004 -20"><span class='ocrx_word' id='word_1_233' title='bbox 290 1855 364 1911; x_wconf 88' lang='lat' dir='ltr'><strong>de</strong></span> <span class='ocrx_word' id='word_1_234' title='bbox 396 1857 694 1913; x_wconf 91' lang='lat' dir='ltr'><strong>ministerio</strong></span> <span class='ocrx_word' id='word_1_235' title='bbox 722 1874 876 1913; x_wconf 87' lang='lat' dir='ltr'><strong>sacro</strong></span> <span class='ocrx_word' id='word_1_236' title='bbox 904 1859 1128 1916; x_wconf 89' lang='lat' dir='ltr'><strong>ulterius</strong></span> <span class='ocrx_word' id='word_1_237' title='bbox 1155 1877 1317 1916; x_wconf 87' lang='lat' dir='ltr'><strong>ausus</strong></span> <span class='ocrx_word' id='word_1_238' title='bbox 1343 1859 1488 1917; x_wconf 83' lang='lat' dir='ltr'><strong>fuisti</strong></span> <span class='ocrx_word' id='word_1_239' title='bbox 1516 1861 1716 1930; x_wconf 80' lang='lat' dir='ltr'><strong>aliquid</strong></span> <span class='ocrx_word' id='word_1_240' title='bbox 1741 1876 1891 1916; x_wconf 89' lang='lat' dir='ltr'><strong>more</strong></span> 
     </span>
    </p>
   </div>
   <div class='ocr_carea' id='block_1_35' title="bbox 289 1948 1890 2024">
    <p class='ocr_par' dir='ltr' id='par_1_35' title="bbox 289 1948 1890 2024">
     <span class='ocr_line' id='line_1_35' title="bbox 289 1948 1890 2024; baseline 0.002 -21"><span class='ocrx_word' id='word_1_241' title='bbox 289 1948 598 2005; x_wconf 84' lang='lat' dir='ltr'><strong>sacerdotis</strong></span> <span class='ocrx_word' id='word_1_242' title='bbox 630 1952 944 2023; x_wconf 83' lang='lat' dir='ltr'><strong>contingere</strong></span> <span class='ocrx_word' id='word_1_243' title='bbox 962 1994 978 2013; x_wconf 83' lang='lat'><strong>,</strong></span> <span class='ocrx_word' id='word_1_244' title='bbox 999 1950 1154 2021; x_wconf 84' lang='lat' dir='ltr'><strong>juxta</strong></span> <span class='ocrx_word' id='word_1_245' title='bbox 1182 1955 1572 2024; x_wconf 61' lang='lat' dir='ltr'><strong>praecedentem</strong></span> <span class='ocrx_word' id='word_1_246' title='bbox 1598 1963 1890 2011; x_wconf 86' lang='lat' dir='ltr'><strong>consuetu-</strong></span> 
     </span>
    </p>
   </div>
   <div class='ocr_carea' id='block_1_36' title="bbox 288 2039 1890 2114">
    <p class='ocr_par' dir='ltr' id='par_1_36' title="bbox 288 2039 1890 2114">
     <span class='ocr_line' id='line_1_36' title="bbox 288 2039 1890 2114; baseline 0.003 -20"><span class='ocrx_word' id='word_1_247' title='bbox 288 2039 478 2095; x_wconf 89' lang='lat' dir='ltr'><strong>dinem</strong></span> <span class='ocrx_word' id='word_1_248' title='bbox 512 2042 687 2111; x_wconf 92' lang='lat' dir='ltr'><strong>(quod</strong></span> <span class='ocrx_word' id='word_1_249' title='bbox 719 2051 905 2097; x_wconf 89' lang='lat' dir='ltr'><strong>contra</strong></span> <span class='ocrx_word' id='word_1_250' title='bbox 952 2058 1186 2100; x_wconf 89' lang='lat' dir='ltr'><strong>canones</strong></span> <span class='ocrx_word' id='word_1_251' title='bbox 1215 2043 1332 2114; x_wconf 89' lang='lat' dir='ltr'><strong>est)</strong></span> <span class='ocrx_word' id='word_1_252' title='bbox 1373 2045 1518 2100; x_wconf 93' lang='lat' dir='ltr'><strong>nullo</strong></span> <span class='ocrx_word' id='word_1_253' title='bbox 1546 2045 1704 2099; x_wconf 90' lang='lat' dir='ltr'><strong>modo</strong></span> <span class='ocrx_word' id='word_1_254' title='bbox 1730 2045 1890 2099; x_wconf 83' lang='lat' dir='ltr'><strong>liccat</strong></span> 
     </span>
    </p>
   </div>
   <div class='ocr_carea' id='block_1_37' title="bbox 293 2131 1889 2205">
    <p class='ocr_par' dir='ltr' id='par_1_37' title="bbox 293 2131 1889 2205">
     <span class='ocr_line' id='line_1_37' title="bbox 293 2131 1889 2205; baseline 0.003 -18"><span class='ocrx_word' id='word_1_255' title='bbox 293 2131 394 2187; x_wconf 89' lang='lat' dir='ltr'><strong>tibi</strong></span> <span class='ocrx_word' id='word_1_256' title='bbox 435 2134 835 2189; x_wconf 87' lang='lat' dir='ltr'><strong>communionis</strong></span> <span class='ocrx_word' id='word_1_257' title='bbox 865 2150 1013 2205; x_wconf 91' lang='lat' dir='ltr'><strong>spem</strong></span> <span class='ocrx_word' id='word_1_258' title='bbox 1033 2176 1049 2199; x_wconf 92' lang='lat'><strong>,</strong></span> <span class='ocrx_word' id='word_1_259' title='bbox 1099 2146 1194 2191; x_wconf 87' lang='lat' dir='ltr'><strong>aut</strong></span> <span class='ocrx_word' id='word_1_260' title='bbox 1223 2137 1400 2192; x_wconf 90' lang='lat' dir='ltr'><strong>locum</strong></span> <span class='ocrx_word' id='word_1_261' title='bbox 1430 2138 1631 2193; x_wconf 86' lang='lat' dir='ltr'><strong>habere</strong></span> <span class='ocrx_word' id='word_1_262' title='bbox 1675 2137 1889 2193; x_wconf 69' lang='lat' dir='ltr'><strong>satisfa-</strong></span> 
     </span>
    </p>
   </div>
   <div class='ocr_carea' id='block_1_38' title="bbox 288 2223 1885 2297">
    <p class='ocr_par' dir='ltr' id='par_1_38' title="bbox 288 2223 1885 2297">
     <span class='ocr_line' id='line_1_38' title="bbox 288 2223 1885 2297; baseline 0.003 -18"><span class='ocrx_word' id='word_1_263' title='bbox 288 2223 515 2290; x_wconf 88' lang='lat' dir='ltr'><strong>ctionis,</strong></span> <span class='ocrx_word' id='word_1_264' title='bbox 544 2227 637 2280; x_wconf 90' lang='lat' dir='ltr'><strong>sed</strong></span> <span class='ocrx_word' id='word_1_265' title='bbox 664 2226 1027 2283; x_wconf 88' lang='lat' dir='ltr'><strong>anathematis</strong></span> <span class='ocrx_word' id='word_1_266' title='bbox 1050 2228 1280 2285; x_wconf 84' lang='lat' dir='ltr'><strong>vinculis</strong></span> <span class='ocrx_word' id='word_1_267' title='bbox 1310 2229 1600 2286; x_wconf 90' lang='lat' dir='ltr'><strong>innodatus</strong></span> <span class='ocrx_word' id='word_1_268' title='bbox 1630 2245 1736 2284; x_wconf 89' lang='lat' dir='ltr'><strong>una</strong></span> <span class='ocrx_word' id='word_1_269' title='bbox 1762 2245 1885 2297; x_wconf 76' lang='lat' dir='ltr'><strong>eum</strong></span> 
     </span>
    </p>
   </div>
   <div class='ocr_carea' id='block_1_39' title="bbox 289 2317 1888 2393">
    <p class='ocr_par' dir='ltr' id='par_1_39' title="bbox 289 2317 1888 2393">
     <span class='ocr_line' id='line_1_39' title="bbox 289 2317 1888 2393; baseline 0.004 -21"><span class='ocrx_word' id='word_1_270' title='bbox 289 2317 853 2374; x_wconf 86' lang='lat' dir='ltr'><strong>communicatoribus</strong></span> <span class='ocrx_word' id='word_1_271' title='bbox 896 2320 1033 2385; x_wconf 90' lang='lat' dir='ltr'><strong>tuis,</strong></span> <span class='ocrx_word' id='word_1_272' title='bbox 1073 2331 1236 2390; x_wconf 89' lang='lat' dir='ltr'><strong>atque</strong></span> <span class='ocrx_word' id='word_1_273' title='bbox 1281 2321 1583 2378; x_wconf 82' lang='lat' dir='ltr'><strong>fautoribus</strong></span> <span class='ocrx_word' id='word_1_274' title='bbox 1624 2330 1888 2393; x_wconf 85' lang='lat' dir='ltr'><strong>perpetuo</strong></span> 
     </span>
    </p>
   </div>
   <div class='ocr_carea' id='block_1_40' title="bbox 293 2405 1886 2481">
    <p class='ocr_par' dir='ltr' id='par_1_40' title="bbox 293 2405 1886 2481">
     <span class='ocr_line' id='line_1_40' title="bbox 293 2405 1886 2481; baseline 0.005 -21"><span class='ocrx_word' id='word_1_275' title='bbox 293 2405 394 2461; x_wconf 85' lang='lat' dir='ltr'><strong>Dei</strong></span> <span class='ocrx_word' id='word_1_276' title='bbox 415 2408 649 2477; x_wconf 86' lang='lat' dir='ltr'><strong>judicio,</strong></span> <span class='ocrx_word' id='word_1_277' title='bbox 681 2425 745 2464; x_wconf 89' lang='lat' dir='ltr'><strong>ac</strong></span> <span class='ocrx_word' id='word_1_278' title='bbox 773 2412 1038 2466; x_wconf 87' lang='lat' dir='ltr'><strong>sententia</strong></span> <span class='ocrx_word' id='word_1_279' title='bbox 1070 2427 1165 2481; x_wconf 91' lang='lat' dir='ltr'><strong>per</strong></span> <span class='ocrx_word' id='word_1_280' title='bbox 1190 2413 1619 2469; x_wconf 85' lang='lat' dir='ltr'><strong>mediocritatem</strong></span> <span class='ocrx_word' id='word_1_281' title='bbox 1648 2422 1886 2468; x_wconf 88' lang='lat' dir='ltr'><strong>nostram</strong></span> 
     </span>
    </p>
   </div>
   <div class='ocr_carea' id='block_1_41' title="bbox 295 2499 1887 2573">
    <p class='ocr_par' dir='ltr' id='par_1_41' title="bbox 295 2499 1887 2573">
     <span class='ocr_line' id='line_1_41' title="bbox 295 2499 1887 2573; baseline 0.004 -20"><span class='ocrx_word' id='word_1_282' title='bbox 295 2499 569 2565; x_wconf 87' lang='lat' dir='ltr'><strong>existens,</strong></span> <span class='ocrx_word' id='word_1_283' title='bbox 617 2515 833 2556; x_wconf 89' lang='lat' dir='ltr'><strong>sacrum</strong></span> <span class='ocrx_word' id='word_1_284' title='bbox 862 2518 1062 2573; x_wconf 80' lang='lat' dir='ltr'><strong>corpus</strong></span> <span class='ocrx_word' id='word_1_285' title='bbox 1089 2513 1145 2558; x_wconf 90' lang='lat' dir='ltr'><strong>et</strong></span> <span class='ocrx_word' id='word_1_286' title='bbox 1173 2508 1491 2573; x_wconf 79' lang='lat' dir='ltr'><strong>sanguinem</strong></span> <span class='ocrx_word' id='word_1_287' title='bbox 1517 2505 1730 2561; x_wconf 90' lang='lat' dir='ltr'><strong>Domini</strong></span> <span class='ocrx_word' id='word_1_288' title='bbox 1760 2506 1887 2561; x_wconf 89' lang='lat' dir='ltr'><strong>.lesu</strong></span> 
     </span>
    </p>
   </div>
   <div class='ocr_carea' id='block_1_42' title="bbox 294 2588 1884 2667">
    <p class='ocr_par' dir='ltr' id='par_1_42' title="bbox 294 2588 1884 2667">
     <span class='ocr_line' id='line_1_42' title="bbox 294 2588 1884 2667; baseline 0.003 -22"><span class='ocrx_word' id='word_1_289' title='bbox 294 2588 498 2647; x_wconf 87' lang='lat' dir='ltr'><strong>Christi</strong></span> <span class='ocrx_word' id='word_1_290' title='bbox 546 2593 760 2649; x_wconf 89' lang='lat' dir='ltr'><strong>nonnisi</strong></span> <span class='ocrx_word' id='word_1_291' title='bbox 799 2594 979 2649; x_wconf 85' lang='lat' dir='ltr'><strong>vicino</strong></span> <span class='ocrx_word' id='word_1_292' title='bbox 1025 2596 1214 2651; x_wconf 88' lang='lat' dir='ltr'><strong>mortis</strong></span> <span class='ocrx_word' id='word_1_293' title='bbox 1245 2597 1483 2666; x_wconf 89' lang='lat' dir='ltr'><strong>periculo</strong></span> <span class='ocrx_word' id='word_1_294' title='bbox 1510 2606 1884 2667; x_wconf 83' lang='lat' dir='ltr'><strong>percepturus.</strong></span> 
     </span>
    </p>
   </div>
   <div class='ocr_carea' id='block_1_43' title="bbox 295 2686 1889 2759">
    <p class='ocr_par' dir='ltr' id='par_1_43' title="bbox 295 2686 1889 2759">
     <span class='ocr_line' id='line_1_43' title="bbox 295 2686 1889 2759; baseline 0.002 -18"><span class='ocrx_word' id='word_1_295' title='bbox 295 2686 575 2756; x_wconf 77' lang='lat' dir='ltr'><strong>Quatenus</strong></span> <span class='ocrx_word' id='word_1_296' title='bbox 601 2687 717 2744; x_wconf 74' lang='lat' dir='ltr'><strong>haec</strong></span> <span class='ocrx_word' id='word_1_297' title='bbox 755 2690 1125 2759; x_wconf 82' lang='lat' dir='ltr'><strong>unusquisque</strong></span> <span class='ocrx_word' id='word_1_298' title='bbox 1152 2691 1405 2746; x_wconf 84' lang='lat' dir='ltr'><strong>discens:</strong></span> <span class='ocrx_word' id='word_1_299' title='bbox 1440 2704 1778 2759; x_wconf 84' lang='lat' dir='ltr'><strong>nequaquam</strong></span> <span class='ocrx_word' id='word_1_300' title='bbox 1819 2688 1889 2744; x_wconf 88' lang='lat' dir='ltr'><strong>de</strong></span> 
     </span>
    </p>
   </div>
   <div class='ocr_carea' id='block_1_44' title="bbox 290 2780 1885 2857">
    <p class='ocr_par' dir='ltr' id='par_1_44' title="bbox 290 2780 1885 2857">
     <span class='ocr_line' id='line_1_44' title="bbox 290 2780 1885 2857; baseline 0 -24"><span class='ocrx_word' id='word_1_301' title='bbox 290 2788 490 2835; x_wconf 67' lang='lat' dir='ltr'><strong>caetero</strong></span> <span class='ocrx_word' id='word_1_302' title='bbox 532 2780 821 2835; x_wconf 89' lang='lat' dir='ltr'><strong>temeraria</strong></span> <span class='ocrx_word' id='word_1_303' title='bbox 856 2782 1281 2857; x_wconf 73' lang='lat' dir='ltr'><strong>pnesumptione</strong></span> <span class='ocrx_word' id='word_1_304' title='bbox 1327 2796 1394 2835; x_wconf 86' lang='lat' dir='ltr'><strong>ex</strong></span> <span class='ocrx_word' id='word_1_305' title='bbox 1423 2780 1574 2837; x_wconf 90' lang='lat' dir='ltr'><strong>laieis</strong></span> <span class='ocrx_word' id='word_1_306' title='bbox 1622 2780 1800 2835; x_wconf 91' lang='lat' dir='ltr'><strong>subito</strong></span> <span class='ocrx_word' id='word_1_307' title='bbox 1830 2780 1885 2834; x_wconf 89' lang='lat' dir='ltr'><strong>in</strong></span> 
     </span>
    </p>
   </div>
   <div class='ocr_carea' id='block_1_45' title="bbox 290 2872 1886 2944">
    <p class='ocr_par' dir='ltr' id='par_1_45' title="bbox 290 2872 1886 2944">
     <span class='ocr_line' id='line_1_45' title="bbox 290 2872 1886 2944; baseline 0 -16"><span class='ocrx_word' id='word_1_308' title='bbox 290 2872 578 2933; x_wconf 84' lang='lat' dir='ltr'><strong>dominicis</strong></span> <span class='ocrx_word' id='word_1_309' title='bbox 604 2873 799 2928; x_wconf 88' lang='lat' dir='ltr'><strong>castris</strong></span> <span class='ocrx_word' id='word_1_310' title='bbox 838 2874 1117 2944; x_wconf 86' lang='lat' dir='ltr'><strong>insperato</strong></span> <span class='ocrx_word' id='word_1_311' title='bbox 1145 2872 1542 2943; x_wconf 88' lang='lat' dir='ltr'><strong>quodammodo</strong></span> <span class='ocrx_word' id='word_1_312' title='bbox 1584 2875 1784 2943; x_wconf 90' lang='lat' dir='ltr'><strong>impetu</strong></span> <span class='ocrx_word' id='word_1_313' title='bbox 1810 2872 1886 2928; x_wconf 89' lang='lat' dir='ltr'><strong>ir-</strong></span> 
     </span>
    </p>
   </div>
   <div class='ocr_carea' id='block_1_46' title="bbox 288 2967 1885 3038">
    <p class='ocr_par' dir='ltr' id='par_1_46' title="bbox 288 2967 1885 3038">
     <span class='ocr_line' id='line_1_46' title="bbox 288 2967 1885 3038; baseline 0.001 -15"><span class='ocrx_word' id='word_1_314' title='bbox 288 2981 481 3037; x_wconf 72' lang='lat' dir='ltr'><strong>repere</strong></span> <span class='ocrx_word' id='word_1_315' title='bbox 529 2967 754 3038; x_wconf 78' lang='lat' dir='ltr'><strong>audeat,</strong></span> <span class='ocrx_word' id='word_1_316' title='bbox 806 2974 862 3022; x_wconf 90' lang='lat' dir='ltr'><strong>et</strong></span> <span class='ocrx_word' id='word_1_317' title='bbox 888 2967 1223 3037; x_wconf 83' lang='lat' dir='ltr'><strong>principatus</strong></span> <span class='ocrx_word' id='word_1_318' title='bbox 1250 2982 1434 3022; x_wconf 89' lang='lat' dir='ltr'><strong>amore</strong></span> <span class='ocrx_word' id='word_1_319' title='bbox 1471 2976 1598 3023; x_wconf 87' lang='lat' dir='ltr'><strong>ante</strong></span> <span class='ocrx_word' id='word_1_320' title='bbox 1627 2968 1732 3023; x_wconf 86' lang='lat' dir='ltr'><strong>dux</strong></span> <span class='ocrx_word' id='word_1_321' title='bbox 1763 2981 1885 3024; x_wconf 86' lang='lat' dir='ltr'><strong>esse</strong></span> 
     </span>
    </p>
   </div>
   <div class='ocr_carea' id='block_1_47' title="bbox 287 3060 1883 3130">
    <p class='ocr_par' dir='ltr' id='par_1_47' title="bbox 287 3060 1883 3130">
     <span class='ocr_line' id='line_1_47' title="bbox 287 3060 1883 3130; baseline 0.002 -16"><span class='ocrx_word' id='word_1_322' title='bbox 287 3060 446 3123; x_wconf 89' lang='lat' dir='ltr'><strong>velit,</strong></span> <span class='ocrx_word' id='word_1_323' title='bbox 498 3074 660 3130; x_wconf 89' lang='lat' dir='ltr'><strong>quam</strong></span> <span class='ocrx_word' id='word_1_324' title='bbox 709 3060 900 3116; x_wconf 88' lang='lat' dir='ltr'><strong>tironis</strong></span> <span class='ocrx_word' id='word_1_325' title='bbox 947 3070 1289 3116; x_wconf 88' lang='lat' dir='ltr'><strong>consummet</strong></span> <span class='ocrx_word' id='word_1_326' title='bbox 1336 3060 1606 3126; x_wconf 78' lang='lat' dir='ltr'><strong>ofﬁcium,</strong></span> <span class='ocrx_word' id='word_1_327' title='bbox 1653 3070 1709 3116; x_wconf 88' lang='lat' dir='ltr'><strong>et</strong></span> <span class='ocrx_word' id='word_1_328' title='bbox 1756 3067 1883 3117; x_wconf 84' lang='lat' dir='ltr'><strong>ante</strong></span> 
     </span>
    </p>
   </div>
   <div class='ocr_carea' id='block_1_48' title="bbox 291 3151 1883 3222">
    <p class='ocr_par' dir='ltr' id='par_1_48' title="bbox 291 3151 1883 3222">
     <span class='ocr_line' id='line_1_48' title="bbox 291 3151 1883 3222; baseline 0.003 -17"><span class='ocrx_word' id='word_1_329' title='bbox 291 3157 462 3205; x_wconf 88' lang='lat' dir='ltr'><strong>tentet</strong></span> <span class='ocrx_word' id='word_1_330' title='bbox 486 3151 714 3216; x_wconf 87' lang='lat' dir='ltr'><strong>docere,</strong></span> <span class='ocrx_word' id='word_1_331' title='bbox 759 3167 920 3222; x_wconf 90' lang='lat' dir='ltr'><strong>quam</strong></span> <span class='ocrx_word' id='word_1_332' title='bbox 949 3152 1197 3219; x_wconf 89' lang='lat' dir='ltr'><strong>discere,</strong></span> <span class='ocrx_word' id='word_1_333' title='bbox 1237 3154 1375 3209; x_wconf 89' lang='lat' dir='ltr'><strong>sicut</strong></span> <span class='ocrx_word' id='word_1_334' title='bbox 1409 3154 1460 3209; x_wconf 92' lang='lat' dir='ltr'><strong>in</strong></span> <span class='ocrx_word' id='word_1_335' title='bbox 1505 3155 1693 3209; x_wconf 88' lang='lat' dir='ltr'><strong>eadem</strong></span> <span class='ocrx_word' id='word_1_336' title='bbox 1739 3152 1883 3211; x_wconf 88' lang='lat' dir='ltr'><strong>Con-</strong></span> 
     </span>
    </p>
   </div>
   <div class='ocr_carea' id='block_1_49' title="bbox 288 3244 1882 3318">
    <p class='ocr_par' dir='ltr' id='par_1_49' title="bbox 288 3244 1882 3318">
     <span class='ocr_line' id='line_1_49' title="bbox 288 3244 1882 3318; baseline 0.004 -19"><span class='ocrx_word' id='word_1_337' title='bbox 288 3244 764 3315; x_wconf 76' lang='lat' dir='ltr'><strong>stantinopolitano</strong></span> <span class='ocrx_word' id='word_1_338' title='bbox 818 3245 1055 3301; x_wconf 86' lang='lat' dir='ltr'><strong>Ecclesia</strong></span> <span class='ocrx_word' id='word_1_339' title='bbox 1124 3262 1267 3318; x_wconf 64' lang='lat' dir='ltr'><strong>saepe</strong></span> <span class='ocrx_word' id='word_1_340' title='bbox 1314 3256 1702 3317; x_wconf 61' lang='lat' dir='ltr'><strong>praesumptum</strong></span> <span class='ocrx_word' id='word_1_341' title='bbox 1758 3263 1882 3305; x_wconf 75' lang='lat' dir='ltr'><strong>esse</strong></span> 
     </span>
    </p>
   </div>
   <div class='ocr_carea' id='block_1_50' title="bbox 286 3336 1881 3411">
    <p class='ocr_par' dir='ltr' id='par_1_50' title="bbox 286 3336 1881 3411">
     <span class='ocr_line' id='line_1_50' title="bbox 286 3336 1881 3411; baseline 0.003 -19"><span class='ocrx_word' id='word_1_342' title='bbox 286 3336 667 3407; x_wconf 87' lang='lat' dir='ltr'><strong>comperimus.</strong></span> <span class='ocrx_word' id='word_1_343' title='bbox 697 3336 763 3391; x_wconf 85' lang='lat' dir='ltr'><strong>Et</strong></span> <span class='ocrx_word' id='word_1_344' title='bbox 798 3352 985 3392; x_wconf 88' lang='lat' dir='ltr'><strong>rursus</strong></span> <span class='ocrx_word' id='word_1_345' title='bbox 1018 3353 1084 3392; x_wconf 89' lang='lat' dir='ltr'><strong>ne</strong></span> <span class='ocrx_word' id='word_1_346' title='bbox 1119 3339 1444 3408; x_wconf 90' lang='lat' dir='ltr'><strong>contemptis</strong></span> <span class='ocrx_word' id='word_1_347' title='bbox 1467 3339 1684 3394; x_wconf 88' lang='lat' dir='ltr'><strong>clericis</strong></span> <span class='ocrx_word' id='word_1_348' title='bbox 1713 3338 1732 3397; x_wconf 86' lang='lat'><em>(</em></span> <span class='ocrx_word' id='word_1_349' title='bbox 1746 3355 1881 3411; x_wconf 92' lang='lat' dir='ltr'><strong>quo-</strong></span> 
     </span>
    </p>
   </div>
   <div class='ocr_carea' id='block_1_51' title="bbox 291 3427 1881 3499">
    <p class='ocr_par' dir='ltr' id='par_1_51' title="bbox 291 3427 1881 3499">
     <span class='ocr_line' id='line_1_51' title="bbox 291 3427 1881 3499; baseline 0.004 -18"><span class='ocrx_word' id='word_1_350' title='bbox 291 3441 408 3481; x_wconf 91' lang='lat' dir='ltr'><strong>rum</strong></span> <span class='ocrx_word' id='word_1_351' title='bbox 450 3433 638 3496; x_wconf 89' lang='lat' dir='ltr'><strong>utpote</strong></span> <span class='ocrx_word' id='word_1_352' title='bbox 685 3427 740 3481; x_wconf 87' lang='lat' dir='ltr'><strong>in</strong></span> <span class='ocrx_word' id='word_1_353' title='bbox 778 3434 885 3481; x_wconf 91' lang='lat' dir='ltr'><strong>tam</strong></span> <span class='ocrx_word' id='word_1_354' title='bbox 913 3443 1111 3497; x_wconf 88' lang='lat' dir='ltr'><strong>magna</strong></span> <span class='ocrx_word' id='word_1_355' title='bbox 1161 3428 1295 3484; x_wconf 82' lang='lat' dir='ltr'><strong>urbe</strong></span> <span class='ocrx_word' id='word_1_356' title='bbox 1333 3429 1549 3499; x_wconf 89' lang='lat' dir='ltr'><strong>copiosa</strong></span> <span class='ocrx_word' id='word_1_357' title='bbox 1592 3429 1881 3498; x_wconf 84' lang='lat' dir='ltr'><strong>multitudo</strong></span> 
     </span>
    </p>
   </div>
   <div class='ocr_carea' id='block_1_52' title="bbox 288 3517 1879 3591">
    <p class='ocr_par' dir='ltr' id='par_1_52' title="bbox 288 3517 1879 3591">
     <span class='ocr_line' id='line_1_52' title="bbox 288 3517 1879 3591; baseline 0.003 -17"><span class='ocrx_word' id='word_1_358' title='bbox 288 3518 402 3590; x_wconf 88' lang='lat' dir='ltr'><strong>est)</strong></span> <span class='ocrx_word' id='word_1_359' title='bbox 452 3517 684 3589; x_wconf 85' lang='lat' dir='ltr'><strong>quisque</strong></span> <span class='ocrx_word' id='word_1_360' title='bbox 711 3517 780 3573; x_wconf 88' lang='lat' dir='ltr'><strong>ab</strong></span> <span class='ocrx_word' id='word_1_361' title='bbox 804 3519 933 3589; x_wconf 80' lang='lat' dir='ltr'><strong>ipsis</strong></span> <span class='ocrx_word' id='word_1_362' title='bbox 959 3520 977 3586; x_wconf 85' lang='lat'><strong>(</strong></span> <span class='ocrx_word' id='word_1_363' title='bbox 1001 3529 1060 3575; x_wconf 91' lang='lat' dir='ltr'><strong>ut</strong></span> <span class='ocrx_word' id='word_1_364' title='bbox 1098 3520 1172 3575; x_wconf 89' lang='lat' dir='ltr'><strong>ita</strong></span> <span class='ocrx_word' id='word_1_365' title='bbox 1199 3521 1533 3591; x_wconf 79' lang='lat' dir='ltr'><strong>dixerimus)</strong></span> <span class='ocrx_word' id='word_1_366' title='bbox 1565 3522 1879 3589; x_wconf 77' lang='lat' dir='ltr'><strong>cunabulis,</strong></span> 
     </span>
    </p>
   </div>
   <div class='ocr_carea' id='block_1_53' title="bbox 290 3608 1874 3682">
    <p class='ocr_par' dir='ltr' id='par_1_53' title="bbox 290 3608 1874 3682">
     <span class='ocr_line' id='line_1_53' title="bbox 290 3608 1874 3682; baseline 0.001 -16"><span class='ocrx_word' id='word_1_367' title='bbox 290 3611 733 3682; x_wconf 79' lang='lat' dir='ltr'><strong>impraetermisso</strong></span> <span class='ocrx_word' id='word_1_368' title='bbox 760 3608 943 3665; x_wconf 88' lang='lat' dir='ltr'><strong>labore</strong></span> <span class='ocrx_word' id='word_1_369' title='bbox 979 3611 1031 3665; x_wconf 92' lang='lat' dir='ltr'><strong>in</strong></span> <span class='ocrx_word' id='word_1_370' title='bbox 1062 3610 1305 3667; x_wconf 79' lang='lat' dir='ltr'><strong>Ecclesia</strong></span> <span class='ocrx_word' id='word_1_371' title='bbox 1343 3610 1544 3667; x_wconf 90' lang='lat' dir='ltr'><strong>Christi</strong></span> <span class='ocrx_word' id='word_1_372' title='bbox 1580 3611 1874 3678; x_wconf 86' lang='lat' dir='ltr'><strong>desudant;</strong></span> 
     </span>
    </p>
   </div>
   <div class='ocr_carea' id='block_1_54' title="bbox 285 3699 1877 3771">
    <p class='ocr_par' dir='ltr' id='par_1_54' title="bbox 285 3699 1877 3771">
     <span class='ocr_line' id='line_1_54' title="bbox 285 3699 1877 3771; baseline -0.001 -15"><span class='ocrx_word' id='word_1_373' title='bbox 285 3708 339 3757; x_wconf 89' lang='lat' dir='ltr'><strong>et</strong></span> <span class='ocrx_word' id='word_1_374' title='bbox 366 3700 718 3756; x_wconf 84' lang='lat' dir='ltr'><strong>indesinentia</strong></span> <span class='ocrx_word' id='word_1_375' title='bbox 748 3699 976 3757; x_wconf 88' lang='lat' dir='ltr'><strong>Domino</strong></span> <span class='ocrx_word' id='word_1_376' title='bbox 1014 3700 1269 3755; x_wconf 80' lang='lat' dir='ltr'><strong>exhibent</strong></span> <span class='ocrx_word' id='word_1_377' title='bbox 1296 3701 1577 3757; x_wconf 88' lang='lat' dir='ltr'><strong>servitutis</strong></span> <span class='ocrx_word' id='word_1_378' title='bbox 1597 3700 1877 3771; x_wconf 88' lang='lat' dir='ltr'><strong>obsequia,</strong></span> 
     </span>
    </p>
   </div>
   <div class='ocr_carea' id='block_1_55' title="bbox 287 3792 1915 3867">
    <p class='ocr_par' dir='ltr' id='par_1_55' title="bbox 287 3792 1915 3867">
     <span class='ocr_line' id='line_1_55' title="bbox 287 3792 1915 3867; baseline 0 -16"><span class='ocrx_word' id='word_1_379' title='bbox 287 3794 333 3851; x_wconf 81' lang='lat' dir='ltr'><strong>is</strong></span> <span class='ocrx_word' id='word_1_380' title='bbox 376 3794 468 3864; x_wconf 90' lang='lat' dir='ltr'><strong>qui</strong></span> <span class='ocrx_word' id='word_1_381' title='bbox 512 3792 716 3849; x_wconf 74' lang='lat' dir='ltr'><strong>deforis</strong></span> <span class='ocrx_word' id='word_1_382' title='bbox 764 3801 879 3859; x_wconf 85' lang='lat' dir='ltr'><strong>est,</strong></span> <span class='ocrx_word' id='word_1_383' title='bbox 934 3792 1156 3849; x_wconf 89' lang='lat' dir='ltr'><strong>alterius</strong></span> <span class='ocrx_word' id='word_1_384' title='bbox 1203 3795 1363 3849; x_wconf 88' lang='lat' dir='ltr'><strong>ovilis</strong></span> <span class='ocrx_word' id='word_1_385' title='bbox 1406 3794 1607 3850; x_wconf 90' lang='lat' dir='ltr'><strong>Christi</strong></span> <span class='ocrx_word' id='word_1_386' title='bbox 1658 3804 1915 3867; x_wconf 33' lang='lat' dir='ltr'><strong>repente.</strong></span> 
     </span>
    </p>
   </div>
   <div class='ocr_carea' id='block_1_56' title="bbox 285 3885 1875 3959">
    <p class='ocr_par' dir='ltr' id='par_1_56' title="bbox 285 3885 1875 3959">
     <span class='ocr_line' id='line_1_56' title="bbox 285 3885 1875 3959; baseline 0.002 -18"><span class='ocrx_word' id='word_1_387' title='bbox 285 3886 644 3959; x_wconf 86' lang='lat' dir='ltr'><strong>principatum</strong></span> <span class='ocrx_word' id='word_1_388' title='bbox 675 3885 935 3955; x_wconf 88' lang='lat' dir='ltr'><strong>arripiat,</strong></span> <span class='ocrx_word' id='word_1_389' title='bbox 985 3896 1040 3941; x_wconf 86' lang='lat' dir='ltr'><strong>et</strong></span> <span class='ocrx_word' id='word_1_390' title='bbox 1066 3886 1272 3941; x_wconf 88' lang='lat' dir='ltr'><strong>nitatur</strong></span> <span class='ocrx_word' id='word_1_391' title='bbox 1298 3902 1436 3957; x_wconf 91' lang='lat' dir='ltr'><strong>quos</strong></span> <span class='ocrx_word' id='word_1_392' title='bbox 1462 3901 1583 3942; x_wconf 90' lang='lat' dir='ltr'><strong>esse</strong></span> <span class='ocrx_word' id='word_1_393' title='bbox 1610 3902 1738 3943; x_wconf 90' lang='lat' dir='ltr'><strong>suos</strong></span> <span class='ocrx_word' id='word_1_394' title='bbox 1768 3903 1875 3944; x_wconf 90' lang='lat' dir='ltr'><strong>non</strong></span> 
     </span>
    </p>
   </div>
   <div class='ocr_carea' id='block_1_57' title="bbox 290 3975 1879 4049">
    <p class='ocr_par' dir='ltr' id='par_1_57' title="bbox 290 3975 1879 4049">
     <span class='ocr_line' id='line_1_57' title="bbox 290 3975 1879 4049; baseline -0.001 -15"><span class='ocrx_word' id='word_1_395' title='bbox 290 3977 654 4049; x_wconf 80' lang='lat' dir='ltr'><strong>recognoscit,</strong></span> <span class='ocrx_word' id='word_1_396' title='bbox 686 3975 994 4047; x_wconf 89' lang='lat' dir='ltr'><strong>discerpere</strong></span> <span class='ocrx_word' id='word_1_397' title='bbox 1014 4016 1031 4042; x_wconf 93' lang='lat'><strong>,</strong></span> <span class='ocrx_word' id='word_1_398' title='bbox 1072 3985 1122 4032; x_wconf 87' lang='lat' dir='ltr'><strong>et</strong></span> <span class='ocrx_word' id='word_1_399' title='bbox 1156 3992 1285 4047; x_wconf 85' lang='lat' dir='ltr'><strong>grex</strong></span> <span class='ocrx_word' id='word_1_400' title='bbox 1313 3976 1628 4033; x_wconf 89' lang='lat' dir='ltr'><strong>Dominicus</strong></span> <span class='ocrx_word' id='word_1_401' title='bbox 1656 3976 1879 4046; x_wconf 85' lang='lat' dir='ltr'><strong>incipiat</strong></span> 
     </span>
    </p>
   </div>
   <div class='ocr_carea' id='block_1_58' title="bbox 288 4067 1877 4140">
    <p class='ocr_par' dir='ltr' id='par_1_58' title="bbox 288 4067 1877 4140">
     <span class='ocr_line' id='line_1_58' title="bbox 288 4067 1877 4140; baseline -0.002 -14"><span class='ocrx_word' id='word_1_402' title='bbox 288 4084 407 4126; x_wconf 87' lang='lat' dir='ltr'><strong>eum</strong></span> <span class='ocrx_word' id='word_1_403' title='bbox 436 4077 626 4140; x_wconf 90' lang='lat' dir='ltr'><strong>utpote</strong></span> <span class='ocrx_word' id='word_1_404' title='bbox 659 4075 1001 4131; x_wconf 77' lang='lat' dir='ltr'><strong>extraneum,</strong></span> <span class='ocrx_word' id='word_1_405' title='bbox 1030 4075 1084 4123; x_wconf 90' lang='lat' dir='ltr'><strong>et</strong></span> <span class='ocrx_word' id='word_1_406' title='bbox 1112 4067 1465 4139; x_wconf 78' lang='lat' dir='ltr'><strong>improvisum</strong></span> <span class='ocrx_word' id='word_1_407' title='bbox 1494 4068 1716 4123; x_wconf 91' lang='lat' dir='ltr'><strong>omnino</strong></span> <span class='ocrx_word' id='word_1_408' title='bbox 1744 4083 1877 4123; x_wconf 91' lang='lat' dir='ltr'><strong>con-</strong></span> 
     </span>
    </p>
   </div>
   <div class='ocr_carea' id='block_1_59' title="bbox 289 4158 1878 4233">
    <p class='ocr_par' dir='ltr' id='par_1_59' title="bbox 289 4158 1878 4233">
     <span class='ocr_line' id='line_1_59' title="bbox 289 4158 1878 4233; baseline -0.003 -15"><span class='ocrx_word' id='word_1_409' title='bbox 289 4169 545 4227; x_wconf 88' lang='lat' dir='ltr'><strong>temnere,</strong></span> <span class='ocrx_word' id='word_1_410' title='bbox 575 4160 876 4233; x_wconf 67' lang='lat' dir='ltr'><strong>przesertim</strong></span> <span class='ocrx_word' id='word_1_411' title='bbox 902 4174 1027 4215; x_wconf 89' lang='lat' dir='ltr'><strong>cum</strong></span> <span class='ocrx_word' id='word_1_412' title='bbox 1060 4160 1353 4231; x_wconf 87' lang='lat' dir='ltr'><strong>perspiciat</strong></span> <span class='ocrx_word' id='word_1_413' title='bbox 1374 4159 1505 4214; x_wconf 88' lang='lat' dir='ltr'><strong>nihil</strong></span> <span class='ocrx_word' id='word_1_414' title='bbox 1537 4158 1639 4215; x_wconf 89' lang='lat' dir='ltr'><strong>sibi</strong></span> <span class='ocrx_word' id='word_1_415' title='bbox 1670 4159 1878 4230; x_wconf 80' lang='lat' dir='ltr'><strong>stipen-</strong></span> 
     </span>
    </p>
   </div>
   <div class='ocr_carea' id='block_1_60' title="bbox 288 4250 1877 4323">
    <p class='ocr_par' dir='ltr' id='par_1_60' title="bbox 288 4250 1877 4323">
     <span class='ocr_line' id='line_1_60' title="bbox 288 4250 1877 4323; baseline -0.002 -14"><span class='ocrx_word' id='word_1_416' title='bbox 288 4251 370 4309; x_wconf 87' lang='lat' dir='ltr'><strong>dia</strong></span> <span class='ocrx_word' id='word_1_417' title='bbox 396 4250 688 4323; x_wconf 78' lang='lat' dir='ltr'><strong>profecisse</strong></span> <span class='ocrx_word' id='word_1_418' title='bbox 716 4252 1057 4316; x_wconf 88' lang='lat' dir='ltr'><strong>meritorum,</strong></span> <span class='ocrx_word' id='word_1_419' title='bbox 1093 4261 1149 4307; x_wconf 87' lang='lat' dir='ltr'><strong>et</strong></span> <span class='ocrx_word' id='word_1_420' title='bbox 1174 4251 1410 4307; x_wconf 90' lang='lat' dir='ltr'><strong>alienum</strong></span> <span class='ocrx_word' id='word_1_421' title='bbox 1436 4266 1657 4307; x_wconf 88' lang='lat' dir='ltr'><strong>suorum</strong></span> <span class='ocrx_word' id='word_1_422' title='bbox 1681 4259 1877 4306; x_wconf 89' lang='lat' dir='ltr'><strong>cernat</strong></span> 
     </span>
    </p>
   </div>
   <div class='ocr_carea' id='block_1_61' title="bbox 289 4343 1870 4411">
    <p class='ocr_par' dir='ltr' id='par_1_61' title="bbox 289 4343 1870 4411">
     <span class='ocr_line' id='line_1_61' title="bbox 289 4343 1870 4411; baseline 0.001 -10"><span class='ocrx_word' id='word_1_423' title='bbox 289 4359 601 4402; x_wconf 89' lang='lat' dir='ltr'><strong>consumere</strong></span> <span class='ocrx_word' id='word_1_424' title='bbox 625 4345 831 4405; x_wconf 81' lang='lat' dir='ltr'><strong>fructus</strong></span> <span class='ocrx_word' id='word_1_425' title='bbox 861 4346 1132 4404; x_wconf 89' lang='lat' dir='ltr'><strong>laborum.</strong></span> <span class='ocrx_word' id='word_1_426' title='bbox 1166 4345 1301 4402; x_wconf 87' lang='lat' dir='ltr'><strong>Data</strong></span> <span class='ocrx_word' id='word_1_427' title='bbox 1322 4345 1504 4403; x_wconf 87' lang='lat' dir='ltr'><strong>Idibus</strong></span> <span class='ocrx_word' id='word_1_428' title='bbox 1530 4343 1870 4411; x_wconf 82' lang='lat' dir='ltr'><strong>Novembris,</strong></span> 
     </span>
    </p>
   </div>
   <div class='ocr_carea' id='block_1_62' title="bbox 290 4435 691 4496">
    <p class='ocr_par' dir='ltr' id='par_1_62' title="bbox 290 4435 691 4496">
     <span class='ocr_line' id='line_1_62' title="bbox 290 4435 691 4496; baseline 0.005 -5"><span class='ocrx_word' id='word_1_429' title='bbox 290 4435 577 4496; x_wconf 85' lang='lat' dir='ltr'><strong>indictione</strong></span> <span class='ocrx_word' id='word_1_430' title='bbox 599 4454 691 4494; x_wconf 86' lang='lat' dir='ltr'><strong>xv.</strong></span> 
     </span>
    </p>
   </div>
   <div class='ocr_carea' id='block_1_63' title="bbox 744 4635 1376 4678">
    <p class='ocr_par' dir='ltr' id='par_1_63' title="bbox 744 4635 1376 4678">
     <span class='ocr_line' id='line_1_63' title="bbox 744 4635 1376 4678; baseline -0.003 -1"><span class='ocrx_word' id='word_1_431' title='bbox 744 4635 814 4677; x_wconf 77' lang='grc' dir='ltr'><strong>ΔΙ)</strong></span> <span class='ocrx_word' id='word_1_432' title='bbox 843 4637 1059 4678; x_wconf 68' lang='grc' dir='ltr'><strong>Βηυιυι</strong></span> <span class='ocrx_word' id='word_1_433' title='bbox 1094 4636 1376 4678; x_wconf 68' lang='grc' dir='ltr'><strong>ωεελιιεκ.</strong></span> 
     </span>
    </p>
   </div>
   <div class='ocr_carea' id='block_1_64' title="bbox 894 4731 1258 4804">
    <p class='ocr_par' dir='ltr' id='par_1_64' title="bbox 894 4731 1258 4804">
     <span class='ocr_line' id='line_1_64' title="bbox 894 4731 1258 4804; baseline 0 -19"><span class='ocrx_word' id='word_1_434' title='bbox 894 4733 1079 4804; x_wconf 79' lang='lat' dir='ltr'><strong>(Anno</strong></span> <span class='ocrx_word' id='word_1_435' title='bbox 1105 4731 1258 4802; x_wconf 79' lang='lat'><strong>866.)</strong></span> 
     </span>
    </p>
   </div>
   <div class='ocr_carea' id='block_1_65' title="bbox 292 4840 1869 4913">
    <p class='ocr_par' dir='ltr' id='par_1_65' title="bbox 292 4840 1869 4913">
     <span class='ocr_line' id='line_1_65' title="bbox 292 4840 1869 4913; baseline -0.001 -14"><span class='ocrx_word' id='word_1_436' title='bbox 292 4842 434 4899; x_wconf 79' lang='lat' dir='ltr'><strong>Dolet</strong></span> <span class='ocrx_word' id='word_1_437' title='bbox 461 4856 516 4898; x_wconf 85' lang='lat' dir='ltr'><strong>se</strong></span> <span class='ocrx_word' id='word_1_438' title='bbox 546 4840 831 4913; x_wconf 77' lang='lat' dir='ltr'><strong>depulsum</strong></span> <span class='ocrx_word' id='word_1_439' title='bbox 852 4840 1019 4911; x_wconf 76' lang='lat' dir='ltr'><strong>fuisse</strong></span> <span class='ocrx_word' id='word_1_440' title='bbox 1047 4840 1113 4894; x_wconf 79' lang='lat' dir='ltr'><strong>de</strong></span> <span class='ocrx_word' id='word_1_441' title='bbox 1140 4857 1249 4910; x_wconf 81' lang='lat' dir='ltr'><strong>spe,</strong></span> <span class='ocrx_word' id='word_1_442' title='bbox 1266 4856 1436 4913; x_wconf 78' lang='lat' dir='ltr'><strong>quam</strong></span> <span class='ocrx_word' id='word_1_443' title='bbox 1466 4841 1529 4896; x_wconf 79' lang='lat' dir='ltr'><strong>ob</strong></span> <span class='ocrx_word' id='word_1_444' title='bbox 1556 4841 1724 4897; x_wconf 81' lang='lat' dir='ltr'><strong>multa</strong></span> <span class='ocrx_word' id='word_1_445' title='bbox 1749 4857 1869 4913; x_wconf 66' lang='lat' dir='ltr'><strong>qua</strong></span> 
     </span>
    </p>
   </div>
   <div class='ocr_carea' id='block_1_66' title="bbox 355 4912 1867 4985">
    <p class='ocr_par' dir='ltr' id='par_1_66' title="bbox 355 4912 1867 4985">
     <span class='ocr_line' id='line_1_66' title="bbox 355 4912 1867 4985; baseline -0.001 -16"><span class='ocrx_word' id='word_1_446' title='bbox 355 4931 385 4969; x_wconf 88' lang='lat' dir='ltr'><strong>a</strong></span> <span class='ocrx_word' id='word_1_447' title='bbox 409 4913 666 4985; x_wconf 78' lang='lat' dir='ltr'><strong>principio</strong></span> <span class='ocrx_word' id='word_1_448' title='bbox 698 4915 759 4967; x_wconf 76' lang='lat' dir='ltr'><strong>1c</strong></span> <span class='ocrx_word' id='word_1_449' title='bbox 785 4912 898 4982; x_wconf 80' lang='lat' dir='ltr'><strong>ejus</strong></span> <span class='ocrx_word' id='word_1_450' title='bbox 940 4913 1132 4981; x_wconf 75' lang='lat' dir='ltr'><strong>pietate</strong></span> <span class='ocrx_word' id='word_1_451' title='bbox 1164 4912 1427 4985; x_wconf 66' lang='lat' dir='ltr'><strong>audierat,</strong></span> <span class='ocrx_word' id='word_1_452' title='bbox 1459 4914 1515 4966; x_wconf 81' lang='lat' dir='ltr'><strong>in</strong></span> <span class='ocrx_word' id='word_1_453' title='bbox 1564 4913 1674 4981; x_wconf 81' lang='lat' dir='ltr'><strong>ipso</strong></span> <span class='ocrx_word' id='word_1_454' title='bbox 1704 4912 1867 4968; x_wconf 82' lang='lat' dir='ltr'><strong>collo-</strong></span> 
     </span>
    </p>
   </div>
   <div class='ocr_carea' id='block_1_67' title="bbox 352 4983 1868 5055">
    <p class='ocr_par' dir='ltr' id='par_1_67' title="bbox 352 4983 1868 5055">
     <span class='ocr_line' id='line_1_67' title="bbox 352 4983 1868 5055; baseline -0.001 -14"><span class='ocrx_word' id='word_1_455' title='bbox 352 4983 589 5049; x_wconf 43' lang='lat' dir='ltr'><strong>ca&#39;verat;</strong></span> <span class='ocrx_word' id='word_1_456' title='bbox 611 4985 855 5055; x_wconf 75' lang='lat' dir='ltr'><strong>hortatur</strong></span> <span class='ocrx_word' id='word_1_457' title='bbox 876 5000 993 5037; x_wconf 84' lang='lat' dir='ltr'><strong>eum</strong></span> <span class='ocrx_word' id='word_1_458' title='bbox 1019 4993 1076 5036; x_wconf 83' lang='lat' dir='ltr'><strong>ut</strong></span> <span class='ocrx_word' id='word_1_459' title='bbox 1098 4983 1386 5055; x_wconf 69' lang='lat' dir='ltr'><strong>resipiscat,</strong></span> <span class='ocrx_word' id='word_1_460' title='bbox 1403 4993 1448 5036; x_wconf 86' lang='lat' dir='ltr'><strong>et</strong></span> <span class='ocrx_word' id='word_1_461' title='bbox 1473 5000 1685 5055; x_wconf 66' lang='lat' dir='ltr'><strong>causam</strong></span> <span class='ocrx_word' id='word_1_462' title='bbox 1706 4985 1868 5055; x_wconf 81' lang='lat' dir='ltr'><strong>lgna-</strong></span> 
     </span>
    </p>
   </div>
   <div class='ocr_carea' id='block_1_68' title="bbox 354 5053 1868 5128">
    <p class='ocr_par' dir='ltr' id='par_1_68' title="bbox 354 5053 1868 5128">
     <span class='ocr_line' id='line_1_68' title="bbox 354 5053 1868 5128; baseline -0.001 -16"><span class='ocrx_word' id='word_1_463' title='bbox 354 5057 411 5112; x_wconf 80' lang='lat' dir='ltr'><strong>tit’</strong></span> <span class='ocrx_word' id='word_1_464' title='bbox 464 5055 605 5128; x_wconf 75' lang='lat' dir='ltr'><strong>apud</strong></span> <span class='ocrx_word' id='word_1_465' title='bbox 636 5054 1000 5128; x_wconf 77' lang='lat' dir='ltr'><strong>imperatorem</strong></span> <span class='ocrx_word' id='word_1_466' title='bbox 1051 5063 1169 5123; x_wconf 84' lang='lat' dir='ltr'><strong>agat</strong></span> <span class='ocrx_word' id='word_1_467' title='bbox 1201 5093 1216 5119; x_wconf 92' lang='lat'><strong>,</strong></span> <span class='ocrx_word' id='word_1_468' title='bbox 1252 5053 1478 5124; x_wconf 77' lang='lat' dir='ltr'><strong>ipsisque</strong></span> <span class='ocrx_word' id='word_1_469' title='bbox 1517 5053 1700 5126; x_wconf 75' lang='lat' dir='ltr'><strong>legatis</strong></span> <span class='ocrx_word' id='word_1_470' title='bbox 1731 5053 1868 5111; x_wconf 72' lang='lat' dir='ltr'><strong>sedis</strong></span> 
     </span>
    </p>
   </div>
   <div class='ocr_carea' id='block_1_69' title="bbox 353 5126 879 5200">
    <p class='ocr_par' dir='ltr' id='par_1_69' title="bbox 353 5126 879 5200">
     <span class='ocr_line' id='line_1_69' title="bbox 353 5126 879 5200; baseline -0.008 -16"><span class='ocrx_word' id='word_1_471' title='bbox 353 5126 651 5200; x_wconf 75' lang='lat' dir='ltr'><strong>apostblica:</strong></span> <span class='ocrx_word' id='word_1_472' title='bbox 689 5126 879 5195; x_wconf 78' lang='lat' dir='ltr'><strong>faveat.</strong></span> 
     </span>
    </p>
   </div>
   <div class='ocr_carea' id='block_1_70' title="bbox 779 5214 1369 5313">
    <p class='ocr_par' dir='ltr' id='par_1_70' title="bbox 779 5214 1369 5313">
     <span class='ocr_line' id='line_1_70' title="bbox 779 5214 1369 5313; baseline -0.002 -19"><span class='ocrx_word' id='word_1_473' title='bbox 779 5237 954 5313; x_wconf 73' lang='lat' dir='ltr'><strong>[Apud</strong></span> <span class='ocrx_word' id='word_1_474' title='bbox 988 5214 1189 5306; x_wconf 76' lang='lat' dir='ltr'><strong>Mansi,</strong></span> <span class='ocrx_word' id='word_1_475' title='bbox 1212 5235 1369 5312; x_wconf 79' lang='lat' dir='ltr'><strong>ibid.]</strong></span> 
     </span>
    </p>
   </div>
   <div class='ocr_carea' id='block_1_71' title="bbox 352 5356 1843 5428">
    <p class='ocr_par' dir='ltr' id='par_1_71' title="bbox 352 5356 1843 5428">
     <span class='ocr_line' id='line_1_71' title="bbox 352 5356 1843 5428; baseline 0.001 -16"><span class='ocrx_word' id='word_1_476' title='bbox 352 5357 616 5415; x_wconf 76' lang='lat' dir='ltr'><strong>Nrcouws</strong></span> <span class='ocrx_word' id='word_1_477' title='bbox 672 5357 979 5428; x_wconf 76' lang='lat' dir='ltr'><strong>episcOpus,</strong></span> <span class='ocrx_word' id='word_1_478' title='bbox 1031 5370 1223 5410; x_wconf 88' lang='lat' dir='ltr'><strong>servus</strong></span> <span class='ocrx_word' id='word_1_479' title='bbox 1278 5370 1554 5411; x_wconf 91' lang='lat' dir='ltr'><strong>servorum</strong></span> <span class='ocrx_word' id='word_1_480' title='bbox 1609 5356 1738 5424; x_wconf 88' lang='lat' dir='ltr'><strong>Dei,</strong></span> <span class='ocrx_word' id='word_1_481' title='bbox 1788 5358 1843 5414; x_wconf 89' lang='lat' dir='ltr'><strong>in</strong></span> 
     </span>
    </p>
   </div>
   <div class='ocr_carea' id='block_1_72' title="bbox 289 5446 1630 5522">
    <p class='ocr_par' dir='ltr' id='par_1_72' title="bbox 289 5446 1630 5522">
     <span class='ocr_line' id='line_1_72' title="bbox 289 5446 1630 5522; baseline -0.001 -17"><span class='ocrx_word' id='word_1_482' title='bbox 289 5447 493 5506; x_wconf 90' lang='lat' dir='ltr'><strong>Christo</strong></span> <span class='ocrx_word' id='word_1_483' title='bbox 527 5450 794 5522; x_wconf 88' lang='lat' dir='ltr'><strong>diligendo</strong></span> <span class='ocrx_word' id='word_1_484' title='bbox 823 5449 930 5504; x_wconf 85' lang='lat' dir='ltr'><strong>lilio</strong></span> <span class='ocrx_word' id='word_1_485' title='bbox 955 5448 1155 5504; x_wconf 65' lang='lat' dir='ltr'><strong>BAEDA-3</strong></span> <span class='ocrx_word' id='word_1_486' title='bbox 1186 5446 1387 5519; x_wconf 88' lang='lat' dir='ltr'><strong>inclyto</strong></span> <span class='ocrx_word' id='word_1_487' title='bbox 1410 5447 1630 5505; x_wconf 73' lang='lat' dir='ltr'><strong>Cresari.</strong></span> 
     </span>
    </p>
   </div>
   <div class='ocr_carea' id='block_1_73' title="bbox 350 5540 1861 5613">
    <p class='ocr_par' dir='ltr' id='par_1_73' title="bbox 350 5540 1861 5613">
     <span class='ocr_line' id='line_1_73' title="bbox 350 5540 1861 5613; baseline 0.001 -16"><span class='ocrx_word' id='word_1_488' title='bbox 350 5540 641 5613; x_wconf 86' lang='lat' dir='ltr'><strong>Postquam</strong></span> <span class='ocrx_word' id='word_1_489' title='bbox 682 5542 775 5597; x_wconf 88' lang='lat' dir='ltr'><strong>Dei</strong></span> <span class='ocrx_word' id='word_1_490' title='bbox 812 5542 1197 5611; x_wconf 88' lang='lat' dir='ltr'><strong>omnipotentis</strong></span> <span class='ocrx_word' id='word_1_491' title='bbox 1238 5541 1370 5596; x_wconf 89' lang='lat' dir='ltr'><strong>inte</strong></span> <span class='ocrx_word' id='word_1_492' title='bbox 1414 5552 1695 5612; x_wconf 70' lang='lat' dir='ltr'><strong>creperum</strong></span> <span class='ocrx_word' id='word_1_493' title='bbox 1723 5544 1861 5599; x_wconf 89' lang='lat' dir='ltr'><strong>dona</strong></span> 
     </span>
    </p>
   </div>
   <div class='ocr_carea' id='block_1_74' title="bbox 288 5636 1858 5706">
    <p class='ocr_par' dir='ltr' id='par_1_74' title="bbox 288 5636 1858 5706">
     <span class='ocr_line' id='line_1_74' title="bbox 288 5636 1858 5706; baseline 0.001 -14"><span class='ocrx_word' id='word_1_494' title='bbox 288 5636 432 5697; x_wconf 88' lang='lat' dir='ltr'><strong>miris</strong></span> <span class='ocrx_word' id='word_1_495' title='bbox 465 5637 803 5693; x_wconf 87' lang='lat' dir='ltr'><strong>successibus</strong></span> <span class='ocrx_word' id='word_1_496' title='bbox 828 5638 1124 5699; x_wconf 82' lang='lat' dir='ltr'><strong>abundare,</strong></span> <span class='ocrx_word' id='word_1_497' title='bbox 1156 5650 1456 5706; x_wconf 87' lang='lat' dir='ltr'><strong>eorumque</strong></span> <span class='ocrx_word' id='word_1_498' title='bbox 1484 5638 1745 5693; x_wconf 85' lang='lat' dir='ltr'><strong>donorum</strong></span> <span class='ocrx_word' id='word_1_499' title='bbox 1775 5638 1858 5693; x_wconf 79' lang='lat' dir='ltr'><strong>in-</strong></span> 
     </span>
    </p>
   </div>
   <div class='ocr_carea' id='block_1_75' title="bbox 289 5725 1917 5802">
    <p class='ocr_par' dir='ltr' id='par_1_75' title="bbox 289 5725 1917 5802">
     <span class='ocr_line' id='line_1_75' title="bbox 289 5725 1917 5802; baseline 0.002 -18"><span class='ocrx_word' id='word_1_500' title='bbox 289 5725 447 5794; x_wconf 70' lang='lat' dir='ltr'><strong>signia</strong></span> <span class='ocrx_word' id='word_1_501' title='bbox 468 5725 625 5797; x_wconf 67' lang='lat' dir='ltr'><strong>longe</strong></span> <span class='ocrx_word' id='word_1_502' title='bbox 651 5726 865 5793; x_wconf 84' lang='lat' dir='ltr'><strong>lateque</strong></span> <span class='ocrx_word' id='word_1_503' title='bbox 890 5727 1278 5802; x_wconf 74' lang='lat' dir='ltr'><strong>gloriosissime</strong></span> <span class='ocrx_word' id='word_1_504' title='bbox 1298 5743 1609 5795; x_wconf 87' lang='lat' dir='ltr'><strong>coruscare,</strong></span> <span class='ocrx_word' id='word_1_505' title='bbox 1644 5746 1852 5788; x_wconf 90' lang='lat' dir='ltr'><strong>necnon</strong></span> <span class='ocrx_word' id='word_1_506' title='bbox 1913 5789 1917 5793; x_wconf 71' lang='grc'>,</span> 
     </span>
    </p>
   </div>
   <div class='ocr_carea' id='block_1_76' title="bbox 1993 1853 3582 1922">
    <p class='ocr_par' dir='ltr' id='par_1_76' title="bbox 1993 1853 3582 1922">
     <span class='ocr_line' id='line_1_76' title="bbox 1993 1853 3582 1922; baseline -0.001 -12"><span class='ocrx_word' id='word_1_507' title='bbox 1993 1865 2049 1911; x_wconf 91' lang='lat' dir='ltr'><strong>et</strong></span> <span class='ocrx_word' id='word_1_508' title='bbox 2087 1868 2279 1910; x_wconf 62' lang='lat' dir='ltr'><strong>caetera</strong></span> <span class='ocrx_word' id='word_1_509' title='bbox 2331 1856 2693 1918; x_wconf 84' lang='lat' dir='ltr'><strong>incommoda,</strong></span> <span class='ocrx_word' id='word_1_510' title='bbox 2751 1871 2843 1912; x_wconf 91' lang='lat' dir='ltr'><strong>seu</strong></span> <span class='ocrx_word' id='word_1_511' title='bbox 2893 1856 3223 1912; x_wconf 78' lang='lat' dir='ltr'><strong>discrimina.</strong></span> <span class='ocrx_word' id='word_1_512' title='bbox 3258 1856 3330 1911; x_wconf 87' lang='lat' dir='ltr'><strong>ita</strong></span> <span class='ocrx_word' id='word_1_513' title='bbox 3375 1865 3432 1908; x_wconf 85' lang='lat' dir='ltr'><strong>ut.</strong></span> <span class='ocrx_word' id='word_1_514' title='bbox 3464 1853 3582 1922; x_wconf 65' lang='lat' dir='ltr'><strong>iam</strong></span> 
     </span>
    </p>
   </div>
   <div class='ocr_carea' id='block_1_77' title="bbox 1994 1945 3588 2035">
    <p class='ocr_par' dir='ltr' id='par_1_77' title="bbox 1994 1945 3588 2035">
     <span class='ocr_line' id='line_1_77' title="bbox 1994 1945 3588 2035; baseline 0.001 -34"><span class='ocrx_word' id='word_1_515' title='bbox 1994 1947 2277 2003; x_wconf 87' lang='lat' dir='ltr'><strong>imminere</strong></span> <span class='ocrx_word' id='word_1_516' title='bbox 2305 1948 2591 2003; x_wconf 86' lang='lat' dir='ltr'><strong>credamus</strong></span> <span class='ocrx_word' id='word_1_517' title='bbox 2642 1949 3027 2035; x_wconf 50' lang='lat' dir='ltr'><strong>illa&#39;tempora,</strong></span> <span class='ocrx_word' id='word_1_518' title='bbox 3058 1964 3178 2019; x_wconf 72' lang='lat' dir='ltr'><strong>qua:</strong></span> <span class='ocrx_word' id='word_1_519' title='bbox 3209 1949 3276 2003; x_wconf 92' lang='lat' dir='ltr'><strong>ah</strong></span> <span class='ocrx_word' id='word_1_520' title='bbox 3333 1945 3588 2018; x_wconf 83' lang='lat' dir='ltr'><strong>apostolo</strong></span> 
     </span>
    </p>
   </div>
   <div class='ocr_carea' id='block_1_78' title="bbox 1990 2038 3591 2111">
    <p class='ocr_par' dir='ltr' id='par_1_78' title="bbox 1990 2038 3591 2111">
     <span class='ocr_line' id='line_1_78' title="bbox 1990 2038 3591 2111; baseline 0.002 -20"><span class='ocrx_word' id='word_1_521' title='bbox 1990 2038 2302 2107; x_wconf 88' lang='lat' dir='ltr'><strong>novissimis</strong></span> <span class='ocrx_word' id='word_1_522' title='bbox 2342 2040 2529 2093; x_wconf 83' lang='lat' dir='ltr'><strong>diebus</strong></span> <span class='ocrx_word' id='word_1_523' title='bbox 2572 2040 2834 2093; x_wconf 87' lang='lat' dir='ltr'><strong>instatura</strong></span> <span class='ocrx_word' id='word_1_524' title='bbox 2885 2040 3000 2094; x_wconf 80' lang='lat' dir='ltr'><strong>fore</strong></span> <span class='ocrx_word' id='word_1_525' title='bbox 3052 2039 3309 2111; x_wconf 60' lang='lat' dir='ltr'><strong>praedicta</strong></span> <span class='ocrx_word' id='word_1_526' title='bbox 3352 2048 3500 2103; x_wconf 87' lang='lat' dir='ltr'><strong>sunt,</strong></span> <span class='ocrx_word' id='word_1_527' title='bbox 3524 2043 3591 2095; x_wconf 77' lang='lat' dir='ltr'><strong>et</strong></span> 
     </span>
    </p>
   </div>
   <div class='ocr_carea' id='block_1_79' title="bbox 1989 2131 3582 2203">
    <p class='ocr_par' dir='ltr' id='par_1_79' title="bbox 1989 2131 3582 2203">
     <span class='ocr_line' id='line_1_79' title="bbox 1989 2131 3582 2203; baseline 0.003 -18"><span class='ocrx_word' id='word_1_528' title='bbox 1989 2146 2187 2202; x_wconf 83' lang='lat' dir='ltr'><strong>urgere</strong></span> <span class='ocrx_word' id='word_1_529' title='bbox 2238 2141 2561 2201; x_wconf 82' lang='lat' dir='ltr'><strong>putarentur</strong></span> <span class='ocrx_word' id='word_1_530' title='bbox 2608 2132 2789 2187; x_wconf 88' lang='lat' dir='ltr'><strong>omnia</strong></span> <span class='ocrx_word' id='word_1_531' title='bbox 2840 2132 3029 2199; x_wconf 78' lang='lat' dir='ltr'><strong>signa,</strong></span> <span class='ocrx_word' id='word_1_532' title='bbox 3069 2148 3190 2203; x_wconf 70' lang='lat' dir='ltr'><strong>qum</strong></span> <span class='ocrx_word' id='word_1_533' title='bbox 3251 2131 3582 2203; x_wconf 76' lang='lat' dir='ltr'><strong>Redemptor</strong></span> 
     </span>
    </p>
   </div>
   <div class='ocr_carea' id='block_1_80' title="bbox 1990 2221 3579 2294">
    <p class='ocr_par' dir='ltr' id='par_1_80' title="bbox 1990 2221 3579 2294">
     <span class='ocr_line' id='line_1_80' title="bbox 1990 2221 3579 2294; baseline 0.003 -18"><span class='ocrx_word' id='word_1_534' title='bbox 1990 2233 2178 2276; x_wconf 88' lang='lat' dir='ltr'><strong>noster</strong></span> <span class='ocrx_word' id='word_1_535' title='bbox 2207 2221 2368 2275; x_wconf 86' lang='lat' dir='ltr'><strong>tinem</strong></span> <span class='ocrx_word' id='word_1_536' title='bbox 2404 2223 2587 2277; x_wconf 90' lang='lat' dir='ltr'><strong>mundi</strong></span> <span class='ocrx_word' id='word_1_537' title='bbox 2643 2232 2981 2294; x_wconf 76' lang='lat' dir='ltr'><strong>przeventura</strong></span> <span class='ocrx_word' id='word_1_538' title='bbox 3017 2239 3137 2280; x_wconf 87' lang='lat' dir='ltr'><strong>esse</strong></span> <span class='ocrx_word' id='word_1_539' title='bbox 3189 2225 3579 2294; x_wconf 84' lang='lat' dir='ltr'><strong>pronuntiavit.</strong></span> 
     </span>
    </p>
   </div>
   <div class='ocr_carea' id='block_1_81' title="bbox 1991 2311 3583 2386">
    <p class='ocr_par' dir='ltr' id='par_1_81' title="bbox 1991 2311 3583 2386">
     <span class='ocr_line' id='line_1_81' title="bbox 1991 2311 3583 2386; baseline 0.006 -23"><span class='ocrx_word' id='word_1_540' title='bbox 1991 2311 2130 2381; x_wconf 86' lang='lat' dir='ltr'><strong>Quid</strong></span> <span class='ocrx_word' id='word_1_541' title='bbox 2177 2323 2356 2368; x_wconf 89' lang='lat' dir='ltr'><strong>autem</strong></span> <span class='ocrx_word' id='word_1_542' title='bbox 2399 2314 2650 2383; x_wconf 89' lang='lat' dir='ltr'><strong>nequius,</strong></span> <span class='ocrx_word' id='word_1_543' title='bbox 2686 2315 2793 2369; x_wconf 92' lang='lat' dir='ltr'><strong>imo</strong></span> <span class='ocrx_word' id='word_1_544' title='bbox 2841 2314 3216 2385; x_wconf 89' lang='lat' dir='ltr'><strong>periculosius.</strong></span> <span class='ocrx_word' id='word_1_545' title='bbox 3247 2332 3408 2386; x_wconf 90' lang='lat' dir='ltr'><strong>quam</strong></span> <span class='ocrx_word' id='word_1_546' title='bbox 3452 2324 3583 2373; x_wconf 76' lang='lat' dir='ltr'><strong>ante</strong></span> 
     </span>
    </p>
   </div>
   <div class='ocr_carea' id='block_1_82' title="bbox 1983 2402 3580 2477">
    <p class='ocr_par' dir='ltr' id='par_1_82' title="bbox 1983 2402 3580 2477">
     <span class='ocr_line' id='line_1_82' title="bbox 1983 2402 3580 2477; baseline 0.001 -19"><span class='ocrx_word' id='word_1_547' title='bbox 1983 2402 2209 2473; x_wconf 78' lang='lat' dir='ltr'><strong>justam,</strong></span> <span class='ocrx_word' id='word_1_548' title='bbox 2241 2406 2667 2475; x_wconf 71' lang='lat' dir='ltr'><strong>canonicumque</strong></span> <span class='ocrx_word' id='word_1_549' title='bbox 2692 2405 3023 2461; x_wconf 87' lang='lat' dir='ltr'><strong>audientiam</strong></span> <span class='ocrx_word' id='word_1_550' title='bbox 3060 2407 3177 2461; x_wconf 90' lang='lat' dir='ltr'><strong>sola</strong></span> <span class='ocrx_word' id='word_1_551' title='bbox 3208 2407 3456 2462; x_wconf 60' lang='grc' dir='ltr'><strong>πριιιιδςί</strong></span> <span class='ocrx_word' id='word_1_552' title='bbox 3486 2423 3580 2477; x_wconf 89' lang='lat' dir='ltr'><strong>po-</strong></span> 
     </span>
    </p>
   </div>
   <div class='ocr_carea' id='block_1_83' title="bbox 1992 2494 3577 2569">
    <p class='ocr_par' dir='ltr' id='par_1_83' title="bbox 1992 2494 3577 2569">
     <span class='ocr_line' id='line_1_83' title="bbox 1992 2494 3577 2569; baseline 0.004 -21"><span class='ocrx_word' id='word_1_553' title='bbox 1992 2495 2157 2548; x_wconf 89' lang='lat' dir='ltr'><strong>tentia</strong></span> <span class='ocrx_word' id='word_1_554' title='bbox 2189 2494 2471 2565; x_wconf 76' lang='lat' dir='ltr'><strong>pr.rsulem</strong></span> <span class='ocrx_word' id='word_1_555' title='bbox 2500 2512 2529 2550; x_wconf 89' lang='lat' dir='ltr'><strong>a</strong></span> <span class='ocrx_word' id='word_1_556' title='bbox 2557 2511 2652 2550; x_wconf 88' lang='lat' dir='ltr'><strong>sua</strong></span> <span class='ocrx_word' id='word_1_557' title='bbox 2698 2496 2826 2551; x_wconf 90' lang='lat' dir='ltr'><strong>sedc</strong></span> <span class='ocrx_word' id='word_1_558' title='bbox 2870 2496 3119 2566; x_wconf 87' lang='lat' dir='ltr'><strong>propelli,</strong></span> <span class='ocrx_word' id='word_1_559' title='bbox 3154 2507 3317 2569; x_wconf 86' lang='lat' dir='ltr'><strong>atque</strong></span> <span class='ocrx_word' id='word_1_560' title='bbox 3344 2497 3577 2555; x_wconf 75' lang='lat' dir='ltr'><strong>ecclesia</strong></span> 
     </span>
    </p>
   </div>
   <div class='ocr_carea' id='block_1_84' title="bbox 1990 2586 3575 2660">
    <p class='ocr_par' dir='ltr' id='par_1_84' title="bbox 1990 2586 3575 2660">
     <span class='ocr_line' id='line_1_84' title="bbox 1990 2586 3575 2660; baseline 0.003 -19"><span class='ocrx_word' id='word_1_561' title='bbox 1990 2586 2091 2641; x_wconf 86' lang='lat' dir='ltr'><strong>sibi</strong></span> <span class='ocrx_word' id='word_1_562' title='bbox 2123 2587 2379 2641; x_wconf 85' lang='lat' dir='ltr'><strong>divinitus</strong></span> <span class='ocrx_word' id='word_1_563' title='bbox 2392 2587 2700 2653; x_wconf 84' lang='lat' dir='ltr'><strong>commissa,</strong></span> <span class='ocrx_word' id='word_1_564' title='bbox 2723 2603 3099 2659; x_wconf 89' lang='lat' dir='ltr'><strong>consensuque</strong></span> <span class='ocrx_word' id='word_1_565' title='bbox 3121 2605 3186 2645; x_wconf 85' lang='lat' dir='ltr'><strong>ac</strong></span> <span class='ocrx_word' id='word_1_566' title='bbox 3216 2589 3575 2660; x_wconf 82' lang='lat' dir='ltr'><strong>subscriptio-</strong></span> 
     </span>
    </p>
   </div>
   <div class='ocr_carea' id='block_1_85' title="bbox 1989 2677 3574 2749">
    <p class='ocr_par' dir='ltr' id='par_1_85' title="bbox 1989 2677 3574 2749">
     <span class='ocr_line' id='line_1_85' title="bbox 1989 2677 3574 2749; baseline 0.003 -18"><span class='ocrx_word' id='word_1_567' title='bbox 1989 2692 2057 2731; x_wconf 91' lang='lat' dir='ltr'><strong>ne</strong></span> <span class='ocrx_word' id='word_1_568' title='bbox 2092 2677 2499 2747; x_wconf 82' lang='lat' dir='ltr'><strong>provincialium</strong></span> <span class='ocrx_word' id='word_1_569' title='bbox 2530 2678 2892 2744; x_wconf 84' lang='lat' dir='ltr'><strong>sacerdotum,</strong></span> <span class='ocrx_word' id='word_1_570' title='bbox 2932 2688 2986 2735; x_wconf 93' lang='lat' dir='ltr'><strong>et</strong></span> <span class='ocrx_word' id='word_1_571' title='bbox 3017 2680 3574 2749; x_wconf 83' lang='lat' dir='ltr'><strong>compatriarcharum</strong></span> 
     </span>
    </p>
   </div>
   <div class='ocr_carea' id='block_1_86' title="bbox 1990 2766 3576 2843">
    <p class='ocr_par' dir='ltr' id='par_1_86' title="bbox 1990 2766 3576 2843">
     <span class='ocr_line' id='line_1_86' title="bbox 1990 2766 3576 2843; baseline 0.004 -20"><span class='ocrx_word' id='word_1_572' title='bbox 1990 2768 2374 2824; x_wconf 90' lang='lat' dir='ltr'><strong>communione</strong></span> <span class='ocrx_word' id='word_1_573' title='bbox 2426 2770 2678 2824; x_wconf 89' lang='lat' dir='ltr'><strong>roborata</strong></span> <span class='ocrx_word' id='word_1_574' title='bbox 2736 2770 2975 2839; x_wconf 83' lang='lat' dir='ltr'><strong>privari?</strong></span> <span class='ocrx_word' id='word_1_575' title='bbox 3030 2782 3084 2826; x_wconf 87' lang='lat' dir='ltr'><strong>et</strong></span> <span class='ocrx_word' id='word_1_576' title='bbox 3135 2766 3260 2827; x_wconf 77' lang='lat' dir='ltr'><strong>eum</strong></span> <span class='ocrx_word' id='word_1_577' title='bbox 3313 2771 3404 2843; x_wconf 90' lang='lat' dir='ltr'><strong>qui</strong></span> <span class='ocrx_word' id='word_1_578' title='bbox 3433 2771 3576 2829; x_wconf 83' lang='lat' dir='ltr'><strong>inter</strong></span> 
     </span>
    </p>
   </div>
   <div class='ocr_carea' id='block_1_87' title="bbox 1990 2860 3617 2936">
    <p class='ocr_par' dir='ltr' id='par_1_87' title="bbox 1990 2860 3617 2936">
     <span class='ocr_line' id='line_1_87' title="bbox 1990 2860 3617 2936; baseline 0.003 -21"><span class='ocrx_word' id='word_1_579' title='bbox 1990 2860 2160 2915; x_wconf 90' lang='lat' dir='ltr'><strong>Deum</strong></span> <span class='ocrx_word' id='word_1_580' title='bbox 2192 2870 2247 2915; x_wconf 92' lang='lat' dir='ltr'><strong>ct</strong></span> <span class='ocrx_word' id='word_1_581' title='bbox 2277 2861 2547 2915; x_wconf 88' lang='lat' dir='ltr'><strong>hominem</strong></span> <span class='ocrx_word' id='word_1_582' title='bbox 2579 2861 2872 2933; x_wconf 87' lang='lat' dir='ltr'><strong>interpres,</strong></span> <span class='ocrx_word' id='word_1_583' title='bbox 2900 2863 2969 2918; x_wconf 84' lang='lat' dir='ltr'><strong>ab</strong></span> <span class='ocrx_word' id='word_1_584' title='bbox 3001 2862 3388 2919; x_wconf 85' lang='lat' dir='ltr'><strong>intercessione</strong></span> <span class='ocrx_word' id='word_1_585' title='bbox 3409 2879 3578 2936; x_wconf 82' lang='lat' dir='ltr'><strong>popu-</strong></span> <span class='ocrx_word' id='word_1_586' title='bbox 3612 2900 3617 2905; x_wconf 86' lang='lat'><em>-</em></span> 
     </span>
    </p>
   </div>
   <div class='ocr_carea' id='block_1_88' title="bbox 1988 2950 3573 3024">
    <p class='ocr_par' dir='ltr' id='par_1_88' title="bbox 1988 2950 3573 3024">
     <span class='ocr_line' id='line_1_88' title="bbox 1988 2950 3573 3024; baseline 0.006 -19"><span class='ocrx_word' id='word_1_587' title='bbox 1988 2950 2184 3012; x_wconf 89' lang='lat' dir='ltr'><strong>lorum,</strong></span> <span class='ocrx_word' id='word_1_588' title='bbox 2216 2951 2359 3005; x_wconf 91' lang='lat' dir='ltr'><strong>nulla</strong></span> <span class='ocrx_word' id='word_1_589' title='bbox 2391 2961 2689 3008; x_wconf 89' lang='lat' dir='ltr'><strong>monstrata</strong></span> <span class='ocrx_word' id='word_1_590' title='bbox 2730 2968 2890 3017; x_wconf 87' lang='lat' dir='ltr'><strong>noxa,</strong></span> <span class='ocrx_word' id='word_1_591' title='bbox 2922 2953 3036 3009; x_wconf 91' lang='lat' dir='ltr'><strong>solo</strong></span> <span class='ocrx_word' id='word_1_592' title='bbox 3067 2970 3165 3024; x_wconf 86' lang='lat' dir='ltr'><strong>pro</strong></span> <span class='ocrx_word' id='word_1_593' title='bbox 3199 2955 3351 3011; x_wconf 87' lang='lat' dir='ltr'><strong>libittt</strong></span> <span class='ocrx_word' id='word_1_594' title='bbox 3383 2957 3573 3014; x_wconf 82' lang='lat' dir='ltr'><strong>unius-</strong></span> 
     </span>
    </p>
   </div>
   <div class='ocr_carea' id='block_1_89' title="bbox 1989 3043 3576 3121">
    <p class='ocr_par' dir='ltr' id='par_1_89' title="bbox 1989 3043 3576 3121">
     <span class='ocr_line' id='line_1_89' title="bbox 1989 3043 3576 3121; baseline 0.004 -22"><span class='ocrx_word' id='word_1_595' title='bbox 1989 3043 2248 3114; x_wconf 82' lang='lat' dir='ltr'><strong>cujusque</strong></span> <span class='ocrx_word' id='word_1_596' title='bbox 2276 3046 2578 3101; x_wconf 87' lang='lat' dir='ltr'><strong>removeri?</strong></span> <span class='ocrx_word' id='word_1_597' title='bbox 2605 3046 2763 3115; x_wconf 85' lang='lat' dir='ltr'><strong>Quid,</strong></span> <span class='ocrx_word' id='word_1_598' title='bbox 2789 3047 3026 3118; x_wconf 86' lang='lat' dir='ltr'><strong>inquam.</strong></span> <span class='ocrx_word' id='word_1_599' title='bbox 3059 3049 3306 3119; x_wconf 85' lang='lat' dir='ltr'><strong>nequius,</strong></span> <span class='ocrx_word' id='word_1_600' title='bbox 3362 3060 3451 3106; x_wconf 84' lang='lat' dir='ltr'><strong>aut</strong></span> <span class='ocrx_word' id='word_1_601' title='bbox 3480 3066 3576 3121; x_wconf 85' lang='lat' dir='ltr'><strong>pe-</strong></span> 
     </span>
    </p>
   </div>
   <div class='ocr_carea' id='block_1_90' title="bbox 1911 3119 3579 3214">
    <p class='ocr_par' dir='ltr' id='par_1_90' title="bbox 1911 3119 3579 3214">
     <span class='ocr_line' id='line_1_90' title="bbox 1911 3119 3579 3214; baseline 0.005 -22"><span class='ocrx_word' id='word_1_602' title='bbox 1911 3119 1956 3182; x_wconf 77' lang='lat' dir='ltr'><strong>C</strong></span> <span class='ocrx_word' id='word_1_603' title='bbox 1989 3138 2297 3199; x_wconf 83' lang='lat' dir='ltr'><strong>riculosius,</strong></span> <span class='ocrx_word' id='word_1_604' title='bbox 2347 3154 2508 3208; x_wconf 87' lang='lat' dir='ltr'><strong>quam</strong></span> <span class='ocrx_word' id='word_1_605' title='bbox 2548 3149 2607 3193; x_wconf 89' lang='lat' dir='ltr'><strong>ut</strong></span> <span class='ocrx_word' id='word_1_606' title='bbox 2655 3140 2902 3209; x_wconf 86' lang='lat' dir='ltr'><strong>discipuli</strong></span> <span class='ocrx_word' id='word_1_607' title='bbox 2949 3157 3142 3196; x_wconf 87' lang='lat' dir='ltr'><strong>manus</strong></span> <span class='ocrx_word' id='word_1_608' title='bbox 3169 3142 3220 3196; x_wconf 89' lang='lat' dir='ltr'><strong>in</strong></span> <span class='ocrx_word' id='word_1_609' title='bbox 3254 3142 3579 3214; x_wconf 79' lang='lat' dir='ltr'><strong>magistrum</strong></span> 
     </span>
    </p>
   </div>
   <div class='ocr_carea' id='block_1_91' title="bbox 1984 3230 3574 3305">
    <p class='ocr_par' dir='ltr' id='par_1_91' title="bbox 1984 3230 3574 3305">
     <span class='ocr_line' id='line_1_91' title="bbox 1984 3230 3574 3305; baseline 0.004 -20"><span class='ocrx_word' id='word_1_610' title='bbox 1984 3230 2225 3301; x_wconf 75' lang='lat' dir='ltr'><strong>injiciant</strong></span> <span class='ocrx_word' id='word_1_611' title='bbox 2246 3232 2270 3284; x_wconf 90' lang='lat'><strong>?</strong></span> <span class='ocrx_word' id='word_1_612' title='bbox 2295 3231 2384 3286; x_wconf 86' lang='lat' dir='ltr'><strong>lilii</strong></span> <span class='ocrx_word' id='word_1_613' title='bbox 2428 3232 2643 3301; x_wconf 77' lang='lat' dir='ltr'><strong>viperas</strong></span> <span class='ocrx_word' id='word_1_614' title='bbox 2672 3231 2950 3288; x_wconf 86' lang='lat' dir='ltr'><strong>imitantes</strong></span> <span class='ocrx_word' id='word_1_615' title='bbox 2978 3243 3260 3302; x_wconf 88' lang='lat' dir='ltr'><strong>parentem</strong></span> <span class='ocrx_word' id='word_1_616' title='bbox 3291 3235 3574 3305; x_wconf 75' lang='lat' dir='ltr'><strong>proprium</strong></span> 
     </span>
    </p>
   </div>
   <div class='ocr_carea' id='block_1_92' title="bbox 1984 3314 3577 3397">
    <p class='ocr_par' dir='ltr' id='par_1_92' title="bbox 1984 3314 3577 3397">
     <span class='ocr_line' id='line_1_92' title="bbox 1984 3314 3577 3397; baseline 0.004 -18"><span class='ocrx_word' id='word_1_617' title='bbox 1984 3324 2267 3397; x_wconf 78' lang='lat' dir='ltr'><strong>(quantum</strong></span> <span class='ocrx_word' id='word_1_618' title='bbox 2292 3325 2341 3379; x_wconf 92' lang='lat' dir='ltr'><strong>in</strong></span> <span class='ocrx_word' id='word_1_619' title='bbox 2370 3324 2499 3394; x_wconf 85' lang='lat' dir='ltr'><strong>ipsis</strong></span> <span class='ocrx_word' id='word_1_620' title='bbox 2524 3325 2629 3394; x_wconf 88' lang='lat' dir='ltr'><strong>est)</strong></span> <span class='ocrx_word' id='word_1_621' title='bbox 2659 3314 3015 3382; x_wconf 78' lang='lat' dir='ltr'><strong>interﬁciant?</strong></span> <span class='ocrx_word' id='word_1_622' title='bbox 3037 3326 3198 3397; x_wconf 81' lang='lat' dir='ltr'><strong>eique</strong></span> <span class='ocrx_word' id='word_1_623' title='bbox 3222 3329 3577 3395; x_wconf 78' lang='lat' dir='ltr'><strong>maledicere,</strong></span> 
     </span>
    </p>
   </div>
   <div class='ocr_carea' id='block_1_93' title="bbox 1982 3417 3573 3491">
    <p class='ocr_par' dir='ltr' id='par_1_93' title="bbox 1982 3417 3573 3491">
     <span class='ocr_line' id='line_1_93' title="bbox 1982 3417 3573 3491; baseline 0.004 -20"><span class='ocrx_word' id='word_1_624' title='bbox 1982 3432 2012 3471; x_wconf 83' lang='lat' dir='ltr'><strong>a</strong></span> <span class='ocrx_word' id='word_1_625' title='bbox 2040 3433 2147 3487; x_wconf 90' lang='lat' dir='ltr'><strong>quo</strong></span> <span class='ocrx_word' id='word_1_626' title='bbox 2177 3417 2444 3472; x_wconf 85' lang='lat' dir='ltr'><strong>benedicti</strong></span> <span class='ocrx_word' id='word_1_627' title='bbox 2489 3418 2653 3472; x_wconf 90' lang='lat' dir='ltr'><strong>sunt?</strong></span> <span class='ocrx_word' id='word_1_628' title='bbox 2700 3433 2822 3472; x_wconf 90' lang='lat' dir='ltr'><strong>eum</strong></span> <span class='ocrx_word' id='word_1_629' title='bbox 2862 3417 3149 3489; x_wconf 79' lang='lat' dir='ltr'><strong>projicere,</strong></span> <span class='ocrx_word' id='word_1_630' title='bbox 3180 3434 3209 3474; x_wconf 86' lang='lat' dir='ltr'><strong>a</strong></span> <span class='ocrx_word' id='word_1_631' title='bbox 3234 3436 3342 3491; x_wconf 92' lang='lat' dir='ltr'><strong>quo</strong></span> <span class='ocrx_word' id='word_1_632' title='bbox 3366 3420 3433 3476; x_wconf 90' lang='lat' dir='ltr'><strong>ad</strong></span> <span class='ocrx_word' id='word_1_633' title='bbox 3459 3420 3573 3477; x_wconf 81' lang='lat' dir='ltr'><strong>sin-</strong></span> 
     </span>
    </p>
   </div>
   <div class='ocr_carea' id='block_1_94' title="bbox 1981 3508 3573 3580">
    <p class='ocr_par' dir='ltr' id='par_1_94' title="bbox 1981 3508 3573 3580">
     <span class='ocr_line' id='line_1_94' title="bbox 1981 3508 3573 3580; baseline 0.004 -16"><span class='ocrx_word' id='word_1_634' title='bbox 1981 3509 2225 3579; x_wconf 77' lang='lat' dir='ltr'><strong>gulorum</strong></span> <span class='ocrx_word' id='word_1_635' title='bbox 2242 3508 2505 3580; x_wconf 84' lang='lat' dir='ltr'><strong>graduum</strong></span> <span class='ocrx_word' id='word_1_636' title='bbox 2537 3510 2795 3565; x_wconf 90' lang='lat' dir='ltr'><strong>honorem</strong></span> <span class='ocrx_word' id='word_1_637' title='bbox 2820 3512 3059 3579; x_wconf 86' lang='lat' dir='ltr'><strong>provecti</strong></span> <span class='ocrx_word' id='word_1_638' title='bbox 3081 3512 3248 3567; x_wconf 82' lang='lat' dir='ltr'><strong>sunt?</strong></span> <span class='ocrx_word' id='word_1_639' title='bbox 3272 3512 3411 3580; x_wconf 85' lang='lat' dir='ltr'><strong>Quid</strong></span> <span class='ocrx_word' id='word_1_640' title='bbox 3438 3526 3573 3572; x_wconf 81' lang='lat' dir='ltr'><strong>vero</strong></span> 
     </span>
    </p>
   </div>
   <div class='ocr_carea' id='block_1_95' title="bbox 1979 3592 3573 3673">
    <p class='ocr_par' dir='ltr' id='par_1_95' title="bbox 1979 3592 3573 3673">
     <span class='ocr_line' id='line_1_95' title="bbox 1979 3592 3573 3673; baseline 0.003 -19"><span class='ocrx_word' id='word_1_641' title='bbox 1979 3599 2483 3669; x_wconf 85' lang='lat' dir='ltr'><strong>praesumptuosius,</strong></span> <span class='ocrx_word' id='word_1_642' title='bbox 2522 3592 2683 3669; x_wconf 77' lang='lat' dir='ltr'><strong>quam</strong></span> <span class='ocrx_word' id='word_1_643' title='bbox 2722 3601 2764 3655; x_wconf 92' lang='lat' dir='ltr'><strong>si</strong></span> <span class='ocrx_word' id='word_1_644' title='bbox 2816 3601 3003 3671; x_wconf 91' lang='lat' dir='ltr'><strong>pulsus</strong></span> <span class='ocrx_word' id='word_1_645' title='bbox 3055 3601 3288 3672; x_wconf 89' lang='lat' dir='ltr'><strong>aliquem</strong></span> <span class='ocrx_word' id='word_1_646' title='bbox 3344 3603 3573 3673; x_wconf 76' lang='lat' dir='ltr'><strong>pellere,</strong></span> 
     </span>
    </p>
   </div>
   <div class='ocr_carea' id='block_1_96' title="bbox 1980 3690 3574 3763">
    <p class='ocr_par' dir='ltr' id='par_1_96' title="bbox 1980 3690 3574 3763">
     <span class='ocr_line' id='line_1_96' title="bbox 1980 3690 3574 3763; baseline 0.005 -19"><span class='ocrx_word' id='word_1_647' title='bbox 1980 3698 2075 3745; x_wconf 89' lang='lat' dir='ltr'><strong>aut</strong></span> <span class='ocrx_word' id='word_1_648' title='bbox 2105 3700 2343 3746; x_wconf 86' lang='lat' dir='ltr'><strong>remotus</strong></span> <span class='ocrx_word' id='word_1_649' title='bbox 2360 3705 2655 3751; x_wconf 83' lang='lat' dir='ltr'><strong>removere,</strong></span> <span class='ocrx_word' id='word_1_650' title='bbox 2683 3700 2774 3745; x_wconf 88' lang='lat' dir='ltr'><strong>aut</strong></span> <span class='ocrx_word' id='word_1_651' title='bbox 2797 3690 2993 3762; x_wconf 87' lang='lat' dir='ltr'><strong>ligatus</strong></span> <span class='ocrx_word' id='word_1_652' title='bbox 3010 3691 3177 3762; x_wconf 84' lang='lat' dir='ltr'><strong>ligare</strong></span> <span class='ocrx_word' id='word_1_653' title='bbox 3196 3694 3400 3749; x_wconf 70' lang='lat' dir='ltr'><strong>tentet?</strong></span> <span class='ocrx_word' id='word_1_654' title='bbox 3426 3693 3574 3763; x_wconf 74' lang='lat' dir='ltr'><strong>Quid</strong></span> 
     </span>
    </p>
   </div>
   <div class='ocr_carea' id='block_1_97' title="bbox 1979 3780 3575 3857">
    <p class='ocr_par' dir='ltr' id='par_1_97' title="bbox 1979 3780 3575 3857">
     <span class='ocr_line' id='line_1_97' title="bbox 1979 3780 3575 3857; baseline 0.006 -22"><span class='ocrx_word' id='word_1_655' title='bbox 1979 3788 2243 3852; x_wconf 70' lang='lat' dir='ltr'><strong>prmterea</strong></span> <span class='ocrx_word' id='word_1_656' title='bbox 2286 3780 2784 3846; x_wconf 84' lang='lat' dir='ltr'><strong>inconvenientius,</strong></span> <span class='ocrx_word' id='word_1_657' title='bbox 2812 3782 2916 3838; x_wconf 83' lang='lat' dir='ltr'><strong>‘vel</strong></span> <span class='ocrx_word' id='word_1_658' title='bbox 2966 3783 3351 3850; x_wconf 86' lang='lat' dir='ltr'><strong>inordinatius,</strong></span> <span class='ocrx_word' id='word_1_659' title='bbox 3403 3796 3575 3857; x_wconf 63' lang='lat' dir='ltr'><strong>atqu</strong></span> 
     </span>
    </p>
   </div>
   <div class='ocr_carea' id='block_1_98' title="bbox 1980 3872 3565 3945">
    <p class='ocr_par' dir='ltr' id='par_1_98' title="bbox 1980 3872 3565 3945">
     <span class='ocr_line' id='line_1_98' title="bbox 1980 3872 3565 3945; baseline 0.003 -16"><span class='ocrx_word' id='word_1_660' title='bbox 1980 3872 2259 3929; x_wconf 75' lang='lat' dir='ltr'><strong>confusius</strong></span> <span class='ocrx_word' id='word_1_661' title='bbox 2289 3875 2372 3945; x_wconf 89' lang='lat' dir='ltr'><strong>agi</strong></span> <span class='ocrx_word' id='word_1_662' title='bbox 2407 3882 2599 3945; x_wconf 81' lang='lat' dir='ltr'><strong>potest,</strong></span> <span class='ocrx_word' id='word_1_663' title='bbox 2633 3890 2794 3943; x_wconf 89' lang='lat' dir='ltr'><strong>quam</strong></span> <span class='ocrx_word' id='word_1_664' title='bbox 2829 3882 2975 3929; x_wconf 90' lang='lat' dir='ltr'><strong>tanta</strong></span> <span class='ocrx_word' id='word_1_665' title='bbox 3009 3877 3401 3933; x_wconf 79' lang='lat' dir='ltr'><strong>numerositate</strong></span> <span class='ocrx_word' id='word_1_666' title='bbox 3424 3878 3565 3936; x_wconf 74' lang='lat' dir='ltr'><strong>Con-</strong></span> 
     </span>
    </p>
   </div>
   <div class='ocr_carea' id='block_1_99' title="bbox 1977 3966 3573 4040">
    <p class='ocr_par' dir='ltr' id='par_1_99' title="bbox 1977 3966 3573 4040">
     <span class='ocr_line' id='line_1_99' title="bbox 1977 3966 3573 4040; baseline 0.001 -19"><span class='ocrx_word' id='word_1_667' title='bbox 1977 3966 2578 4038; x_wconf 78' lang='lat' dir='ltr'><strong>stantinopolitauortuu</strong></span> <span class='ocrx_word' id='word_1_668' title='bbox 2620 3966 2964 4035; x_wconf 87' lang='lat' dir='ltr'><strong>clericoruu,</strong></span> <span class='ocrx_word' id='word_1_669' title='bbox 2998 3976 3256 4040; x_wconf 88' lang='lat' dir='ltr'><strong>tanquam</strong></span> <span class='ocrx_word' id='word_1_670' title='bbox 3312 3979 3427 4029; x_wconf 84' lang='lat' dir='ltr'><strong>tota</strong></span> <span class='ocrx_word' id='word_1_671' title='bbox 3481 3969 3573 4033; x_wconf 70' lang='lat' dir='ltr'><strong>vel,</strong></span> 
     </span>
    </p>
   </div>
   <div class='ocr_carea' id='block_1_100' title="bbox 1976 4056 3573 4134">
    <p class='ocr_par' dir='ltr' id='par_1_100' title="bbox 1976 4056 3573 4134">
     <span class='ocr_line' id='line_1_100' title="bbox 1976 4056 3573 4134; baseline 0.008 -21"><span class='ocrx_word' id='word_1_672' title='bbox 1976 4058 2100 4113; x_wconf 87' lang='lat' dir='ltr'><strong>ﬁdei</strong></span> <span class='ocrx_word' id='word_1_673' title='bbox 2127 4056 2415 4113; x_wconf 89' lang='lat' dir='ltr'><strong>violatione</strong></span> <span class='ocrx_word' id='word_1_674' title='bbox 2443 4057 2667 4129; x_wconf 89' lang='lat' dir='ltr'><strong>polluta,</strong></span> <span class='ocrx_word' id='word_1_675' title='bbox 2698 4060 2784 4114; x_wconf 89' lang='lat' dir='ltr'><strong>vel</strong></span> <span class='ocrx_word' id='word_1_676' title='bbox 2814 4060 3041 4116; x_wconf 60' lang='lat' dir='ltr'><strong>inscitiae</strong></span> <span class='ocrx_word' id='word_1_677' title='bbox 3071 4062 3382 4134; x_wconf 72' lang='lat' dir='ltr'><strong>insipientia</strong></span> <span class='ocrx_word' id='word_1_678' title='bbox 3408 4080 3573 4125; x_wconf 53' lang='lat' dir='ltr'><strong>ene»</strong></span> 
     </span>
    </p>
   </div>
   <div class='ocr_carea' id='block_1_101' title="bbox 1974 4152 3575 4233">
    <p class='ocr_par' dir='ltr' id='par_1_101' title="bbox 1974 4152 3575 4233">
     <span class='ocr_line' id='line_1_101' title="bbox 1974 4152 3575 4233; baseline 0.009 -29"><span class='ocrx_word' id='word_1_679' title='bbox 1974 4162 2120 4215; x_wconf 86' lang='lat' dir='ltr'><strong>vata,</strong></span> <span class='ocrx_word' id='word_1_680' title='bbox 2160 4152 2243 4208; x_wconf 87' lang='lat' dir='ltr'><strong>vel</strong></span> <span class='ocrx_word' id='word_1_681' title='bbox 2275 4153 2503 4210; x_wconf 84' lang='lat' dir='ltr'><strong>diversis</strong></span> <span class='ocrx_word' id='word_1_682' title='bbox 2552 4154 2871 4211; x_wconf 85' lang='lat' dir='ltr'><strong>criminibus</strong></span> <span class='ocrx_word' id='word_1_683' title='bbox 2922 4157 3155 4221; x_wconf 89' lang='lat' dir='ltr'><strong>irretita,</strong></span> <span class='ocrx_word' id='word_1_684' title='bbox 3201 4170 3384 4230; x_wconf 86' lang='lat' dir='ltr'><strong>spreta</strong></span> <span class='ocrx_word' id='word_1_685' title='bbox 3414 4162 3575 4233; x_wconf 52' lang='grc' dir='ltr'><strong>ναί</strong></span> 
     </span>
    </p>
   </div>
   <div class='ocr_carea' id='block_1_102' title="bbox 1975 4247 3584 4325">
    <p class='ocr_par' dir='ltr' id='par_1_102' title="bbox 1975 4247 3584 4325">
     <span class='ocr_line' id='line_1_102' title="bbox 1975 4247 3584 4325; baseline 0.01 -26"><span class='ocrx_word' id='word_1_686' title='bbox 1975 4254 2084 4311; x_wconf 87' lang='lat' dir='ltr'><strong>tus,</strong></span> <span class='ocrx_word' id='word_1_687' title='bbox 2132 4262 2196 4302; x_wconf 88' lang='lat' dir='ltr'><strong>ac</strong></span> <span class='ocrx_word' id='word_1_688' title='bbox 2253 4247 2565 4315; x_wconf 79' lang='lat' dir='ltr'><strong>reprobata,</strong></span> <span class='ocrx_word' id='word_1_689' title='bbox 2625 4247 2823 4303; x_wconf 89' lang='lat' dir='ltr'><strong>laieum</strong></span> <span class='ocrx_word' id='word_1_690' title='bbox 2862 4265 3026 4321; x_wconf 83' lang='lat' dir='ltr'><strong>super</strong></span> <span class='ocrx_word' id='word_1_691' title='bbox 3074 4252 3215 4309; x_wconf 88' lang='lat' dir='ltr'><strong>hanc</strong></span> <span class='ocrx_word' id='word_1_692' title='bbox 3247 4254 3584 4325; x_wconf 44' lang='lat' dir='ltr'><strong>erigere.‘</strong></span> 
     </span>
    </p>
   </div>
   <div class='ocr_carea' id='block_1_103' title="bbox 1972 4340 3577 4411">
    <p class='ocr_par' dir='ltr' id='par_1_103' title="bbox 1972 4340 3577 4411">
     <span class='ocr_line' id='line_1_103' title="bbox 1972 4340 3577 4411; baseline 0.009 -19"><span class='ocrx_word' id='word_1_693' title='bbox 1972 4346 2290 4394; x_wconf 81' lang='lat' dir='ltr'><strong>extraneum</strong></span> <span class='ocrx_word' id='word_1_694' title='bbox 2340 4354 2503 4411; x_wconf 88' lang='lat' dir='ltr'><strong>super</strong></span> <span class='ocrx_word' id='word_1_695' title='bbox 2535 4354 2656 4394; x_wconf 91' lang='lat' dir='ltr'><strong>eam</strong></span> <span class='ocrx_word' id='word_1_696' title='bbox 2692 4340 2979 4409; x_wconf 88' lang='lat' dir='ltr'><strong>inducere,</strong></span> <span class='ocrx_word' id='word_1_697' title='bbox 3007 4353 3062 4398; x_wconf 87' lang='lat' dir='ltr'><strong>et</strong></span> <span class='ocrx_word' id='word_1_698' title='bbox 3092 4346 3146 4400; x_wconf 90' lang='lat' dir='ltr'><strong>in</strong></span> <span class='ocrx_word' id='word_1_699' title='bbox 3175 4361 3238 4400; x_wconf 88' lang='lat' dir='ltr'><strong>ea</strong></span> <span class='ocrx_word' id='word_1_700' title='bbox 3269 4356 3463 4403; x_wconf 80' lang='lat' dir='ltr'><strong>contra</strong></span> <span class='ocrx_word' id='word_1_701' title='bbox 3484 4361 3577 4407; x_wconf 64' lang='lat' dir='ltr'><strong>u-</strong></span> 
     </span>
    </p>
   </div>
   <div class='ocr_carea' id='block_1_104' title="bbox 1974 4432 3577 4513">
    <p class='ocr_par' dir='ltr' id='par_1_104' title="bbox 1974 4432 3577 4513">
     <span class='ocr_line' id='line_1_104' title="bbox 1974 4432 3577 4513; baseline 0.011 -28"><span class='ocrx_word' id='word_1_702' title='bbox 1974 4446 2099 4487; x_wconf 83' lang='lat' dir='ltr'><strong>eros</strong></span> <span class='ocrx_word' id='word_1_703' title='bbox 2122 4447 2381 4497; x_wconf 90' lang='lat' dir='ltr'><strong>canones,</strong></span> <span class='ocrx_word' id='word_1_704' title='bbox 2415 4432 2522 4488; x_wconf 90' lang='lat' dir='ltr'><strong>imo</strong></span> <span class='ocrx_word' id='word_1_705' title='bbox 2549 4449 2676 4489; x_wconf 86' lang='lat' dir='ltr'><strong>vero</strong></span> <span class='ocrx_word' id='word_1_706' title='bbox 2707 4436 2971 4494; x_wconf 80' lang='lat' dir='ltr'><strong>adversus</strong></span> <span class='ocrx_word' id='word_1_707' title='bbox 2996 4438 3298 4513; x_wconf 74' lang='lat' dir='ltr'><strong>apostolum</strong></span> <span class='ocrx_word' id='word_1_708' title='bbox 3323 4442 3577 4512; x_wconf 64' lang='lat' dir='ltr'><em>W</em></span> 
     </span>
    </p>
   </div>
   <div class='ocr_carea' id='block_1_105' title="bbox 1900 4502 3566 4603">
    <p class='ocr_par' dir='ltr' id='par_1_105' title="bbox 1900 4502 3566 4603">
     <span class='ocr_line' id='line_1_105' title="bbox 1900 4502 3566 4603; baseline 0.01 -24"><span class='ocrx_word' id='word_1_709' title='bbox 1900 4502 1951 4562; x_wconf 77' lang='lat' dir='ltr'><strong>D</strong></span> <span class='ocrx_word' id='word_1_710' title='bbox 1982 4536 2095 4580; x_wconf 90' lang='lat' dir='ltr'><strong>tum</strong></span> <span class='ocrx_word' id='word_1_711' title='bbox 2127 4525 2422 4581; x_wconf 87' lang='lat' dir='ltr'><strong>ordinare?</strong></span> <span class='ocrx_word' id='word_1_712' title='bbox 2449 4526 2564 4582; x_wconf 82' lang='lat' dir='ltr'><strong>lam</strong></span> <span class='ocrx_word' id='word_1_713' title='bbox 2590 4543 2719 4585; x_wconf 88' lang='lat' dir='ltr'><strong>vero</strong></span> <span class='ocrx_word' id='word_1_714' title='bbox 2749 4530 2793 4585; x_wconf 89' lang='lat' dir='ltr'><strong>si</strong></span> <span class='ocrx_word' id='word_1_715' title='bbox 2824 4505 3151 4603; x_wconf 78' lang='lat' dir='ltr'><strong>neophytum</strong></span> <span class='ocrx_word' id='word_1_716' title='bbox 3199 4534 3413 4591; x_wconf 64' lang='lat' dir='ltr'><strong>nummi</strong></span> <span class='ocrx_word' id='word_1_717' title='bbox 3461 4549 3566 4595; x_wconf 68' lang='lat' dir='ltr'><strong>I0-</strong></span> 
     </span>
    </p>
   </div>
   <div class='ocr_carea' id='block_1_106' title="bbox 1974 4619 3570 4694">
    <p class='ocr_par' dir='ltr' id='par_1_106' title="bbox 1974 4619 3570 4694">
     <span class='ocr_line' id='line_1_106' title="bbox 1974 4619 3570 4694; baseline 0.006 -20"><span class='ocrx_word' id='word_1_718' title='bbox 1974 4620 2116 4677; x_wconf 89' lang='lat' dir='ltr'><strong>viter</strong></span> <span class='ocrx_word' id='word_1_719' title='bbox 2144 4620 2197 4675; x_wconf 91' lang='lat' dir='ltr'><strong>iu</strong></span> <span class='ocrx_word' id='word_1_720' title='bbox 2254 4619 2359 4677; x_wconf 85' lang='lat' dir='ltr'><strong>ﬁde</strong></span> <span class='ocrx_word' id='word_1_721' title='bbox 2413 4621 2712 4690; x_wconf 86' lang='lat' dir='ltr'><strong>plantatum</strong></span> <span class='ocrx_word' id='word_1_722' title='bbox 2754 4623 2964 4680; x_wconf 89' lang='lat' dir='ltr'><strong>dicitis:</strong></span> <span class='ocrx_word' id='word_1_723' title='bbox 3012 4625 3425 4694; x_wconf 65' lang='lat' dir='ltr'><strong>respondemus,</strong></span> <span class='ocrx_word' id='word_1_724' title='bbox 3454 4642 3570 4691; x_wconf 64' lang='grc' dir='ltr'>ιφ</span> 
     </span>
    </p>
   </div>
   <div class='ocr_carea' id='block_1_107' title="bbox 1974 4711 3573 4786">
    <p class='ocr_par' dir='ltr' id='par_1_107' title="bbox 1974 4711 3573 4786">
     <span class='ocr_line' id='line_1_107' title="bbox 1974 4711 3573 4786; baseline 0.004 -20"><span class='ocrx_word' id='word_1_725' title='bbox 1974 4711 2077 4767; x_wconf 89' lang='lat' dir='ltr'><strong>hoc</strong></span> <span class='ocrx_word' id='word_1_726' title='bbox 2130 4712 2260 4767; x_wconf 89' lang='lat' dir='ltr'><strong>illud</strong></span> <span class='ocrx_word' id='word_1_727' title='bbox 2329 4711 2485 4768; x_wconf 90' lang='lat' dir='ltr'><strong>nobis</strong></span> <span class='ocrx_word' id='word_1_728' title='bbox 2563 4729 2759 4770; x_wconf 84' lang='lat' dir='ltr'><strong>nomen</strong></span> <span class='ocrx_word' id='word_1_729' title='bbox 2837 4711 3147 4784; x_wconf 80' lang='lat' dir='ltr'><strong>signiﬁcare</strong></span> <span class='ocrx_word' id='word_1_730' title='bbox 3201 4732 3223 4768; x_wconf 67' lang='grc' dir='ltr'>ι</span> <span class='ocrx_word' id='word_1_731' title='bbox 3293 4714 3573 4786; x_wconf 66' lang='lat' dir='ltr'><strong>siquideu‘</strong></span> 
     </span>
    </p>
   </div>
   <div class='ocr_carea' id='block_1_108' title="bbox 1975 4803 3579 4876">
    <p class='ocr_par' dir='ltr' id='par_1_108' title="bbox 1975 4803 3579 4876">
     <span class='ocr_line' id='line_1_108' title="bbox 1975 4803 3579 4876; baseline 0.006 -18"><span class='ocrx_word' id='word_1_732' title='bbox 1975 4803 2031 4858; x_wconf 93' lang='lat' dir='ltr'><strong>in</strong></span> <span class='ocrx_word' id='word_1_733' title='bbox 2064 4805 2154 4860; x_wconf 91' lang='lat' dir='ltr'><strong>illo</strong></span> <span class='ocrx_word' id='word_1_734' title='bbox 2185 4806 2424 4872; x_wconf 90' lang='lat' dir='ltr'><strong>nomine,</strong></span> <span class='ocrx_word' id='word_1_735' title='bbox 2455 4806 2600 4876; x_wconf 92' lang='lat' dir='ltr'><strong>quod</strong></span> <span class='ocrx_word' id='word_1_736' title='bbox 2651 4814 2733 4861; x_wconf 90' lang='lat' dir='ltr'><strong>est</strong></span> <span class='ocrx_word' id='word_1_737' title='bbox 2786 4805 3117 4876; x_wconf 84' lang='lat' dir='ltr'><strong>neophytus,</strong></span> <span class='ocrx_word' id='word_1_738' title='bbox 3161 4806 3297 4863; x_wconf 81' lang='lat' dir='ltr'><strong>nihil</strong></span> <span class='ocrx_word' id='word_1_739' title='bbox 3338 4808 3413 4867; x_wconf 77' lang='lat' dir='ltr'><strong>de</strong></span> <span class='ocrx_word' id='word_1_740' title='bbox 3459 4808 3579 4872; x_wconf 49' lang='lat' dir='ltr'><strong>ﬁtb‘</strong></span> 
     </span>
    </p>
   </div>
   <div class='ocr_carea' id='block_1_109' title="bbox 1976 4906 2152 4951">
    <p class='ocr_par' dir='ltr' id='par_1_109' title="bbox 1976 4906 2152 4951">
     <span class='ocr_line' id='line_1_109' title="bbox 1976 4906 2152 4951; baseline -0.011 0"><span class='ocrx_word' id='word_1_741' title='bbox 1976 4906 2152 4951; x_wconf 86' lang='lat' dir='ltr'><strong>sonat.</strong></span> 
     </span>
    </p>
   </div>
   <div class='ocr_carea' id='block_1_110' title="bbox 2047 4988 3569 5051">
    <p class='ocr_par' dir='ltr' id='par_1_110' title="bbox 2047 4988 3569 5051">
     <span class='ocr_line' id='line_1_110' title="bbox 2047 4988 3569 5051; baseline 0.005 -7"><span class='ocrx_word' id='word_1_742' title='bbox 2047 4989 2155 5045; x_wconf 90' lang='lat' dir='ltr'><strong>Sed</strong></span> <span class='ocrx_word' id='word_1_743' title='bbox 2204 4988 2424 5045; x_wconf 89' lang='lat' dir='ltr'><strong>dicitis:</strong></span> <span class='ocrx_word' id='word_1_744' title='bbox 2455 4988 2533 5044; x_wconf 88' lang='lat' dir='ltr'><strong>lta</strong></span> <span class='ocrx_word' id='word_1_745' title='bbox 2562 4990 2668 5045; x_wconf 89' lang='lat' dir='ltr'><strong>hoc</strong></span> <span class='ocrx_word' id='word_1_746' title='bbox 2703 4990 2880 5045; x_wconf 87' lang='lat' dir='ltr'><strong>sancti</strong></span> <span class='ocrx_word' id='word_1_747' title='bbox 2932 4989 3122 5048; x_wconf 90' lang='lat' dir='ltr'><strong>Patres</strong></span> <span class='ocrx_word' id='word_1_748' title='bbox 3173 4993 3349 5051; x_wconf 83' lang='lat' dir='ltr'><strong>nostri</strong></span> <span class='ocrx_word' id='word_1_749' title='bbox 3393 4991 3569 5051; x_wconf 55' lang='lat' dir='ltr'><strong>intota</strong></span> 
     </span>
    </p>
   </div>
   <div class='ocr_carea' id='block_1_111' title="bbox 1972 5066 3565 5154">
    <p class='ocr_par' dir='ltr' id='par_1_111' title="bbox 1972 5066 3565 5154">
     <span class='ocr_line' id='line_1_111' title="bbox 1972 5066 3565 5154; baseline 0.005 -19"><span class='ocrx_word' id='word_1_750' title='bbox 1972 5089 2280 5152; x_wconf 87' lang='lat' dir='ltr'><strong>pretantur,</strong></span> <span class='ocrx_word' id='word_1_751' title='bbox 2338 5066 2590 5135; x_wconf 60' lang='lat' dir='ltr'><strong>videlicet</strong></span> <span class='ocrx_word' id='word_1_752' title='bbox 2645 5089 2705 5135; x_wconf 93' lang='lat' dir='ltr'><strong>ut</strong></span> <span class='ocrx_word' id='word_1_753' title='bbox 2743 5081 3045 5154; x_wconf 82' lang='lat' dir='ltr'><strong>neophytus</strong></span> <span class='ocrx_word' id='word_1_754' title='bbox 3106 5083 3319 5140; x_wconf 88' lang='lat' dir='ltr'><strong>noviter</strong></span> <span class='ocrx_word' id='word_1_755' title='bbox 3370 5084 3423 5140; x_wconf 89' lang='lat' dir='ltr'><strong>in</strong></span> <span class='ocrx_word' id='word_1_756' title='bbox 3456 5084 3565 5144; x_wconf 77' lang='lat' dir='ltr'><strong>ﬁde</strong></span> 
     </span>
    </p>
   </div>
   <div class='ocr_carea' id='block_1_112' title="bbox 1972 5172 3566 5247">
    <p class='ocr_par' dir='ltr' id='par_1_112' title="bbox 1972 5172 3566 5247">
     <span class='ocr_line' id='line_1_112' title="bbox 1972 5172 3566 5247; baseline 0.003 -20"><span class='ocrx_word' id='word_1_757' title='bbox 1972 5173 2247 5245; x_wconf 89' lang='lat' dir='ltr'><strong>plautatus</strong></span> <span class='ocrx_word' id='word_1_758' title='bbox 2299 5172 2662 5245; x_wconf 82' lang='lat' dir='ltr'><strong>intelligatur?</strong></span> <span class='ocrx_word' id='word_1_759' title='bbox 2711 5173 2782 5228; x_wconf 86' lang='lat' dir='ltr'><strong>At</strong></span> <span class='ocrx_word' id='word_1_760' title='bbox 2810 5189 2908 5229; x_wconf 87' lang='lat' dir='ltr'><strong>nos</strong></span> <span class='ocrx_word' id='word_1_761' title='bbox 2960 5177 3369 5247; x_wconf 84' lang='lat' dir='ltr'><strong>respondemus,</strong></span> <span class='ocrx_word' id='word_1_762' title='bbox 3415 5177 3566 5247; x_wconf 76' lang='lat' dir='ltr'><strong>quod</strong></span> 
     </span>
    </p>
   </div>
   <div class='ocr_carea' id='block_1_113' title="bbox 1973 5264 3561 5337">
    <p class='ocr_par' dir='ltr' id='par_1_113' title="bbox 1973 5264 3561 5337">
     <span class='ocr_line' id='line_1_113' title="bbox 1973 5264 3561 5337; baseline 0.004 -17"><span class='ocrx_word' id='word_1_763' title='bbox 1973 5273 2260 5335; x_wconf 84' lang='lat' dir='ltr'><strong>postquam</strong></span> <span class='ocrx_word' id='word_1_764' title='bbox 2294 5264 2345 5319; x_wconf 91' lang='lat' dir='ltr'><strong>in</strong></span> <span class='ocrx_word' id='word_1_765' title='bbox 2374 5265 2765 5333; x_wconf 73' lang='lat' dir='ltr'><strong>compositione</strong></span> <span class='ocrx_word' id='word_1_766' title='bbox 2790 5265 3027 5322; x_wconf 89' lang='lat' dir='ltr'><strong>nominis</strong></span> <span class='ocrx_word' id='word_1_767' title='bbox 3056 5265 3214 5337; x_wconf 79' lang='lat' dir='ltr'><strong>hujus</strong></span> <span class='ocrx_word' id='word_1_768' title='bbox 3243 5268 3320 5324; x_wconf 90' lang='lat' dir='ltr'><strong>nil</strong></span> <span class='ocrx_word' id='word_1_769' title='bbox 3351 5270 3418 5325; x_wconf 88' lang='lat' dir='ltr'><strong>de</strong></span> <span class='ocrx_word' id='word_1_770' title='bbox 3453 5267 3561 5327; x_wconf 73' lang='lat' dir='ltr'><strong>ﬁdo</strong></span> 
     </span>
    </p>
   </div>
   <div class='ocr_carea' id='block_1_114' title="bbox 1974 5357 3567 5425">
    <p class='ocr_par' dir='ltr' id='par_1_114' title="bbox 1974 5357 3567 5425">
     <span class='ocr_line' id='line_1_114' title="bbox 1974 5357 3567 5425; baseline 0.004 -13"><span class='ocrx_word' id='word_1_771' title='bbox 1974 5372 2170 5412; x_wconf 88' lang='lat' dir='ltr'><strong>sonare</strong></span> <span class='ocrx_word' id='word_1_772' title='bbox 2200 5357 2326 5414; x_wconf 87' lang='lat' dir='ltr'><strong>scit.</strong></span> <span class='ocrx_word' id='word_1_773' title='bbox 2358 5374 2466 5413; x_wconf 93' lang='lat' dir='ltr'><strong>non</strong></span> <span class='ocrx_word' id='word_1_774' title='bbox 2498 5358 2670 5414; x_wconf 91' lang='lat' dir='ltr'><strong>solum</strong></span> <span class='ocrx_word' id='word_1_775' title='bbox 2705 5359 2756 5413; x_wconf 92' lang='lat' dir='ltr'><strong>in</strong></span> <span class='ocrx_word' id='word_1_776' title='bbox 2788 5360 2913 5425; x_wconf 87' lang='lat' dir='ltr'><strong>tide,</strong></span> <span class='ocrx_word' id='word_1_777' title='bbox 2945 5374 3131 5415; x_wconf 87' lang='lat' dir='ltr'><strong>verum</strong></span> <span class='ocrx_word' id='word_1_778' title='bbox 3162 5361 3326 5417; x_wconf 89' lang='lat' dir='ltr'><strong>etiam</strong></span> <span class='ocrx_word' id='word_1_779' title='bbox 3359 5360 3425 5416; x_wconf 25' lang='lat' dir='ltr'><strong>in!</strong></span> <span class='ocrx_word' id='word_1_780' title='bbox 3446 5362 3567 5418; x_wconf 68' lang='lat' dir='ltr'><strong>cleo</strong></span> 
     </span>
    </p>
   </div>
   <div class='ocr_carea' id='block_1_115' title="bbox 1976 5449 3559 5524">
    <p class='ocr_par' dir='ltr' id='par_1_115' title="bbox 1976 5449 3559 5524">
     <span class='ocr_line' id='line_1_115' title="bbox 1976 5449 3559 5524; baseline 0.002 -21"><span class='ocrx_word' id='word_1_781' title='bbox 1976 5449 2123 5504; x_wconf 83' lang='lat' dir='ltr'><strong>ricali</strong></span> <span class='ocrx_word' id='word_1_782' title='bbox 2157 5450 2347 5504; x_wconf 90' lang='lat' dir='ltr'><strong>militia</strong></span> <span class='ocrx_word' id='word_1_783' title='bbox 2381 5451 2597 5506; x_wconf 88' lang='lat' dir='ltr'><strong>noviter</strong></span> <span class='ocrx_word' id='word_1_784' title='bbox 2636 5452 2872 5507; x_wconf 88' lang='lat' dir='ltr'><strong>insertus</strong></span> <span class='ocrx_word' id='word_1_785' title='bbox 2904 5453 3209 5524; x_wconf 83' lang='lat' dir='ltr'><strong>neopbytus</strong></span> <span class='ocrx_word' id='word_1_786' title='bbox 3237 5450 3415 5506; x_wconf 84' lang='lat' dir='ltr'><strong>valeat</strong></span> <span class='ocrx_word' id='word_1_787' title='bbox 3462 5466 3559 5522; x_wconf 81' lang='lat' dir='ltr'><strong>ap-</strong></span> 
     </span>
    </p>
   </div>
   <div class='ocr_carea' id='block_1_116' title="bbox 1971 5540 3553 5614">
    <p class='ocr_par' dir='ltr' id='par_1_116' title="bbox 1971 5540 3553 5614">
     <span class='ocr_line' id='line_1_116' title="bbox 1971 5540 3553 5614; baseline 0.003 -18"><span class='ocrx_word' id='word_1_788' title='bbox 1971 5540 2179 5613; x_wconf 85' lang='lat' dir='ltr'><strong>pellari,</strong></span> <span class='ocrx_word' id='word_1_789' title='bbox 2214 5542 2665 5611; x_wconf 77' lang='lat' dir='ltr'><strong>quemadmodum</strong></span> <span class='ocrx_word' id='word_1_790' title='bbox 2695 5555 2749 5598; x_wconf 86' lang='lat' dir='ltr'><strong>et.</strong></span> <span class='ocrx_word' id='word_1_791' title='bbox 2799 5553 3020 5599; x_wconf 82' lang='lat' dir='ltr'><strong>sanctus</strong></span> <span class='ocrx_word' id='word_1_792' title='bbox 3050 5559 3186 5614; x_wconf 87' lang='lat' dir='ltr'><strong>papa</strong></span> <span class='ocrx_word' id='word_1_793' title='bbox 3233 5542 3553 5613; x_wconf 70' lang='lat' dir='ltr'><strong>Gregorius,</strong></span> 
     </span>
    </p>
   </div>
   <div class='ocr_carea' id='block_1_117' title="bbox 1968 5633 3639 5713">
    <p class='ocr_par' dir='ltr' id='par_1_117' title="bbox 1968 5633 3639 5713">
     <span class='ocr_line' id='line_1_117' title="bbox 1968 5633 3639 5713; baseline 0.003 -25"><span class='ocrx_word' id='word_1_794' title='bbox 1968 5643 2023 5688; x_wconf 88' lang='lat' dir='ltr'><strong>et</strong></span> <span class='ocrx_word' id='word_1_795' title='bbox 2054 5633 2347 5713; x_wconf 67' lang='lat' dir='ltr'><strong>Anglorum</strong></span> <span class='ocrx_word' id='word_1_796' title='bbox 2370 5635 2543 5704; x_wconf 87' lang='lat' dir='ltr'><strong>gentis</strong></span> <span class='ocrx_word' id='word_1_797' title='bbox 2566 5635 2840 5706; x_wconf 82' lang='lat' dir='ltr'><strong>apostolus</strong></span> <span class='ocrx_word' id='word_1_798' title='bbox 2859 5636 3186 5691; x_wconf 85' lang='lat' dir='ltr'><strong>intercessor</strong></span> <span class='ocrx_word' id='word_1_799' title='bbox 3203 5644 3386 5688; x_wconf 84' lang='lat' dir='ltr'><strong>vester</strong></span> <span class='ocrx_word' id='word_1_800' title='bbox 3408 5635 3553 5705; x_wconf 85' lang='lat' dir='ltr'><strong>apud</strong></span> <span class='ocrx_word' id='word_1_801' title='bbox 3632 5692 3639 5699; x_wconf 74' lang='grc'><em>,</em></span> 
     </span>
    </p>
   </div>
   <div class='ocr_carea' id='block_1_118' title="bbox 1968 5724 3557 5803">
    <p class='ocr_par' dir='ltr' id='par_1_118' title="bbox 1968 5724 3557 5803">
     <span class='ocr_line' id='line_1_118' title="bbox 1968 5724 3557 5803; baseline 0 -18"><span class='ocrx_word' id='word_1_802' title='bbox 1968 5730 2159 5798; x_wconf 88' lang='lat' dir='ltr'><strong>Deum,</strong></span> <span class='ocrx_word' id='word_1_803' title='bbox 2182 5730 2272 5802; x_wconf 87' lang='lat' dir='ltr'><strong>qui</strong></span> <span class='ocrx_word' id='word_1_804' title='bbox 2296 5737 2353 5787; x_wconf 90' lang='lat' dir='ltr'><strong>et</strong></span> <span class='ocrx_word' id='word_1_805' title='bbox 2378 5726 2489 5785; x_wconf 64' lang='lat' dir='ltr'><strong>Vim</strong></span> <span class='ocrx_word' id='word_1_806' title='bbox 2517 5729 2750 5788; x_wconf 84' lang='lat' dir='ltr'><strong>nominis</strong></span> <span class='ocrx_word' id='word_1_807' title='bbox 2775 5728 2932 5787; x_wconf 87' lang='lat' dir='ltr'><strong>istius</strong></span> <span class='ocrx_word' id='word_1_808' title='bbox 2964 5727 3352 5803; x_wconf 87' lang='lat' dir='ltr'><strong>perspicaciter</strong></span> <span class='ocrx_word' id='word_1_809' title='bbox 3395 5724 3557 5791; x_wconf 79' lang='lat' dir='ltr'><strong>intel-</strong></span> 
     </span>
    </p>
   </div>
  </div>
