4050 6324
505 325 647 387 1055

1875 318 2145 380 NICOLAI
2206 314 2405 376 MPA;
2440 288 2461 373 ἰ

3730 312 3893 369 1056

506 449 664 517 lexit,
706 458 763 505 et
808 455 992 520 patres
1020 447 1139 505 illos
1177 444 1380 515 forsan,
1419 461 1556 518 quos
1593 445 1793 513 dicitis,
1824 444 2092 501 subtiliter
2119 452 2166 507 Α
2200 450 2306 500 tem
2331 438 2569 495 extensis
2589 435 2941 509 benignitatis
2981 435 3217 493 brachiis
3246 436 3587 493 clementer
3628 434 3885 503 ample-

507 541 883 614 investigavit,
934 542 1074 597 inter
1121 550 1315 597 caetera
1367 540 1583 606 scribit,
1631 540 1818 596 dicens
1867 558 1880 592 :
1940 539 2093 595 Sicut

506 641 689 688 autem
728 641 855 688 tunc
899 631 1200 703 neophytus
1234 632 1534 696 dicebatur,
1573 633 1664 701 qui
1701 632 1853 687 initio
1884 632 1939 686 in
1967 646 2095 685 san-

507 732 613 781 etae
679 723 803 779 fidei
856 731 973 779 erat
1021 724 1435 780 conversatione
1488 724 1796 795 plantatus:
1845 724 1925 779 sic
1973 739 2093 779 mo-

514 815 584 872 do
612 816 913 887 neophytus
956 815 1235 873 habendus
1265 825 1371 884 est,
1406 818 1498 889 qui
1538 825 1756 889 repente
1787 818 1841 872 in
1872 817 2092 889 religio-

510 908 596 965 nis
655 909 844 964 habitu
892 910 1167 981 plantatus
1224 911 1290 966 ad
1343 910 1659 969 ambiendos
1718 912 1951 968 honores
2003 926 2091 966 sa-

509 1016 634 1057 eros
660 1001 963 1071 irrcpserit.
1005 1000 1142 1070 Quid
1179 1018 1368 1058 rursus
1396 1003 1749 1073 perniciosius
1775 1010 1889 1068 est,
1930 1017 2094 1074 quam

514 1092 764 1164 cuiquam
794 1109 863 1149 ex
888 1095 1252 1152 schismaticis
1281 1098 1421 1152 intra
1454 1105 1605 1167 septa
1630 1098 1909 1153 Dominica
1939 1097 2094 1168 prin-

513 1182 749 1251 cipatum
779 1184 1047 1252 tribuere,
1086 1194 1143 1241 et
1170 1202 1267 1258 per
1296 1188 1578 1245 damnatos
1615 1190 1991 1256 sanctiticare,
2038 1197 2094 1244 et

510 1287 609 1345 per
658 1274 936 1348 depositos
991 1278 1060 1334 ad
1113 1281 1474 1337 sacerdotium
1528 1283 1855 1351 sublimare,
1910 1291 1966 1340 et
2017 1283 2095 1338 vis

507 1366 688 1423 ventis
744 1367 922 1424 locum
976 1369 1296 1442 subripere,
1349 1383 1404 1429 et
1458 1373 1610 1430 alteri
1669 1375 1868 1431 Christi
1927 1392 2091 1446 spon-

507 1468 625 1513 sam
674 1458 1020 1515 commissam
1080 1466 1365 1530 temerare,
1403 1475 1457 1521 et
1505 1466 1558 1521 in
1588 1468 1915 1539 apostasiam
1955 1468 2096 1525 mulc

507 1557 594 1605 tos
640 1548 978 1622 demergere,
1032 1562 1086 1609 et
1135 1555 1190 1609 in
1246 1556 1620 1613 infidelitatem
1646 1558 1943 1630 impellere,
1972 1568 2029 1616 et
2062 1576 2093 1616 a

505 1641 864 1712 professione,
914 1644 997 1700 vel
1017 1646 1416 1719 subscriptione
1441 1666 1538 1705 sua
1584 1667 1688 1707 non
1712 1667 1913 1723 paucos
1941 1668 2095 1708 aver-

508 1743 649 1801 tere,
680 1747 734 1792 et
762 1737 1050 1795 ecclesiam
1078 1754 1178 1810 per
1227 1752 1442 1799 exteras
1493 1752 1792 1813 potestates
1822 1746 2091 1816 accipere,

2195 543 2389 591 ctetur.
2422 534 2488 589 Et
2517 550 2624 589 non
2654 532 2861 589 tantum
2909 533 3220 604 indignatus
3260 540 3345 588 est
3395 548 3507 604 pro
3570 529 3881 589 laesione,

2197 644 2358 701 quam
2387 626 2640 684 Ecclesiae
2669 626 2815 682 illius
2853 635 3109 697 operatus
3141 641 3221 691 es,
3263 636 3557 697 quantum
3628 622 3877 677 letabi-

2198 730 2309 787 tur,
2338 722 2382 778 si
2410 736 2574 791 quem
2623 720 2806 776 laesisti
2834 721 3097 777 adversus
3144 720 3472 786 Ecclesiam,
3542 718 3869 789 adjuvare

2196 815 2566 871 contenderis.
2598 814 2847 888 Porrigat
2872 815 3038 888 igitur
3077 815 3252 888 pietas
3275 824 3365 870 tua
3396 814 3865 871 Constantino-

2194 907 2447 978 politanae
2490 906 2747 964 Ecclesia:
2800 924 3042 975 manum,
3094 923 3197 965 nec
3240 909 3491 981 patiatur
3513 908 3711 963 hanc
3740 922 3865 961 am-
3924 930 3925 983 χ

2195 999 2336 1070 plius
2355 1014 2453 1055 suo
2475 998 2586 1068 jam
2617 1000 2933 1056 destitutam
2954 1009 3169 1057 rectore
3198 1001 3505 1057 subsistere
3539 1017 3566 1057 :
3610 1008 3690 1056 et
3716 1014 3864 1054 mea.
3926 1002 3927 1059 Ε

2197 1100 2409 1147 rentem
2439 1108 2503 1147 ac
2531 1092 2800 1163 lugentem
2824 1093 3095 1149 incedere.
3126 1091 3403 1149 Virtutum
3431 1092 3857 1156 charismata,

2197 1199 2315 1255 qum
2336 1185 2432 1241 tibi
2455 1183 2716 1240 Dominus
2746 1192 2932 1241 noster
2950 1184 3108 1242 Jesus
3129 1184 3378 1242 Christus
3403 1185 3712 1247 contulit,
3745 1198 3860 1237 non

2196 1286 2383 1334 contra
2410 1294 2489 1342 se,
2539 1278 2633 1333 sed
2658 1294 2760 1349 pro
2785 1294 2865 1346 se,
2909 1294 3119 1352 proque
3162 1289 3349 1335 sancta
3396 1277 3691 1334 Ecclesia
3757 1292 3858 1331 sua

2198 1376 2497 1438 praeparata
2524 1384 2741 1440 semper
2766 1370 3007 1426 inveniat
3035 1386 3052 1426 :
3086 1378 3246 1442 teque
3277 1371 3344 1426 de
3370 1369 3709 1426 beneficiis
3736 1370 3859 1424 suis
3936 1358 3937 1369 “

2196 1473 2317 1515 esse
2347 1459 2685 1514 melioratum
2724 1460 2991 1532 gaudeat,
3021 1469 3076 1517 et
3109 1462 3310 1533 gratias
3329 1475 3503 1532 agere
3534 1459 3859 1516 continuis

2200 1550 2370 1616 boris,
2395 1560 2557 1621 atque
2585 1552 2876 1608 momentis
2907 1554 3161 1625 reperiat.

2272 1640 2501 1713 Legatos
2551 1652 2810 1711 przeterea
2836 1642 3124 1713 (Donatum
3156 1643 3411 1700 videlicet
3454 1644 3855 1701 revenendis-

2200 1732 2415 1797 simum,
2445 1740 2501 1788 et
2546 1732 2947 1790 sanctissimum
2992 1744 3195 1792 sauctze
3232 1735 3491 1793 Ecclesia:
3529 1735 3846 1791 Ostiensis

511 1840 577 1881 ac
609 1842 709 1897 per
736 1829 838 1886 hoc
863 1830 917 1886 in
939 1831 1079 1887 ovile
1102 1832 1460 1902 Dominicum,
1492 1853 1598 1893 non
1621 1853 1719 1908 per
1747 1839 1968 1905 ostium,
1998 1838 2092 1894 sed
2125 1819 2174 1882 Β
2198 1824 2532 1895 episcopum.
2565 1833 2619 1879 Cl
2641 1825 2939 1897 νειίεῖοεοε,
2974 1843 3039 1884 ac
3064 1830 3404 1885 venerabiles
3434 1838 3681 1885 5300113
3740 1829 3850 1884 RO-

508 1932 572 1972 ex
619 1917 868 1986 adverso,
920 1938 986 1978 ac
1014 1924 1228 1981 aliunde
1266 1930 1649 1990 conscendere,
1679 1938 1735 1984 et
1776 1929 1829 1984 in
1861 1929 1913 1984 id
1944 1918 2097 1985 more

508 2003 647 2062 furis
671 2017 832 2079 atque
852 2010 1102 2079 latronis,
1127 2029 1221 2070 seu
1251 2014 1361 2087 lupi
1383 2018 1595 2088 rapacis
1622 2018 1889 2089 irrepere,
1913 2029 1967 2075 et
1989 2021 2097 2090 pri-

511 2112 660 2153 mum
688 2102 906 2172 quidem
934 2113 1210 2174 pastorem
1257 2123 1474 2175 necare,
1514 2110 1707 2165 deinde
1750 2126 1879 2168 vero
1911 2090 2095 2167 ovium

511 2188 650 2245 alias
674 2191 891 2261 quidem
922 2194 1214 2262 trucidare,
1238 2196 1372 2253 alias
1396 2207 1580 2254 autem
1606 2197 1938 2273 dispergere,
1968 2217 2098 2257 con-

512 2287 709 2345 terere,
741 2281 964 2349 nudare,
1009 2283 1269 2353 lacerare,
1322 2302 1387 2344 ac
1414 2289 1644 2345 diversis
1696 2291 1871 2347 modis
1899 2300 1955 2347 et
1984 2307 2098 2348 ma-

510 2370 918 2430 chinationibus
966 2375 1311 2447 disperdere?
1357 2379 1497 2447 Quid
1548 2390 1846 2452 postremo,
1881 2399 2097 2455 quzesu-

512 2479 651 2529 mus,
680 2465 1020 2535 horribilius,
1068 2478 1122 2525 et
1146 2473 1558 2541 exsecrabilius,
1589 2490 1753 2546 quam
1789 2475 2094 2543 Dominica,

510 2571 607 2612 seu
638 2568 949 2616 sanctorum
995 2561 1242 2629 Patrum,
1270 2580 1482 2621 necnon
1528 2575 1584 2622 et
1611 2568 1923 2638 apostolicae
1954 2570 2098 2625 sedis

510 2648 712 2721 scripta
738 2666 838 2721 pro
867 2651 1146 2725 religione,
1173 2670 1272 2726 pro
1300 2655 1609 2728 disciplina,
1633 2674 1732 2729 pro
1754 2661 2094 2716 correctione

512 2740 676 2796 missa
704 2742 927 2810 violare,
976 2753 1032 2800 et
1064 2746 1312 2817 quaedam
1364 2748 1582 2818 quidem
1623 2763 1810 2805 eorum
1845 2750 2096 2807 ﬁdelibus

510 2834 804 2901 occultare,
827 2837 1075 2908 quaedam
1094 2853 1226 2895 vero
1247 2839 1593 2908 defraudare,
1617 2850 1673 2897 et
1699 2843 2091 2911 subtractione,

510 2939 577 2981 ac
603 2928 1045 2994 commutatione,
1095 2946 1310 2988 necnon
1336 2941 1391 2988 et
1417 2932 1693 2991 additione
1718 2935 1965 3005 quadam
1986 2936 2098 2991 cal-

509 3018 616 3075 lide
645 3019 975 3091 depravare?
1007 3021 1195 3079 Missos
1216 3039 1429 3095 quoque
1452 3025 1594 3081 beati
1629 3024 1776 3082 Petri
1819 3027 2093 3098 apostolo-

511 3126 632 3167 rum
661 3113 921 3184 principis
964 3116 1132 3172 variis
1175 3119 1512 3190 argumentis
1560 3134 1592 3174 a
1640 3120 1744 3176 sibi
1787 3121 2095 3178 commissis

512 3213 783 3271 avertere,
813 3214 869 3260 et
920 3207 987 3261 ad
1017 3210 1432 3276 praacessionem
1462 3210 1582 3283 [al.,
1641 3214 2095 3287 processionem],
2126 3195 2173 3260 C

512 3310 635 3365 quae
678 3312 709 3352 a
744 3298 1125 3367 schismaticis,
1176 3304 1662 3361 excommunicatis
1714 3314 1771 3361 et
1828 3308 2103 3365 damnatis

514 3387 799 3459 agebatur,
820 3391 1164 3461 pertrahere,
1190 3394 1417 3466 illosque
1446 3406 1755 3468 contempta
1809 3398 2099 3471 legatione,

515 3494 640 3549 qua:
670 3481 754 3537 vel
784 3483 1068 3554 gentilium
1125 3501 1277 3542 more
1314 3489 1534 3545 tractari
1565 3490 1752 3545 debuit
1780 3532 1796 3558 ,
1828 3493 2100 3550 nonnullis

514 3571 874 3629 incommodis
900 3574 1152 3642 subdere,
1179 3586 1235 3633 et
1262 3579 1330 3633 ad
1357 3589 1659 3653 extremum
1689 3581 1742 3636 in
1788 3581 2098 3639 illusionem

514 3660 814 3719 beatissimi
838 3664 1009 3733 Petri,
1046 3684 1079 3722 a
1110 3667 1263 3739 cujus
1292 3671 1420 3728 sede
1467 3673 1696 3743 profecti
1728 3675 1959 3742 fuerant,
1991 3692 2100 3732 non
2142 3672 2145 3677 ’

514 3755 688 3812 solum
739 3756 1046 3816 inefﬁcaces
1076 3761 1251 3818 redire
1282 3761 1484 3830 facere,
1514 3779 1700 3820 verum
1731 3766 1894 3822 etiam
1923 3767 2099 3838 impu-

516 3857 773 3920 gnatores
817 3851 1082 3920 omnium,
1132 3869 1253 3924 quae
1303 3857 1558 3913 mandata
1606 3858 1839 3926 fuerant,
1882 3860 2104 3917 demon-

523 3940 747 3995 strare?
810 3940 943 4011 Quae
990 3953 1045 3999 et
1076 3945 1160 4001 bis
1182 3946 1406 4015 similia,
1435 3965 1646 4005 necnon
1672 3959 1727 4007 et
1756 3952 1841 4007 bis
1863 3953 2102 4022 pluriora

518 4027 574 4083 in
600 4028 1195 4114 Constantinopolitana
1218 4036 1374 4105 urbe,
1406 4039 1487 4094 vel
1515 4042 1567 4095 in
1599 4039 1970 4110 adjacentibus
2000 4043 2103 4099 sibi

519 4117 832 4178 civitatibus
852 4126 1056 4193 patrari
1070 4128 1371 4196 audientes,
1389 4131 1654 4188 immenso
1668 4148 1855 4189 sumus
1871 4149 2106 4192 mmrore

519 4209 736 4283 repleti,
768 4222 823 4269 et
855 4217 1130 4275 anxietate
1157 4220 1321 4277 nimia
1353 4223 1679 4293 perturbati.
1716 4224 1822 4281 Sed
1850 4226 1974 4296 quia
2003 4227 2105 4281 ho-

520 4317 643 4359 rum
676 4306 921 4363 omnium
947 4319 1137 4366 auctor
1166 4320 1223 4369 tu
1246 4313 1482 4372 existere
1509 4317 1652 4372 fama
1676 4318 1988 4391 divulgante
2024 4320 2106 4375 di-

518 4397 683 4466 ceris,
706 4399 1035 4459 intolerabili
1064 4404 1310 4462 cruciatu
1338 4409 1539 4464 mentis
1570 4408 1856 4475 aﬂicimur,
1883 4420 1937 4466 et
1960 4410 2108 4467 dolo-

517 4493 672 4551 ribus
717 4495 958 4567 undique
1006 4509 1449 4569 coangustamur.
1487 4501 1640 4559 Unde
1691 4504 1951 4561 videlicet
1980 4519 2103 4561 cum

2200 1931 2376 1971 mante
2414 1916 2669 1973 Ecclesia:
2707 1917 2939 1975 Leonem
2967 1920 3106 1975 tituli
3138 1920 3313 1976 sancti
3339 1922 3625 1994 martyris
3659 1921 3845 1978 Chri-

2200 2007 2271 2063 sti
2291 2007 2589 2075 Laurentii,
2630 2011 2722 2080 qui
2756 2010 3055 2082 appellatur
3094 2012 3333 2080 Damasi,
3372 2015 3833 2086 presbyterum,

2201 2106 2364 2168 atque
2399 2097 2666 2154 Marinum
2695 2102 3004 2171 apostolica:
3048 2098 3253 2161 noStraa
3280 2105 3427 2161 sedis
3477 2105 3831 2177 diaconem)

2200 2204 2338 2260 quos
2366 2190 2885 2263 Constantinopolim
2912 2195 2964 2249 in
2993 2192 3215 2253 nomine
3242 2197 3457 2253 Domini
3486 2198 3819 2254 destinavi-

2201 2298 2344 2349 mus,
2371 2283 2440 2337 ita
2472 2284 2724 2352 libenter,
2782 2286 2857 2341 ita
2900 2288 3131 2358 benigne
3158 2290 3440 2361 suscipite,
3471 2301 3653 2363 atque
3709 2302 3829 2348 tra—

2201 2384 2367 2441 etate,
2395 2378 2851 2447 quemadmodum
2892 2383 3179 2440 orthodoxi
3208 2384 3484 2457 principes
3515 2386 3675 2441 beati
3705 2385 3822 2442 Pe-

2204 2466 2271 2521 tri
2302 2467 2529 2537 apostoli
2557 2469 2754 2526 missos
2783 2472 3078 2542 suscipere,
3131 2489 3343 2531 necnon
3382 2486 3630 2533 tractare
3661 2478 3821 2533 soliti

2200 2553 2368 2612 fuisse
2398 2557 2581 2614 multis
2606 2560 2853 2629 apicibus
2898 2561 3226 2619 referuntur.
3259 2564 3395 2620 Nam
3439 2575 3498 2621 et
3544 2568 3819 2639 impieta-

2202 2655 2309 2702 tem
2350 2663 2684 2720 paganorum
2743 2654 3131 2711 transcendere
3163 2659 3619 2727 comprobantur,
3677 2663 3810 2731 qui-

2201 2754 2415 2811 cunque
2451 2741 2657 2812 legatos
2699 2743 3053 2801 ecclesiarum
3107 2747 3440 2819 quibuslibet
3482 2754 3809 2821 putaverint

2203 2834 2546 2889 contumeliis
2593 2836 2953 2906 impetendos.
2984 2838 3142 2909 Apud
3165 2840 3313 2910 ipsos
3336 2842 3481 2897 enim
3509 2852 3565 2898 et
3612 2845 3660 2900 si
3690 2862 3803 2902 non

2202 2924 2434 2979 habetur
2462 2924 2659 2996 legatio
2683 2926 2931 2985 fortassis
2972 2939 3216 3002 accepta,
3245 2947 3477 3003 persona
3511 2945 3692 2992 tamen
3717 2938 3803 2993 le-

2201 3014 2310 3084 gati
2339 3008 2551 3086 semper
2571 3015 2849 3085 judicatur
2872 3020 3148 3087 immunis,
3194 3025 3497 3094 praesertim
3549 3043 3672 3082 eum
3713 3029 3798 3085 le-
3858 3020 3863 3021 ί

2202 3105 2349 3176 gatio
2373 3106 2720 3176 praefatorum
2748 3109 2882 3165 nihil
2909 3111 3016 3167 nisi
3053 3127 3174 3183 quae
3198 3115 3351 3185 pacis
3397 3126 3540 3182 sunt,
3575 3128 3793 3190 satagat

2204 3207 2258 3254 et
2285 3207 2493 3255 tantum
2522 3216 2643 3272 qum
2670 3201 2881 3272 justitia
2910 3205 3104 3277 diligit,
3156 3207 3271 3278 ipsa
3322 3214 3617 3266 verecuude
3648 3227 3786 3266 sua-

2204 3290 2333 3347 dere
2353 3294 2665 3349 contendat.
2699 3294 2918 3352 Scilicet
2965 3307 3023 3354 ut
3050 3298 3233 3355 ablato
3276 3303 3477 3357 moecho
3521 3300 3777 3357 Ecclesiae

2203 3380 2835 3454 Constantinopolitante,
2858 3388 3079 3459 proprio
3120 3391 3366 3446 reddatur
3386 3391 3638 3461 episcopo
3666 3407 3684 3446 :
3715 3402 3777 3449 et

2205 3474 2251 3529 si
2280 3475 2409 3544 quid
2436 3476 2561 3533 huic
2599 3478 2851 3535 restituto
2874 3478 2989 3549 jam
3016 3469 3265 3539 fortassis
3286 3483 3545 3555 obiicitur,
3566 3494 3787 3542 servato

2205 3567 2396 3622 ordine
2416 3569 2699 3635 audiatur,
2728 3578 2782 3626 et
2809 3568 3114 3640 iudicetur;
3145 3574 3398 3630 videlicet
3422 3584 3481 3630 ut
3507 3573 3732 3632 inferior
3754 3593 3784 3632 a

2205 3659 2405 3728 potiori
2448 3661 2761 3731 judicetur,
2804 3671 2860 3719 et
2900 3680 3008 3720 non
3060 3665 3332 3723 minorum
3384 3666 3547 3739 (quod
3600 3678 3790 3724 contra

2206 3768 2368 3809 omne
2394 3753 2475 3810 fas
2500 3757 2605 3829 est)
2643 3760 2927 3815 sententiae
2958 3760 3295 3831 subjiciatur.
3327 3761 3502 3830 Quam
3533 3774 3790 3836 przeterea

2207 3846 2582 3904 fortitudinem
2621 3852 2946 3918 ostendetis,
2982 3853 3026 3909 si
3050 3855 3231 3911 .totius
3273 3855 3659 3928 indignationis
3702 3874 3791 3915 ve-

2209 3946 2336 3994 strae
2357 3941 2570 4011 pondus
2589 3956 2751 4013 super
2774 3943 2929 4012 duas,
2957 3945 3041 4001 vel
3065 3954 3173 4002 tres
3194 3962 3456 4019 personas
3479 3949 3784 4019 inflectitis;

2208 4038 2264 4084 et
2308 4030 2473 4100 pedes
2511 4032 2997 4103 evangelizantium
3048 4052 3260 4106 pacem,
3310 4039 3787 4111 evangelizautium

2208 4118 2348 4174 bona
2386 4120 2560 4177 solum
2614 4122 2902 4181 calcandos
2928 4127 3014 4181 vel
3045 4130 3408 4185 eonterendos
3435 4132 3789 4189 existimatis?

2212 4209 2318 4267 Sed
2345 4212 2518 4269 videte
2559 4214 2707 4285 (quia
2734 4214 2851 4284 ejus
2872 4218 3067 4287 capitis
3103 4218 3270 4289 pedes
3312 4220 3616 4288 calcantur,
3653 4225 3787 4294 quod

2208 4302 2361 4369 olim,
2400 4305 2609 4375 utquid
2647 4305 2749 4361 sibi
2786 4310 3094 4377 persecutio
3116 4309 3485 4382 ingerebatur,
3534 4328 3635 4383 pro
3663 4314 3788 4384 ipsis

2209 4411 2241 4452 e
2267 4398 2402 4454 eoalo
2429 4398 2705 4471 clamavit)
2732 4414 2801 4455 ue
2836 4400 3061 4460 verbum
3112 4402 3366 4475 alligetis,
3412 4420 3590 4475 neque
3617 4407 3790 4462 occul-

2211 4491 2338 4547 tetis
2365 4490 2687 4564 legationem
2742 4501 3333 4570 nostram:quoniam,
3386 4499 3600 4557 dicente
3646 4503 3786 4573 Δρο-

516 4583 752 4643 Ieremia
782 4588 836 4643 in
862 4603 1050 4645 vocem
1080 4568 1455 4663 ριρδι-αωρει-θ,
1481 4610 1545 4650 ac
1573 4596 1705 4652 libet
1730 4596 1835 4652 lam
1856 4597 2107 4654 enlabm-
2134 4568 2186 4629 Ῑ)
2210 4584 2349 4641 stolo
2376 4602 2391 4640 :
2427 4585 2540 4641 Nec
2565 4589 2776 4642 uerbum
2803 4587 2899 4644 Dei
2932 4600 3008 4645 est
3040 4568 3335 4663 alligatum,
3361 4610 3453 4647 nec
3473 4595 3663 4649 veritas
3685 4568 3782 4650 ulla

522 4686 608 4738 ter
630 4679 904 4736 maestitia:
932 4696 1154 4753 cperam
1184 4684 1339 4751 dare,
1379 4684 1737 4758 flebiliterque
1760 4690 2106 4747 exclamare:

524 4770 657 4838 Quis
692 4774 838 4829 dabit
873 4776 1033 4847 capiti
1075 4793 1190 4832 meo
1212 4794 1408 4850 aquam
1431 4818 1447 4847 ,
1491 4790 1583 4833 aut
1635 4782 1800 4838 oculis
1831 4785 1960 4840 meis
2001 4784 2115 4855 fon-

520 4872 623 4917 tem
651 4863 1007 4936 lacrymarum
1036 4867 1172 4940 (Jer.
1220 4870 1320 4941 rx),
1369 4878 1430 4924 ut
1477 4869 1749 4944 plangam,
1791 4882 1847 4929 et
1899 4874 2112 4947 lugeam

523 4967 730 5014 tantam
758 4969 815 5016 et
838 4962 1003 5019 talem
1027 4964 1347 5035 perniciem,
1376 4974 1584 5023 tantum
1633 4976 1688 5025 et
1740 4968 1845 5025 tale
1885 4970 2106 5042 dispen-

523 5049 711 5106 dium?
755 5050 1032 5111 Frustrata
1063 5064 1146 5111 est
1195 5058 1339 5112 enim
1366 5074 1491 5130 spes
1520 5067 1743 5116 nostra:
1782 5060 2108 5117 confidentia

524 5150 711 5199 nostra
736 5144 946 5216 decepit
964 5163 1086 5204 nos.
1111 5146 1156 5205 0
1177 5148 1434 5205 damnum
1463 5151 1905 5223 incomparabile,
1937 5169 1971 5210 ο
1998 5154 2109 5210 exi~

525 5238 662 5293 tium
685 5239 898 5295 nonnisi
927 5256 1025 5312 per
1053 5252 1124 5309 te,
1154 5244 1382 5302 Domine
1410 5244 1559 5313 Iesu,
1585 5262 1803 5318 quoquo
1828 5247 1988 5302 modo
2017 5248 2110 5303 de-

526 5330 877 5386 struendum!
907 5332 1075 5389 Versa
1100 5344 1224 5389 sunt
1252 5337 1390 5393 dona
1442 5337 1562 5405 Dei,
1594 5354 1714 5410 quae
1738 5337 1865 5393 olim
1894 5337 2110 5395 fuerant

526 5423 626 5480 tibi
655 5422 870 5491 collata,
894 5424 948 5479 in
977 5436 1309 5483 armaturam
1342 5430 1602 5487 adversus
1632 5431 1931 5487 Ecclesiam
1969 5432 2109 5503 ejus,

526 5522 586 5572 et
608 5531 729 5587 qua:
774 5515 861 5571 ille
889 5532 987 5589 pro
1017 5516 1190 5572 salute
1213 5510 1568 5587 plurimorum
1599 5522 1807 5586 tribuit,
1848 5520 1901 5575 in
1930 5521 2111 5593 perni-

526 5606 667 5666 ciem
712 5608 1016 5665 evidentem
1039 5617 1167 5665 sunt
1190 5620 1519 5665 commutata
1550 5614 1861 5669 multorum.
1899 5613 2004 5669 Sed
2035 5629 2117 5669 re-

530 5711 765 5769 vertere,
791 5704 860 5759 lili
888 5705 982 5771 mi,
1004 5711 1296 5765 revertere,
1323 5704 1563 5775 piissime
1575 5705 1779 5772 Czrszir,
1808 5718 2112 5764 revertere:

530 5794 657 5873 quia
682 5793 939 5853 Dominus
967 5806 1150 5853 uoster
1174 5776 1481 5852 misericors
1510 5806 1614 5862 est,
1642 5807 1697 5852 et
1749 5808 1799 5854 te
1844 5787 2118 5854 revertenti

2209 4687 2361 4750 pacto
2389 4681 2575 4750 poterit
2600 4680 2856 4737 occultari
2882 4681 2931 4755 (ι
2964 4681 3101 4738 Tim.
3133 4683 3195 4756 ll)
3220 4700 3235 4751 ;
3285 4700 3405 4755 qua:
3425 4687 3590 4741 etiam
3619 4688 3740 4742 dicit
3764 4704 3779 4742 :

2215 4767 2369 4823 Nihil
2398 4779 2633 4841 opertum
2657 4772 2797 4843 quod
2823 4789 2927 4828 non
2948 4773 3223 4843 reveletur,
3262 4786 3312 4831 et
3340 4777 3625 4844 occultum,
3655 4780 3781 4849 quod
3826 4800 3849 4825 ι

2216 4876 2321 4916 non
2345 4862 2549 4916 sciatur
2575 4860 2728 4934 (Luc.
2768 4863 2892 4937 xu).
2925 4862 2980 4920 Si
3005 4874 3186 4921 autem
3222 4866 3487 4923 talentum
3515 4878 3780 4939 acceptum

2219 4955 2274 5010 in
2297 4964 2441 5011 terra
2467 4958 2798 5014 abscondere
2810 4968 3069 5015 extrema:
3083 4961 3445 5017 damnationis
3459 4971 3561 5029 est,
3592 4973 3778 5032 quanta

2213 5063 2374 5121 poma
2407 5050 2748 5107 mulctandus
2776 5061 2879 5120 est,
2900 5053 2994 5124 qui
3020 5052 3243 5109 alterius
3265 5053 3528 5109 talentum
3560 5055 3779 5111 volentis

2214 5140 2319 5197 hoc
2348 5142 2415 5197 ad
2461 5141 2668 5198 lucrum
2717 5142 2930 5198 Domini
2983 5160 3064 5200 ειη
3112 5144 3487 5215 multiplicare,
3538 5146 3697 5213 tollit,
3732 5158 3780 5203 et

2215 5235 2519 5304 abscondit,
2550 5235 2628 5291 vel
2665 5236 2827 5291 etiam
2881 5235 3138 5294 fraudare
3166 5253 3272 5294 non
3322 5238 3598 5310 paveseit?
3629 5240 3780 5295 Porro

2215 5331 2283 5386 de
2333 5330 2518 5386 talenti
2547 5330 2861 5401 acceptione
2900 5330 3101 5387 nullam
3129 5331 3331 5402 poteris
3365 5331 3587 5387 omnino
3630 5346 3781 5387 exeo.

2215 5424 2476 5480 sationem
2498 5425 2851 5494 praetendere.
2879 5424 3144 5494 Accepisti
3160 5424 3358 5495 quippe
3381 5440 3487 5480 non
3512 5424 3779 5480 minimum

2216 5519 2402 5574 talenti
2433 5518 2655 5583 donum,
2686 5519 2851 5573 etiam
2880 5528 2936 5573 et
2966 5528 3255 5588 antequam
3289 5519 3354 5574 ad
3402 5518 3676 5575 Caesareas
3705 5519 3779 5573 in-

2217 5611 2355 5667 fulas
2379 5612 2712 5682 pervenires,
2770 5612 3154 5669 familiaritatis
3197 5612 3405 5669 scilicet
3453 5612 3628 5669 locum
3655 5612 3781 5683 apud

2217 5706 2538 5776 Augustum,
2579 5714 2633 5761 et
2656 5706 2974 5776 impetrandi
3012 5706 3156 5777 quod
3207 5706 3447 5773 volebas,
3483 5704 3780 5763 facillimam

2220 5801 2464 5874 gratiam.
2493 5800 2549 5855 Si
2581 5815 2709 5871 ergo
2739 5800 2871 5854 nihil
2898 5801 2944 5855 ei
2969 5815 3068 5871 pro
3090 5800 3330 5856 ecclesiae
3350 5799 3568 5871 proprio
3592 5807 3783 5856 rectore

3764 6042 3785 6071 \
