4050 6324
278 272 311 330 1
325 273 454 331 057
1510 277 1863 335 EPISTOLAE

1960 280 1998 337 Τ
2050 280 2391 340 DECRETA.

274 388 563 446 desolatm
591 387 932 447 detrimentis
980 390 1192 447 locutus
1224 405 1317 457 es,
1362 392 1494 448 nihil
1525 409 1623 464 pro
1672 394 1775 459 his,
1807 395 1899 465 qui
1925 401 1975 460 Α

270 498 411 557 pro
448 482 612 540 fratre
637 493 692 540 et
713 500 812 555 pro
842 484 1165 558 coepiscopo
1203 493 1389 541 nostro
1412 486 1618 557 lgnatio
1648 488 1890 557 patriar-

270 578 410 630 cha
441 574 657 646 objecti,
688 575 773 631 vel
792 576 1047 643 exsiliati,
1074 588 1167 633 aut
1186 579 1430 648 oppressi
1469 588 1614 645 sunt,
1644 580 1732 649 pie
1766 595 1890 635 sua-

270 667 436 721 dere
467 666 703 734 curasti,
734 681 833 737 pro
859 668 1047 724 talenti
1099 670 1399 726 retentione
1421 670 1664 741 profecto
1686 673 1891 742 positu-

270 773 397 813 rus
442 772 503 814 es
551 760 835 817 rationem.
886 759 1104 817 Habens
1140 762 1303 833 igitur
1348 760 1749 835 magnificentia
1798 772 1890 820 tua

266 851 579 907 obtinendi
625 867 792 923 penes
831 852 1134 926 Augustum
1158 854 1417 911 talentum
1443 869 1530 922 ea,
1558 871 1679 926 quae
1701 865 1889 928 postu—

267 943 414 999 lant
452 944 875 1011 damnationem,
930 961 1028 1017 pro
1079 955 1292 1004 retento
1341 947 1543 1005 talento
1593 949 1800 1016 timeat,
1839 950 1885 1006 si

274 1036 484 1110 [forte,
526 1038 655 1104 nisi,
680 1037 881 1111 [imm]
899 1054 1020 1095 cum
1034 1039 1178 1095 valet
1203 1042 1479 1113 apudeum
1496 1057 1596 1113 pro
1608 1043 1886 1100 reddendo

267 1128 465 1198 priori
490 1128 744 1185 Ecclesiae
769 1129 1376 1201 Constantinopolitanae
1390 1135 1643 1205 praesule,
1673 1136 1760 1191 vel
1780 1152 1883 1207 pro

268 1222 587 1292 perdendis
614 1224 776 1280 nimis
796 1227 1070 1296 oppressis
1098 1226 1368 1284 instanter
1391 1228 1703 1284 intervenit.
1730 1229 1881 1287 Prte-

268 1316 452 1387 cipue
496 1332 618 1372 cum
649 1318 884 1374 donante
929 1319 1109 1374 divina
1140 1320 1315 1394 gratia
1364 1321 1669 1379 sublimitas
1698 1333 1881 1380 vestra

268 1424 399 1464 non
450 1409 625 1465 solum
686 1410 1011 1482 impetrandi
1048 1413 1192 1483 quod
1240 1412 1355 1467 vult
1389 1413 1530 1486 apud
1577 1413 1878 1487 Augustum

208 1496 211 1497 ⁷
270 1516 494 1555 munus
522 1509 772 1557 assecuta
805 1502 897 1567 sit,
921 1517 1109 1557 verum
1135 1505 1298 1559 etiam
1333 1520 1432 1575 per
1451 1492 1753 1562 Caesaream
1778 1522 1877 1563 ex-

268 1591 617 1659 cellentiam,
645 1607 806 1663 quam
858 1593 1051 1665 adepta
1075 1603 1179 1660 est,
1211 1594 1325 1665 ipsa
1350 1595 1529 1652 valeat
1580 1597 1878 1655 concedere
2052 1590 2168 1647 Diei
2217 1606 2324 1647 non
2353 1599 2555 1663 Ροιθει,
2584 1592 2757 1671 frater
2802 1596 3143 1663 citatissime.
3172 1600 3393 1670 quantis
3434 1616 3572 1659 mte-

268 1685 432 1757 quod
462 1693 639 1757 rogat,
670 1694 725 1741 et
751 1685 939 1759 largiri
963 1686 1106 1757 quod
1135 1687 1237 1743 sibi
1277 1688 1345 1744 ad
1368 1688 1578 1744 lucrum
1626 1672 1874 1760 proﬁciat
1981 1682 2218 1750 roribus,
2248 1682 2336 1739 vel
2363 1684 2586 1756 quantis
2636 1686 3001 1744 anxietatibus
3047 1690 3118 1745 ob
3147 1689 3570 1750 immensitatem

268 1781 697 1853 sempiternum.
725 1779 956 1836 Tantum
979 1781 1176 1852 quippe
1197 1781 1266 1837 ab
1286 1796 1609 1852 unoquoque
1627 1793 1871 1840 nostrum
1904 1771 1950 1833 Β
1978 1774 2383 1831 tribulationum
2409 1818 2424 1843 ,
2469 1785 2525 1833 et
2568 1778 3002 1847 persecutionum
3052 1780 3109 1836 in
3151 1796 3249 1838 vos
3296 1782 3568 1841 illatarum
3662 1784 3669 1792 ’

268 1883 547 1929 venturus
567 1872 733 1944 judex
759 1872 955 1945 exiget,
983 1880 1243 1944 quantum
1272 1871 1441 1928 dedit.
1501 1872 1863 1941 Quamobrem

1978 1864 2294 1934 aﬂiciamur,
2325 1869 2650 1939 quantisque
2694 1885 2794 1926 nos
2819 1869 3118 1938 iaboribus,
3142 1879 3199 1929 et
3242 1876 3560 1933 certamini-

267 1965 439 2021 valde
469 1965 643 2031 nobis,
673 1964 1015 2032 eharissime,
1043 1964 1391 2021 metuendum
1405 1972 1509 2031 est,
1540 1973 1595 2021 et
1622 1966 1863 2022 omnibus

1976 1958 2077 2014 bus
2101 1958 2341 2014 fraterna
2378 1959 2669 2016 dilectione
2712 1961 3012 2030 provocati,
3041 1960 3246 2033 jugiter
3271 1978 3338 2021 ac
3366 1965 3569 2023 indesi-

3437 292 3590 357 1058

2032 527 2100 569 AD
2136 528 2395 572 lGNA‘l’lUN
2436 532 2809 591 PATRIARCHAH
2844 534 3543 587 CONSTANTINOPOLITANUI.

2612 630 2790 704 (Anno
2827 634 2977 707 866.)
3600 673 3609 705 ι

1993 730 2277 790 Certiorem
2324 736 2596 823 [gnatium
2645 741 2771 812 facit
2801 743 3147 823 de_om_nibtts
3191 749 3427 823 quazgin
3457 751 3575 823 ejus

2062 823 2291 882 causaAa
2336 809 2507 863 reditu
2538 809 2827 882 legatorum
2868 813 3146 870 Zachariw
3185 809 3234 871 et
3276 809 3581 878 Rhadodfdi

2061 888 2181 956 acta
2210 878 2445 956 fuerunt,
2479 892 2527 936 et
2555 878 2781 956 qualiter
2816 883 3040 941 Photius
3071 886 3229 956 fuerit
3255 890 3312 943 in
3353 894 3576 949 concilio

2059 947 2326 1021 depositus
2345 960 2394 1005 et
2416 947 2890 1011 anathematith
2912 974 3032 1012 cum
3058 947 3170 1013 suis
3189 947 3571 1021 sectatoribus

2004 1068 2011 1073 .
2062 1018 2171 1088 ipse
2196 1036 2317 1075 vero
2338 1037 2446 1078 una
2471 1039 2592 1078 cum
2617 1026 2728 1080 suis
2753 1028 3041 1083 restitutus.

2486 1158 2664 1233 [Apud
2688 1160 2880 1230 Mansi,
2908 1162 3064 1237 ibid.]

2056 1290 2325 1350 Nicouus
2366 1286 2671 1367 episcopus,
2703 1312 2892 1354 servus
2937 1313 3218 1356 servorum
3270 1300 3389 1369 Dei,
3418 1316 3573 1360 reve-

1984 1385 2308 1443 rendissimo
2336 1401 2401 1442 ac
2438 1388 2783 1446 sanctissimo
2806 1389 2962 1445 fratri
2986 1399 3041 1446 et
3070 1392 3444 1451 comministro
3469 1411 3574 1451 no-

1981 1485 2097 1533 stro
2123 1477 2346 1535 [GNATIO
2375 1480 2681 1551 patriarcha
2696 1480 3311 1553 Constantinopolitano.

266 2051 459 2114 inodis
519 2056 942 2121 formidandum,
1019 2057 1163 2127 quod
1219 2056 1498 2126 Sapientia
1553 2057 1870 2112 terribiiiter

266 2149 466 2205 mundi
497 2148 769 2219 principes
788 2148 1116 2203 admonens:
1145 2146 1362 2213 Discite,
1411 2147 1605 2217 inquit,
1655 2148 1868 2218 judices

273 2240 472 2311 ﬁnium
498 2251 671 2306 teme,
699 2240 923 2311 praebete
945 2256 1099 2294 aures
1118 2256 1227 2305 vos,
1253 2239 1344 2311 qui
1369 2240 1644 2294 continetis
1689 2240 1867 2294 multi-

268 2331 508 2398 tudines,
546 2339 594 2386 et
621 2330 836 2402 placetis
856 2329 997 2385 vobis
1015 2331 1071 2385 in
1100 2330 1265 2385 turbis
1292 2330 1865 2402 nationum:quoniam

270 2420 404 2476 data
434 2431 510 2477 est
536 2429 768 2490 potestas
790 2437 823 2474 a
847 2419 1070 2475 Domino
1105 2419 1264 2484 vobis,
1297 2429 1344 2474 et
1368 2421 1530 2475 virtus
1560 2421 1626 2476 ab
1655 2421 1865 2477 Altissi-

270 2497 382 2582 mo,
435 2515 526 2586 qui
578 2514 919 2584 interrogabit
953 2529 1111 2585 opera
1162 2523 1356 2580 vestra,
1407 2523 1457 2568 et
1517 2515 1861 2586 cogitationes

270 2608 595 2664 scrutabitur
615 2607 894 2679 :quoniam
917 2623 1036 2661 cum
1069 2608 1247 2663 essetis
1266 2608 1493 2662 ministri
1527 2609 1671 2680 regni
1691 2607 1859 2675 illius,

270 2716 381 2755 non
404 2709 538 2754 recte
563 2698 871 2769 iudicastis,
910 2715 1074 2769 neque
1097 2698 1396 2753 custodistis
1415 2698 1578 2769 legem
1601 2699 1856 2771 justitice,

271 2792 438 2861 neque
450 2789 734 2844 secundum
758 2787 1076 2844 voluntatem
1091 2788 1189 2844 Dei
1202 2778 1512 2844 ambulastis
1532 2804 1552 2842 :
1579 2789 1859 2858 horrende,

266 2886 320 2937 "et
345 2882 446 2936 cito
461 2881 729 2953 apparebit
753 2880 917 2947 vobis,
936 2882 1206 2952 quoniam,
1223 2880 1489 2951 judicium
1512 2881 1856 2937 durissimum

270 2974 373 3041 his,
400 2974 492 3045 qui
510 2981 767 3045 prtesunt,
792 2972 905 3042 ﬁet.
931 2970 1143 3043 Exiguo
1165 2974 1301 3028 enim
1323 2977 1628 3028 conceditur
1652 2975 1859 3029 miseri-

271 3066 450 3121 cordia
474 3085 493 3123 :
531 3073 761 3135 patentes
806 3073 981 3118 autem
1032 3072 1265 3135 potenter
1288 3074 1546 3120 tormenta
1588 3065 1856 3135 patientur

1974 2058 2173 2106 uenter
2218 2051 2643 2107 immisceamur.
2685 2050 2950 2108 Nimirum
2988 2055 3082 2125 qui
3129 2064 3184 2110 et
3210 2071 3431 2114 causam
3474 2074 3569 2117 ve-

1972 2149 2145 2196 stram
2192 2150 2504 2212 reputamus
2529 2182 2546 2209 ,
2576 2150 2632 2199 et
2658 2157 2825 2200 onera
2855 2144 3021 2202 totius
3059 2144 3317 2204 Ecclesia:
3358 2148 3567 2219 bajula-

1958 2248 2113 2289 nus.
2161 2233 2377 2289 Etenim
2422 2234 2764 2291 considerato
2804 2235 3106 2293 ministerio
3135 2245 3325 2295 nostro
3351 2279 3367 2306 ,
3419 2242 3565 2312 quod

1971 2323 2229 2380 divinitus
2249 2339 2349 2396 per
2372 2325 2590 2381 beatum
2605 2325 2826 2381 Petrum
2849 2328 3150 2397 apostolum
3174 2330 3241 2385 ad
3265 2345 3365 2387 nos
3388 2346 3562 2403 usque

1968 2414 2274 2471 derivatum
2297 2417 2654 2487 suscepimus,
2688 2432 2796 2473 non
2820 2426 2905 2473 est
2931 2434 3033 2489 pro
3058 2418 3318 2476 fratribus
3359 2424 3563 2480 nostris

1967 2505 2161 2563 silendi
2192 2506 2442 2575 facultas,
2478 2508 2676 2579 quibus
2698 2507 2872 2578 major
2895 2517 2950 2564 et
2972 2510 3147 2567 honor
3180 2520 3237 2569 et
3263 2527 3402 2569 onus
3427 2529 3560 2571 cun-

1967 2599 2071 2654 ctis
2095 2598 2419 2655 Christiana:
2454 2599 2703 2683 pietatis,
2723 2608 2779 2656 et
2804 2600 3159 2658 ecclesiarum
3205 2606 3560 2679 correctionis

1965 2690 2147 2748 inesse
2194 2691 2397 2748 debere
2444 2692 2752 2750 sollicitudo
2798 2693 3156 2766 dignoscitur.
3210 2695 3588 2758 Sustinemus-

1964 2783 2165 2853 quippe
2195 2791 2518 2840 cunctorum
2561 2784 2655 2856 qui
2683 2794 3004 2856 premuntur
3045 2791 3382 2859 gravamina,
3425 2792 3557 2863 quin

1963 2874 2143 2944 potius
2185 2875 2419 2931 sustinet
2459 2876 2514 2930 in
2543 2876 2701 2933 nobis
2749 2876 2866 2933 haze
2917 2887 3138 2935 sanctus
3188 2879 3385 2939 Petrus
3426 2898 3559 2956 apo-

1969 2965 2164 3033 stolus,
2191 2967 2282 3037 qui
2325 2970 2383 3023 in
2412 2968 2662 3024 omnibus
2693 2969 2776 3041 (ut
2823 2969 3166 3045 confidimus)
3209 2973 3559 3035 administra-

1962 3057 2129 3114 tionis
2153 3072 2267 3115 suae
2298 3059 2536 3132 protegit
2575 3075 2642 3116 ac
2689 3068 2874 3117 tuetur
2922 3062 3187 3120 hteredes.
3240 3064 3373 3134 Quae
3424 3083 3556 3127 vero

271 3157 420 3232 (ευρ.
451 3164 551 3229 vt).
589 3158 735 3227 Quas
755 3168 916 3212 voces
941 3155 1129 3211 sedulo
1149 3163 1392 3212 tractans
1432 3164 1488 3211 et
1540 3164 1722 3211 mente
1770 3171 1854 3212 re-
1881 3140 1927 3204 C
1958 3151 2028 3208 de
2060 3152 2215 3208 vobis
2241 3153 2386 3210 sedis
2422 3153 2730 3224 apostolicae
2757 3157 3139 3212 auctoritatem
3172 3158 3454 3228 habentes,
3489 3176 3555 3220 ac

268 3249 485 3307 volvens
510 3250 686 3321 pietas
712 3257 802 3304 tua
835 3256 1050 3320 paveat,
1071 3263 1106 3302 ο
1133 3246 1349 3304 Caesar:
1373 3248 1632 3319 quoniam
1661 3263 1854 3305 secun-

271 3338 395 3396 dum
443 3339 779 3411 Apostolum,
832 3338 1172 3394 Horrendum
1200 3334 1287 3393 est
1307 3339 1537 3393 incidere
1564 3339 1618 3393 in
1664 3355 1851 3395 manus

270 3433 365 3490 Dei
384 3433 595 3488 viventis
619 3430 805 3504 (Hebr.
834 3418 930 3503 x)';
980 3444 1035 3487 et
1059 3431 1261 3487 ideirco
1287 3431 1576 3487 consilium
1600 3438 1852 3486 nostrum

273 3525 412 3591 audi,
443 3533 500 3581 et
521 3540 644 3596 qua:
669 3513 856 3582 contra
887 3525 1111 3580 fratrem
1151 3534 1206 3581 et
1258 3525 1695 3580 comministrum
1741 3541 1844 3582 no-

270 3626 435 3675 strum
483 3618 771 3690 lguatium,
801 3616 887 3674 vel
938 3617 1201 3675 adversus
1246 3617 1542 3688 complices
1579 3615 1719 3687 ejus,
1763 3618 1851 3674 vel

270 3712 753 3770 communicatores
770 3710 948 3783 egisse
970 3719 1024 3766 te
1051 3709 1267 3777 recolis,
1294 3709 1460 3766 celeri
1487 3709 1648 3766 stude
1689 3709 1849 3765 satis.

270 3805 498 3864 factione
528 3807 823 3880 corrigere,
889 3814 944 3864 et
981 3822 1102 3879 quae
1147 3822 1246 3878 per
1291 3816 1343 3863 te
1385 3807 1662 3863 destructa
1692 3814 1843 3875 sunt,

271 3900 585 3958 indifi‘erenti
637 3916 767 3957 cura
805 3900 1035 3971 pristino
1061 3900 1229 3956 statui
1259 3900 1489 3957 reddere
1516 3918 1530 3954 :
1563 3914 1686 3971 qua:
1714 3916 1847 3956 cun.

273 4000 389 4056 cta,
446 3992 675 4048 Domino
706 3992 1058 4059 auxiliante,
1117 3991 1275 4048 facile
1334 3992 1844 4066 (sicut‘credimus)

274 4086 597 4158 adimplebis,
648 4087 693 4143 si
726 4087 1088 4159 tranquillitas
1136 4095 1229 4142 tua
1282 4088 1337 4142 in
1387 4089 1730 4160 susceptione
1787 4096 1845 4144 et

275 4177 533 4235 auditione
584 4178 875 4234 missorum
924 4178 1096 4235 sancti
1125 4178 1274 4234 Petri
1319 4179 1560 4236 debitum
1618 4182 1845 4238 honoris

274 4268 495 4326 ofﬁcium
523 4270 850 4326 exhibuerit.
880 4269 1047 4326 Testis
1072 4279 1248 4326 autem
1271 4271 1399 4345 mihi
1419 4282 1495 4327 est
1524 4271 1688 4339 Deus,
1713 4290 1842 4345 qus-

273 4361 415 4418 nwdo
439 4380 524 4419 vos
549 4364 756 4435 cupiam
783 4363 839 4418 in
859 4362 1144 4418 visceribus
1171 4360 1367 4418 Christi
1406 4359 1664 4436 (Philipp.
1695 4364 1758 4437 ι),
1785 4371 1841 4420 et

270 4456 367 4513 hoc
405 4455 578 4527 ipsum
625 4455 830 4512 idcirco
857 4470 1185 4528 magnopere
1232 4453 1522 4525 postulem,
1557 4465 1615 4510 ut
1652 4462 1709 4511 et
1731 4454 1838 4510 mi-

1956 3244 2242 3321 privilegia
2274 3245 2445 3317 ipsius
2488 3246 2825 3304 vindicantes
2867 3250 3210 3307 decrevimus
3232 3292 3248 3319 ,
3278 3252 3553 3310 dilectioni

1956 3351 2149 3397 vesme
2193 3341 2278 3397 bis
2304 3341 2620 3398 intimamus
2643 3340 2897 3400 affatibus
2937 3358 2953 3397 :
2983 3346 3241 3415 quoniam
3269 3347 3412 3423 apud
3451 3362 3553 3407 nos

1954 3431 2060 3489 hoc
2086 3447 2301 3505 semper
2329 3433 2540 3501 fuistis,
2579 3436 2722 3506 quod
2752 3452 2819 3492 ex
2870 3439 3259 3509 omnipotentis
3285 3439 3383 3497 Dei
3426 3457 3552 3497 mu-

1953 3542 2085 3584 nere
2116 3530 2405 3599 aecepistis
2431 3545 2552 3587 esse
2584 3549 2598 3585 :
2626 3546 2735 3587 non
2764 3533 2908 3604 quod
2935 3549 3004 3590 ex
3051 3535 3329 3592 voluntate
3365 3537 3545 3594 homi-

1951 3634 2084 3675 num
2126 3621 2393 3691 putamini
2450 3636 2560 3677 non
2612 3636 2751 3679 esse.
2811 3623 2999 3695 Igitur,
3030 3632 3316 3695 postquam
3369 3626 3538 3699 legati

1952 3713 2126 3769 nostri
2152 3712 2526 3785 (Rhadoaldus
2555 3714 2762 3770 scilicet
2788 3722 2846 3770 et
2875 3714 3169 3773 Zacharias
3196 3717 3397 3773 dudum
3431 3719 3544 3790 epi-

1951 3806 2125 3880 sc0pi)
2155 3822 2293 3877 quos
2320 3806 2843 3878 Constantinopolim
2870 3823 2968 3879 pro
2997 3809 3318 3879 inquirenda
3341 3811 3545 3868 solum-

1949 3900 2295 3961 modocausa
2317 3900 2635 3957 remotionis
2657 3910 2854 3956 vestrae
2874 3916 2904 3956 a
2932 3901 3545 3977 scde,Constantinopo-

1950 3991 2139 4059 litana,
2159 3993 2303 4050 inter
2330 3994 2440 4060 illa,
2472 4009 2593 4064 quae
2623 3994 2774 4066 jussu
2807 4003 2995 4051 nostro
3019 4011 3120 4067 pro
3146 3998 3320 4054 sacris
3345 3999 3536 4072 imagi-

1947 4084 2107 4141 nibus
2151 4093 2309 4141 erant
2354 4087 2560 4158 agenda
2588 4127 2603 4153 ,
2636 4087 2962 4144 miseramus
2989 4128 3004 4154 ,
3037 4089 3243 4146 reversi
3278 4100 3404 4147 sunt
3437 4111 3449 4147 :
3482 4102 3541 4149 et

1946 4187 2057 4235 tam
2106 4194 2293 4236 eorum
2346 4180 2645 4247 relatione,
2678 4196 2841 4251 quam
2888 4182 3107 4253 scriptis
3154 4198 3254 4255 per
3301 4183 3538 4242 Leonem

1944 4269 2282 4342 imperialem
2306 4286 2338 4325 a
2367 4270 2593 4326 secretis
2633 4269 2792 4327 nobis
2815 4270 3028 4339 delatis,
3057 4282 3359 4345 comperto,
3389 4276 3536 4346 quod

1944 4361 2045 4433 ipsi
2091 4362 2255 4418 etiam
2303 4362 2627 4418 sententiam
2676 4370 2864 4418 contra
2909 4379 3007 4421 vos
3053 4366 3343 4433 dederint,
3385 4375 3536 4422 tanta

1945 4469 2134 4511 sumus
2162 4454 2421 4511 maestitia
2451 4494 2466 4521 ,
2495 4461 2755 4525 tantoque
2808 4456 3052 4512 cruciatu
3097 4456 3295 4511 mentis
3342 4457 3534 4524 auriti,

275 4515 540 4605 nisterium
563 4562 741 4603 meum
780 4515 1122 4619 adimpieam,
1153 4556 1207 4604 et
1232 4515 1519 4605 Ecclesiae
1557 4556 1756 4615 status,
1786 4554 1843 4605 et
1866 4515 1922 4578 D
1945 4552 2150 4617 quanto
2179 4544 2456 4601 contraria
2493 4553 2780 4615 gesserunt
2808 4545 3084 4610 omnibus,
3115 4560 3237 4616 qua:
3263 4544 3367 4601 sibi
3411 4545 3536 4603 fue-

269 4635 390 4697 ordo
432 4638 775 4704 reformetur,
823 4648 878 4693 et
921 4640 1090 4710 gloria
1154 4641 1573 4711 magnificentia:
1616 4650 1839 4708 vestr-.3,
1946 4645 2070 4693 rant
2101 4637 2369 4709 imperata
2406 4646 2758 4708 :qnantoque
2785 4650 2885 4706 per
2919 4651 3015 4692 eos
3040 4635 3156 4691 visa
3204 4644 3331 4691 sunt
3360 4637 3536 4693 stabi-

252 4734 544 4806 .'prmstante
586 4733 834 4797 Domino,
876 4733 944 4788 de
968 4735 1305 4803 corruptibili
1358 4734 1618 4792 felicitate
1642 4736 1711 4791 ad
1752 4737 1839 4792 in-
1942 4732 2031 4788 liri
2060 4774 2075 4798 ,
2103 4747 2222 4803 quae
2266 4730 2622 4789 credebamus
2656 4730 2870 4802 penitus
2921 4728 3187 4785 exinaniri
3225 4745 3237 4783 :
3268 4738 3532 4800 quantum

276 4835 589 4897 corruptam,
616 4840 647 4879 a
679 4824 892 4880 mortali
921 4825 1029 4880 vita
1054 4826 1122 4881 ad
1150 4825 1534 4893 immortalem,
1585 4836 1641 4883 et
1670 4843 1702 4882 a
1724 4828 1841 4884 cul-
1942 4826 2109 4881 etiam
2133 4824 2452 4896 subreptum
2480 4832 2584 4890 est,
2607 4835 2771 4893 atque
2790 4835 3109 4893 persuasum
3131 4820 3406 4888 omnibus,
3429 4837 3531 4879 nos

278 4919 404 4977 mine
432 4927 647 4974 terreno
674 4918 738 4973 ad
765 4918 985 4974 caeleste
1019 4917 1328 4991 fastigium,
1378 4926 1435 4974 et
1479 4935 1509 4973 a
1555 4920 1837 4992 temporali
1942 4920 1998 4977 in
2048 4920 2244 4976 talibus
2288 4917 2607 4991 praestitisse
2652 4930 3000 4972 consensum.
3033 4913 3376 4986 Quapropter
3401 4916 3529 4972 dum

274 5022 417 5086 atque
442 5012 551 5067 cito
589 5009 843 5067 defluenti
868 5010 1115 5068 claritate
1138 5012 1205 5067 ad
1225 5025 1517 5083 perennem
1542 5022 1598 5069 et
1618 5027 1836 5084 semper
1939 5015 2082 5087 apud
2124 5029 2226 5071 nos
2258 5011 2641 5083 imperatorius
2667 5009 2867 5064 missus
2911 5008 2988 5080 (id
3013 5015 3097 5063 est
3123 5007 3251 5079 Leo)
3292 5009 3526 5075 adesset,

275 5115 558 5167 manentem
572 5104 960 5161 beatitudinem
976 5104 1323 5175 perducatur,
1346 5112 1404 5160 et
1425 5104 1607 5160 divina
1622 5105 1834 5163 visione
1937 5116 2237 5168 convocata
2268 5116 2403 5171 tota,
2427 5119 2548 5175 qua:
2574 5103 2717 5174 apud
2744 5117 2846 5160 nos
2872 5100 3114 5158 Ecclesia
3151 5111 3265 5169 est,
3295 5103 3527 5174 professi

273 5216 379 5259 cum
420 5198 622 5256 sanctis
667 5196 919 5254 omnibus
982 5204 1039 5252 et
1079 5195 1266 5252 electis
1328 5196 1536 5269 angelis
1579 5195 1830 5268 perfrua-
1936 5218 2125 5259 sumus
2167 5216 2353 5258 coram
2384 5200 2537 5272 ipso,
2570 5198 2712 5256 sicut
2748 5204 2806 5253 et
2851 5195 3210 5268 proﬁtemur,
3239 5212 3338 5268 pro
3374 5197 3526 5267 (κίε-

276 5302 364 5351 tur.
405 5293 537 5349 Data
609 5292 790 5350 Idibus
842 5288 1160 5347 Novembris
1187 5330 1203 5356 ,
1252 5289 1547 5348 indictione
1621 5290 1827 5346 decima
1933 5296 2113 5353 ctione
2150 5304 2331 5352 vestra
2361 5302 2418 5349 ει
2458 5290 2875 5349 conﬁrmatione
2907 5289 3083 5347 Photii
3118 5306 3392 5361 nunquam
3418 5292 3525 5348 mi-

276 5385 454 5467 quinta.
1806 5392 1812 5417 ξ
1937 5388 2118 5453 sisse,
2148 5401 2424 5457 nunquam
2454 5384 2745 5443 missuros
2793 5396 2947 5449 esse;
2998 5381 3137 5437 etin
3187 5381 3524 5453 depositione
3618 5448 3627 5461 ⁸

1939 5489 2142 5543 vestra,
2170 5478 2253 5533 vel
2277 5475 2617 5548 promotione
2640 5472 2820 5530 Photii
2847 5487 3125 5543 nunquam
3159 5471 3519 5537 consensisse.

1937 5585 2213 5640 nunquam
2260 5583 2627 5625 consensuros
2656 5581 2799 5623 esse.
2847 5564 2914 5621 Et
2940 5564 3057 5619 haec
3104 5576 3302 5632 saeptus
3351 5561 3518 5629 dicta,

1938 5673 1995 5719 et
2037 5662 2218 5732 palam
2262 5662 2577 5717 annuntiata
2604 5701 2618 5727 ,
2658 5670 2818 5730 atque
2866 5658 2919 5713 in
2962 5654 3296 5726 apostolatus
3348 5656 3520 5713 nostri

1939 5757 2183 5819 euistolis
2227 5758 2407 5813 taliter
2450 5759 2675 5823 inserta,
2712 5767 2819 5811 tam
2859 5750 3313 5818 excellentissimo
3341 5750 3513 5843 itnpeo
