4050 6324
535 320 681 410 ιοδέ

1916 337 2191 395 NlCOLAl
2230 335 2433 393 ΡΑΡᾸΞ
2470 337 2492 391 l

3714 335 3915 393 1060

533 466 702 524 ratori
754 463 1002 521 Michaeli
1029 505 1043 530 ,
1092 477 1253 533 quam
1308 458 1501 515 Photio
1556 456 1839 513 destinatis
1897 452 2123 525 prmfato
2150 457 2199 516 Α
2228 453 2534 523 apostolicm
2562 466 2826 510 consensu
2874 452 3185 522 protulisset
3218 471 3232 508 :
3262 454 3310 510 si
3338 454 3567 526 quidem
3600 455 3921 513 clericus

532 557 700 616 Letum
727 574 760 613 a
790 559 1015 613 secretis
1048 554 1281 611 decretis
1307 549 1594 607 deferenda
1631 549 1975 609 tradidimus.

608 650 813 705 Deinde
858 665 986 704 vero
1014 647 1246 718 qualiter
1276 646 1345 699 ab
1393 643 1635 698 Ecclesia
1662 641 1886 704 Christi,
1919 639 2004 694 cui
2036 638 2118 692 di-

534 744 659 800 vina
688 742 1027 798 ordinatione
1055 753 1354 809 praesumus
1379 776 1395 801 ,
1429 752 1536 790 non
1567 735 1797 789 habente
1827 731 2116 794 maculam,
2170 798 2177 801 ν

535 842 628 891 aut
658 848 863 903 rugam,
895 839 988 885 aut
1028 821 1230 899 aliquid
1281 824 1588 894 huiusmodi
1614 864 1629 888 ,
1661 823 1802 877 hanc
1844 822 2120 875 sinistram

533 923 721 996 procul
748 922 1051 977 faceremus
1096 919 1461 989 suspicionem
1507 918 1601 987 (ne
1640 914 1892 970 videlicet
1932 915 1984 967 in
2018 912 2122 967 hac

533 1014 724 1072 saltem
752 1013 929 1068 tenuis
955 1009 1323 1067 snbsannandi
1352 1009 1591 1064 oriretur
1612 1006 1853 1073 occasio)
1879 1004 2122 1075 cogitare

533 1106 819 1175 coepimus,
847 1112 903 1158 et
932 1112 1114 1157 mente
1146 1099 1445 1155 revolvere.
1475 1097 1627 1151 Tunc
1654 1103 1955 1151 convocato
1985 1094 2122 1148 mul-

533 1205 709 1253 tarum
736 1195 1139 1266 provinciarum
1160 1190 1577 1248 occidentalium
1595 1189 1870 1259 regionum
1895 1187 2123 1242 sanctis-

531 1289 796 1346 simorum
827 1287 1205 1357 episcoporum
1252 1293 1420 1347 cietu,
1445 1290 1502 1337 et
1549 1280 1777 1335 collecta
1810 1289 1996 1335 sancta
2029 1295 2120 1351 sy.-

528 1382 673 1439 nodo
706 1381 757 1435 in
786 1379 1022 1435 Ecclesia
1063 1378 1180 1442 Dei,
1209 1379 1262 1432 in
1292 1394 1399 1447 qua
1429 1378 1623 1430 beatus
1654 1374 1847 1429 Petrus
1878 1374 2118 1444 rejacet:

529 1476 763 1546 primum
817 1471 1036 1542 quidem
1082 1469 1432 1540 (decernente
1479 1468 1759 1522 nobiscum
1812 1475 2001 1521 sancta
2035 1480 2125 1535 sy-

530 1564 694 1633 nodo)
733 1563 1026 1618 Za'charias
1070 1560 1425 1632 depositionis
1456 1568 1509 1615 et
1540 1558 2123 1614 excommunicationis

530 1654 857 1712 sententiam
903 1655 1126 1726 pertulit
1157 1671 1171 1708 :
1202 1652 1506 1709 Rhadoaldi
1551 1652 1822 1721 comparis
1870 1649 2124 1704 videlicet

529 1747 613 1803 sui
633 1746 841 1816 judicio
884 1756 1105 1817 propter
1143 1745 1446 1801 absentiam
1479 1743 1765 1814 protelato,
1797 1754 1822 1785 ι
1865 1742 2010 1813 quod
2041 1751 2122 1797 ta-

2221 556 2382 611 esset,
2416 548 2483 602 ab
2511 546 2658 602 omni
2686 546 2976 601 clericatus
2999 544 3178 602 cilicio
3203 563 3386 602 coram
3416 549 3534 605 Deo
3566 558 3634 604 et
3675 549 3915 604 homi-

2221 638 2379 693 nibus
2404 637 2800 701 foretalienus;
2837 637 2882 691 si
2922 652 3049 692 vero
3075 637 3246 693 laicus
3270 639 3581 695 exstitisset
3617 640 3766 704 ille,
3792 641 3911 699 aui

2225 729 2493 800 (quisquis
2532 728 2698 798 esset)
2739 728 3110 784 constitutioni
3160 741 3358 786 nostrae
3383 733 3701 788 contraire
3764 742 3910 789 teu-

2223 830 2410 884 tasset.
2441 830 2497 875 et
2527 835 2621 876 vos
2646 820 2829 875 sedem
2857 830 2910 876 et
2942 837 3161 876 onmem
3192 823 3476 892 pristinam
3506 824 3907 896 dignitatem

2225 914 2468 982 recipere
2497 929 2602 968 non
2625 914 2980 984 permisisset,
3004 914 3089 970 vel
3118 915 3162 969 si
3192 926 3312 987 post
3338 928 3634 987 receptam
3670 919 3902 975 denuo

2222 1018 2318 1059 vos
2347 1004 2620 1075 impellere
2662 1013 2940 1068 tentasset,
2969 1005 3049 1058 vel
3078 1020 3179 1074 per
3222 1022 3528 1062 sermonem
3589 1018 3899 1063 vestrum

2226 1092 2346 1166 [leg.
2379 1094 2552 1167 vobis]
2584 1094 2820 1165 aliquam
2854 1096 3156 1151 molestiam
3189 1097 3509 1168 irrogasset,
3540 1101 3732 1155 outni
3788 1102 3897 1156 be-

2224 1186 2529 1240 nedictione
2558 1194 2783 1255 paterna
2805 1186 3128 1257 privaretur,
3162 1196 3219 1243 et
3247 1189 3660 1246 maledictione
3710 1190 3889 1247 Cha-

2224 1291 2363 1331 naan
2395 1275 2489 1329 lilii
2519 1276 2721 1341 Chatn,
2749 1277 2840 1345 qui
2872 1278 3251 1332 verecundiam
3293 1279 3462 1348 patris
3487 1296 3610 1335 non
3654 1295 3889 1350 coope-

2226 1367 2371 1432 ruit,
2409 1368 2502 1422 sed
2552 1368 2761 1430 irrisit,
2809 1368 3203 1433 mulctaretur,
3247 1379 3302 1424 et
3357 1386 3480 1425 cum
3536 1373 3883 1443 parricidis

2223 1466 2427 1513 aeterna
2475 1472 2632 1529 ptBlttt
2680 1460 2931 1529 (Domino
2975 1459 3274 1533 judicante)
3320 1464 3778 1534 pereelleretur,
3814 1476 3875 1521 et

2225 1552 2457 1607 nexibus
2519 1552 2883 1606 analltematis
2944 1553 3158 1609 nonnisi
3231 1555 3562 1626 resipiscens
3622 1558 3874 1626 penitus

2225 1654 2528 1699 eruerctur.
2566 1643 2674 1699 Eos
2718 1652 2897 1699 autem
2927 1644 3245 1715 episcopos,
3284 1661 3380 1702 seu
3406 1649 3721 1718 cujuslibet
3769 1667 3872 1706 or-

2225 1736 2368 1793 dinis
2393 1736 2640 1799 clericos,
2669 1738 2760 1807 qui
2787 1747 2910 1809 post
2956 1754 3055 1794 nec
3091 1739 3378 1796 dicendam
3425 1744 3865 1814 depositionem

528 1853 653 1894 men
674 1852 735 1892 se
763 1836 1016 1892 similiter
1042 1837 1337 1907 deponens.
1377 1845 1434 1890 et
1460 1836 1843 1891 communione
1862 1836 2124 1906 privatus,
2162 1823 2206 1883 Β
2234 1837 2469 1883 vestram
2495 1829 2551 1884 iu
2583 1829 2773 1885 exsilio
2798 1829 3042 1899 relegati,
3068 1831 3151 1884 vel
3182 1833 3501 1895 ministerio.
3527 1847 3633 1890 aut
3667 1839 3863 1909 gradu

530 1939 586 1985 et
616 1930 732 2001 ipse
775 1943 883 1984 non
924 1929 977 1983 in
1010 1927 1173 1983 ﬁnem
1215 1928 1412 1983 evasit.
1458 1928 1728 1983 Praeterea
1777 1927 2126 1997 deposuimus

529 2020 801 2083 Photium,
828 2021 935 2076 imo
965 2019 1104 2075 Deus
1129 2019 1379 2089 deposuit
1408 2035 1554 2085 eum,
1588 2029 1846 2090 tanquam
1886 2021 2126 2091 neophy-

529 2117 644 2167 tum
674 2122 730 2167 et
750 2126 1119 2181 pervasorem,
1145 2121 1308 2183 atque
1336 2113 1662 2178 adulterum,
1683 2123 1737 2167 et
1766 2116 1914 2169 omni
1944 2129 2125 2169 sacer-

532 2202 699 2259 d0tali
735 2204 971 2267 honore,
999 2218 1096 2257 seu
1142 2202 1434 2259 clericatus
1478 2202 1669 2266 otiicio,
1701 2219 1911 2259 necnon
1943 2215 1997 2259 et
2028 2220 2125 2274 pa-

532 2295 864 2353 triarchatus
914 2297 1130 2353 nomine
1177 2312 1403 2369 prorsus
1449 2299 1699 2353 exuimus
1747 2314 1759 2351 :
1809 2307 1864 2351 et
1914 2298 1957 2353 si
2005 2306 2127 2368 post

531 2389 780 2446 noti:iam
812 2392 973 2461 hujus
1002 2400 1202 2447 nostra:
1224 2391 1521 2447 sanctionis
1550 2392 1604 2445 in
1630 2390 2021 2462 Constantinop
2042 2393 2121 2446 eli-

533 2486 663 2537 tano
710 2485 906 2539 throno
955 2486 1246 2555 praesedit,
1303 2485 1584 2541 autvobis
1636 2486 1704 2540 ad
1757 2486 2123 2556 recipiendam

531 2568 829 2630 Ecclesiam
872 2575 1169 2647 impedivit,
1200 2576 1283 2631 vel
1326 2578 1369 2632 si
1397 2592 1561 2632 ausus
1588 2576 1692 2631 fuit
1720 2577 1786 2632 de
1821 2578 2124 2633 ministerio

528 2685 699 2728 sacro.
740 2672 1033 2739 quidquam
1066 2687 1218 2727 more
1268 2671 1568 2729 sacerdotis
1608 2672 1947 2743 contingere,
1976 2687 2124 2727 com-

528 2762 786 2820 munione
814 2775 871 2819 et
920 2764 1039 2819 loco
1070 2762 1461 2819 satisfactionis
1495 2763 1722 2819 omnino
1765 2763 2120 2832 privavimus,

527 2862 585 2912 et
635 2870 742 2909 una
791 2870 913 2911 cum
966 2856 1524 2911 communicatorihus
1567 2864 1622 2911 et
1669 2855 1970 2912 fautoribus
2010 2858 2123 2914 suis

526 2948 1109 3003 anathematizavimns
1138 2950 1345 3019 pariter
1373 2958 1428 3004 et
1451 2948 1797 3021 Gregorium,
1829 2953 1922 3022 qui
1955 2952 2124 3024 ἂγε-τιν

526 3054 743 3094 cusana:
786 3038 1059 3105 Ecclesiae,
1088 3039 1200 3096 Deo
1228 3050 1573 3111 contempto,
1608 3053 1829 3114 praeest,
1861 3060 1930 3099 eo
1976 3045 2123 3115 quod

527 3145 559 3186 a
588 3144 766 3187 vestra
798 3148 857 3189 se
892 3135 1277 3190 communione
1309 3138 1752 3204 sequestraverit,
1781 3147 1839 3192 et
1865 3137 2117 3193 Ph0tinm

2229 1920 2448 1985 cessati,
2474 1937 2538 1975 ac
2566 1922 2763 1991 privati
2788 1931 2937 1988 sunt,
2980 1924 3292 1988 statuimus,
3327 1934 3384 1979 ut
3411 1928 3617 1983 exsilio
3663 1931 3861 1986 (λίθεοι

2228 2011 2341 2071 luto
2379 2014 2632 2083 proprias
2659 2013 2945 2080 ecclesias,
2973 2025 3137 2086 atque
3162 2018 3364 2088 gradus
3409 2019 3689 2090 recipiant
3719 2041 3735 2076 :
3774 2023 3855 2079 ita

2228 2112 2309 2169 ut,
2337 2104 2381 2159 si
2428 2105 2714 2174 quisquam
2749 2105 2875 2161 huic
2901 2105 3118 2160 decreto
3149 2118 3337 2166 nostro
3363 2111 3647 2167 contraire
3691 2130 3848 2184 pra-

2226 2196 2476 2266 sumpsit,
2508 2207 2564 2251 et
2591 2205 2648 2250 ut
2674 2196 2952 2263 ecclesias,
2981 2198 3065 2254 vel
3094 2200 3295 2271 gradus
3322 2214 3632 2270 resumam,
3667 2207 3852 2278 impe-

2227 2288 2400 2356 divit,
2429 2288 2514 2343 vcl
2564 2289 2914 2360 impedierit,
2954 2307 3236 2363 quousque
3285 2293 3626 2367 obtemperet
3653 2339 3671 2363 ,
3705 2316 3849 2357 ana-

2229 2381 2410 2435 thema
2457 2381 2547 2437 sit.
2587 2382 2664 2438 De
2713 2381 2799 2437 bis
2848 2385 3171 2454 autem,qui
3220 2400 3285 2441 ex
3339 2387 3534 2443 borum
3580 2390 3847 2462 catalogo

2226 2472 2367 2531 forte
2404 2476 2474 2530 ab
2514 2474 2636 2531 aliis
2683 2476 3146 2542 criminarentur,
3203 2479 3546 2537 decrevimus
3589 2498 3692 2538 eos
3737 2500 3843 2540 an-

2227 2573 2314 2621 tea
2361 2565 2578 2635 quidem
2627 2567 2878 2638 proprias
2942 2568 3202 2625 ecclesias
3226 2609 3242 2635 ,
3297 2577 3354 2625 et
3400 2572 3629 2641 gradum
3681 2574 3838 2630 reci—

2224 2671 2355 2728 pere
2381 2674 2395 2712 :
2419 2674 2527 2714 non
2555 2668 2737 2714 autem
2783 2660 2886 2716 nisi
2917 2661 2987 2715 ab
3031 2662 3345 2732 apostolica:
3388 2665 3533 2721 sedis
3574 2664 3838 2727 Romano

2224 2754 2477 2825 pontiﬁce
2498 2755 2747 2826 judicari.
2788 2755 2894 2811 Sed
2937 2756 2982 2812 si
3015 2771 3118 2826 qua
3149 2765 3351 2828 praeter
3378 2759 3621 2830 regulam
3647 2764 3837 2834 egisse

2222 2847 2363 2905 forte
2387 2851 2723 2916 dicerentur,
2753 2860 2941 2907 nostro
2983 2867 3078 2908 eos
3107 2853 3326 2909 decreto
3368 2854 3698 2926 judicandos
3728 2872 3830 2917 re-

2224 2942 2432 2997 servari
2458 2943 2769 3008 statuimus,
2793 2944 2947 3014 juxta
2971 2945 3114 3016 quod
3136 2945 3281 3000 sacri
3301 2947 3625 3018 praecipiunt
3659 2965 3832 3007 cauo-

2223 3051 2340 3092 nes.
2379 3035 2503 3092 Hice
2546 3045 2691 3103 sunt,
2723 3037 2894 3093 frater
2940 3038 3290 3106 charissime,
3324 3056 3446 3111 quae
3491 3042 3544 3097 in
3570 3045 3824 3113 superius

2225 3136 2525 3182 memorata
2568 3130 2878 3184 veneranda
2906 3130 3115 3201 synodo
3151 3146 3262 3185 una
3313 3146 3437 3187 cum
3464 3130 3722 3189 fratribus
3763 3144 3825 3191 et

526 3219 899 3293 irregulariter
932 3225 1267 3280 ordinaverit
1293 3268 1306 3291 ,
1340 3236 1396 3281 et
1425 3237 1550 3297 post
1579 3228 1990 3299 dispositionem
2035 3246 2123 3286 sa-
2150 3197 2197 3263 ο
2226 3225 2704 3280 cotlsacerdolibus
2761 3227 2963 3282 nostris
3018 3227 3360 3284 diversarum
3410 3231 3816 3300 provinciarum

528 3324 683 3369 crum
732 3315 1092 3371 ministerium
1137 3318 1398 3386 tetigerit,
1432 3320 1785 3385 saucivimus,
1817 3331 1980 3392 atque
2008 3332 2122 3377 sta-

524 3406 730 3463 tuimus
780 3407 927 3478 omni
961 3408 1286 3465 sacerdotali
1318 3412 1493 3478 gradu
1543 3411 1657 3468 fore
1687 3414 1956 3487 privatum
1998 3434 2012 3469 :
2046 3416 2122 3470 ita

526 3505 589 3552 ut
614 3498 657 3553 si
681 3506 863 3567 postea
903 3500 1248 3571 praesumpsit
1276 3500 1329 3555 in
1361 3517 1521 3558 sacro
1546 3502 1723 3559 cilicio
1759 3520 1909 3560 more
1941 3520 2123 3562 sacer-

476 3638 481 3647 .
528 3588 670 3645 dotis
720 3590 1067 3656 ministrare,
1099 3594 1393 3649 anathema
1443 3596 1532 3650 sit.
1580 3596 1649 3651 Et
1692 3597 1735 3653 si
1782 3607 1972 3654 contra
2024 3614 2121 3657 vos

529 3681 719 3748 turbas
746 3683 1006 3739 excitavit
1041 3682 1148 3755 (vel
1177 3687 1532 3756 excitaverit),
1564 3689 1647 3743 vel
1675 3704 1704 3743 a
1748 3700 1928 3746 vestra
1970 3706 2120 3747 com.

527 3774 787 3830 munione
815 3775 1002 3832 ﬁdeles
1030 3778 1329 3844 averterit,
1374 3782 1665 3836 anathema
1706 3782 1778 3838 sit
1809 3801 1821 3837 :
1850 3791 1906 3838 et
1930 3797 2119 3841 omnes

524 3868 989 3924 communicantes
1031 3870 1081 3924 ei
1130 3870 1199 3926 ab
1228 3870 1470 3926 Ecclesia
1520 3872 1847 3940 abjiciantur
1879 3892 1892 3930 :
1923 3877 2017 3931 sed
2062 3884 2119 3932 et

520 3956 626 4030 ipsi
675 3959 962 4015 anathema
993 3959 1119 4016 sint.
1164 3962 1271 4017 Eos
1302 3977 1451 4029 vero,
1479 3979 1614 4033 quos
1641 3965 1868 4023 Photius
1897 3969 2117 4024 ordina-

523 4047 622 4112 vit,
651 4048 907 4117 qnoniam
935 4050 1284 4106 manifestum
1314 4062 1399 4108 est
1425 4067 1520 4108 eos
1555 4055 1608 4108 in
1640 4056 1896 4112 omnibus
1925 4060 2117 4116 coth

524 4138 731 4193 oratori
766 4152 865 4194 suo
914 4143 1379 4210 communicasse,
1409 4146 1558 4199 omni
1602 4145 1891 4203 clericatus
1940 4147 2115 4205 ofﬁcio

524 4229 954 4301 dispoliavimus.
990 4230 1097 4288 Vos
1126 4243 1306 4288 autem
1334 4238 1659 4293 auctoritate
1687 4240 1883 4294 summi
1913 4240 2115 4310 judicis

522 4322 738 4381 Domini
761 4323 934 4379 nostri
961 4322 1088 4380 Jesu
1112 4324 1318 4382 Christi
1341 4330 1806 4401 promulgavimus
1833 4348 2113 4401 nunquam

519 4413 688 4474 fuisse
711 4458 727 4486 ,
762 4433 862 4474 nec
897 4433 1017 4474 esse
1060 4420 1407 4490 depositum,
1439 4423 1524 4477 vel
1572 4425 2111 4493 anathematizatum,

518 4516 780 4579 tanquam
812 4509 906 4580 qui
943 4510 1011 4565 ab
1058 4510 1323 4579 imperiali
1366 4515 1604 4584 potentia
1635 4515 1711 4570 sis
1757 4516 1965 4585 absque
2006 4517 2112 4572 ulla

2224 3318 2662 3381 occidentalium,
2681 3320 2853 3374 secuti
2876 3329 3280 3377 antecessorum
3303 3332 3598 3378 nostrorum
3619 3334 3815 3382 aucto-

2227 3412 2444 3465 ritatem
2484 3410 2717 3481 egimus,
2742 3420 2800 3467 et
2825 3413 3133 3468 statuimus.
3177 3414 3303 3481 Qua-
3340 3414 3532 3470 idcirco
3556 3414 3802 3472 beatitu-

2223 3501 2337 3556 dini
2365 3510 2563 3557 vestrte
2585 3511 2713 3558 nota
2758 3501 2940 3559 facere
2980 3504 3310 3571 curavimus,
3326 3513 3387 3560 ut
3423 3505 3563 3561 scire
3598 3505 3809 3576 valeat,

2223 3606 2344 3661 quae
2373 3601 2557 3648 nostra
2583 3593 2655 3648 sit
2685 3608 2848 3663 super
2876 3594 3091 3665 negotio
3115 3606 3313 3652 vestras
3340 3596 3705 3653 fraternitatis
3731 3600 3812 3655 in-

2223 3686 2420 3750 tentio,
2444 3695 2499 3740 et
2553 3702 2713 3742 nemo
2762 3687 2935 3759 possit
2958 3688 3118 3749 aliter
3166 3690 3319 3749 vobis
3360 3692 3542 3757 deliis
3576 3695 3809 3757 suadere

2219 3792 2343 3846 quae
2368 3788 2520 3849 gesta
2548 3788 2694 3834 sunt.

2292 3867 2447 3924 Nunc
2491 3877 2674 3925 autem
2706 3869 3011 3936 hortamur,
3057 3879 3118 3926 ut
3149 3887 3279 3943 spe,
3307 3888 3431 3944 qua:
3459 3873 3517 3929 in
3554 3874 3666 3932 Deo
3704 3884 3802 3945 est,

2218 3962 2408 4025 erecti,
2438 3977 2507 4018 ne
2538 3961 2804 4018 deﬁciatis
2838 3962 2892 4017 in
2923 3962 3383 4030 tribulationibus.
3402 3965 3643 4023 scientes
3677 3983 3803 4039 quo-

2220 4056 2366 4109 niam
2408 4051 2680 4108 tribulatio
2725 4053 3038 4123 patientiam
3083 4064 3360 4124 operatur,
3398 4055 3653 4126 patientia
3682 4073 3801 4133 vero

2221 4148 2606 4218 probationem,
2632 4145 2873 4217 probatio
2904 4162 3022 4202 vero
3042 4162 3207 4216 spem,
3229 4163 3345 4218 spes
3366 4158 3545 4203 autem
3567 4165 3670 4204 non
3692 4165 3802 4205 cott-

2220 4239 2394 4308 fundit
2425 4236 2604 4309 (Rom.
2636 4237 2714 4309 v).
2750 4238 2885 4293 Nam
2923 4247 2980 4294 et
3020 4252 3120 4293 nos
3156 4236 3286 4293 licet
3320 4236 3479 4310 longe
3505 4238 3690 4309 positi,
3716 4238 3800 4299 ubi

2218 4332 2540 4402 pravitatem
2567 4330 3010 4402 persequentium
3048 4345 3146 4387 vos
3178 4332 3525 4403 agnovimus,
3567 4331 3798 4391 fratem

2218 4422 2583 4479 sollicitudine
2610 4437 2710 4479 nos
2732 4431 2920 4478 urente
2939 4438 3045 4479 non
3070 4423 3284 4480 modico
3305 4423 3602 4498 ﬂagramus
3624 4425 3791 4481 incen-

2216 4514 2330 4580 dio,
2357 4514 2483 4570 licet
2521 4515 2664 4571 inter
2701 4514 2973 4571 Ecclesias
3011 4514 3127 4582 Dei,
3154 4532 3274 4588 qua:
3305 4517 3362 4574 in
3406 4532 3574 4572 unum
3606 4513 3795 4573 Chrisu'

519 4577 781 4656 canonica
810 4577 1247 4657 auctoritate—tua
1275 4577 1462 4672 pulsus
1484 4605 1750 4673 Ecclesia,
1776 4618 1831 4663 et
1854 4577 2113 4680 tanquam
2144 4577 2192 4638 θ
2221 4577 2515 4664 thalamum
2546 4607 2782 4677 undique
2826 4577 3322 4676 referunturinihil
3360 4609 3519 4679 longe
3556 4610 3647 4675 sit,
3669 4605 3793 4665 nihil

517 4693 610 4763 qui
639 4693 707 4747 ab
740 4693 989 4767 obligatis
1034 4694 1178 4749 nullo
1206 4696 1379 4765 possis
1404 4697 1596 4752 haberi
1625 4699 1845 4753 vinculo
1887 4700 2114 4773 colliga-

518 4793 605 4841 tus
637 4804 650 4842 :
678 4796 732 4843 et
759 4790 828 4844 ab
864 4789 964 4853 eis,
991 4790 1083 4859 qui
1115 4788 1318 4844 nullam
1359 4799 1411 4845 te
1439 4790 1716 4861 judicandi
1763 4803 2109 4863 potestatem,

517 4877 603 4939 vel
646 4880 713 4935 ab
740 4882 1033 4951 apostolica
1063 4882 1190 4937 sedc
1232 4883 1615 4938 auctoritatem
1659 4884 1964 4950 habuerint,
1994 4887 2111 4942 nul-

520 4966 632 5023 lum
662 4972 736 5025 tui
772 4972 996 5028 honoris
1019 4973 1310 5028 discrimen
1341 4974 1450 5044 pati
1492 4974 1767 5030 debueris.
1804 4975 1990 5047 Itaque
2017 4992 2111 5034 vos

518 5061 668 5118 omni
691 5063 902 5119 vinculo
918 5066 1284 5121 anathematis
1303 5081 1400 5135 per
1423 5074 1750 5136 potestatem
1779 5068 1957 5123 divina
1982 5084 2113 5127 voce

518 5154 835 5211 beatissimo
873 5157 1037 5213 Petro
1062 5158 1342 5224 collatam,
1377 5170 1432 5213 et
1472 5174 1569 5231 per
1595 5162 1978 5218 auctoritatem
2023 5177 2110 5218 sa-

521 5260 736 5303 crorum
779 5264 1044 5306 canonum
1088 5262 1299 5308 remoto
1323 5292 1337 5317 ,
1362 5254 1607 5321 pristina
1659 5255 1941 5326 dignitati,
1969 5255 2108 5323 sedi,

521 5342 729 5413 gradui,
756 5344 1106 5413 patriai-chio,
1142 5361 1205 5401 ac
1244 5346 1496 5417 pristinis
1518 5356 1573 5404 et
1597 5349 2004 5421 pontificalibus
2026 5350 2110 5406 in-

521 5434 649 5491 fulis
674 5476 689 5501 ,
718 5446 881 5506 atque
910 5435 1099 5492 ciliciis
1131 5441 1496 5507 restit-iimus,
1527 5451 1585 5499 et
1629 5443 2105 5499 conﬁrmavimus:

521 5527 596 5582 ita
641 5537 699 5582 ut
728 5528 1041 5598 quicunque
1071 5529 1124 5583 in
1153 5532 1408 5587 omnibus
1439 5534 1564 5590 huic
1595 5536 1818 5592 decreto
1840 5551 1946 5591 non
1978 5537 2109 5592 obe-

516 5619 713 5686 disset,
742 5620 829 5675 vel
871 5635 929 5675 se
975 5636 1005 5675 a
1044 5630 1220 5677 vestra
1267 5627 1644 5682 communione
1673 5638 1993 5698 scparasset,
2022 5627 2108 5685 vel

516 5708 745 5768 ulterius
774 5723 962 5769 contra
1007 5727 1103 5769 vos
1149 5713 1363 5785 aliquod
1404 5717 1671 5789 judicium
1710 5720 1915 5791 absque
1960 5720 2106 5779 sedis

588 5836 617 5867 ⁸
645 5824 824 5887 Locus
844 5835 1149 5902 corruptus.

2216 4698 2485 4757 habeatur
2512 4708 2853 4754 extraneum.
2891 4697 3065 4763 Unde,
3097 4697 3268 4754 frater
3304 4699 3647 4764 charissima,
3670 4714 3789 4756 cou-

2215 4792 2411 4847 solatio
2438 4800 2621 4847 vestra
2663 4805 2728 4847 ex
2778 4790 2887 4846 Deo
2914 4792 3005 4856 sit,
3035 4791 3129 4862 qui
3170 4792 3262 4846 dat
3291 4806 3510 4865 semper
3549 4792 3785 4852 virtutem

2214 4884 2612 4942 conlidentibus
2656 4884 2710 4939 in
2740 4899 2883 4942 eum.
2932 4883 3154 4940 Habetis
3177 4885 3426 4957 exempla
3468 4894 3783 4956 sanctorum,

2212 4979 2307 5047 qui
2334 4977 2463 5035 olim
2490 4977 2823 5033 seminantes
2863 4977 2916 5032 in
2954 4976 3229 5051 lacrymis,
3268 4978 3321 5033 in
3350 4978 3548 5050 gaudio
3574 4976 3787 5036 meSsuri

2215 5078 2344 5125 sunt
2369 5070 2421 5123 in
2465 5068 2669 5125 futuro.
2703 5068 3005 5131 Non_amat
3030 5069 3289 5125 Dominus
3339 5079 3530 5126 noster
3578 5086 3779 5128 servum

2215 5160 2321 5216 nisi
2384 5162 2775 5232 experimentis
2835 5164 3165 5233 probatum;
3198 5159 3541 5219 Christianas
3593 5163 3783 5222 animas

2212 5268 2396 5309 rerum
2424 5252 2671 5323 palaestra
2703 5269 2920 5327 semper
2946 5262 3185 5310 exercet.
3233 5252 3411 5309 Nostri
3462 5253 3621 5311 nobis
3658 5255 3783 5313 bella

2213 5354 2502 5401 moverunt
2531 5344 2602 5416 (si
2633 5352 2812 5400 tamen
2870 5345 3040 5401 nostri
3072 5345 3282 5400 dicendi
3330 5344 3501 5414 sunt),
3552 5361 3681 5418 quos
3718 5345 3783 5402 ad

2215 5435 2496 5491 inimicum
2529 5436 2845 5491 transivisse
2883 5434 3090 5492 foedere
3120 5445 3277 5508 rupto
3317 5437 3605 5492 sentimus.
3642 5434 3781 5493 Nulla

2214 5539 2299 5586 cst
2323 5529 2602 5587 tribulatio
2627 5531 2962 5603 temporalis,
2988 5533 3033 5588 si
3063 5532 3136 5587 sit
3162 5542 3288 5587 ante
3309 5531 3498 5587 oculos
3516 5528 3780 5604 prtcmium

2212 5621 2628 5692 sempiternum,
2670 5624 2758 5678 cui
2787 5623 2922 5679 nihil
2968 5624 3221 5679 converrit
3260 5624 3539 5696 anteponi.
3590 5623 3781 5682 Clamat

2213 5724 2399 5772 noster
2421 5714 2766 5787 hymnidieus
2790 5733 2803 5770 ί
2827 5714 2885 5772 Si
2916 5715 3175 5774 adversus
3190 5731 3248 5774 se
3270 5724 3449 5774 castra
3471 5716 3777 5784 consistant,
