4050 6324
253 352 394 411 1061

1466 349 1829 408 EPISTULA}
1856 350 1962 406 ET.
1985 349 2328 407 DECRETA.

3387 350 3530 410 im

251 485 353 541 spe
399 467 805 525 illuminationis
833 469 951 541 ejus
997 468 1098 525 sibi
1146 467 1362 539 penitus
1404 483 1511 524 non
1545 468 1919 533 timeudunLA
1949 466 2338 536 principabaris
2364 507 2380 532 ,
2421 465 2650 523 Domino
2696 476 3056 538 cooperante,
3084 482 3192 525 non
3237 468 3411 524 solum
3458 466 3533 529 sb

253 562 432 635 (Psal.
466 562 636 632 xxvr).
673 563 944 634 Rogamus
970 577 1103 634 ergo
1126 560 1388 633 quidquid
1421 562 1672 615 inimicus
1708 562 1846 615 intu-

250 657 341 721 lit,
375 656 518 713 ferre
562 658 848 728 patienter.
903 658 1098 713 Indixit
1148 656 1394 728 injurias,
1427 656 1619 710 indixit
1646 666 1840 710 contu-

252 748 469 815 melius,
504 749 697 804 indixit
738 749 927 804 exsilia
958 766 972 817 ;
1023 749 1112 804 ille
1136 749 1189 804 in
1225 749 1340 804 suis
1372 750 1474 803 hoc
1509 764 1699 818 passus
1738 757 1841 812 est,

251 840 349 911 qui
398 840 682 910 pertulisse
708 857 806 912 pro
836 842 992 897 nobis
1036 852 1215 913 sputa,
1250 840 1474 913 ﬂagella,
1508 850 1846 911 mortemque

250 932 607 1002 dignoscitur.
641 932 920 989 Patientice
945 934 1113 996 vobis,
1138 944 1300 1004 atque
1326 935 1647 989 constantia:
1670 933 1844 988 forma

251 1022 565 1094 Stephanus
605 1024 813 1093 primus
845 1024 1048 1080 Christi
1092 1033 1302 1095 martyr
1335 1024 1549 1078 existat.
1585 1023 1690 1078 Sed
1724 1023 1843 1077 lon-

248 1130 380 1187 gum
402 1123 486 1170 est
514 1116 594 1170 ire
631 1130 728 1184 per
771 1115 1033 1186 singulos.
1069 1116 1160 1186 qui
1194 1116 1356 1169 vitam
1402 1113 1485 1168 vel
1540 1114 1843 1177 moriendo,

247 1204 336 1260 vel
363 1205 671 1260 confitendo
698 1206 924 1260 mercati
953 1215 1098 1260 sunt.
1143 1205 1366 1265 llabetis
1399 1213 1579 1259 tamen
1608 1220 1726 1271 vos,
1752 1205 1842 1274 qui

251 1296 492 1352 Ecclesia
531 1298 666 1353 estis
688 1298 915 1367 expulsi,
942 1298 1111 1352 beatae
1157 1296 1548 1353 recordationis
1592 1296 1844 1351 Athana-

251 1386 320 1443 sii
358 1382 740 1442 Alexandrini
779 1372 1051 1444 Ecclesia.
1081 1389 1487 1459 prudentissimi
1542 1389 1845 1444 sacerdotis

250 1480 559 1550 exemplum
598 1497 611 1533 :
645 1480 730 1535 cui
766 1496 873 1534 non
916 1482 1305 1537 consolationis
1331 1482 1401 1539 sit
1433 1481 1575 1537 illius
1604 1483 1846 1537 toleran-

252 1571 353 1632 tia,
368 1572 454 1626 cui
477 1588 584 1627 non
606 1587 755 1640 spem
770 1572 930 1627 faciat
955 1573 1074 1643 ejus
1089 1584 1403 1644 exspectata
1429 1574 1843 1648 [inexspectata]

255 1664 534 1720 reversio?
567 1665 798 1734 Ejicitur
842 1667 972 1721 Ario
1005 1678 1386 1738 persequente,
1419 1668 1513 1723 sed
1559 1678 1846 1725 revocatur

252 1752 485 1809 Domino
531 1766 909 1825 prosequente.
940 1757 1138 1812 Passus
1165 1767 1251 1813 est
1291 1774 1567 1813 carcerem
1595 1799 1611 1823 ,
1653 1776 1846 1830 passus

1944 558 2101 612 hoste
2147 557 2339 635 visibili
2366 597 2381 621 .
2429 573 2615 613 verum
2663 559 2826 613 etiam
2880 559 3025 614 nullo
3069 575 3218 614 mare
3264 559 3532 616 inﬁnitior

1944 648 2242 704 Ecclesium
2291 649 2499 703 Domini
2547 651 2615 705 ab
2662 650 2817 705 hoste
2871 650 3126 706 invisibili
3170 649 3293 722 (hoc
3338 659 3424 708 est
3459 653 3533 710 ab

1945 741 2155 810 errore)
2187 742 2366 797 texisti
2400 760 2412 796 :
2439 752 2494 797 et
2515 759 2889 813 perversurum
2921 745 3232 816 dogmatum
3255 747 3529 814 nebulam,

1947 833 2379 911 tanquantvsolis
2420 834 2604 889 radius
2653 837 2721 889 ab
2773 835 3028 893 Ecclesiae
3078 835 3215 891 facie
3260 836 3531 907 depulisti.

1946 928 2243 984 Senserunt
2281 930 2332 983 in
2356 938 2417 983 .te
2462 929 2696 985 haeretici
2738 930 3138 1004 virilepectus,
3176 938 3231 985 et
3274 931 3536 986 mirantes

1946 1019 2309 1089 insuperabile
2357 1020 2543 1079 robur.
2568 1020 2714 1089 quod
2764 1019 2962 1077 femina
3009 1021 3178 1076 fueris
3222 1021 3532 1093 ambiguum

1946 1112 2274 1168 habuerunt.
2311 1111 2419 1167 Cur
2449 1113 2572 1177 hoc,
2604 1114 2706 1169 nisi
2754 1114 2880 1183 quia
2909 1114 3054 1172 sedis
3090 1114 3401 1180 apostolica:
3434 1115 3534 1171 do-

1945 1213 2123 1275 gmata
2177 1203 2534 1285 sequebaris,
2579 1215 2633 1260 et
2680 1204 3261 1274 Constantinopolitaui
3328 1204 3534 1263 monita

1945 1297 2250 1368 pontiﬁcis,
2270 1278 2628 1353 cui'liomana
2657 1297 2892 1353 Ecclesia
2921 1298 3380 1363 communicabat,
3420 1313 3538 1353 am-

1946 1390 2307 1460 plectebaris?
2341 1389 2429 1444 Sic
2480 1390 2631 1443 enim
2676 1390 2853 1444 devoti
2904 1389 2997 1445 lilii
3044 1398 3328 1460 paternum
3375 1404 3571 1445 venor

1949 1491 2139 1537 rantur
2168 1481 2421 1536 allectum
2474 1498 2489 1536 :
2531 1481 2665 1536 etin
2712 1481 2857 1536 nullo
2904 1496 3129 1550 prorsus
3168 1481 3361 1551 ingrati
3390 1480 3537 1537 circa

1947 1582 2199 1643 parentes
2230 1588 2356 1628 suos
2382 1572 2729 1629 consentiunt
2760 1572 3024 1639 inveniri;
3053 1572 3146 1627 sed
3171 1571 3375 1626 inimici
3407 1571 3539 1642 quid

1948 1667 2151 1738 agunt?
2178 1667 2603 1737 apprcbeuduut,
2629 1666 2872 1735 ejiciunt,
2905 1675 2961 1722 et
2990 1665 3304 1736 quid'plura
3328 1666 3352 1719 ξ’
3387 1666 3535 1722 omni

1948 1758 2288 1812 dehonestati
2322 1757 2636 1826 subjiciunt.
2676 1758 2780 1813 Sed
2810 1757 3058 1828 exetnpla
3094 1757 3390 1826 patientiae,
3421 1758 3541 1827 ljlllr

251 1854 338 1900 est
361 1846 670 1914 angustias;
700 1862 802 1901 nec
826 1847 1045 1911 mirum,
1078 1849 1126 1902 si
1160 1849 1244 1903 vir
1280 1849 1606 1919 apostolicus
1633 1865 1696 1904 ea
1727 1865 1844 1919 pas-
1873 1850 1919 1910 Β
1947 1848 2046 1903 bus
2077 1848 2178 1903 ista
2226 1858 2574 1903 contemnere
2601 1866 2615 1902 :
2647 1857 2700 1903 et
2747 1848 2836 1902 illa
2857 1889 2870 1912 ,
2901 1864 3020 1917 quae
3051 1857 3176 1902 sunt
3223 1848 3409 1903 :cterni
3442 1848 3539 1901 im-

251 1948 348 1991 sus
374 1944 479 2000 est,
506 1937 705 2004 quibus
752 1937 1042 2006 Apostolus
1089 1952 1152 1993 se
1193 1938 1456 2005 gloriatur
1495 1940 1794 1994 exercitum
1827 1957 1842 1995 :

253 2023 471 2097 fugatus
513 2026 661 2083 illinc
695 2029 748 2083 in
794 2029 997 2084 nostris
1037 2029 1281 2113 partibus
1330 2032 1615 2085 roboratus
1646 2040 1752 2094 est,
1787 2040 1848 2087 et

250 2117 307 2174 in
361 2119 465 2173 hac
491 2120 620 2176 sede
662 2122 902 2190 requiem
952 2122 1348 2178 communionis
1394 2123 1633 2188 invenit,
1663 2140 1692 2179 a
1736 2139 1846 2192 qua

252 2223 470 2279 semper
505 2211 791 2267 catholicis
840 2212 1176 2267 subvenitur.
1249 2212 1630 2268 Verumtamen
1677 2215 1847 2270 sensit

250 2300 309 2358 in
336 2300 777 2357 tribulationibus
797 2302 1194 2367 lassitudinem,
1219 2304 1312 2372 qui
1340 2302 1514 2357 factus
1536 2312 1621 2359 est
1640 2303 1694 2357 in
1722 2320 1845 2373 pero

252 2391 532 2451 scontione
560 2391 841 2448 confessor
878 2410 892 2447 ι
928 2393 1068 2448 unde
1112 2410 1220 2449 non
1246 2394 1454 2449 debetis
1494 2396 1844 2464 temporalem

254 2481 410 2538 vobis
439 2482 641 2536 iilatam
681 2482 1036 2550 dejectionem
1065 2483 1268 2548 dolere,
1302 2485 1427 2554 quia
1472 2486 1637 2555 (sicut
1663 2486 1843 2540 credi-

256 2573 399 2643 mus)
425 2572 533 2627 Deo
561 2588 668 2628 non
692 2574 983 2629 cecidistis.
1014 2573 1263 2629 Pbotium
1288 2590 1421 2645 ergo
1445 2590 1513 2630 ne
1536 2575 1841 2639 timeamus,

252 2679 324 2725 ne
347 2679 376 2717 a
403 2664 621 2734 regione
648 2663 826 2736 (forte,
853 2664 1040 2738 regno]
1068 2667 1309 2720 vivorum
1334 2666 1652 2735 dejiciamur
1676 2686 1689 2722 :
1716 2668 1846 2722 illud

254 2763 339 2817 est
366 2764 629 2817 nostrum,
664 2756 792 2809 illud
826 2765 1109 2810 aeternum.
1143 2756 1395 2812 Nostrum
1426 2774 1570 2812 enim
1628 2777 1732 2813 non
1764 2766 1849 2814 est

254 2850 397 2904 unde
437 2848 729 2914 transitur;
768 2851 863 2905 sed
898 2850 989 2904 illa
1015 2867 1143 2906 vere
1193 2860 1375 2906 nostra
1407 2861 1535 2906 sunt
1577 2868 1699 2921 qua:
1721 2868 1847 2923 spes

254 2940 558 2997 certissima
591 2941 895 3012 pollicetur.
927 2940 1069 2998 Sunt
1095 2952 1296 3009 autem,
1323 2944 1536 2999 dicente
1564 2945 1845 3015 Apostolo,

254 3049 371 3104 quae
417 3030 595 3087 oculos
640 3049 747 3087 non
793 3033 937 3101 vidit,
966 3050 1058 3088 nec
1098 3034 1246 3089 auris
1279 3035 1499 3100 uudiri.‘,
1528 3051 1619 3088 nec
1654 3038 1708 3091 in
1757 3054 1849 3093 cor

255 3121 478 3177 hominis
521 3122 1031 3195 ascenderunt,quw
1063 3125 1377 3194 pra'paravit
1434 3124 1576 3178 Deus
1619 3125 1844 3196 diligen-

1948 1943 2116 2014 perii,
2161 1943 2405 1997 doceat-is
2463 1953 2760 2012 appetere,
2804 1957 2838 1996 ο
2888 1940 3354 1995 Christianissitna
3408 1940 3541 2008 lilia,

1949 2034 2082 2088 satis
2114 2034 2413 2087 abundant.
2450 2031 2585 2107 Nam
2624 2029 2815 2102 legifer
2848 2029 3059 2102 Moyses
3086 2041 3143 2085 et
3181 2032 3363 2085 Aaron
3413 2045 3542 2085 san-

1946 2133 2068 2180 ctus
2116 2124 2326 2178 Domini
2377 2137 2622 2176 murmur
2658 2131 2714 2176 et
2754 2122 2917 2177 duras
2964 2121 3345 2187 contumelias:
3377 2129 3542 2192 atque

1948 2216 2269 2270 seditionem
2296 2214 2575 2283 patiuntur
2599 2212 2669 2267 ab
2692 2212 2781 2278 iis,
2809 2228 2947 2283 quos
2966 2213 3115 2267 velut
3142 2212 3281 2269 lilios
3319 2214 3374 2268 in
3417 2214 3540 2270 sinu

1947 2308 2221 2377 portabat,
2250 2315 2305 2361 et
2337 2306 2473 2360 adeo
2519 2304 2797 2376 diligebat,
2824 2313 2881 2358 ut
2916 2304 3145 2360 Domino
3196 2304 3397 2361 volenti
3445 2320 3544 2362 eos

1949 2392 2200 2475 perdere,
2223 2408 2276 2454 et
2303 2398 2483 2455 facere
2508 2413 2633 2453 euut
2661 2398 2715 2452 in
2739 2406 2952 2469 gentem
2979 2413 3265 2468 magnam,
3294 2399 3539 2456 diceret:

1946 2492 2047 2544 Aut
2078 2490 2280 2544 dimitte
2311 2489 2387 2542 eis
2427 2488 2564 2541 hanc
2607 2505 2822 2552 noram,
2874 2498 2965 2541 aut
3007 2488 3120 2543 dele
3163 2506 3243 2543 me
3288 2490 3353 2544 de
3402 2488 3537 2557 libro

1946 2597 2100 2650 quem
2118 2579 2375 2651 scripsisti
2401 2578 2603 2650 (Exod.
2638 2579 2833 2651 xxxii).
2868 2578 2962 2635 Sic
2996 2579 3190 2635 beatus
3221 2579 3441 2636 Samuel
3471 2580 3540 2635 ab

1948 2672 2033 2726 bis
2067 2672 2264 2740 quibus
2292 2670 2457 2725 multa
2480 2650 2812 2740 prtestiterat
2842 2669 3208 2734 beneﬁcia,de
3239 2670 3543 2740 principatu

1946 2763 2298 2833 propellitur;
2353 2762 2431 2816 sic
2485 2762 2746 2832 propheta
2776 2760 3068 2817 Zacharias
3113 2760 3181 2816 ab
3211 2776 3295 2826 eo,
3329 2759 3417 2815 cui
3450 2774 3543 2830 pa-

1951 2867 2033 2913 ter
2062 2872 2191 2912 suus
2230 2872 2453 2924 regnum
2493 2856 2974 2926 vindicaveratket
3026 2855 3138 2927 ipse
3166 2854 3308 2909 viam
3344 2852 3538 2910 salutis

1949 2952 2288 3019 ostendebat,
2316 2952 2585 3022 lapidibus
2611 2952 2910 3022 impetitur.
2939 2950 3045 3007 Sed
3074 2950 3203 3019 quid
3230 2965 3327 3020 per
3357 2948 3536 3004 homi-

1950 3062 2078 3100 num
2110 3060 2282 3116 genus
2329 3044 2534 3116 diutius
2574 3043 2967 3099 immoremur?
3008 3042 3226 3112 quando
3274 3040 3389 3110 ipse
3429 3054 3546 3096 me-

1952 3137 2127 3191 diatur
2156 3134 2250 3189 Dei
2280 3142 2335 3189 ct
2378 3134 2656 3190 hominum
2685 3132 2947 3188 Deminus
2983 3140 3166 3187 noster
3202 3128 3360 3186 Jesus
3385 3126 3543 3185 Chri-

256 3218 398 3277 libus
420 3234 475 3274 se
502 3216 554 3289 (Ι
582 3218 703 3276 Cor.
733 3220 818 3290 ιι).
846 3218 978 3275 Data
1014 3218 1196 3275 Idibus
1223 3217 1563 3311 Novembris,
1590 3220 1846 3277 indictio-
1874 3214 1919 3278 C
1952 3237 2070 3282 stus
2101 3226 2291 3287 abhis,
2322 3226 2520 3295 quibus
2541 3239 2715 3280 caecos
2746 3222 3087 3286 illuminavit,
3117 3221 3397 3294 languidos
3425 3220 3546 3290 plu-

255 3324 326 3377 με
353 3325 446 3369 ιν.

1000 3402 1107 3461 Cll.

661 3534 730 3573 ιιι
771 3534 1091 3575 ἸΊΙΕΟΒΟΒΑΙ
1129 3534 1431 3577 Αυςυετλιι.

870 3611 1048 3681 (Auno
1086 3612 1238 3682 866.)

259 3702 521 3758 Hortatur
540 3701 855 3776 Augustum,
883 3718 1039 3776 quam
1070 3702 1247 3776 multis
1269 3700 1534 3776 laudibus
1575 3712 1753 3767 ornat,
1777 3703 1849 3758 ad

325 3774 655 3845 patientiam,
683 3782 730 3827 et
752 3772 834 3845 ad
866 3772 1229 3845 collocandum
1262 3773 1314 3826 in
1349 3772 1459 3826 Deo
1501 3789 1645 3843 spent
1670 3791 1844 3829 suum.

332 3841 569 3901 Ostendit
601 3861 655 3897 se
686 3847 741 3897 in
763 3841 960 3914 Ignatii
990 3844 1315 3897 restitutione
1342 3841 1544 3897 omnem
1582 3861 1733 3899 suam
1757 3862 1851 3916 p0-

334 3932 454 3971 nere
475 3931 707 3985 operam.

743 4023 922 4098 [Apud
960 4023 1154 4091 Mansi,
1193 4022 1347 4098 ibid.]

334 4138 600 4198 Nicouns
638 4138 922 4209 episcopus
947 4178 962 4203 ,
1007 4153 1198 4193 servus
1247 4153 1527 4195 servorum
1571 4138 1686 4205 Dei,
1720 4139 1851 4195 dile-

258 4231 516 4293 ctissima:
548 4231 670 4287 lilia:
711 4220 1039 4294 Τιιευιιὸιιιε,
1069 4230 1385 4301 imperatori
1417 4231 1693 4301 quondam
1743 4240 1852 4286 ter-

262 4341 427 4389 reno,
459 4341 603 4382 nunc
651 4335 833 4381 autem
863 4323 1221 4396 Spiritualiter
1266 4325 1472 4381 caelesti
1526 4323 1847 4394 conjunctze.

332 4418 573 4477 Virtutes
616 4427 856 4481 vestras,
887 4416 1083 4489 quibus
1133 4417 1371 4489 prtetlitu:
1414 4418 1851 4473 antecedentium

260 4525 358 4568 vos
404 4510 766 4585 Augustarum
813 4508 940 4565 nulli
991 4508 1183 4565 diebus
1218 4509 1337 4565 istis
1380 4511 1715 4581 apparuistis
1764 4526 1851 4566 se-

1952 3322 2122 3376 rimos
2148 3319 2391 3391 pristina:
2418 3317 2643 3373 sanitati
2687 3316 2945 3380 restituit,
2973 3324 3217 3371 mortuos
3260 3312 3541 3378 excitavit,

1950 3412 2165 3483 probra,
2198 3419 2374 3481 sputa,
2413 3409 2623 3487 ﬂagella
2656 3417 2713 3464 et
2756 3416 2987 3464 mortem
3018 3406 3198 3463 crucis
3243 3403 3546 3462 sustinuit?

1950 3505 2277 3560 Devenimus
2298 3504 2517 3573 quippe,
2543 3503 2677 3558 heu!
2710 3502 2763 3556 in
2789 3516 2854 3557 ea
2887 3515 3007 3570 quae
3030 3500 3224 3555 beatus
3265 3496 3543 3569 apostolus

1950 3596 2199 3667 prtedixit
2230 3595 2530 3665 periculosa
2561 3603 2737 3664 tempe
2770 3609 2799 3648 a
2826 3593 3051 3658 Paulus,
3083 3608 3206 3646 cum
3237 3591 3539 3646 scriberet:

1953 3685 2020 3739 Et
2042 3686 2096 3739 in
2119 3684 2415 3738 novissimis
2437 3681 2755 3749 temporibus
2779 3680 3046 3735 instabunt
3074 3690 3311 3750 tempora
3334 3680 3542 3748 pericu-

1951 3776 2086 3842 losa,
2124 3784 2171 3829 et
2223 3784 2372 3830 erunt
2404 3774 2638 3827 homines
2690 3773 2884 3843 seipsos
2942 3780 3201 3833 amantes,
3232 3767 3410 3841 cupidi
3457 3766 3544 3842 (II

1956 3867 2092 3923 Tim.
2127 3867 2253 3938 tu);
2302 3867 2393 3920 ubi
2432 3874 2486 3920 et
2525 3864 2847 3934 interposuit
2883 3878 2898 3918 :
2931 3861 3250 3916 Parentibus
3282 3877 3385 3915 non
3427 3859 3547 3915 obe-

1951 3959 2172 4025 dientes,
2215 3956 2430 4027 ingrati,
2477 3954 2699 4020 scelesti,
2744 3955 2856 4010 sine
2906 3953 3207 4024 a/fectione,
3239 3952 3352 4007 sine
3393 3966 3541 4021 pace.

1950 4048 2066 4104 lino
2095 4047 2407 4103 devenimus
2439 4046 2490 4101 in
2516 4062 2609 4102 eos
2638 4044 2896 4117 lugendos
2924 4055 2979 4100 et
3012 4043 3374 4114 deplorandos
3399 4042 3538 4108 dies,

1954 4141 2009 4196 in
2053 4139 2251 4210 quibus
2301 4140 2435 4209 proh
2467 4137 2650 4192 dolor!
2694 4136 2851 4206 juxta
2896 4135 3039 4207 quod
3088 4144 3142 4191 et
3180 4135 3440 4191 Dominus
3482 4134 3543 4190 in

1954 4233 2247 4304 Evangelia
2276 4232 2448 4289 dicit:
2486 4230 2678 4285 Tradet
2724 4230 2892 4300 frater
2932 4229 3152 4300 fratrem
3194 4228 3249 4282 in
3294 4239 3537 4293 mortem,

1953 4338 2001 4383 et
2051 4329 2318 4397 insurgent
2349 4325 2447 4396 ﬁlii
2491 4328 2546 4380 in
2584 4334 2824 4397 parentes
2856 4324 3049 4396 (Marc.
3097 4327 3243 4390 xm).
3278 4322 3385 4379 Sed
3432 4321 3548 4378 [nec

1955 4419 2216 4474 facientes
2251 4428 2304 4473 et
2330 4418 2613 4473 Stevieutes
2638 4417 2840 4472 hostes
2880 4417 3011 4487 quid
3039 4417 3245 4488 agunt?
3296 4415 3423 4469 dum
3451 4428 3550 4472 cu-

1956 4513 2109 4585 piunt
2150 4511 2376 4577 obesse,
2429 4518 2675 4581 prosunt,
2726 4519 2929 4564 etcum
2983 4510 3176 4565 lmdere
3226 4506 3544 4575 moliuntur,

260 4605 468 4669 cundzn,
507 4603 702 4673 quibus
730 4602 915 4668 etiam,
946 4611 1000 4657 et
1038 4603 1305 4673 prmcipue
1332 4603 1385 4657 in
1413 4619 1577 4658 causa
1603 4603 1844 4673 pietatis,
1882 4591 1929 4652 D
1953 4595 2248 4680 plurimum
2296 4615 2600 4679 praestant;
2636 4606 2850 4677 privant
2883 4602 3161 4676 tyrannice
3213 4613 3379 4670 regno
3411 4606 3549 4653 tem-

260 4712 451 4755 earum
495 4695 696 4753 nemini
740 4693 876 4748 estis
922 4694 1209 4749 inferiores
1253 4696 1485 4750 inventa:
1515 4735 1531 4761 ,
1576 4695 1850 4751 subtiliter

260 4797 425 4858 atque
475 4786 700 4843 sollicite
735 4785 1054 4850 recolentes,
1099 4787 1209 4841 Deo
1257 4788 1671 4856 cunctipoteuti,
1699 4788 1853 4859 cujus

264 4895 491 4939 munere
522 4880 619 4935 bas
649 4880 986 4950 percepistis,
1015 4887 1199 4949 grates
1226 4880 1520 4935 immensas
1550 4880 1774 4947 referre,
1799 4892 1854 4937 et

265 4971 383 5043 ejus
415 4981 605 5026 sancto
634 4971 838 5026 nomini
867 4971 1189 5025 benedicere
1224 4988 1330 5026 non
1362 4987 1662 5037 cessamus,
1692 4984 1855 5044 atque

265 5066 477 5138 piorum
526 5065 825 5120 studiorum
876 5072 1174 5119 vestrorum
1228 5065 1495 5133 praeconia
1526 5080 1624 5133 pro
1674 5066 1852 5125 imita-

267 5160 415 5215 tione
464 5157 798 5214 audientium
853 5155 995 5210 inter
1050 5153 1286 5210 lidclium
1337 5154 1602 5226 colloquia
1651 5155 1858 5229 jugiter

266 5266 605 5308 enarramus.
658 5246 738 5304 Tu
789 5247 988 5319 quippe
1038 5246 1200 5300 etiam
1247 5245 1490 5317 principe
1526 5248 1723 5304 marito
1769 5234 1860 5306 tuo

250 5353 453 5407 contra
502 5342 648 5415 leges
681 5339 930 5397 Ecclesiae
961 5337 1225 5393 sentiente
1255 5338 1569 5407 superstite,
1602 5356 1731 5394 sana
1780 5356 1865 5396 sa-

270 5456 395 5515 pere
411 5449 626 5497 etrecta
648 5438 937 5494 defendere
952 5450 1056 5491 non
1080 5432 1403 5490 formidasti.
1438 5433 1787 5503 Tu,iuquam,
1813 5433 1868 5489 in

268 5535 566 5593 orthodoxa
587 5532 844 5605 religione
859 5526 1453 5602 perseverans,unicum
1471 5526 1636 5581 lilium
1654 5542 1756 5581 non
1774 5534 1874 5582 ter-

273 5627 388 5698 reni
418 5627 616 5698 patris,
646 5627 742 5683 sed
791 5622 1193 5697 supercoelestis
1222 5621 1326 5677 iter
1357 5622 1575 5693 aggredi
1617 5619 1868 5678 docuisti.

271 5722 407 5792 Quis
440 5730 620 5777 autem
652 5737 863 5774 morum
894 5717 1146 5790 insignia,
1179 5716 1301 5785 quis
1328 5716 1729 5771 correctionem
1761 5724 1872 5770 tua-

274 5828 393 5874 rum
436 5811 579 5871 lacta
619 5811 779 5870 fortia
823 5826 1050 5869 narrare
1087 5807 1357 5869 sulllciat?
1385 5810 1522 5869 Cum
1571 5810 1719 5868 enim
1748 5809 1866 5870 sola

1956 4703 2150 4774 porali,
2192 4701 2286 4757 sed
2316 4702 2524 4757 donant
2567 4701 2717 4772 (licet
2748 4697 3002 4769 notenuo)
3033 4694 3330 4766 imperium.
3351 4692 3554 4764 sempi-

1956 4805 2205 4860 ternum;
2258 4794 2507 4850 auferunt
2538 4802 2807 4849 terrenam
2833 4789 3081 4863 gloriam,
3125 4785 3220 4843 sed
3261 4784 3554 4842 conferunt

1958 4886 2235 4943 ccclestem
2283 4885 2693 4941 beatitudinem.
2748 4881 3124 4938 Commutatur
3152 4878 3296 4935 enim
3347 4891 3539 4951 eorum

1958 4986 2340 5047 argumentum
2375 4974 2678 5045 iniquitatis
2709 4974 2764 5027 in
2814 4969 3107 5027 artiﬁcium
3134 4968 3409 5041 aequitatis
3442 4986 3455 5023 :
3489 4976 3548 5025 et

1961 5085 2110 5135 arma
2154 5068 2411 5140 perniciei
2452 5083 2545 5123 seu
2576 5064 2879 5136 tyrannidis
2901 5078 3057 5118 versa
3105 5071 3232 5118 sunt
3258 5061 3311 5116 in
3342 5060 3551 5116 instru-

1962 5171 2145 5219 menta
2192 5159 2382 5216 salutis
2429 5166 2484 5214 ct
2535 5158 2775 5228 pietatis.
2843 5154 3107 5224 Quoniam
3159 5152 3554 5224 quantumlibet

1964 5254 2188 5311 swviant
2222 5250 2422 5315 aemuli,
2454 5248 2849 5319 quantumlibet
2889 5248 3074 5302 hostes
3107 5244 3403 5310 insaniant,
3430 5242 3553 5298 dili-

1968 5344 2204 5417 gentibus
2244 5352 2423 5398 tameu
2454 5341 2622 5395 Deum
2669 5340 2845 5394 omnia
2888 5347 3238 5409 cooperantur
3266 5338 3320 5390 in
3359 5333 3553 5395 bonum

1975 5435 2153 5509 (Rom.
2193 5433 2315 5506 vui)
2346 5451 2361 5489 :
2394 5433 2651 5491 nimirum
2696 5433 2820 5504 quia
2870 5447 2975 5491 non
3001 5440 3074 5485 est
3114 5428 3410 5503 sapientia,
3453 5441 3553 5489 non

1973 5536 2048 5580 est
2071 5524 2306 5590 scientia,
2330 5541 2432 5581 non
2455 5533 2529 5578 cst
2553 5522 2829 5579 consilium
2855 5531 3037 5576 contra
3062 5520 3344 5574 Dominum
3369 5514 3552 5588 (Prov.

1974 5617 2111 5687 xxt).
2138 5617 2298 5687 Ergo,
2322 5615 2638 5673 charissima
2664 5615 2795 5682 tilia,
2819 5612 3202 5671 confortamini
3229 5610 3284 5665 in
3303 5608 3552 5675 Domino,

1976 5720 2033 5767 et
2056 5711 2110 5765 in
2139 5710 2380 5781 potentia
2407 5710 2624 5779 virtutis
2650 5710 2789 5781 ejus,
2819 5719 2876 5765 et
2906 5709 2958 5764 in
2988 5703 3412 5762 adversitatibus
3439 5700 3552 5755 uui-

1976 5822 2101 5866 cum
2128 5807 2342 5867 Domini
2364 5804 2538 5866 solum
2562 5804 2707 5864 adite
2731 5804 2998 5882 refugium
3032 5819 3045 5858 :
3068 5804 3369 5859 statuentes
3389 5794 3552 5869 etiarn
