  <div class='ocr_page' id='page_1' title='image "/cluster/home/n/w/nwhite01/storage/ocr_20150623/119/hvd.32044015466915/537.png"; bbox 0 0 4050 6324; ppageno 0'>
   <div class='ocr_carea' id='block_1_1' title="bbox 508 299 647 360">
    <p class='ocr_par' dir='ltr' id='par_1_1' title="bbox 508 299 647 360">
     <span class='ocr_line' id='line_1_1' title="bbox 508 299 647 360; baseline -0.029 0"><span class='ocrx_word' id='word_1_1' title='bbox 508 299 647 360; x_wconf 73' lang='grc'><strong>1065</strong></span> 
     </span>
    </p>
   </div>
   <div class='ocr_carea' id='block_1_2' title="bbox 1871 296 2442 355">
    <p class='ocr_par' dir='ltr' id='par_1_2' title="bbox 1871 296 2442 355">
     <span class='ocr_line' id='line_1_2' title="bbox 1871 296 2442 355; baseline -0.004 -1"><span class='ocrx_word' id='word_1_2' title='bbox 1871 297 2146 355; x_wconf 78' lang='lat' dir='ltr'><strong>NICOLAI</strong></span> <span class='ocrx_word' id='word_1_3' title='bbox 2183 296 2387 354; x_wconf 76' lang='grc' dir='ltr'><strong>ΡΑΡᾹΞ</strong></span> <span class='ocrx_word' id='word_1_4' title='bbox 2420 296 2442 351; x_wconf 88' lang='lat' dir='ltr'><strong>I</strong></span> 
     </span>
    </p>
   </div>
   <div class='ocr_carea' id='block_1_3' title="bbox 3676 294 3819 354">
    <p class='ocr_par' dir='ltr' id='par_1_3' title="bbox 3676 294 3819 354">
     <span class='ocr_line' id='line_1_3' title="bbox 3676 294 3819 354; baseline 0.021 -3"><span class='ocrx_word' id='word_1_5' title='bbox 3676 294 3819 354; x_wconf 70' lang='grc' dir='ltr'><strong>ωσι</strong></span> 
     </span>
    </p>
   </div>
   <div class='ocr_carea' id='block_1_4' title="bbox 510 382 3819 489">
    <p class='ocr_par' dir='ltr' id='par_1_4' title="bbox 510 382 3819 489">
     <span class='ocr_line' id='line_1_4' title="bbox 510 382 3819 489; baseline -0.001 -18"><span class='ocrx_word' id='word_1_6' title='bbox 510 416 675 489; x_wconf 82' lang='lat' dir='ltr'><strong>pedes</strong></span> <span class='ocrx_word' id='word_1_7' title='bbox 699 421 910 471; x_wconf 91' lang='lat' dir='ltr'><strong>vestros</strong></span> <span class='ocrx_word' id='word_1_8' title='bbox 939 413 995 471; x_wconf 92' lang='lat' dir='ltr'><strong>in</strong></span> <span class='ocrx_word' id='word_1_9' title='bbox 1019 422 1195 487; x_wconf 97' lang='lat' dir='ltr'><strong>petra,</strong></span> <span class='ocrx_word' id='word_1_10' title='bbox 1224 431 1388 489; x_wconf 82' lang='lat' dir='ltr'><strong>super</strong></span> <span class='ocrx_word' id='word_1_11' title='bbox 1417 430 1581 487; x_wconf 89' lang='lat' dir='ltr'><strong>quam</strong></span> <span class='ocrx_word' id='word_1_12' title='bbox 1603 414 1863 471; x_wconf 87' lang='lat' dir='ltr'><strong>Dominus</strong></span> <span class='ocrx_word' id='word_1_13' title='bbox 1891 382 2091 486; x_wconf 69' lang='lat' dir='ltr'><strong>pt‘inci-</strong></span> <span class='ocrx_word' id='word_1_14' title='bbox 2118 417 2165 478; x_wconf 80' lang='grc' dir='ltr'><strong>Α</strong></span> <span class='ocrx_word' id='word_1_15' title='bbox 2190 418 2249 466; x_wconf 87' lang='lat' dir='ltr'><strong>et</strong></span> <span class='ocrx_word' id='word_1_16' title='bbox 2291 411 2452 466; x_wconf 87' lang='lat' dir='ltr'><strong>elisos</strong></span> <span class='ocrx_word' id='word_1_17' title='bbox 2480 407 2722 481; x_wconf 87' lang='lat' dir='ltr'><strong>erigatis,</strong></span> <span class='ocrx_word' id='word_1_18' title='bbox 2757 409 2947 481; x_wconf 88' lang='lat' dir='ltr'><strong>pulsos</strong></span> <span class='ocrx_word' id='word_1_19' title='bbox 2987 416 3044 467; x_wconf 92' lang='lat' dir='ltr'><strong>et</strong></span> <span class='ocrx_word' id='word_1_20' title='bbox 3080 408 3359 467; x_wconf 80' lang='lat' dir='ltr'><strong>exsiliatos</strong></span> <span class='ocrx_word' id='word_1_21' title='bbox 3397 411 3724 476; x_wconf 81' lang='lat' dir='ltr'><strong>revocetis,</strong></span> <span class='ocrx_word' id='word_1_22' title='bbox 3762 420 3819 469; x_wconf 81' lang='lat' dir='ltr'><strong>et</strong></span> 
     </span>
    </p>
   </div>
   <div class='ocr_carea' id='block_1_5' title="bbox 507 496 2094 583">
    <p class='ocr_par' dir='ltr' id='par_1_5' title="bbox 507 496 2094 583">
     <span class='ocr_line' id='line_1_5' title="bbox 507 496 2094 583; baseline 0.003 -22"><span class='ocrx_word' id='word_1_23' title='bbox 507 508 702 580; x_wconf 82' lang='lat' dir='ltr'><strong>paliter</strong></span> <span class='ocrx_word' id='word_1_24' title='bbox 756 523 909 564; x_wconf 88' lang='lat' dir='ltr'><strong>suam</strong></span> <span class='ocrx_word' id='word_1_25' title='bbox 948 496 1279 564; x_wconf 55' lang='lat' dir='ltr'><strong>construere.</strong></span> <span class='ocrx_word' id='word_1_26' title='bbox 1309 509 1508 583; x_wconf 84' lang='lat' dir='ltr'><strong>delegit</strong></span> <span class='ocrx_word' id='word_1_27' title='bbox 1539 509 1835 581; x_wconf 80' lang='lat' dir='ltr'><strong>Ecclesiam</strong></span> <span class='ocrx_word' id='word_1_28' title='bbox 1868 527 1883 564; x_wconf 89' lang='lat'><strong>:</strong></span> <span class='ocrx_word' id='word_1_29' title='bbox 1918 519 1973 565; x_wconf 92' lang='lat' dir='ltr'><strong>et</strong></span> <span class='ocrx_word' id='word_1_30' title='bbox 2025 509 2094 565; x_wconf 90' lang='lat' dir='ltr'><strong>ab</strong></span> 
     </span>
    </p>
   </div>
   <div class='ocr_carea' id='block_1_6' title="bbox 402 602 2092 687">
    <p class='ocr_par' dir='ltr' id='par_1_6' title="bbox 402 602 2092 687">
     <span class='ocr_line' id='line_1_6' title="bbox 402 602 2092 687; baseline -0.002 -26"><span class='ocrx_word' id='word_1_31' title='bbox 402 643 423 687; x_wconf 47' lang='grc' dir='ltr'><em>η</em></span> <span class='ocrx_word' id='word_1_32' title='bbox 508 602 627 673; x_wconf 85' lang='lat' dir='ltr'><strong>ejus</strong></span> <span class='ocrx_word' id='word_1_33' title='bbox 651 603 1049 659; x_wconf 85' lang='lat' dir='ltr'><strong>communionis</strong></span> <span class='ocrx_word' id='word_1_34' title='bbox 1072 603 1368 670; x_wconf 75' lang='lat' dir='ltr'><strong>soliditate,</strong></span> <span class='ocrx_word' id='word_1_35' title='bbox 1399 604 1543 659; x_wconf 87' lang='lat' dir='ltr'><strong>sicut</strong></span> <span class='ocrx_word' id='word_1_36' title='bbox 1569 620 1668 659; x_wconf 91' lang='lat' dir='ltr'><strong>nec</strong></span> <span class='ocrx_word' id='word_1_37' title='bbox 1700 605 1984 667; x_wconf 81' lang='lat' dir='ltr'><strong>hactenus,</strong></span> <span class='ocrx_word' id='word_1_38' title='bbox 2017 605 2092 658; x_wconf 91' lang='lat' dir='ltr'><strong>ita</strong></span> 
     </span>
    </p>
   </div>
   <div class='ocr_carea' id='block_1_7' title="bbox 510 695 2093 767">
    <p class='ocr_par' dir='ltr' id='par_1_7' title="bbox 510 695 2093 767">
     <span class='ocr_line' id='line_1_7' title="bbox 510 695 2093 767; baseline 0.001 -18"><span class='ocrx_word' id='word_1_39' title='bbox 510 710 727 765; x_wconf 82' lang='lat' dir='ltr'><strong>quoque</strong></span> <span class='ocrx_word' id='word_1_40' title='bbox 770 709 939 766; x_wconf 85' lang='lat' dir='ltr'><strong>usque</strong></span> <span class='ocrx_word' id='word_1_41' title='bbox 985 696 1039 751; x_wconf 89' lang='lat' dir='ltr'><strong>in</strong></span> <span class='ocrx_word' id='word_1_42' title='bbox 1082 695 1241 751; x_wconf 90' lang='lat' dir='ltr'><strong>ﬁnem</strong></span> <span class='ocrx_word' id='word_1_43' title='bbox 1290 696 1451 752; x_wconf 90' lang='lat' dir='ltr'><strong>nullis</strong></span> <span class='ocrx_word' id='word_1_44' title='bbox 1492 697 1741 767; x_wconf 74' lang='lat' dir='ltr'><strong>procellae</strong></span> <span class='ocrx_word' id='word_1_45' title='bbox 1783 695 2093 752; x_wconf 88' lang='lat' dir='ltr'><strong>alicnamini</strong></span> 
     </span>
    </p>
   </div>
   <div class='ocr_carea' id='block_1_8' title="bbox 508 785 2096 860">
    <p class='ocr_par' dir='ltr' id='par_1_8' title="bbox 508 785 2096 860">
     <span class='ocr_line' id='line_1_8' title="bbox 508 785 2096 860; baseline 0.002 -18"><span class='ocrx_word' id='word_1_46' title='bbox 508 785 743 843; x_wconf 83' lang='lat' dir='ltr'><strong>ﬂatibus.</strong></span> <span class='ocrx_word' id='word_1_47' title='bbox 772 786 880 843; x_wconf 86' lang='lat' dir='ltr'><strong>Nos</strong></span> <span class='ocrx_word' id='word_1_48' title='bbox 912 803 1060 855; x_wconf 88' lang='lat' dir='ltr'><strong>vero,</strong></span> <span class='ocrx_word' id='word_1_49' title='bbox 1084 790 1176 859; x_wconf 89' lang='lat' dir='ltr'><strong>qui</strong></span> <span class='ocrx_word' id='word_1_50' title='bbox 1205 788 1449 860; x_wconf 85' lang='lat' dir='ltr'><strong>ejusdem</strong></span> <span class='ocrx_word' id='word_1_51' title='bbox 1497 791 1753 846; x_wconf 90' lang='lat' dir='ltr'><strong>immeriti</strong></span> <span class='ocrx_word' id='word_1_52' title='bbox 1784 806 1973 846; x_wconf 84' lang='lat' dir='ltr'><strong>sumus</strong></span> <span class='ocrx_word' id='word_1_53' title='bbox 2017 791 2096 845; x_wconf 84' lang='lat' dir='ltr'><strong>vi-</strong></span> 
     </span>
    </p>
   </div>
   <div class='ocr_carea' id='block_1_9' title="bbox 510 880 2094 954">
    <p class='ocr_par' dir='ltr' id='par_1_9' title="bbox 510 880 2094 954">
     <span class='ocr_line' id='line_1_9' title="bbox 510 880 2094 954; baseline 0.001 -17"><span class='ocrx_word' id='word_1_54' title='bbox 510 880 643 937; x_wconf 89' lang='lat' dir='ltr'><strong>carii</strong></span> <span class='ocrx_word' id='word_1_55' title='bbox 674 921 688 946; x_wconf 96' lang='lat'><strong>,</strong></span> <span class='ocrx_word' id='word_1_56' title='bbox 731 888 839 935; x_wconf 89' lang='lat' dir='ltr'><strong>tam</strong></span> <span class='ocrx_word' id='word_1_57' title='bbox 881 880 1026 937; x_wconf 89' lang='lat' dir='ltr'><strong>circa</strong></span> <span class='ocrx_word' id='word_1_58' title='bbox 1069 890 1269 938; x_wconf 87' lang='lat' dir='ltr'><strong>statum</strong></span> <span class='ocrx_word' id='word_1_59' title='bbox 1304 882 1560 939; x_wconf 71' lang='lat' dir='ltr'><strong>Ecclesiae</strong></span> <span class='ocrx_word' id='word_1_60' title='bbox 1603 882 2094 954; x_wconf 90' lang='lat' dir='ltr'><strong>Constantinopoli-</strong></span> 
     </span>
    </p>
   </div>
   <div class='ocr_carea' id='block_1_10' title="bbox 511 975 2094 1048">
    <p class='ocr_par' dir='ltr' id='par_1_10' title="bbox 511 975 2094 1048">
     <span class='ocr_line' id='line_1_10' title="bbox 511 975 2094 1048; baseline 0.003 -19"><span class='ocrx_word' id='word_1_61' title='bbox 511 983 669 1041; x_wconf 62' lang='lat' dir='ltr'><strong>tanaa,</strong></span> <span class='ocrx_word' id='word_1_62' title='bbox 698 989 970 1046; x_wconf 84' lang='lat' dir='ltr'><strong>quamque</strong></span> <span class='ocrx_word' id='word_1_63' title='bbox 1000 975 1146 1032; x_wconf 91' lang='lat' dir='ltr'><strong>circa</strong></span> <span class='ocrx_word' id='word_1_64' title='bbox 1178 977 1645 1048; x_wconf 83' lang='lat' dir='ltr'><strong>recuperationem</strong></span> <span class='ocrx_word' id='word_1_65' title='bbox 1676 975 1863 1032; x_wconf 78' lang='lat' dir='ltr'><strong>fratris</strong></span> <span class='ocrx_word' id='word_1_66' title='bbox 1883 986 1940 1033; x_wconf 92' lang='lat' dir='ltr'><strong>et</strong></span> <span class='ocrx_word' id='word_1_67' title='bbox 1966 992 2094 1033; x_wconf 80' lang='lat' dir='ltr'><strong>coe-</strong></span> 
     </span>
    </p>
   </div>
   <div class='ocr_carea' id='block_1_11' title="bbox 507 1068 2094 1142">
    <p class='ocr_par' dir='ltr' id='par_1_11' title="bbox 507 1068 2094 1142">
     <span class='ocr_line' id='line_1_11' title="bbox 507 1068 2094 1142; baseline 0.001 -19"><span class='ocrx_word' id='word_1_68' title='bbox 507 1069 712 1139; x_wconf 87' lang='lat' dir='ltr'><strong>piscopi</strong></span> <span class='ocrx_word' id='word_1_69' title='bbox 740 1069 910 1124; x_wconf 90' lang='lat' dir='ltr'><strong>nostri</strong></span> <span class='ocrx_word' id='word_1_70' title='bbox 940 1068 1156 1142; x_wconf 88' lang='lat' dir='ltr'><strong>lgnatii,</strong></span> <span class='ocrx_word' id='word_1_71' title='bbox 1180 1068 1338 1139; x_wconf 75' lang='lat' dir='ltr'><strong>juxta</strong></span> <span class='ocrx_word' id='word_1_72' title='bbox 1369 1070 1732 1126; x_wconf 83' lang='lat' dir='ltr'><strong>ministerium</strong></span> <span class='ocrx_word' id='word_1_73' title='bbox 1764 1070 1922 1126; x_wconf 90' lang='lat' dir='ltr'><strong>nobis</strong></span> <span class='ocrx_word' id='word_1_74' title='bbox 1967 1085 2094 1125; x_wconf 90' lang='lat' dir='ltr'><strong>ere-</strong></span> 
     </span>
    </p>
   </div>
   <div class='ocr_carea' id='block_1_12' title="bbox 509 1156 2098 1234">
    <p class='ocr_par' dir='ltr' id='par_1_12' title="bbox 509 1156 2098 1234">
     <span class='ocr_line' id='line_1_12' title="bbox 509 1156 2098 1234; baseline 0.001 -18"><span class='ocrx_word' id='word_1_75' title='bbox 509 1156 702 1227; x_wconf 85' lang='lat' dir='ltr'><strong>ditum,</strong></span> <span class='ocrx_word' id='word_1_76' title='bbox 735 1176 928 1230; x_wconf 84' lang='lat' dir='ltr'><strong>segnes</strong></span> <span class='ocrx_word' id='word_1_77' title='bbox 972 1161 1203 1217; x_wconf 83' lang='lat' dir='ltr'><strong>inveniri</strong></span> <span class='ocrx_word' id='word_1_78' title='bbox 1231 1162 1313 1218; x_wconf 89' lang='lat' dir='ltr'><strong>vel</strong></span> <span class='ocrx_word' id='word_1_79' title='bbox 1342 1162 1553 1219; x_wconf 87' lang='lat' dir='ltr'><strong>desides</strong></span> <span class='ocrx_word' id='word_1_80' title='bbox 1578 1158 1724 1234; x_wconf 85' lang='lat' dir='ltr'><strong>nullo</strong></span> <span class='ocrx_word' id='word_1_81' title='bbox 1747 1170 1908 1234; x_wconf 91' lang='lat' dir='ltr'><strong>pacto</strong></span> <span class='ocrx_word' id='word_1_82' title='bbox 1930 1162 2098 1219; x_wconf 83' lang='lat' dir='ltr'><strong>conﬁ-</strong></span> 
     </span>
    </p>
   </div>
   <div class='ocr_carea' id='block_1_13' title="bbox 509 1231 2095 1326">
    <p class='ocr_par' dir='ltr' id='par_1_13' title="bbox 509 1231 2095 1326">
     <span class='ocr_line' id='line_1_13' title="bbox 509 1231 2095 1326; baseline 0.002 -18"><span class='ocrx_word' id='word_1_83' title='bbox 509 1252 640 1309; x_wconf 90' lang='lat' dir='ltr'><strong>dite.</strong></span> <span class='ocrx_word' id='word_1_84' title='bbox 692 1252 974 1322; x_wconf 84' lang='lat' dir='ltr'><strong>Quomodo</strong></span> <span class='ocrx_word' id='word_1_85' title='bbox 1003 1263 1183 1310; x_wconf 89' lang='lat' dir='ltr'><strong>autem</strong></span> <span class='ocrx_word' id='word_1_86' title='bbox 1229 1269 1356 1324; x_wconf 86' lang='lat' dir='ltr'><strong>erga</strong></span> <span class='ocrx_word' id='word_1_87' title='bbox 1402 1270 1519 1321; x_wconf 89' lang='lat' dir='ltr'><strong>vos,</strong></span> <span class='ocrx_word' id='word_1_88' title='bbox 1551 1254 1634 1310; x_wconf 91' lang='lat' dir='ltr'><strong>vel</strong></span> <span class='ocrx_word' id='word_1_89' title='bbox 1662 1231 2095 1326; x_wconf 40' lang='lat' dir='ltr'><strong>ller—ga‘dilectas</strong></span> 
     </span>
    </p>
   </div>
   <div class='ocr_carea' id='block_1_14' title="bbox 474 1344 2096 1419">
    <p class='ocr_par' dir='ltr' id='par_1_14' title="bbox 474 1344 2096 1419">
     <span class='ocr_line' id='line_1_14' title="bbox 474 1344 2096 1419; baseline 0.002 -19"><span class='ocrx_word' id='word_1_90' title='bbox 474 1375 478 1380; x_wconf 92' lang='lat'><strong><em>-</em></strong></span> <span class='ocrx_word' id='word_1_91' title='bbox 510 1344 648 1401; x_wconf 87' lang='lat' dir='ltr'><strong>ﬁlias</strong></span> <span class='ocrx_word' id='word_1_92' title='bbox 676 1353 885 1401; x_wconf 90' lang='lat' dir='ltr'><strong>vestras</strong></span> <span class='ocrx_word' id='word_1_93' title='bbox 917 1354 1126 1419; x_wconf 78' lang='lat' dir='ltr'><strong>agatur,</strong></span> <span class='ocrx_word' id='word_1_94' title='bbox 1157 1346 1244 1401; x_wconf 87' lang='lat' dir='ltr'><strong>vel</strong></span> <span class='ocrx_word' id='word_1_95' title='bbox 1283 1346 1330 1402; x_wconf 90' lang='lat' dir='ltr'><strong>si</strong></span> <span class='ocrx_word' id='word_1_96' title='bbox 1358 1345 1500 1402; x_wconf 87' lang='lat' dir='ltr'><strong>forte</strong></span> <span class='ocrx_word' id='word_1_97' title='bbox 1526 1347 1653 1418; x_wconf 92' lang='lat' dir='ltr'><strong>quid</strong></span> <span class='ocrx_word' id='word_1_98' title='bbox 1683 1347 1834 1404; x_wconf 90' lang='lat' dir='ltr'><strong>cordi</strong></span> <span class='ocrx_word' id='word_1_99' title='bbox 1860 1357 1966 1415; x_wconf 90' lang='lat' dir='ltr'><strong>est,</strong></span> <span class='ocrx_word' id='word_1_100' title='bbox 1998 1363 2096 1419; x_wconf 91' lang='lat' dir='ltr'><strong>per</strong></span> 
     </span>
    </p>
   </div>
   <div class='ocr_carea' id='block_1_15' title="bbox 508 1432 2093 1512">
    <p class='ocr_par' dir='ltr' id='par_1_15' title="bbox 508 1432 2093 1512">
     <span class='ocr_line' id='line_1_15' title="bbox 508 1432 2093 1512; baseline 0.003 -19"><span class='ocrx_word' id='word_1_101' title='bbox 508 1447 805 1509; x_wconf 65' lang='lat' dir='ltr'><strong>praesentes</strong></span> <span class='ocrx_word' id='word_1_102' title='bbox 851 1439 1045 1495; x_wconf 90' lang='lat' dir='ltr'><strong>missos</strong></span> <span class='ocrx_word' id='word_1_103' title='bbox 1083 1448 1320 1504; x_wconf 90' lang='lat' dir='ltr'><strong>nostros,</strong></span> <span class='ocrx_word' id='word_1_104' title='bbox 1349 1440 1548 1511; x_wconf 87' lang='lat' dir='ltr'><strong>quibus</strong></span> <span class='ocrx_word' id='word_1_105' title='bbox 1578 1432 1863 1512; x_wconf 84' lang='lat' dir='ltr'><strong>suﬂ‘ragari</strong></span> <span class='ocrx_word' id='word_1_106' title='bbox 1891 1457 1990 1499; x_wconf 88' lang='lat' dir='ltr'><strong>vos</strong></span> <span class='ocrx_word' id='word_1_107' title='bbox 2036 1443 2093 1497; x_wconf 92' lang='lat' dir='ltr'><strong>in</strong></span> 
     </span>
    </p>
   </div>
   <div class='ocr_carea' id='block_1_16' title="bbox 510 1528 2096 1600">
    <p class='ocr_par' dir='ltr' id='par_1_16' title="bbox 510 1528 2096 1600">
     <span class='ocr_line' id='line_1_16' title="bbox 510 1528 2096 1600; baseline 0.003 -17"><span class='ocrx_word' id='word_1_108' title='bbox 510 1528 1008 1599; x_wconf 82' lang='lat' dir='ltr'><strong>opportunitatibus</strong></span> <span class='ocrx_word' id='word_1_109' title='bbox 1037 1530 1296 1600; x_wconf 84' lang='lat' dir='ltr'><strong>petimus,</strong></span> <span class='ocrx_word' id='word_1_110' title='bbox 1322 1528 1429 1585; x_wconf 88' lang='lat' dir='ltr'><strong>ﬁda</strong></span> <span class='ocrx_word' id='word_1_111' title='bbox 1450 1538 1634 1586; x_wconf 91' lang='lat' dir='ltr'><strong>mente</strong></span> <span class='ocrx_word' id='word_1_112' title='bbox 1660 1530 1838 1597; x_wconf 91' lang='lat' dir='ltr'><strong>nobis,</strong></span> <span class='ocrx_word' id='word_1_113' title='bbox 1861 1542 1917 1587; x_wconf 89' lang='lat' dir='ltr'><strong>et</strong></span> <span class='ocrx_word' id='word_1_114' title='bbox 1943 1532 2096 1588; x_wconf 84' lang='lat' dir='ltr'><strong>indu-</strong></span> 
     </span>
    </p>
   </div>
   <div class='ocr_carea' id='block_1_17' title="bbox 2194 501 3813 574">
    <p class='ocr_par' dir='ltr' id='par_1_17' title="bbox 2194 501 3813 574">
     <span class='ocr_line' id='line_1_17' title="bbox 2194 501 3813 574; baseline 0.001 -16"><span class='ocrx_word' id='word_1_115' title='bbox 2194 512 2387 558; x_wconf 86' lang='lat' dir='ltr'><strong>cuncta</strong></span> <span class='ocrx_word' id='word_1_116' title='bbox 2415 502 2725 572; x_wconf 83' lang='lat' dir='ltr'><strong>depravata,</strong></span> <span class='ocrx_word' id='word_1_117' title='bbox 2751 501 2996 568; x_wconf 86' lang='lat' dir='ltr'><strong>confusa,</strong></span> <span class='ocrx_word' id='word_1_118' title='bbox 3023 501 3351 569; x_wconf 81' lang='lat' dir='ltr'><strong>inordinata,</strong></span> <span class='ocrx_word' id='word_1_119' title='bbox 3377 512 3554 574; x_wconf 86' lang='lat' dir='ltr'><strong>atque</strong></span> <span class='ocrx_word' id='word_1_120' title='bbox 3582 504 3813 559; x_wconf 81' lang='lat' dir='ltr'><strong>destru-</strong></span> 
     </span>
    </p>
   </div>
   <div class='ocr_carea' id='block_1_18' title="bbox 2197 593 3819 664">
    <p class='ocr_par' dir='ltr' id='par_1_18' title="bbox 2197 593 3819 664">
     <span class='ocr_line' id='line_1_18' title="bbox 2197 593 3819 664; baseline 0.001 -16"><span class='ocrx_word' id='word_1_121' title='bbox 2197 602 2309 658; x_wconf 90' lang='lat' dir='ltr'><strong>cta,</strong></span> <span class='ocrx_word' id='word_1_122' title='bbox 2346 593 2516 664; x_wconf 78' lang='lat' dir='ltr'><strong>vigori</strong></span> <span class='ocrx_word' id='word_1_123' title='bbox 2557 594 2788 663; x_wconf 83' lang='lat' dir='ltr'><strong>pristino</strong></span> <span class='ocrx_word' id='word_1_124' title='bbox 2832 593 3143 649; x_wconf 84' lang='lat' dir='ltr'><strong>reformetis</strong></span> <span class='ocrx_word' id='word_1_125' title='bbox 3188 613 3200 647; x_wconf 91' lang='lat'><strong>:</strong></span> <span class='ocrx_word' id='word_1_126' title='bbox 3254 608 3445 649; x_wconf 89' lang='lat' dir='ltr'><strong>verum</strong></span> <span class='ocrx_word' id='word_1_127' title='bbox 3487 595 3716 659; x_wconf 85' lang='lat' dir='ltr'><strong>etiam,</strong></span> <span class='ocrx_word' id='word_1_128' title='bbox 3761 606 3819 651; x_wconf 89' lang='lat' dir='ltr'><strong>ut</strong></span> 
     </span>
    </p>
   </div>
   <div class='ocr_carea' id='block_1_19' title="bbox 2197 672 3821 758">
    <p class='ocr_par' dir='ltr' id='par_1_19' title="bbox 2197 672 3821 758">
     <span class='ocr_line' id='line_1_19' title="bbox 2197 672 3821 758; baseline 0.002 -19"><span class='ocrx_word' id='word_1_129' title='bbox 2197 692 2455 755; x_wconf 86' lang='lat' dir='ltr'><strong>tanquam</strong></span> <span class='ocrx_word' id='word_1_130' title='bbox 2483 683 2639 742; x_wconf 89' lang='lat' dir='ltr'><strong>fortis</strong></span> <span class='ocrx_word' id='word_1_131' title='bbox 2660 686 2844 758; x_wconf 84' lang='lat' dir='ltr'><strong>virago</strong></span> <span class='ocrx_word' id='word_1_132' title='bbox 2871 695 2927 742; x_wconf 91' lang='lat' dir='ltr'><strong>et</strong></span> <span class='ocrx_word' id='word_1_133' title='bbox 2954 686 3183 757; x_wconf 79' lang='lat' dir='ltr'><strong>insignis</strong></span> <span class='ocrx_word' id='word_1_134' title='bbox 3204 684 3441 755; x_wconf 77' lang='lat' dir='ltr'><strong>adjutrix</strong></span> <span class='ocrx_word' id='word_1_135' title='bbox 3473 672 3605 741; x_wconf 77' lang='lat' dir='ltr'><strong>viro</strong></span> <span class='ocrx_word' id='word_1_136' title='bbox 3632 696 3821 742; x_wconf 81' lang='lat' dir='ltr'><strong>vestro</strong></span> 
     </span>
    </p>
   </div>
   <div class='ocr_carea' id='block_1_20' title="bbox 2195 778 3823 851">
    <p class='ocr_par' dir='ltr' id='par_1_20' title="bbox 2195 778 3823 851">
     <span class='ocr_line' id='line_1_20' title="bbox 2195 778 3823 851; baseline -0.002 -16"><span class='ocrx_word' id='word_1_137' title='bbox 2195 778 2264 835; x_wconf 89' lang='lat' dir='ltr'><strong>ad</strong></span> <span class='ocrx_word' id='word_1_138' title='bbox 2292 779 2458 835; x_wconf 89' lang='lat' dir='ltr'><strong>multa</strong></span> <span class='ocrx_word' id='word_1_139' title='bbox 2486 780 2823 847; x_wconf 90' lang='lat' dir='ltr'><strong>intendenti,</strong></span> <span class='ocrx_word' id='word_1_140' title='bbox 2852 789 2907 836; x_wconf 90' lang='lat' dir='ltr'><strong>et</strong></span> <span class='ocrx_word' id='word_1_141' title='bbox 2947 780 3233 835; x_wconf 87' lang='lat' dir='ltr'><strong>innumera</strong></span> <span class='ocrx_word' id='word_1_142' title='bbox 3266 780 3619 851; x_wconf 84' lang='lat' dir='ltr'><strong>disponenti,</strong></span> <span class='ocrx_word' id='word_1_143' title='bbox 3663 779 3823 847; x_wconf 76' lang='lat' dir='ltr'><strong>adju-</strong></span> 
     </span>
    </p>
   </div>
   <div class='ocr_carea' id='block_1_21' title="bbox 2196 872 3825 944">
    <p class='ocr_par' dir='ltr' id='par_1_21' title="bbox 2196 872 3825 944">
     <span class='ocr_line' id='line_1_21' title="bbox 2196 872 3825 944; baseline -0.001 -16"><span class='ocrx_word' id='word_1_144' title='bbox 2196 873 2396 928; x_wconf 89' lang='lat' dir='ltr'><strong>torium</strong></span> <span class='ocrx_word' id='word_1_145' title='bbox 2452 872 2826 944; x_wconf 84' lang='lat' dir='ltr'><strong>impendatis:</strong></span> <span class='ocrx_word' id='word_1_146' title='bbox 2871 881 2927 931; x_wconf 91' lang='lat' dir='ltr'><strong>et</strong></span> <span class='ocrx_word' id='word_1_147' title='bbox 2974 889 3044 929; x_wconf 91' lang='lat' dir='ltr'><strong>ne</strong></span> <span class='ocrx_word' id='word_1_148' title='bbox 3098 873 3242 929; x_wconf 89' lang='lat' dir='ltr'><strong>inter</strong></span> <span class='ocrx_word' id='word_1_149' title='bbox 3288 881 3369 929; x_wconf 93' lang='lat' dir='ltr'><strong>tot</strong></span> <span class='ocrx_word' id='word_1_150' title='bbox 3420 874 3750 929; x_wconf 79' lang='lat' dir='ltr'><strong>varietates</strong></span> <span class='ocrx_word' id='word_1_151' title='bbox 3793 890 3825 927; x_wconf 86' lang='lat' dir='ltr'><strong>a</strong></span> 
     </span>
    </p>
   </div>
   <div class='ocr_carea' id='block_1_22' title="bbox 2189 962 3828 1034">
    <p class='ocr_par' dir='ltr' id='par_1_22' title="bbox 2189 962 3828 1034">
     <span class='ocr_line' id='line_1_22' title="bbox 2189 962 3828 1034; baseline -0.001 -15"><span class='ocrx_word' id='word_1_152' title='bbox 2189 962 2415 1033; x_wconf 63' lang='lat' dir='ltr'><strong>justitim</strong></span> <span class='ocrx_word' id='word_1_153' title='bbox 2459 963 2697 1019; x_wconf 89' lang='lat' dir='ltr'><strong>culmine</strong></span> <span class='ocrx_word' id='word_1_154' title='bbox 2746 964 2982 1031; x_wconf 85' lang='lat' dir='ltr'><strong>decidat,</strong></span> <span class='ocrx_word' id='word_1_155' title='bbox 3025 979 3249 1019; x_wconf 87' lang='lat' dir='ltr'><strong>manum</strong></span> <span class='ocrx_word' id='word_1_156' title='bbox 3291 962 3479 1020; x_wconf 87' lang='lat' dir='ltr'><strong>solatii</strong></span> <span class='ocrx_word' id='word_1_157' title='bbox 3532 962 3828 1034; x_wconf 79' lang='lat' dir='ltr'><strong>quodam-</strong></span> 
     </span>
    </p>
   </div>
   <div class='ocr_carea' id='block_1_23' title="bbox 2197 1054 3827 1129">
    <p class='ocr_par' dir='ltr' id='par_1_23' title="bbox 2197 1054 3827 1129">
     <span class='ocr_line' id='line_1_23' title="bbox 2197 1054 3827 1129; baseline -0.001 -16"><span class='ocrx_word' id='word_1_158' title='bbox 2197 1057 2362 1113; x_wconf 92' lang='lat' dir='ltr'><strong>modo</strong></span> <span class='ocrx_word' id='word_1_159' title='bbox 2386 1057 2700 1129; x_wconf 85' lang='lat' dir='ltr'><strong>porrigatis.</strong></span> <span class='ocrx_word' id='word_1_160' title='bbox 2740 1054 2831 1112; x_wconf 90' lang='lat' dir='ltr'><strong>Sic</strong></span> <span class='ocrx_word' id='word_1_161' title='bbox 2860 1057 3124 1113; x_wconf 87' lang='lat' dir='ltr'><strong>Dominus</strong></span> <span class='ocrx_word' id='word_1_162' title='bbox 3150 1057 3205 1111; x_wconf 91' lang='lat' dir='ltr'><strong>in</strong></span> <span class='ocrx_word' id='word_1_163' title='bbox 3230 1056 3504 1128; x_wconf 91' lang='lat' dir='ltr'><strong>principio</strong></span> <span class='ocrx_word' id='word_1_164' title='bbox 3535 1055 3827 1111; x_wconf 84' lang='lat' dir='ltr'><strong>conditio-</strong></span> 
     </span>
    </p>
   </div>
   <div class='ocr_carea' id='block_1_24' title="bbox 2196 1147 3829 1220">
    <p class='ocr_par' dir='ltr' id='par_1_24' title="bbox 2196 1147 3829 1220">
     <span class='ocr_line' id='line_1_24' title="bbox 2196 1147 3829 1220; baseline -0.001 -17"><span class='ocrx_word' id='word_1_165' title='bbox 2196 1149 2284 1205; x_wconf 89' lang='lat' dir='ltr'><strong>nis</strong></span> <span class='ocrx_word' id='word_1_166' title='bbox 2337 1150 2590 1205; x_wconf 70' lang='lat' dir='ltr'><strong>humante</strong></span> <span class='ocrx_word' id='word_1_167' title='bbox 2636 1149 2973 1220; x_wconf 88' lang='lat' dir='ltr'><strong>protoplasto</strong></span> <span class='ocrx_word' id='word_1_168' title='bbox 3021 1149 3267 1205; x_wconf 90' lang='lat' dir='ltr'><strong>mulieris</strong></span> <span class='ocrx_word' id='word_1_169' title='bbox 3309 1147 3670 1218; x_wconf 85' lang='lat' dir='ltr'><strong>adjutorium</strong></span> <span class='ocrx_word' id='word_1_170' title='bbox 3720 1148 3829 1203; x_wconf 85' lang='lat' dir='ltr'><strong>sibi</strong></span> 
     </span>
    </p>
   </div>
   <div class='ocr_carea' id='block_1_25' title="bbox 2198 1238 3830 1314">
    <p class='ocr_par' dir='ltr' id='par_1_25' title="bbox 2198 1238 3830 1314">
     <span class='ocr_line' id='line_1_25' title="bbox 2198 1238 3830 1314; baseline -0.002 -18"><span class='ocrx_word' id='word_1_171' title='bbox 2198 1239 2377 1296; x_wconf 90' lang='lat' dir='ltr'><strong>simile</strong></span> <span class='ocrx_word' id='word_1_172' title='bbox 2414 1240 2604 1295; x_wconf 84' lang='lat' dir='ltr'><strong>tribuit</strong></span> <span class='ocrx_word' id='word_1_173' title='bbox 2632 1238 2786 1310; x_wconf 82' lang='lat' dir='ltr'><strong>(Gen.</strong></span> <span class='ocrx_word' id='word_1_174' title='bbox 2817 1240 2881 1314; x_wconf 83' lang='lat' dir='ltr'><strong>t),</strong></span> <span class='ocrx_word' id='word_1_175' title='bbox 2914 1255 2983 1296; x_wconf 91' lang='lat' dir='ltr'><strong>ne</strong></span> <span class='ocrx_word' id='word_1_176' title='bbox 3007 1239 3261 1297; x_wconf 87' lang='lat' dir='ltr'><strong>videlicet</strong></span> <span class='ocrx_word' id='word_1_177' title='bbox 3285 1240 3372 1295; x_wconf 87' lang='lat' dir='ltr'><strong>vir</strong></span> <span class='ocrx_word' id='word_1_178' title='bbox 3405 1240 3718 1296; x_wconf 81' lang='lat' dir='ltr'><strong>solitarius</strong></span> <span class='ocrx_word' id='word_1_179' title='bbox 3750 1239 3830 1293; x_wconf 79' lang='lat' dir='ltr'><strong>al-</strong></span> 
     </span>
    </p>
   </div>
   <div class='ocr_carea' id='block_1_26' title="bbox 2196 1330 3829 1412">
    <p class='ocr_par' dir='ltr' id='par_1_26' title="bbox 2196 1330 3829 1412">
     <span class='ocr_line' id='line_1_26' title="bbox 2196 1330 3829 1412; baseline 0.001 -24"><span class='ocrx_word' id='word_1_180' title='bbox 2196 1333 2368 1389; x_wconf 87' lang='lat' dir='ltr'><strong>terius</strong></span> <span class='ocrx_word' id='word_1_181' title='bbox 2393 1331 2536 1388; x_wconf 88' lang='lat' dir='ltr'><strong>forte</strong></span> <span class='ocrx_word' id='word_1_182' title='bbox 2559 1332 2789 1389; x_wconf 89' lang='lat' dir='ltr'><strong>consilio</strong></span> <span class='ocrx_word' id='word_1_183' title='bbox 2818 1332 3131 1412; x_wconf 75' lang='lat' dir='ltr'><strong>destitutus,</strong></span> <span class='ocrx_word' id='word_1_184' title='bbox 3160 1330 3378 1389; x_wconf 81' lang='lat' dir='ltr'><strong>facilius</strong></span> <span class='ocrx_word' id='word_1_185' title='bbox 3406 1333 3478 1388; x_wconf 91' lang='lat' dir='ltr'><strong>ad</strong></span> <span class='ocrx_word' id='word_1_186' title='bbox 3503 1333 3631 1388; x_wconf 82' lang='lat' dir='ltr'><strong>ima</strong></span> <span class='ocrx_word' id='word_1_187' title='bbox 3666 1333 3829 1389; x_wconf 78' lang='lat' dir='ltr'><strong>deei-</strong></span> 
     </span>
    </p>
   </div>
   <div class='ocr_carea' id='block_1_27' title="bbox 2195 1420 3831 1494">
    <p class='ocr_par' dir='ltr' id='par_1_27' title="bbox 2195 1420 3831 1494">
     <span class='ocr_line' id='line_1_27' title="bbox 2195 1420 3831 1494; baseline -0.002 -14"><span class='ocrx_word' id='word_1_188' title='bbox 2195 1422 2371 1490; x_wconf 89' lang='lat' dir='ltr'><strong>deret,</strong></span> <span class='ocrx_word' id='word_1_189' title='bbox 2400 1422 2785 1494; x_wconf 81' lang='lat' dir='ltr'><strong>difﬁciliusque</strong></span> <span class='ocrx_word' id='word_1_190' title='bbox 2839 1431 2965 1494; x_wconf 89' lang='lat' dir='ltr'><strong>post</strong></span> <span class='ocrx_word' id='word_1_191' title='bbox 3004 1438 3200 1478; x_wconf 85' lang='lat' dir='ltr'><strong>casum</strong></span> <span class='ocrx_word' id='word_1_192' title='bbox 3243 1431 3608 1494; x_wconf 83' lang='lat' dir='ltr'><strong>resurgeret,</strong></span> <span class='ocrx_word' id='word_1_193' title='bbox 3659 1420 3831 1491; x_wconf 77' lang='lat' dir='ltr'><strong>juxta</strong></span> 
     </span>
    </p>
   </div>
   <div class='ocr_carea' id='block_1_28' title="bbox 2196 1517 3832 1592">
    <p class='ocr_par' dir='ltr' id='par_1_28' title="bbox 2196 1517 3832 1592">
     <span class='ocr_line' id='line_1_28' title="bbox 2196 1517 3832 1592; baseline 0 -18"><span class='ocrx_word' id='word_1_194' title='bbox 2196 1520 2341 1592; x_wconf 88' lang='lat' dir='ltr'><strong>quod</strong></span> <span class='ocrx_word' id='word_1_195' title='bbox 2365 1520 2627 1592; x_wconf 89' lang='lat' dir='ltr'><strong>scriptum</strong></span> <span class='ocrx_word' id='word_1_196' title='bbox 2655 1527 2741 1576; x_wconf 88' lang='lat' dir='ltr'><strong>est</strong></span> <span class='ocrx_word' id='word_1_197' title='bbox 2765 1536 2779 1574; x_wconf 88' lang='lat'>:</span> <span class='ocrx_word' id='word_1_198' title='bbox 2814 1517 2906 1575; x_wconf 75' lang='lat' dir='ltr'><strong>Vw</strong></span> <span class='ocrx_word' id='word_1_199' title='bbox 2932 1519 3052 1585; x_wconf 72' lang='lat' dir='ltr'><strong>soli,</strong></span> <span class='ocrx_word' id='word_1_200' title='bbox 3082 1520 3210 1591; x_wconf 85' lang='lat' dir='ltr'><strong>quia</strong></span> <span class='ocrx_word' id='word_1_201' title='bbox 3232 1536 3352 1575; x_wconf 85' lang='lat' dir='ltr'><strong>cum</strong></span> <span class='ocrx_word' id='word_1_202' title='bbox 3384 1519 3688 1585; x_wconf 74' lang='lat' dir='ltr'><strong>ceciderit,</strong></span> <span class='ocrx_word' id='word_1_203' title='bbox 3722 1538 3832 1575; x_wconf 70' lang='lat' dir='ltr'><strong>non</strong></span> 
     </span>
    </p>
   </div>
   <div class='ocr_carea' id='block_1_29' title="bbox 2195 1608 3835 1683">
    <p class='ocr_par' dir='ltr' id='par_1_29' title="bbox 2195 1608 3835 1683">
     <span class='ocr_line' id='line_1_29' title="bbox 2195 1608 3835 1683; baseline -0.001 -17"><span class='ocrx_word' id='word_1_204' title='bbox 2195 1612 2348 1668; x_wconf 81' lang='lat' dir='ltr'><strong>habet</strong></span> <span class='ocrx_word' id='word_1_205' title='bbox 2378 1610 2731 1667; x_wconf 75' lang='lat' dir='ltr'><strong>sublevantem</strong></span> <span class='ocrx_word' id='word_1_206' title='bbox 2758 1609 2960 1683; x_wconf 84' lang='lat' dir='ltr'><strong>(Ercle.</strong></span> <span class='ocrx_word' id='word_1_207' title='bbox 2986 1608 3105 1682; x_wconf 84' lang='lat' dir='ltr'><strong>tv):</strong></span> <span class='ocrx_word' id='word_1_208' title='bbox 3138 1611 3389 1682; x_wconf 78' lang='lat' dir='ltr'><strong>quamvis</strong></span> <span class='ocrx_word' id='word_1_209' title='bbox 3434 1611 3551 1683; x_wconf 87' lang='lat' dir='ltr'><strong>ipsi</strong></span> <span class='ocrx_word' id='word_1_210' title='bbox 3592 1611 3835 1681; x_wconf 46' lang='lat' dir='ltr'><strong>digen-</strong></span> 
     </span>
    </p>
   </div>
   <div class='ocr_carea' id='block_1_30' title="bbox 2197 1702 3835 1770">
    <p class='ocr_par' dir='ltr' id='par_1_30' title="bbox 2197 1702 3835 1770">
     <span class='ocr_line' id='line_1_30' title="bbox 2197 1702 3835 1770; baseline -0.001 -9"><span class='ocrx_word' id='word_1_211' title='bbox 2197 1706 2468 1762; x_wconf 88' lang='lat' dir='ltr'><strong>sationem</strong></span> <span class='ocrx_word' id='word_1_212' title='bbox 2514 1704 2753 1760; x_wconf 86' lang='lat' dir='ltr'><strong>divinam</strong></span> <span class='ocrx_word' id='word_1_213' title='bbox 2785 1702 2842 1759; x_wconf 92' lang='lat' dir='ltr'><strong>in</strong></span> <span class='ocrx_word' id='word_1_214' title='bbox 2881 1705 3217 1760; x_wconf 87' lang='lat' dir='ltr'><strong>contrarium</strong></span> <span class='ocrx_word' id='word_1_215' title='bbox 3255 1704 3555 1770; x_wconf 86' lang='lat' dir='ltr'><strong>verterint,</strong></span> <span class='ocrx_word' id='word_1_216' title='bbox 3598 1714 3666 1760; x_wconf 84' lang='lat' dir='ltr'><strong>et</strong></span> <span class='ocrx_word' id='word_1_217' title='bbox 3696 1719 3835 1759; x_wconf 71' lang='lat' dir='ltr'><strong>con-</strong></span> 
     </span>
    </p>
   </div>
   <div class='ocr_carea' id='block_1_31' title="bbox 2124 1796 3835 1870">
    <p class='ocr_par' dir='ltr' id='par_1_31' title="bbox 2124 1796 3835 1870">
     <span class='ocr_line' id='line_1_31' title="bbox 2124 1796 3835 1870; baseline -0.001 -15"><span class='ocrx_word' id='word_1_218' title='bbox 2124 1801 2174 1862; x_wconf 89' lang='lat' dir='ltr'><strong>B</strong></span> <span class='ocrx_word' id='word_1_219' title='bbox 2199 1813 2354 1855; x_wconf 88' lang='lat' dir='ltr'><strong>cessa</strong></span> <span class='ocrx_word' id='word_1_220' title='bbox 2375 1797 2533 1854; x_wconf 83' lang='lat' dir='ltr'><strong>liberi</strong></span> <span class='ocrx_word' id='word_1_221' title='bbox 2555 1797 2768 1854; x_wconf 89' lang='lat' dir='ltr'><strong>arbitrii</strong></span> <span class='ocrx_word' id='word_1_222' title='bbox 2794 1796 3083 1870; x_wconf 75' lang='lat' dir='ltr'><strong>dignitate,</strong></span> <span class='ocrx_word' id='word_1_223' title='bbox 3110 1811 3207 1853; x_wconf 90' lang='lat' dir='ltr'><strong>seu</strong></span> <span class='ocrx_word' id='word_1_224' title='bbox 3232 1797 3507 1854; x_wconf 84' lang='lat' dir='ltr'><strong>ditissima</strong></span> <span class='ocrx_word' id='word_1_225' title='bbox 3531 1806 3835 1869; x_wconf 70' lang='lat' dir='ltr'><strong>potesute</strong></span> 
     </span>
    </p>
   </div>
   <div class='ocr_carea' id='block_1_32' title="bbox 508 1619 2095 1691">
    <p class='ocr_par' dir='ltr' id='par_1_32' title="bbox 508 1619 2095 1691">
     <span class='ocr_line' id='line_1_32' title="bbox 508 1619 2095 1691; baseline 0.003 -15"><span class='ocrx_word' id='word_1_226' title='bbox 508 1619 718 1676; x_wconf 90' lang='lat' dir='ltr'><strong>bitabili</strong></span> <span class='ocrx_word' id='word_1_227' title='bbox 763 1621 1113 1687; x_wconf 90' lang='lat' dir='ltr'><strong>conscientia,</strong></span> <span class='ocrx_word' id='word_1_228' title='bbox 1146 1636 1478 1691; x_wconf 80' lang='lat' dir='ltr'><strong>quaesumus,</strong></span> <span class='ocrx_word' id='word_1_229' title='bbox 1507 1621 1779 1679; x_wconf 86' lang='lat' dir='ltr'><strong>intimate.</strong></span> <span class='ocrx_word' id='word_1_230' title='bbox 1811 1621 1946 1679; x_wconf 88' lang='lat' dir='ltr'><strong>Data</strong></span> <span class='ocrx_word' id='word_1_231' title='bbox 1990 1622 2095 1680; x_wconf 87' lang='lat' dir='ltr'><strong>ldi-</strong></span> 
     </span>
    </p>
   </div>
   <div class='ocr_carea' id='block_1_33' title="bbox 509 1710 1414 1782">
    <p class='ocr_par' dir='ltr' id='par_1_33' title="bbox 509 1710 1414 1782">
     <span class='ocr_line' id='line_1_33' title="bbox 509 1710 1414 1782; baseline 0.001 -14"><span class='ocrx_word' id='word_1_232' title='bbox 509 1710 612 1769; x_wconf 85' lang='lat' dir='ltr'><strong>bus</strong></span> <span class='ocrx_word' id='word_1_233' title='bbox 642 1710 981 1782; x_wconf 85' lang='lat' dir='ltr'><strong>Novembris,</strong></span> <span class='ocrx_word' id='word_1_234' title='bbox 1004 1713 1296 1771; x_wconf 89' lang='lat' dir='ltr'><strong>indictione</strong></span> <span class='ocrx_word' id='word_1_235' title='bbox 1323 1730 1414 1770; x_wconf 78' lang='lat' dir='ltr'><strong>xv.</strong></span> 
     </span>
    </p>
   </div>
   <div class='ocr_carea' id='block_1_34' title="bbox 1234 1840 3829 1962">
    <p class='ocr_par' dir='ltr' id='par_1_34' title="bbox 1234 1840 3829 1962">
     <span class='ocr_line' id='line_1_34' title="bbox 2124 1840 3829 1870; baseline 0 -17"><span class='ocrx_word' id='word_1_236' title='bbox 2124 1840 2174 1862; x_wconf 72' lang='grc' dir='ltr'><strong><em>υ</em></strong></span> <span class='ocrx_word' id='word_1_237' title='bbox 2201 1840 2354 1855; x_wconf 57' lang='grc' dir='ltr'><em>περ..</em></span> <span class='ocrx_word' id='word_1_238' title='bbox 2375 1840 2533 1854; x_wconf 71' lang='grc' dir='ltr'><strong>..-νη</strong></span> <span class='ocrx_word' id='word_1_239' title='bbox 2555 1840 2768 1854; x_wconf 84' lang='lat'><strong>....,.....</strong></span> <span class='ocrx_word' id='word_1_240' title='bbox 2794 1840 3083 1870; x_wconf 70' lang='lat'><strong>...,,........,,</strong></span> <span class='ocrx_word' id='word_1_241' title='bbox 3110 1840 3207 1853; x_wconf 69' lang='grc' dir='ltr'><strong>υν..</strong></span> <span class='ocrx_word' id='word_1_242' title='bbox 3234 1840 3507 1854; x_wconf 79' lang='grc'><strong>...............</strong></span> <span class='ocrx_word' id='word_1_243' title='bbox 3531 1840 3829 1869; x_wconf 54' lang='grc' dir='ltr'><strong>,ωηατ-.-</strong></span> 
     </span>
     <span class='ocr_line' id='line_1_35' title="bbox 1234 1840 3829 1962; baseline 0 -16"><span class='ocrx_word' id='word_1_244' title='bbox 1234 1840 1631 1962; x_wconf 49' lang='lat' dir='ltr'><strong>__M_____</strong></span> <span class='ocrx_word' id='word_1_245' title='bbox 2202 1889 2509 1962; x_wconf 88' lang='lat' dir='ltr'><strong>petulanter</strong></span> <span class='ocrx_word' id='word_1_246' title='bbox 2532 1888 2686 1947; x_wconf 84' lang='lat' dir='ltr'><strong>abusi</strong></span> <span class='ocrx_word' id='word_1_247' title='bbox 2720 1890 2849 1945; x_wconf 91' lang='lat' dir='ltr'><strong>sint.</strong></span> <span class='ocrx_word' id='word_1_248' title='bbox 2884 1889 3057 1947; x_wconf 91' lang='lat' dir='ltr'><strong>Porro</strong></span> <span class='ocrx_word' id='word_1_249' title='bbox 3086 1890 3132 1946; x_wconf 88' lang='lat' dir='ltr'><strong>si</strong></span> <span class='ocrx_word' id='word_1_250' title='bbox 3158 1905 3259 1947; x_wconf 90' lang='lat' dir='ltr'><strong>vos</strong></span> <span class='ocrx_word' id='word_1_251' title='bbox 3284 1905 3432 1947; x_wconf 89' lang='lat' dir='ltr'><strong>nunc</strong></span> <span class='ocrx_word' id='word_1_252' title='bbox 3471 1893 3829 1962; x_wconf 86' lang='lat' dir='ltr'><strong>cooperanti</strong></span> 
     </span>
    </p>
   </div>
   <div class='ocr_carea' id='block_1_35' title="bbox 947 1951 3831 2058">
    <p class='ocr_par' dir='ltr' id='par_1_35' title="bbox 947 1951 3831 2058">
     <span class='ocr_line' id='line_1_36' title="bbox 947 1951 3831 2058; baseline 0 -20"><span class='ocrx_word' id='word_1_253' title='bbox 947 1953 1017 1993; x_wconf 54' lang='lat' dir='ltr'><strong>AD</strong></span> <span class='ocrx_word' id='word_1_254' title='bbox 1046 1952 1318 2058; x_wconf 32' lang='lat' dir='ltr'><strong>“Tum</strong></span> <span class='ocrx_word' id='word_1_255' title='bbox 1340 1951 1652 2058; x_wconf 44' lang='grc' dir='ltr'><strong>ξῗῗξίδτλι</strong></span> <span class='ocrx_word' id='word_1_256' title='bbox 2203 1982 2423 2054; x_wconf 74' lang='lat' dir='ltr'><strong>collegae</strong></span> <span class='ocrx_word' id='word_1_257' title='bbox 2455 1990 2639 2040; x_wconf 89' lang='lat' dir='ltr'><strong>vestro</strong></span> <span class='ocrx_word' id='word_1_258' title='bbox 2676 1996 2938 2058; x_wconf 90' lang='lat' dir='ltr'><strong>prospera</strong></span> <span class='ocrx_word' id='word_1_259' title='bbox 2962 1981 3049 2037; x_wconf 85' lang='lat' dir='ltr'><strong>vel</strong></span> <span class='ocrx_word' id='word_1_260' title='bbox 3088 1982 3266 2038; x_wconf 86' lang='lat' dir='ltr'><strong>amica</strong></span> <span class='ocrx_word' id='word_1_261' title='bbox 3300 1981 3575 2039; x_wconf 71' lang='lat' dir='ltr'><strong>Ecclesiae</strong></span> <span class='ocrx_word' id='word_1_262' title='bbox 3617 1998 3831 2055; x_wconf 74' lang='lat' dir='ltr'><strong>sugge-</strong></span> 
     </span>
    </p>
   </div>
   <div class='ocr_carea' id='block_1_36' title="bbox 700 2048 3830 2147">
    <p class='ocr_par' dir='ltr' id='par_1_36' title="bbox 700 2048 3830 2147">
     <span class='ocr_line' id='line_1_37' title="bbox 700 2048 3830 2147; baseline 0.002 -21"><span class='ocrx_word' id='word_1_263' title='bbox 700 2069 726 2096; x_wconf 76' lang='lat'><strong><em>°</em></strong></span> <span class='ocrx_word' id='word_1_264' title='bbox 1126 2049 1302 2122; x_wconf 76' lang='grc' dir='ltr'><strong>(Αηηο</strong></span> <span class='ocrx_word' id='word_1_265' title='bbox 1336 2048 1484 2121; x_wconf 77' lang='grc' dir='ltr'><strong>δθθο)</strong></span> <span class='ocrx_word' id='word_1_266' title='bbox 2203 2048 2371 2133; x_wconf 52' lang='lat' dir='ltr'><strong>ritis:</strong></span> <span class='ocrx_word' id='word_1_267' title='bbox 2394 2076 2462 2143; x_wconf 92' lang='lat' dir='ltr'><strong>si,</strong></span> <span class='ocrx_word' id='word_1_268' title='bbox 2484 2084 2545 2133; x_wconf 88' lang='lat' dir='ltr'><strong>ut</strong></span> <span class='ocrx_word' id='word_1_269' title='bbox 2562 2048 2839 2132; x_wconf 70' lang='grc' dir='ltr'><strong>ωωέειιιιιὶι</strong></span> <span class='ocrx_word' id='word_1_270' title='bbox 2865 2075 3112 2147; x_wconf 75' lang='lat' dir='ltr'><strong>repellat,</strong></span> <span class='ocrx_word' id='word_1_271' title='bbox 3133 2084 3192 2130; x_wconf 88' lang='lat' dir='ltr'><strong>et</strong></span> <span class='ocrx_word' id='word_1_272' title='bbox 3207 2075 3518 2147; x_wconf 73' lang='lat' dir='ltr'><strong>legitimum</strong></span> <span class='ocrx_word' id='word_1_273' title='bbox 3545 2048 3830 2132; x_wconf 58' lang='lat' dir='ltr'><strong>Ecclesia:</strong></span> 
     </span>
    </p>
   </div>
   <div class='ocr_carea' id='block_1_37' title="bbox 608 2158 2003 2234">
    <p class='ocr_par' dir='ltr' id='par_1_37' title="bbox 608 2158 2003 2234">
     <span class='ocr_line' id='line_1_38' title="bbox 608 2158 2003 2234; baseline 0.001 -18"><span class='ocrx_word' id='word_1_274' title='bbox 608 2158 776 2232; x_wconf 86' lang='lat' dir='ltr'><strong>Rogat</strong></span> <span class='ocrx_word' id='word_1_275' title='bbox 800 2169 855 2215; x_wconf 88' lang='lat' dir='ltr'><strong>ut</strong></span> <span class='ocrx_word' id='word_1_276' title='bbox 877 2168 998 2232; x_wconf 83' lang='lat' dir='ltr'><strong>agat</strong></span> <span class='ocrx_word' id='word_1_277' title='bbox 1021 2170 1194 2231; x_wconf 85' lang='lat' dir='ltr'><strong>partes</strong></span> <span class='ocrx_word' id='word_1_278' title='bbox 1221 2159 1422 2233; x_wconf 83' lang='lat' dir='ltr'><strong>Ignatt&#39;t&#39;</strong></span> <span class='ocrx_word' id='word_1_279' title='bbox 1444 2162 1585 2231; x_wconf 81' lang='lat' dir='ltr'><strong>apud</strong></span> <span class='ocrx_word' id='word_1_280' title='bbox 1615 2162 2003 2234; x_wconf 81' lang='lat' dir='ltr'><strong>imperatorem.</strong></span> 
     </span>
    </p>
   </div>
   <div class='ocr_carea' id='block_1_38' title="bbox 588 2269 2102 2345">
    <p class='ocr_par' dir='ltr' id='par_1_38' title="bbox 588 2269 2102 2345">
     <span class='ocr_line' id='line_1_39' title="bbox 588 2269 2102 2345; baseline 0.001 -16"><span class='ocrx_word' id='word_1_281' title='bbox 588 2269 858 2330; x_wconf 72' lang='lat' dir='ltr'><strong>Nrcouus</strong></span> <span class='ocrx_word' id='word_1_282' title='bbox 882 2273 1196 2345; x_wconf 90' lang='lat' dir='ltr'><strong>episcopus,</strong></span> <span class='ocrx_word' id='word_1_283' title='bbox 1236 2287 1425 2329; x_wconf 85' lang='lat' dir='ltr'><strong>servus</strong></span> <span class='ocrx_word' id='word_1_284' title='bbox 1453 2287 1736 2329; x_wconf 89' lang='lat' dir='ltr'><strong>servorum</strong></span> <span class='ocrx_word' id='word_1_285' title='bbox 1750 2271 1868 2340; x_wconf 91' lang='lat' dir='ltr'><strong>Dei,</strong></span> <span class='ocrx_word' id='word_1_286' title='bbox 1892 2273 2102 2330; x_wconf 69' lang='lat' dir='ltr'><strong>dilectae</strong></span> 
     </span>
    </p>
   </div>
   <div class='ocr_carea' id='block_1_39' title="bbox 512 2363 2098 2439">
    <p class='ocr_par' dir='ltr' id='par_1_39' title="bbox 512 2363 2098 2439">
     <span class='ocr_line' id='line_1_40' title="bbox 512 2363 2098 2439; baseline 0.003 -20"><span class='ocrx_word' id='word_1_287' title='bbox 512 2364 636 2420; x_wconf 68' lang='lat' dir='ltr'><strong>ﬁliae</strong></span> <span class='ocrx_word' id='word_1_288' title='bbox 658 2365 918 2421; x_wconf 59' lang='lat' dir='ltr'><strong>Eunones</strong></span> <span class='ocrx_word' id='word_1_289' title='bbox 941 2365 1187 2438; x_wconf 73' lang='lat' dir='ltr'><strong>gloriosa:</strong></span> <span class='ocrx_word' id='word_1_290' title='bbox 1217 2363 1295 2438; x_wconf 78' lang='lat' dir='ltr'><strong>[in</strong></span> <span class='ocrx_word' id='word_1_291' title='bbox 1314 2366 1432 2421; x_wconf 87' lang='lat' dir='ltr'><strong>cod.</strong></span> <span class='ocrx_word' id='word_1_292' title='bbox 1468 2363 1638 2421; x_wconf 80' lang='lat' dir='ltr'><strong>Vatic.</strong></span> <span class='ocrx_word' id='word_1_293' title='bbox 1666 2364 1806 2421; x_wconf 76' lang='lat' dir='ltr'><strong>deest</strong></span> <span class='ocrx_word' id='word_1_294' title='bbox 1827 2363 2098 2439; x_wconf 65' lang='lat' dir='ltr'><strong>gloriosae]</strong></span> 
     </span>
    </p>
   </div>
   <div class='ocr_carea' id='block_1_40' title="bbox 509 2454 785 2526">
    <p class='ocr_par' dir='ltr' id='par_1_40' title="bbox 509 2454 785 2526">
     <span class='ocr_line' id='line_1_41' title="bbox 509 2454 785 2526; baseline 0.004 -16"><span class='ocrx_word' id='word_1_295' title='bbox 509 2454 785 2526; x_wconf 69' lang='lat' dir='ltr'><strong>Augustze.</strong></span> 
     </span>
    </p>
   </div>
   <div class='ocr_carea' id='block_1_41' title="bbox 516 2546 2103 2622">
    <p class='ocr_par' dir='ltr' id='par_1_41' title="bbox 516 2546 2103 2622">
     <span class='ocr_line' id='line_1_42' title="bbox 516 2546 2103 2622; baseline 0.001 -18"><span class='ocrx_word' id='word_1_296' title='bbox 516 2546 521 2549; x_wconf 82' lang='grc'><em>’</em></span> <span class='ocrx_word' id='word_1_297' title='bbox 584 2548 730 2605; x_wconf 84' lang='lat' dir='ltr'><strong>Nihil</strong></span> <span class='ocrx_word' id='word_1_298' title='bbox 757 2549 813 2604; x_wconf 90' lang='lat' dir='ltr'><strong>in</strong></span> <span class='ocrx_word' id='word_1_299' title='bbox 848 2548 996 2622; x_wconf 88' lang='lat' dir='ltr'><strong>regia</strong></span> <span class='ocrx_word' id='word_1_300' title='bbox 1046 2549 1382 2606; x_wconf 89' lang='lat' dir='ltr'><strong>sublimitate</strong></span> <span class='ocrx_word' id='word_1_301' title='bbox 1417 2548 1644 2619; x_wconf 71' lang='lat' dir='ltr'><strong>iustitia:</strong></span> <span class='ocrx_word' id='word_1_302' title='bbox 1681 2548 1968 2607; x_wconf 90' lang='lat' dir='ltr'><strong>dilectione</strong></span> <span class='ocrx_word' id='word_1_303' title='bbox 2007 2550 2103 2605; x_wconf 79' lang='lat' dir='ltr'><strong>de-</strong></span> 
     </span>
    </p>
   </div>
   <div class='ocr_carea' id='block_1_42' title="bbox 515 2642 2102 2711">
    <p class='ocr_par' dir='ltr' id='par_1_42' title="bbox 515 2642 2102 2711">
     <span class='ocr_line' id='line_1_43' title="bbox 515 2642 2102 2711; baseline 0 -11"><span class='ocrx_word' id='word_1_304' title='bbox 515 2644 763 2711; x_wconf 88' lang='lat' dir='ltr'><strong>centius,</strong></span> <span class='ocrx_word' id='word_1_305' title='bbox 826 2643 965 2699; x_wconf 86' lang='lat' dir='ltr'><strong>nihil</strong></span> <span class='ocrx_word' id='word_1_306' title='bbox 1011 2643 1068 2699; x_wconf 91' lang='lat' dir='ltr'><strong>in</strong></span> <span class='ocrx_word' id='word_1_307' title='bbox 1120 2642 1435 2700; x_wconf 88' lang='lat' dir='ltr'><strong>inﬁrmitate</strong></span> <span class='ocrx_word' id='word_1_308' title='bbox 1481 2644 1733 2701; x_wconf 87' lang='lat' dir='ltr'><strong>muliebri</strong></span> <span class='ocrx_word' id='word_1_309' title='bbox 1782 2644 2102 2701; x_wconf 89' lang='lat' dir='ltr'><strong>fortitudine</strong></span> 
     </span>
    </p>
   </div>
   <div class='ocr_carea' id='block_1_43' title="bbox 515 2736 2100 2805">
    <p class='ocr_par' dir='ltr' id='par_1_43' title="bbox 515 2736 2100 2805">
     <span class='ocr_line' id='line_1_44' title="bbox 515 2736 2100 2805; baseline -0.001 -10"><span class='ocrx_word' id='word_1_310' title='bbox 515 2738 716 2795; x_wconf 89' lang='lat' dir='ltr'><strong>mentis</strong></span> <span class='ocrx_word' id='word_1_311' title='bbox 742 2737 1057 2795; x_wconf 73' lang='lat' dir='ltr'><strong>honestius.</strong></span> <span class='ocrx_word' id='word_1_312' title='bbox 1114 2737 1255 2805; x_wconf 82' lang='lat' dir='ltr'><strong>Quid</strong></span> <span class='ocrx_word' id='word_1_313' title='bbox 1293 2744 1474 2793; x_wconf 91' lang='lat' dir='ltr'><strong>autem</strong></span> <span class='ocrx_word' id='word_1_314' title='bbox 1519 2736 1843 2794; x_wconf 84' lang='lat' dir='ltr'><strong>laudabilius</strong></span> <span class='ocrx_word' id='word_1_315' title='bbox 1883 2737 1970 2793; x_wconf 91' lang='lat' dir='ltr'><strong>vel</strong></span> <span class='ocrx_word' id='word_1_316' title='bbox 2007 2753 2100 2794; x_wconf 80' lang='lat' dir='ltr'><strong>ro-</strong></span> 
     </span>
    </p>
   </div>
   <div class='ocr_carea' id='block_1_44' title="bbox 514 2826 2105 2899">
    <p class='ocr_par' dir='ltr' id='par_1_44' title="bbox 514 2826 2105 2899">
     <span class='ocr_line' id='line_1_45' title="bbox 514 2826 2105 2899; baseline -0.001 -13"><span class='ocrx_word' id='word_1_317' title='bbox 514 2829 750 2897; x_wconf 89' lang='lat' dir='ltr'><strong>bustius,</strong></span> <span class='ocrx_word' id='word_1_318' title='bbox 772 2843 937 2899; x_wconf 88' lang='lat' dir='ltr'><strong>quam</strong></span> <span class='ocrx_word' id='word_1_319' title='bbox 968 2828 1015 2883; x_wconf 88' lang='lat' dir='ltr'><strong>si</strong></span> <span class='ocrx_word' id='word_1_320' title='bbox 1043 2826 1242 2883; x_wconf 87' lang='lat' dir='ltr'><strong>femina</strong></span> <span class='ocrx_word' id='word_1_321' title='bbox 1272 2828 1430 2884; x_wconf 86' lang='lat' dir='ltr'><strong>virile</strong></span> <span class='ocrx_word' id='word_1_322' title='bbox 1462 2836 1654 2898; x_wconf 87' lang='lat' dir='ltr'><strong>pectus</strong></span> <span class='ocrx_word' id='word_1_323' title='bbox 1681 2827 1893 2893; x_wconf 88' lang='lat' dir='ltr'><strong>induat,</strong></span> <span class='ocrx_word' id='word_1_324' title='bbox 1923 2836 1979 2884; x_wconf 91' lang='lat' dir='ltr'><strong>et</strong></span> <span class='ocrx_word' id='word_1_325' title='bbox 2008 2828 2105 2885; x_wconf 84' lang='lat' dir='ltr'><strong>ad-</strong></span> 
     </span>
    </p>
   </div>
   <div class='ocr_carea' id='block_1_45' title="bbox 515 2919 2101 2992">
    <p class='ocr_par' dir='ltr' id='par_1_45' title="bbox 515 2919 2101 2992">
     <span class='ocr_line' id='line_1_46' title="bbox 515 2919 2101 2992; baseline -0.001 -15"><span class='ocrx_word' id='word_1_326' title='bbox 515 2922 624 2977; x_wconf 91' lang='lat' dir='ltr'><strong>huc</strong></span> <span class='ocrx_word' id='word_1_327' title='bbox 655 2920 710 2976; x_wconf 94' lang='lat' dir='ltr'><strong>in</strong></span> <span class='ocrx_word' id='word_1_328' title='bbox 745 2934 908 2977; x_wconf 88' lang='lat' dir='ltr'><strong>causa</strong></span> <span class='ocrx_word' id='word_1_329' title='bbox 950 2919 1170 2991; x_wconf 90' lang='lat' dir='ltr'><strong>pietatis</strong></span> <span class='ocrx_word' id='word_1_330' title='bbox 1198 2919 1441 2977; x_wconf 84' lang='lat' dir='ltr'><strong>virorum</strong></span> <span class='ocrx_word' id='word_1_331' title='bbox 1484 2921 1664 2977; x_wconf 91' lang='lat' dir='ltr'><strong>studia</strong></span> <span class='ocrx_word' id='word_1_332' title='bbox 1695 2921 1948 2992; x_wconf 84' lang='lat' dir='ltr'><strong>superet?</strong></span> <span class='ocrx_word' id='word_1_333' title='bbox 1984 2919 2101 2989; x_wconf 86' lang='lat' dir='ltr'><strong>Qua</strong></span> 
     </span>
    </p>
   </div>
   <div class='ocr_carea' id='block_1_46' title="bbox 513 3011 2102 3084">
    <p class='ocr_par' dir='ltr' id='par_1_46' title="bbox 513 3011 2102 3084">
     <span class='ocr_line' id='line_1_47' title="bbox 513 3011 2102 3084; baseline -0.001 -15"><span class='ocrx_word' id='word_1_334' title='bbox 513 3013 583 3071; x_wconf 91' lang='lat' dir='ltr'><strong>de</strong></span> <span class='ocrx_word' id='word_1_335' title='bbox 605 3028 666 3069; x_wconf 90' lang='lat' dir='ltr'><strong>re</strong></span> <span class='ocrx_word' id='word_1_336' title='bbox 682 3012 951 3084; x_wconf 89' lang='lat' dir='ltr'><strong>principio</strong></span> <span class='ocrx_word' id='word_1_337' title='bbox 973 3012 1242 3069; x_wconf 83' lang='lat' dir='ltr'><strong>sermonis</strong></span> <span class='ocrx_word' id='word_1_338' title='bbox 1263 3011 1435 3068; x_wconf 90' lang='lat' dir='ltr'><strong>nostri</strong></span> <span class='ocrx_word' id='word_1_339' title='bbox 1456 3011 1841 3068; x_wconf 87' lang='lat' dir='ltr'><strong>sublimitatem</strong></span> <span class='ocrx_word' id='word_1_340' title='bbox 1865 3018 2102 3068; x_wconf 87' lang='lat' dir='ltr'><strong>vestram</strong></span> 
     </span>
    </p>
   </div>
   <div class='ocr_carea' id='block_1_47' title="bbox 515 3103 2104 3176">
    <p class='ocr_par' dir='ltr' id='par_1_47' title="bbox 515 3103 2104 3176">
     <span class='ocr_line' id='line_1_48' title="bbox 515 3103 2104 3176; baseline -0.001 -14"><span class='ocrx_word' id='word_1_341' title='bbox 515 3121 663 3162; x_wconf 89' lang='lat' dir='ltr'><strong>nunc</strong></span> <span class='ocrx_word' id='word_1_342' title='bbox 688 3105 940 3176; x_wconf 88' lang='lat' dir='ltr'><strong>primitus</strong></span> <span class='ocrx_word' id='word_1_343' title='bbox 973 3104 1169 3161; x_wconf 88' lang='lat' dir='ltr'><strong>litteris</strong></span> <span class='ocrx_word' id='word_1_344' title='bbox 1206 3103 1559 3175; x_wconf 87' lang='lat' dir='ltr'><strong>alloquentes,</strong></span> <span class='ocrx_word' id='word_1_345' title='bbox 1588 3105 1890 3169; x_wconf 86' lang='lat' dir='ltr'><strong>hortamur,</strong></span> <span class='ocrx_word' id='word_1_346' title='bbox 1925 3113 1981 3162; x_wconf 90' lang='lat' dir='ltr'><strong>et</strong></span> <span class='ocrx_word' id='word_1_347' title='bbox 2012 3119 2104 3161; x_wconf 77' lang='lat' dir='ltr'><strong>ve-</strong></span> 
     </span>
    </p>
   </div>
   <div class='ocr_carea' id='block_1_48' title="bbox 2203 2166 3826 2239">
    <p class='ocr_par' dir='ltr' id='par_1_48' title="bbox 2203 2166 3826 2239">
     <span class='ocr_line' id='line_1_49' title="bbox 2203 2166 3826 2239; baseline -0.001 -14"><span class='ocrx_word' id='word_1_348' title='bbox 2203 2166 2812 2239; x_wconf 70' lang='lat' dir='ltr'><strong>Constantinopolitante</strong></span> <span class='ocrx_word' id='word_1_349' title='bbox 2840 2166 3053 2233; x_wconf 88' lang='lat' dir='ltr'><strong>reddat,</strong></span> <span class='ocrx_word' id='word_1_350' title='bbox 3079 2166 3344 2233; x_wconf 78' lang='lat' dir='ltr'><strong>suadetis,</strong></span> <span class='ocrx_word' id='word_1_351' title='bbox 3371 2167 3422 2222; x_wconf 90' lang='lat' dir='ltr'><strong>si</strong></span> <span class='ocrx_word' id='word_1_352' title='bbox 3448 2182 3632 2237; x_wconf 84' lang='lat' dir='ltr'><strong>penes</strong></span> <span class='ocrx_word' id='word_1_353' title='bbox 3662 2183 3826 2235; x_wconf 82' lang='lat' dir='ltr'><strong>eum,</strong></span> 
     </span>
    </p>
   </div>
   <div class='ocr_carea' id='block_1_49' title="bbox 2202 2257 3831 2330">
    <p class='ocr_par' dir='ltr' id='par_1_49' title="bbox 2202 2257 3831 2330">
     <span class='ocr_line' id='line_1_50' title="bbox 2202 2257 3831 2330; baseline 0 -15"><span class='ocrx_word' id='word_1_354' title='bbox 2202 2269 2371 2327; x_wconf 91' lang='lat' dir='ltr'><strong>utea,</strong></span> <span class='ocrx_word' id='word_1_355' title='bbox 2400 2274 2521 2330; x_wconf 63' lang='lat' dir='ltr'><strong>quae</strong></span> <span class='ocrx_word' id='word_1_356' title='bbox 2550 2259 2604 2313; x_wconf 91' lang='lat' dir='ltr'><strong>in</strong></span> <span class='ocrx_word' id='word_1_357' title='bbox 2626 2257 2877 2329; x_wconf 90' lang='lat' dir='ltr'><strong>plurimis</strong></span> <span class='ocrx_word' id='word_1_358' title='bbox 2897 2266 3197 2329; x_wconf 86' lang='lat' dir='ltr'><strong>occupatus</strong></span> <span class='ocrx_word' id='word_1_359' title='bbox 3215 2258 3447 2329; x_wconf 79' lang='lat' dir='ltr'><strong>pariter,</strong></span> <span class='ocrx_word' id='word_1_360' title='bbox 3474 2266 3535 2314; x_wconf 89' lang='lat' dir='ltr'><strong>et</strong></span> <span class='ocrx_word' id='word_1_361' title='bbox 3561 2258 3831 2315; x_wconf 78' lang='lat' dir='ltr'><strong>intentus</strong></span> 
     </span>
    </p>
   </div>
   <div class='ocr_carea' id='block_1_50' title="bbox 2204 2353 3827 2426">
    <p class='ocr_par' dir='ltr' id='par_1_50' title="bbox 2204 2353 3827 2426">
     <span class='ocr_line' id='line_1_51' title="bbox 2204 2353 3827 2426; baseline 0 -16"><span class='ocrx_word' id='word_1_362' title='bbox 2204 2354 2385 2411; x_wconf 88' lang='lat' dir='ltr'><strong>minus</strong></span> <span class='ocrx_word' id='word_1_363' title='bbox 2419 2363 2568 2410; x_wconf 88' lang='lat' dir='ltr'><strong>recte</strong></span> <span class='ocrx_word' id='word_1_364' title='bbox 2598 2354 2855 2426; x_wconf 88' lang='lat' dir='ltr'><strong>patravit,</strong></span> <span class='ocrx_word' id='word_1_365' title='bbox 2899 2353 2955 2410; x_wconf 92' lang='lat' dir='ltr'><strong>in</strong></span> <span class='ocrx_word' id='word_1_366' title='bbox 2994 2354 3237 2425; x_wconf 88' lang='lat' dir='ltr'><strong>priorem</strong></span> <span class='ocrx_word' id='word_1_367' title='bbox 3286 2353 3540 2410; x_wconf 88' lang='lat' dir='ltr'><strong>ordinem</strong></span> <span class='ocrx_word' id='word_1_368' title='bbox 3579 2354 3827 2411; x_wconf 85' lang='lat' dir='ltr'><strong>reducat</strong></span> 
     </span>
    </p>
   </div>
   <div class='ocr_carea' id='block_1_51' title="bbox 2204 2450 3823 2522">
    <p class='ocr_par' dir='ltr' id='par_1_51' title="bbox 2204 2450 3823 2522">
     <span class='ocr_line' id='line_1_52' title="bbox 2204 2450 3823 2522; baseline 0.002 -15"><span class='ocrx_word' id='word_1_369' title='bbox 2204 2450 2500 2508; x_wconf 84' lang='lat' dir='ltr'><strong>obtinetis:</strong></span> <span class='ocrx_word' id='word_1_370' title='bbox 2546 2451 2676 2522; x_wconf 92' lang='lat' dir='ltr'><strong>quid</strong></span> <span class='ocrx_word' id='word_1_371' title='bbox 2714 2467 2835 2519; x_wconf 86' lang='lat' dir='ltr'><strong>vos,</strong></span> <span class='ocrx_word' id='word_1_372' title='bbox 2869 2452 2977 2509; x_wconf 91' lang='lat' dir='ltr'><strong>nisi</strong></span> <span class='ocrx_word' id='word_1_373' title='bbox 3013 2452 3357 2509; x_wconf 87' lang='lat' dir='ltr'><strong>salutiferum</strong></span> <span class='ocrx_word' id='word_1_374' title='bbox 3394 2452 3514 2522; x_wconf 88' lang='lat' dir='ltr'><strong>ejus</strong></span> <span class='ocrx_word' id='word_1_375' title='bbox 3558 2454 3823 2510; x_wconf 83' lang='lat' dir='ltr'><strong>dicemus</strong></span> 
     </span>
    </p>
   </div>
   <div class='ocr_carea' id='block_1_52' title="bbox 2206 2542 3820 2617">
    <p class='ocr_par' dir='ltr' id='par_1_52' title="bbox 2206 2542 3820 2617">
     <span class='ocr_line' id='line_1_53' title="bbox 2206 2542 3820 2617; baseline 0.004 -19"><span class='ocrx_word' id='word_1_376' title='bbox 2206 2542 2571 2614; x_wconf 90' lang='lat' dir='ltr'><strong>adjutorium,</strong></span> <span class='ocrx_word' id='word_1_377' title='bbox 2640 2551 2696 2601; x_wconf 89' lang='lat' dir='ltr'><strong>et</strong></span> <span class='ocrx_word' id='word_1_378' title='bbox 2743 2544 3016 2601; x_wconf 87' lang='lat' dir='ltr'><strong>laudabile</strong></span> <span class='ocrx_word' id='word_1_379' title='bbox 3070 2555 3313 2601; x_wconf 89' lang='lat' dir='ltr'><strong>vestrum</strong></span> <span class='ocrx_word' id='word_1_380' title='bbox 3376 2546 3820 2617; x_wconf 76' lang='lat' dir='ltr'><strong>praedicabimus</strong></span> 
     </span>
    </p>
   </div>
   <div class='ocr_carea' id='block_1_53' title="bbox 2206 2634 3817 2708">
    <p class='ocr_par' dir='ltr' id='par_1_53' title="bbox 2206 2634 3817 2708">
     <span class='ocr_line' id='line_1_54' title="bbox 2206 2634 3817 2708; baseline 0.001 -16"><span class='ocrx_word' id='word_1_381' title='bbox 2206 2636 2654 2692; x_wconf 84' lang='lat' dir='ltr'><strong>contubernium?</strong></span> <span class='ocrx_word' id='word_1_382' title='bbox 2681 2635 2817 2691; x_wconf 85' lang='lat' dir='ltr'><strong>Nam</strong></span> <span class='ocrx_word' id='word_1_383' title='bbox 2853 2634 3033 2708; x_wconf 90' lang='lat' dir='ltr'><strong>(nobis</strong></span> <span class='ocrx_word' id='word_1_384' title='bbox 3065 2636 3297 2707; x_wconf 87' lang='lat' dir='ltr'><strong>credite)</strong></span> <span class='ocrx_word' id='word_1_385' title='bbox 3348 2652 3457 2693; x_wconf 89' lang='lat' dir='ltr'><strong>non</strong></span> <span class='ocrx_word' id='word_1_386' title='bbox 3496 2637 3683 2694; x_wconf 76' lang='lat' dir='ltr'><strong>minus</strong></span> <span class='ocrx_word' id='word_1_387' title='bbox 3722 2638 3817 2694; x_wconf 83' lang='lat' dir='ltr'><strong>his</strong></span> 
     </span>
    </p>
   </div>
   <div class='ocr_carea' id='block_1_54' title="bbox 2206 2727 3816 2800">
    <p class='ocr_par' dir='ltr' id='par_1_54' title="bbox 2206 2727 3816 2800">
     <span class='ocr_line' id='line_1_55' title="bbox 2206 2727 3816 2800; baseline 0.001 -17"><span class='ocrx_word' id='word_1_388' title='bbox 2206 2728 2542 2799; x_wconf 89' lang='lat' dir='ltr'><strong>temporibus</strong></span> <span class='ocrx_word' id='word_1_389' title='bbox 2570 2727 2898 2785; x_wconf 88' lang='lat' dir='ltr'><strong>venerabilis</strong></span> <span class='ocrx_word' id='word_1_390' title='bbox 2922 2728 3111 2799; x_wconf 88' lang='lat' dir='ltr'><strong>lgnatii</strong></span> <span class='ocrx_word' id='word_1_391' title='bbox 3142 2728 3405 2800; x_wconf 90' lang='lat' dir='ltr'><strong>repulsio,</strong></span> <span class='ocrx_word' id='word_1_392' title='bbox 3444 2744 3545 2785; x_wconf 89' lang='lat' dir='ltr'><strong>seu</strong></span> <span class='ocrx_word' id='word_1_393' title='bbox 3568 2738 3816 2785; x_wconf 82' lang='lat' dir='ltr'><strong>temera-</strong></span> 
     </span>
    </p>
   </div>
   <div class='ocr_carea' id='block_1_55' title="bbox 2209 2821 3812 2895">
    <p class='ocr_par' dir='ltr' id='par_1_55' title="bbox 2209 2821 3812 2895">
     <span class='ocr_line' id='line_1_56' title="bbox 2209 2821 3812 2895; baseline 0.001 -18"><span class='ocrx_word' id='word_1_394' title='bbox 2209 2822 2342 2878; x_wconf 90' lang='lat' dir='ltr'><strong>toris</strong></span> <span class='ocrx_word' id='word_1_395' title='bbox 2399 2821 2577 2879; x_wconf 90' lang='lat' dir='ltr'><strong>Pbotii</strong></span> <span class='ocrx_word' id='word_1_396' title='bbox 2625 2823 2895 2895; x_wconf 89' lang='lat' dir='ltr'><strong>promotio</strong></span> <span class='ocrx_word' id='word_1_397' title='bbox 2935 2823 3163 2894; x_wconf 90' lang='lat' dir='ltr'><strong>imperio</strong></span> <span class='ocrx_word' id='word_1_398' title='bbox 3204 2826 3421 2890; x_wconf 85' lang='lat' dir='ltr'><strong>vestro,</strong></span> <span class='ocrx_word' id='word_1_399' title='bbox 3468 2838 3634 2893; x_wconf 88' lang='lat' dir='ltr'><strong>quam</strong></span> <span class='ocrx_word' id='word_1_400' title='bbox 3674 2822 3812 2879; x_wconf 61' lang='lat' dir='ltr'><strong>Eva</strong></span> 
     </span>
    </p>
   </div>
   <div class='ocr_carea' id='block_1_56' title="bbox 2208 2912 3810 2985">
    <p class='ocr_par' dir='ltr' id='par_1_56' title="bbox 2208 2912 3810 2985">
     <span class='ocr_line' id='line_1_57' title="bbox 2208 2912 3810 2985; baseline 0.001 -17"><span class='ocrx_word' id='word_1_401' title='bbox 2208 2913 2480 2985; x_wconf 87' lang='lat' dir='ltr'><strong>suggestio</strong></span> <span class='ocrx_word' id='word_1_402' title='bbox 2502 2913 2707 2969; x_wconf 91' lang='lat' dir='ltr'><strong>nocuit.</strong></span> <span class='ocrx_word' id='word_1_403' title='bbox 2748 2912 2821 2968; x_wconf 82' lang='lat' dir='ltr'><strong>At</strong></span> <span class='ocrx_word' id='word_1_404' title='bbox 2853 2928 2984 2969; x_wconf 84' lang='lat' dir='ltr'><strong>vero</strong></span> <span class='ocrx_word' id='word_1_405' title='bbox 3027 2912 3074 2969; x_wconf 87' lang='lat' dir='ltr'><strong>si</strong></span> <span class='ocrx_word' id='word_1_406' title='bbox 3108 2921 3354 2979; x_wconf 85' lang='lat' dir='ltr'><strong>econtra,</strong></span> <span class='ocrx_word' id='word_1_407' title='bbox 3388 2912 3592 2969; x_wconf 87' lang='lat' dir='ltr'><strong>salubri</strong></span> <span class='ocrx_word' id='word_1_408' title='bbox 3619 2922 3810 2970; x_wconf 80' lang='lat' dir='ltr'><strong>vestro</strong></span> 
     </span>
    </p>
   </div>
   <div class='ocr_carea' id='block_1_57' title="bbox 2207 3005 3810 3080">
    <p class='ocr_par' dir='ltr' id='par_1_57' title="bbox 2207 3005 3810 3080">
     <span class='ocr_line' id='line_1_58' title="bbox 2207 3005 3810 3080; baseline -0.001 -19"><span class='ocrx_word' id='word_1_409' title='bbox 2207 3006 2426 3063; x_wconf 89' lang='lat' dir='ltr'><strong>nomine</strong></span> <span class='ocrx_word' id='word_1_410' title='bbox 2453 3005 2636 3079; x_wconf 78' lang='lat' dir='ltr'><strong>(forte,</strong></span> <span class='ocrx_word' id='word_1_411' title='bbox 2667 3006 3008 3080; x_wconf 63' lang='lat' dir='ltr'><strong>molimine];</strong></span> <span class='ocrx_word' id='word_1_412' title='bbox 3033 3020 3128 3062; x_wconf 81' lang='lat' dir='ltr'><strong>seu</strong></span> <span class='ocrx_word' id='word_1_413' title='bbox 3156 3006 3488 3073; x_wconf 89' lang='lat' dir='ltr'><strong>certamine,</strong></span> <span class='ocrx_word' id='word_1_414' title='bbox 3520 3022 3642 3077; x_wconf 77' lang='lat' dir='ltr'><strong>quze</strong></span> <span class='ocrx_word' id='word_1_415' title='bbox 3686 3007 3810 3062; x_wconf 71' lang='lat' dir='ltr'><strong>cal—</strong></span> 
     </span>
    </p>
   </div>
   <div class='ocr_carea' id='block_1_58' title="bbox 2207 3098 3805 3171">
    <p class='ocr_par' dir='ltr' id='par_1_58' title="bbox 2207 3098 3805 3171">
     <span class='ocr_line' id='line_1_59' title="bbox 2207 3098 3805 3171; baseline 0.002 -19"><span class='ocrx_word' id='word_1_416' title='bbox 2207 3098 2315 3153; x_wconf 89' lang='lat' dir='ltr'><strong>lide</strong></span> <span class='ocrx_word' id='word_1_417' title='bbox 2337 3107 2465 3155; x_wconf 90' lang='lat' dir='ltr'><strong>sunt</strong></span> <span class='ocrx_word' id='word_1_418' title='bbox 2490 3114 2650 3156; x_wconf 89' lang='lat' dir='ltr'><strong>suasa</strong></span> <span class='ocrx_word' id='word_1_419' title='bbox 2672 3140 2689 3165; x_wconf 89' lang='lat'><strong>,</strong></span> <span class='ocrx_word' id='word_1_420' title='bbox 2721 3099 2809 3154; x_wconf 87' lang='lat' dir='ltr'><strong>vel</strong></span> <span class='ocrx_word' id='word_1_421' title='bbox 2830 3098 3156 3155; x_wconf 87' lang='lat' dir='ltr'><strong>cbarissimo</strong></span> <span class='ocrx_word' id='word_1_422' title='bbox 3177 3098 3291 3154; x_wconf 89' lang='lat' dir='ltr'><strong>ﬁlio</strong></span> <span class='ocrx_word' id='word_1_423' title='bbox 3312 3108 3496 3155; x_wconf 90' lang='lat' dir='ltr'><strong>nostro</strong></span> <span class='ocrx_word' id='word_1_424' title='bbox 3520 3109 3805 3171; x_wconf 81' lang='lat' dir='ltr'><strong>suggesta,</strong></span> 
     </span>
    </p>
   </div>
   <div class='ocr_carea' id='block_1_59' title="bbox 515 3171 3811 3269">
    <p class='ocr_par' dir='ltr' id='par_1_59' title="bbox 515 3171 3811 3269">
     <span class='ocr_line' id='line_1_60' title="bbox 515 3171 3811 3269; baseline -0.002 -16"><span class='ocrx_word' id='word_1_425' title='bbox 515 3171 927 3254; x_wconf 81' lang='lat' dir='ltr'><strong>hementissime</strong></span> <span class='ocrx_word' id='word_1_426' title='bbox 953 3171 1347 3267; x_wconf 65' lang='lat' dir='ltr'><strong>deprecamur,</strong></span> <span class='ocrx_word' id='word_1_427' title='bbox 1370 3206 1433 3252; x_wconf 88' lang='lat' dir='ltr'><strong>ut</strong></span> <span class='ocrx_word' id='word_1_428' title='bbox 1467 3196 1636 3252; x_wconf 91' lang='lat' dir='ltr'><strong>Deum</strong></span> <span class='ocrx_word' id='word_1_429' title='bbox 1677 3198 2102 3269; x_wconf 85' lang='lat' dir='ltr'><strong>omnipotentem</strong></span> <span class='ocrx_word' id='word_1_430' title='bbox 2130 3171 2176 3235; x_wconf 79' lang='lat' dir='ltr'><strong>C</strong></span> <span class='ocrx_word' id='word_1_431' title='bbox 2208 3189 2597 3259; x_wconf 69' lang='lat' dir='ltr'><strong>diSSOIVtInlut&#39;.</strong></span> <span class='ocrx_word' id='word_1_432' title='bbox 2640 3199 2697 3244; x_wconf 77' lang='grc' dir='ltr'><strong>ει</strong></span> <span class='ocrx_word' id='word_1_433' title='bbox 2731 3205 2853 3260; x_wconf 72' lang='lat' dir='ltr'><strong>quae</strong></span> <span class='ocrx_word' id='word_1_434' title='bbox 2892 3205 2994 3245; x_wconf 85' lang='lat' dir='ltr'><strong>nos</strong></span> <span class='ocrx_word' id='word_1_435' title='bbox 3033 3203 3136 3260; x_wconf 82' lang='lat' dir='ltr'><strong>pro</strong></span> <span class='ocrx_word' id='word_1_436' title='bbox 3173 3188 3347 3245; x_wconf 79' lang='lat' dir='ltr'><strong>salute</strong></span> <span class='ocrx_word' id='word_1_437' title='bbox 3389 3190 3661 3246; x_wconf 78' lang='lat' dir='ltr'><strong>communi</strong></span> <span class='ocrx_word' id='word_1_438' title='bbox 3701 3189 3811 3245; x_wconf 77' lang='lat' dir='ltr'><strong>de-</strong></span> 
     </span>
    </p>
   </div>
   <div class='ocr_carea' id='block_1_60' title="bbox 517 3287 2101 3362">
    <p class='ocr_par' dir='ltr' id='par_1_60' title="bbox 517 3287 2101 3362">
     <span class='ocr_line' id='line_1_61' title="bbox 517 3287 2101 3362; baseline 0.001 -19"><span class='ocrx_word' id='word_1_439' title='bbox 517 3287 735 3354; x_wconf 79' lang='lat' dir='ltr'><strong>atIectu,</strong></span> <span class='ocrx_word' id='word_1_440' title='bbox 765 3303 875 3360; x_wconf 90' lang='lat' dir='ltr'><strong>quo</strong></span> <span class='ocrx_word' id='word_1_441' title='bbox 902 3289 1080 3356; x_wconf 90' lang='lat' dir='ltr'><strong>decet,</strong></span> <span class='ocrx_word' id='word_1_442' title='bbox 1108 3299 1166 3346; x_wconf 89' lang='lat' dir='ltr'><strong>et</strong></span> <span class='ocrx_word' id='word_1_443' title='bbox 1205 3289 1352 3345; x_wconf 92' lang='lat' dir='ltr'><strong>cultu</strong></span> <span class='ocrx_word' id='word_1_444' title='bbox 1381 3305 1489 3361; x_wconf 89' lang='lat' dir='ltr'><strong>quo</strong></span> <span class='ocrx_word' id='word_1_445' title='bbox 1518 3290 1793 3354; x_wconf 88' lang='lat' dir='ltr'><strong>convenit,</strong></span> <span class='ocrx_word' id='word_1_446' title='bbox 1820 3289 2055 3362; x_wconf 88' lang='lat' dir='ltr'><strong>diligatis</strong></span> <span class='ocrx_word' id='word_1_447' title='bbox 2085 3308 2101 3345; x_wconf 88' lang='lat'><strong>:</strong></span> 
     </span>
    </p>
   </div>
   <div class='ocr_carea' id='block_1_61' title="bbox 514 3380 2105 3453">
    <p class='ocr_par' dir='ltr' id='par_1_61' title="bbox 514 3380 2105 3453">
     <span class='ocr_line' id='line_1_62' title="bbox 514 3380 2105 3453; baseline 0 -16"><span class='ocrx_word' id='word_1_448' title='bbox 514 3389 571 3437; x_wconf 87' lang='lat' dir='ltr'><strong>et</strong></span> <span class='ocrx_word' id='word_1_449' title='bbox 596 3380 868 3453; x_wconf 73' lang='lat' dir='ltr'><strong>praecipua</strong></span> <span class='ocrx_word' id='word_1_450' title='bbox 888 3380 1253 3437; x_wconf 89' lang='lat' dir='ltr'><strong>sollicitudine</strong></span> <span class='ocrx_word' id='word_1_451' title='bbox 1273 3381 1425 3437; x_wconf 90' lang='lat' dir='ltr'><strong>circa</strong></span> <span class='ocrx_word' id='word_1_452' title='bbox 1442 3389 1642 3437; x_wconf 91' lang='lat' dir='ltr'><strong>statum</strong></span> <span class='ocrx_word' id='word_1_453' title='bbox 1658 3381 1915 3438; x_wconf 66' lang='lat' dir='ltr'><strong>Ecclesia:</strong></span> <span class='ocrx_word' id='word_1_454' title='bbox 1937 3381 2105 3453; x_wconf 91' lang='lat' dir='ltr'><strong>ipsius</strong></span> 
     </span>
    </p>
   </div>
   <div class='ocr_carea' id='block_1_62' title="bbox 515 3471 2103 3545">
    <p class='ocr_par' dir='ltr' id='par_1_62' title="bbox 515 3471 2103 3545">
     <span class='ocr_line' id='line_1_63' title="bbox 515 3471 2103 3545; baseline 0.001 -17"><span class='ocrx_word' id='word_1_455' title='bbox 515 3471 810 3544; x_wconf 89' lang='lat' dir='ltr'><strong>invigiletis</strong></span> <span class='ocrx_word' id='word_1_456' title='bbox 834 3491 848 3528; x_wconf 90' lang='lat'><strong>:</strong></span> <span class='ocrx_word' id='word_1_457' title='bbox 878 3473 954 3528; x_wconf 88' lang='lat' dir='ltr'><strong>ita</strong></span> <span class='ocrx_word' id='word_1_458' title='bbox 981 3481 1041 3528; x_wconf 92' lang='lat' dir='ltr'><strong>ut</strong></span> <span class='ocrx_word' id='word_1_459' title='bbox 1062 3474 1202 3545; x_wconf 90' lang='lat' dir='ltr'><strong>apud</strong></span> <span class='ocrx_word' id='word_1_460' title='bbox 1224 3473 1637 3532; x_wconf 88' lang='lat' dir='ltr'><strong>dilectissimum</strong></span> <span class='ocrx_word' id='word_1_461' title='bbox 1663 3474 1831 3530; x_wconf 91' lang='lat' dir='ltr'><strong>ﬁlium</strong></span> <span class='ocrx_word' id='word_1_462' title='bbox 1859 3483 2103 3531; x_wconf 90' lang='lat' dir='ltr'><strong>nostrum</strong></span> 
     </span>
    </p>
   </div>
   <div class='ocr_carea' id='block_1_63' title="bbox 516 3561 2107 3636">
    <p class='ocr_par' dir='ltr' id='par_1_63' title="bbox 516 3561 2107 3636">
     <span class='ocr_line' id='line_1_64' title="bbox 516 3561 2107 3636; baseline 0.001 -18"><span class='ocrx_word' id='word_1_463' title='bbox 516 3578 546 3618; x_wconf 90' lang='lat' dir='ltr'><strong>a</strong></span> <span class='ocrx_word' id='word_1_464' title='bbox 571 3561 682 3619; x_wconf 88' lang='lat' dir='ltr'><strong>Deo</strong></span> <span class='ocrx_word' id='word_1_465' title='bbox 700 3572 1005 3633; x_wconf 87' lang='lat' dir='ltr'><strong>protectum</strong></span> <span class='ocrx_word' id='word_1_466' title='bbox 1042 3562 1360 3620; x_wconf 85' lang='lat' dir='ltr'><strong>Michaelem</strong></span> <span class='ocrx_word' id='word_1_467' title='bbox 1400 3564 1904 3636; x_wconf 87' lang='lat' dir='ltr'><strong>tranquillissimum</strong></span> <span class='ocrx_word' id='word_1_468' title='bbox 1937 3566 2107 3636; x_wconf 91' lang='lat' dir='ltr'><strong>impe-</strong></span> 
     </span>
    </p>
   </div>
   <div class='ocr_carea' id='block_1_64' title="bbox 516 3654 2106 3729">
    <p class='ocr_par' dir='ltr' id='par_1_64' title="bbox 516 3654 2106 3729">
     <span class='ocr_line' id='line_1_65' title="bbox 516 3654 2106 3729; baseline 0.001 -17"><span class='ocrx_word' id='word_1_469' title='bbox 516 3665 755 3712; x_wconf 88' lang='lat' dir='ltr'><strong>ratorem</strong></span> <span class='ocrx_word' id='word_1_470' title='bbox 801 3654 1081 3726; x_wconf 76' lang='lat' dir='ltr'><strong>coniugem</strong></span> <span class='ocrx_word' id='word_1_471' title='bbox 1124 3664 1361 3713; x_wconf 89' lang='lat' dir='ltr'><strong>vestrum</strong></span> <span class='ocrx_word' id='word_1_472' title='bbox 1391 3672 1600 3713; x_wconf 91' lang='lat' dir='ltr'><strong>summa</strong></span> <span class='ocrx_word' id='word_1_473' title='bbox 1633 3658 1890 3714; x_wconf 89' lang='lat' dir='ltr'><strong>instantia</strong></span> <span class='ocrx_word' id='word_1_474' title='bbox 1935 3659 2106 3729; x_wconf 87' lang='lat' dir='ltr'><strong>impe-</strong></span> 
     </span>
    </p>
   </div>
   <div class='ocr_carea' id='block_1_65' title="bbox 518 3748 2104 3819">
    <p class='ocr_par' dir='ltr' id='par_1_65' title="bbox 518 3748 2104 3819">
     <span class='ocr_line' id='line_1_66' title="bbox 518 3748 2104 3819; baseline 0.002 -16"><span class='ocrx_word' id='word_1_475' title='bbox 518 3758 665 3804; x_wconf 90' lang='lat' dir='ltr'><strong>trare</strong></span> <span class='ocrx_word' id='word_1_476' title='bbox 694 3748 1016 3819; x_wconf 87' lang='lat' dir='ltr'><strong>procuretis,</strong></span> <span class='ocrx_word' id='word_1_477' title='bbox 1039 3757 1097 3804; x_wconf 90' lang='lat' dir='ltr'><strong>et</strong></span> <span class='ocrx_word' id='word_1_478' title='bbox 1114 3748 1361 3805; x_wconf 71' lang='lat' dir='ltr'><strong>femineae</strong></span> <span class='ocrx_word' id='word_1_479' title='bbox 1389 3749 1727 3807; x_wconf 88' lang='lat' dir='ltr'><strong>inﬁrmitatis</strong></span> <span class='ocrx_word' id='word_1_480' title='bbox 1760 3751 1942 3807; x_wconf 56' lang='lat' dir='ltr'><strong>oblitae</strong></span> <span class='ocrx_word' id='word_1_481' title='bbox 1971 3751 2104 3806; x_wconf 89' lang='lat' dir='ltr'><strong>viri-</strong></span> 
     </span>
    </p>
   </div>
   <div class='ocr_carea' id='block_1_66' title="bbox 516 3838 2102 3913">
    <p class='ocr_par' dir='ltr' id='par_1_66' title="bbox 516 3838 2102 3913">
     <span class='ocr_line' id='line_1_67' title="bbox 516 3838 2102 3913; baseline 0.003 -19"><span class='ocrx_word' id='word_1_482' title='bbox 516 3838 639 3896; x_wconf 84' lang='lat' dir='ltr'><strong>iiter</strong></span> <span class='ocrx_word' id='word_1_483' title='bbox 666 3854 828 3912; x_wconf 80' lang='lat' dir='ltr'><strong>agere</strong></span> <span class='ocrx_word' id='word_1_484' title='bbox 858 3840 1158 3897; x_wconf 86' lang='lat' dir='ltr'><strong>studeatis:</strong></span> <span class='ocrx_word' id='word_1_485' title='bbox 1190 3851 1458 3913; x_wconf 88' lang='lat' dir='ltr'><strong>quatenus</strong></span> <span class='ocrx_word' id='word_1_486' title='bbox 1496 3845 1748 3898; x_wconf 80' lang='lat' dir='ltr'><strong>invasere</strong></span> <span class='ocrx_word' id='word_1_487' title='bbox 1787 3842 2102 3900; x_wconf 90' lang='lat' dir='ltr'><strong>Constanti-</strong></span> 
     </span>
    </p>
   </div>
   <div class='ocr_carea' id='block_1_67' title="bbox 515 3931 2105 4006">
    <p class='ocr_par' dir='ltr' id='par_1_67' title="bbox 515 3931 2105 4006">
     <span class='ocr_line' id='line_1_68' title="bbox 515 3931 2105 4006; baseline 0.003 -19"><span class='ocrx_word' id='word_1_488' title='bbox 515 3931 840 4003; x_wconf 67' lang='lat' dir='ltr'><strong>nopolitanae</strong></span> <span class='ocrx_word' id='word_1_489' title='bbox 884 3931 1159 3999; x_wconf 68' lang='lat' dir='ltr'><strong>Ecclesiae,</strong></span> <span class='ocrx_word' id='word_1_490' title='bbox 1206 3947 1301 3989; x_wconf 88' lang='lat' dir='ltr'><strong>seu</strong></span> <span class='ocrx_word' id='word_1_491' title='bbox 1352 3934 1583 3999; x_wconf 78' lang='lat' dir='ltr'><strong>mmcho,</strong></span> <span class='ocrx_word' id='word_1_492' title='bbox 1626 3942 1789 4005; x_wconf 91' lang='lat' dir='ltr'><strong>atque</strong></span> <span class='ocrx_word' id='word_1_493' title='bbox 1832 3934 2105 4006; x_wconf 87' lang='lat' dir='ltr'><strong>neophyto</strong></span> 
     </span>
    </p>
   </div>
   <div class='ocr_carea' id='block_1_68' title="bbox 518 4021 2104 4100">
    <p class='ocr_par' dir='ltr' id='par_1_68' title="bbox 518 4021 2104 4100">
     <span class='ocr_line' id='line_1_69' title="bbox 518 4021 2104 4100; baseline 0.005 -23"><span class='ocrx_word' id='word_1_494' title='bbox 518 4021 711 4079; x_wconf 91' lang='lat' dir='ltr'><strong>Photio</strong></span> <span class='ocrx_word' id='word_1_495' title='bbox 753 4032 988 4088; x_wconf 90' lang='lat' dir='ltr'><strong>remoto,</strong></span> <span class='ocrx_word' id='word_1_496' title='bbox 1019 4024 1174 4080; x_wconf 88' lang='lat' dir='ltr'><strong>fratri</strong></span> <span class='ocrx_word' id='word_1_497' title='bbox 1223 4036 1279 4080; x_wconf 91' lang='lat' dir='ltr'><strong>et</strong></span> <span class='ocrx_word' id='word_1_498' title='bbox 1321 4027 1642 4098; x_wconf 86' lang='lat' dir='ltr'><strong>coepiscopo</strong></span> <span class='ocrx_word' id='word_1_499' title='bbox 1688 4036 1875 4084; x_wconf 89' lang='lat' dir='ltr'><strong>nostro</strong></span> <span class='ocrx_word' id='word_1_500' title='bbox 1900 4028 2104 4100; x_wconf 87' lang='lat' dir='ltr'><strong>lgnatio</strong></span> 
     </span>
    </p>
   </div>
   <div class='ocr_carea' id='block_1_69' title="bbox 518 4113 2106 4190">
    <p class='ocr_par' dir='ltr' id='par_1_69' title="bbox 518 4113 2106 4190">
     <span class='ocr_line' id='line_1_70' title="bbox 518 4113 2106 4190; baseline 0.005 -20"><span class='ocrx_word' id='word_1_501' title='bbox 518 4114 708 4170; x_wconf 90' lang='lat' dir='ltr'><strong>eadem</strong></span> <span class='ocrx_word' id='word_1_502' title='bbox 728 4113 954 4170; x_wconf 88' lang='lat' dir='ltr'><strong>ecclesia</strong></span> <span class='ocrx_word' id='word_1_503' title='bbox 978 4117 1334 4186; x_wconf 89' lang='lat' dir='ltr'><strong>permissione</strong></span> <span class='ocrx_word' id='word_1_504' title='bbox 1363 4118 1554 4189; x_wconf 90' lang='lat' dir='ltr'><strong>ipsius,</strong></span> <span class='ocrx_word' id='word_1_505' title='bbox 1584 4127 1745 4190; x_wconf 90' lang='lat' dir='ltr'><strong>atque</strong></span> <span class='ocrx_word' id='word_1_506' title='bbox 1775 4120 1962 4177; x_wconf 89' lang='lat' dir='ltr'><strong>favore</strong></span> <span class='ocrx_word' id='word_1_507' title='bbox 1983 4123 2106 4178; x_wconf 90' lang='lat' dir='ltr'><strong>red-</strong></span> 
     </span>
    </p>
   </div>
   <div class='ocr_carea' id='block_1_70' title="bbox 521 4207 2105 4283">
    <p class='ocr_par' dir='ltr' id='par_1_70' title="bbox 521 4207 2105 4283">
     <span class='ocr_line' id='line_1_71' title="bbox 521 4207 2105 4283; baseline 0.004 -21"><span class='ocrx_word' id='word_1_508' title='bbox 521 4207 714 4272; x_wconf 87' lang='lat' dir='ltr'><strong>datur;</strong></span> <span class='ocrx_word' id='word_1_509' title='bbox 750 4207 1007 4278; x_wconf 88' lang='lat' dir='ltr'><strong>quoniam</strong></span> <span class='ocrx_word' id='word_1_510' title='bbox 1048 4218 1236 4264; x_wconf 89' lang='lat' dir='ltr'><strong>contra</strong></span> <span class='ocrx_word' id='word_1_511' title='bbox 1272 4225 1491 4266; x_wconf 88' lang='lat' dir='ltr'><strong>omnem</strong></span> <span class='ocrx_word' id='word_1_512' title='bbox 1536 4211 1801 4283; x_wconf 88' lang='lat' dir='ltr'><strong>regulam,</strong></span> <span class='ocrx_word' id='word_1_513' title='bbox 1827 4221 1881 4268; x_wconf 91' lang='lat' dir='ltr'><strong>et</strong></span> <span class='ocrx_word' id='word_1_514' title='bbox 1904 4220 2105 4283; x_wconf 66' lang='lat' dir='ltr'><strong>praeter</strong></span> 
     </span>
    </p>
   </div>
   <div class='ocr_carea' id='block_1_71' title="bbox 518 4298 2105 4372">
    <p class='ocr_par' dir='ltr' id='par_1_71' title="bbox 518 4298 2105 4372">
     <span class='ocr_line' id='line_1_72' title="bbox 518 4298 2105 4372; baseline 0.003 -17"><span class='ocrx_word' id='word_1_515' title='bbox 518 4313 735 4355; x_wconf 89' lang='lat' dir='ltr'><strong>omnem</strong></span> <span class='ocrx_word' id='word_1_516' title='bbox 768 4298 1033 4364; x_wconf 90' lang='lat' dir='ltr'><strong>ordinem,</strong></span> <span class='ocrx_word' id='word_1_517' title='bbox 1078 4299 1169 4355; x_wconf 89' lang='lat' dir='ltr'><strong>illa</strong></span> <span class='ocrx_word' id='word_1_518' title='bbox 1216 4299 1474 4372; x_wconf 65' lang='lat' dir='ltr'><strong>praefatus</strong></span> <span class='ocrx_word' id='word_1_519' title='bbox 1518 4302 1846 4359; x_wconf 88' lang='lat' dir='ltr'><strong>reverendus</strong></span> <span class='ocrx_word' id='word_1_520' title='bbox 1876 4303 2105 4360; x_wconf 88' lang='lat' dir='ltr'><strong>antistes</strong></span> 
     </span>
    </p>
   </div>
   <div class='ocr_carea' id='block_1_72' title="bbox 518 4392 2104 4468">
    <p class='ocr_par' dir='ltr' id='par_1_72' title="bbox 518 4392 2104 4468">
     <span class='ocr_line' id='line_1_73' title="bbox 518 4392 2104 4468; baseline 0.001 -18"><span class='ocrx_word' id='word_1_521' title='bbox 518 4392 856 4464; x_wconf 87' lang='lat' dir='ltr'><strong>dispoliatus,</strong></span> <span class='ocrx_word' id='word_1_522' title='bbox 902 4402 1065 4464; x_wconf 87' lang='lat' dir='ltr'><strong>atque</strong></span> <span class='ocrx_word' id='word_1_523' title='bbox 1102 4393 1343 4465; x_wconf 90' lang='lat' dir='ltr'><strong>privatus</strong></span> <span class='ocrx_word' id='word_1_524' title='bbox 1383 4404 1486 4450; x_wconf 89' lang='lat' dir='ltr'><strong>est.</strong></span> <span class='ocrx_word' id='word_1_525' title='bbox 1520 4392 1721 4450; x_wconf 83' lang='lat' dir='ltr'><strong>Verum</strong></span> <span class='ocrx_word' id='word_1_526' title='bbox 1751 4397 1884 4453; x_wconf 87' lang='lat' dir='ltr'><strong>adeo</strong></span> <span class='ocrx_word' id='word_1_527' title='bbox 1933 4397 2104 4468; x_wconf 81' lang='lat' dir='ltr'><strong>impe-</strong></span> 
     </span>
    </p>
   </div>
   <div class='ocr_carea' id='block_1_73' title="bbox 517 4488 2101 4569">
    <p class='ocr_par' dir='ltr' id='par_1_73' title="bbox 517 4488 2101 4569">
     <span class='ocr_line' id='line_1_74' title="bbox 517 4488 2101 4569; baseline 0.003 -27"><span class='ocrx_word' id='word_1_528' title='bbox 517 4488 661 4569; x_wconf 81' lang='lat' dir='ltr'><strong>rium</strong></span> <span class='ocrx_word' id='word_1_529' title='bbox 708 4496 948 4544; x_wconf 88' lang='lat' dir='ltr'><strong>vestrum</strong></span> <span class='ocrx_word' id='word_1_530' title='bbox 978 4503 1076 4559; x_wconf 91' lang='lat' dir='ltr'><strong>pro</strong></span> <span class='ocrx_word' id='word_1_531' title='bbox 1104 4489 1207 4544; x_wconf 92' lang='lat' dir='ltr'><strong>hac</strong></span> <span class='ocrx_word' id='word_1_532' title='bbox 1240 4489 1429 4545; x_wconf 87' lang='lat' dir='ltr'><strong>eadem</strong></span> <span class='ocrx_word' id='word_1_533' title='bbox 1459 4505 1519 4545; x_wconf 93' lang='lat' dir='ltr'><strong>re</strong></span> <span class='ocrx_word' id='word_1_534' title='bbox 1559 4491 1789 4557; x_wconf 91' lang='lat' dir='ltr'><strong>noverit,</strong></span> <span class='ocrx_word' id='word_1_535' title='bbox 1817 4491 2042 4562; x_wconf 63' lang='lat' dir='ltr'><strong>praefato</strong></span> <span class='ocrx_word' id='word_1_536' title='bbox 2070 4507 2101 4547; x_wconf 89' lang='lat' dir='ltr'><strong>a</strong></span> 
     </span>
    </p>
   </div>
   <div class='ocr_carea' id='block_1_74' title="bbox 519 4581 2104 4663">
    <p class='ocr_par' dir='ltr' id='par_1_74' title="bbox 519 4581 2104 4663">
     <span class='ocr_line' id='line_1_75' title="bbox 519 4581 2104 4663; baseline 0.001 -24"><span class='ocrx_word' id='word_1_537' title='bbox 519 4583 634 4640; x_wconf 91' lang='lat' dir='ltr'><strong>Deo</strong></span> <span class='ocrx_word' id='word_1_538' title='bbox 662 4582 1034 4663; x_wconf 86' lang='lat' dir='ltr'><strong>conservando</strong></span> <span class='ocrx_word' id='word_1_539' title='bbox 1054 4581 1300 4654; x_wconf 70' lang='lat' dir='ltr'><strong>Augusto</strong></span> <span class='ocrx_word' id='word_1_540' title='bbox 1328 4583 1846 4640; x_wconf 86' lang='lat' dir='ltr'><strong>desiderabilissimo</strong></span> <span class='ocrx_word' id='word_1_541' title='bbox 1873 4585 1984 4640; x_wconf 88' lang='lat' dir='ltr'><strong>ﬁlio</strong></span> <span class='ocrx_word' id='word_1_542' title='bbox 2009 4600 2104 4641; x_wconf 81' lang='lat' dir='ltr'><strong>no-</strong></span> 
     </span>
    </p>
   </div>
   <div class='ocr_carea' id='block_1_75' title="bbox 520 4674 2105 4747">
    <p class='ocr_par' dir='ltr' id='par_1_75' title="bbox 520 4674 2105 4747">
     <span class='ocr_line' id='line_1_76' title="bbox 520 4674 2105 4747; baseline 0 -14"><span class='ocrx_word' id='word_1_543' title='bbox 520 4686 634 4733; x_wconf 87' lang='lat' dir='ltr'><strong>stro</strong></span> <span class='ocrx_word' id='word_1_544' title='bbox 661 4677 877 4744; x_wconf 90' lang='lat' dir='ltr'><strong>missos,</strong></span> <span class='ocrx_word' id='word_1_545' title='bbox 907 4684 964 4731; x_wconf 90' lang='lat' dir='ltr'><strong>et</strong></span> <span class='ocrx_word' id='word_1_546' title='bbox 986 4675 1196 4730; x_wconf 88' lang='lat' dir='ltr'><strong>litteras</strong></span> <span class='ocrx_word' id='word_1_547' title='bbox 1219 4674 1554 4745; x_wconf 89' lang='lat' dir='ltr'><strong>apostolatus</strong></span> <span class='ocrx_word' id='word_1_548' title='bbox 1583 4677 1755 4731; x_wconf 92' lang='lat' dir='ltr'><strong>nostri</strong></span> <span class='ocrx_word' id='word_1_549' title='bbox 1784 4678 2105 4747; x_wconf 79' lang='lat' dir='ltr'><strong>competibi-</strong></span> 
     </span>
    </p>
   </div>
   <div class='ocr_carea' id='block_1_76' title="bbox 520 4768 2105 4840">
    <p class='ocr_par' dir='ltr' id='par_1_76' title="bbox 520 4768 2105 4840">
     <span class='ocr_line' id='line_1_77' title="bbox 520 4768 2105 4840; baseline 0.002 -17"><span class='ocrx_word' id='word_1_550' title='bbox 520 4769 601 4825; x_wconf 88' lang='lat' dir='ltr'><strong>les</strong></span> <span class='ocrx_word' id='word_1_551' title='bbox 642 4770 980 4835; x_wconf 87' lang='lat' dir='ltr'><strong>destinasse;</strong></span> <span class='ocrx_word' id='word_1_552' title='bbox 1031 4768 1229 4838; x_wconf 89' lang='lat' dir='ltr'><strong>quibus</strong></span> <span class='ocrx_word' id='word_1_553' title='bbox 1284 4776 1525 4823; x_wconf 78' lang='lat' dir='ltr'><strong>vestram</strong></span> <span class='ocrx_word' id='word_1_554' title='bbox 1569 4783 1782 4839; x_wconf 88' lang='lat' dir='ltr'><strong>quoque</strong></span> <span class='ocrx_word' id='word_1_555' title='bbox 1845 4770 2105 4840; x_wconf 89' lang='lat' dir='ltr'><strong>pietatem</strong></span> 
     </span>
    </p>
   </div>
   <div class='ocr_carea' id='block_1_77' title="bbox 524 4852 2105 4932">
    <p class='ocr_par' dir='ltr' id='par_1_77' title="bbox 524 4852 2105 4932">
     <span class='ocr_line' id='line_1_78' title="bbox 524 4852 2105 4932; baseline 0.003 -16"><span class='ocrx_word' id='word_1_556' title='bbox 524 4852 795 4918; x_wconf 60' lang='lat' dir='ltr'><strong>so&#39;ciantes</strong></span> <span class='ocrx_word' id='word_1_557' title='bbox 814 4862 1069 4932; x_wconf 89' lang='lat' dir='ltr'><strong>petimus,</strong></span> <span class='ocrx_word' id='word_1_558' title='bbox 1093 4869 1151 4915; x_wconf 91' lang='lat' dir='ltr'><strong>ut</strong></span> <span class='ocrx_word' id='word_1_559' title='bbox 1186 4868 1398 4915; x_wconf 91' lang='lat' dir='ltr'><strong>tantum</strong></span> <span class='ocrx_word' id='word_1_560' title='bbox 1442 4860 1767 4932; x_wconf 89' lang='lat' dir='ltr'><strong>legationem</strong></span> <span class='ocrx_word' id='word_1_561' title='bbox 1796 4877 1985 4919; x_wconf 89' lang='lat' dir='ltr'><strong>eorum</strong></span> <span class='ocrx_word' id='word_1_562' title='bbox 2016 4864 2105 4920; x_wconf 85' lang='lat' dir='ltr'><strong>ad-</strong></span> 
     </span>
    </p>
   </div>
   <div class='ocr_carea' id='block_1_78' title="bbox 517 4952 2104 5026">
    <p class='ocr_par' dir='ltr' id='par_1_78' title="bbox 517 4952 2104 5026">
     <span class='ocr_line' id='line_1_79' title="bbox 517 4952 2104 5026; baseline 0.004 -19"><span class='ocrx_word' id='word_1_563' title='bbox 517 4954 738 5026; x_wconf 88' lang='lat' dir='ltr'><strong>juvetis,</strong></span> <span class='ocrx_word' id='word_1_564' title='bbox 783 4963 840 5009; x_wconf 91' lang='lat' dir='ltr'><strong>et</strong></span> <span class='ocrx_word' id='word_1_565' title='bbox 891 4953 1045 5009; x_wconf 90' lang='lat' dir='ltr'><strong>eisin</strong></span> <span class='ocrx_word' id='word_1_566' title='bbox 1101 4954 1352 5009; x_wconf 86' lang='lat' dir='ltr'><strong>omnibus</strong></span> <span class='ocrx_word' id='word_1_567' title='bbox 1401 4952 1792 5026; x_wconf 84' lang='lat' dir='ltr'><strong>sufl‘ragemini,</strong></span> <span class='ocrx_word' id='word_1_568' title='bbox 1840 4966 2104 5026; x_wconf 89' lang='lat' dir='ltr'><strong>quantum</strong></span> 
     </span>
    </p>
   </div>
   <div class='ocr_carea' id='block_1_79' title="bbox 524 5042 2106 5120">
    <p class='ocr_par' dir='ltr' id='par_1_79' title="bbox 524 5042 2106 5120">
     <span class='ocr_line' id='line_1_80' title="bbox 524 5042 2106 5120; baseline 0.003 -20"><span class='ocrx_word' id='word_1_569' title='bbox 524 5045 743 5100; x_wconf 89' lang='lat' dir='ltr'><strong>beatum</strong></span> <span class='ocrx_word' id='word_1_570' title='bbox 774 5044 994 5100; x_wconf 83' lang='lat' dir='ltr'><strong>Petrum</strong></span> <span class='ocrx_word' id='word_1_571' title='bbox 1024 5042 1327 5116; x_wconf 85' lang='lat' dir='ltr'><strong>apostolum</strong></span> <span class='ocrx_word' id='word_1_572' title='bbox 1358 5054 1415 5101; x_wconf 91' lang='lat' dir='ltr'><strong>et</strong></span> <span class='ocrx_word' id='word_1_573' title='bbox 1460 5046 1702 5104; x_wconf 59' lang='lat' dir='ltr'><strong>caelestis</strong></span> <span class='ocrx_word' id='word_1_574' title='bbox 1740 5050 1890 5120; x_wconf 82' lang='lat' dir='ltr'><strong>regni</strong></span> <span class='ocrx_word' id='word_1_575' title='bbox 1937 5050 2106 5105; x_wconf 90' lang='lat' dir='ltr'><strong>clavi-</strong></span> 
     </span>
    </p>
   </div>
   <div class='ocr_carea' id='block_1_80' title="bbox 523 5137 2107 5212">
    <p class='ocr_par' dir='ltr' id='par_1_80' title="bbox 523 5137 2107 5212">
     <span class='ocr_line' id='line_1_81' title="bbox 523 5137 2107 5212; baseline 0.006 -19"><span class='ocrx_word' id='word_1_576' title='bbox 523 5152 715 5210; x_wconf 88' lang='lat' dir='ltr'><strong>gerum</strong></span> <span class='ocrx_word' id='word_1_577' title='bbox 740 5137 960 5192; x_wconf 90' lang='lat' dir='ltr'><strong>culmini</strong></span> <span class='ocrx_word' id='word_1_578' title='bbox 988 5148 1171 5194; x_wconf 87' lang='lat' dir='ltr'><strong>vestro</strong></span> <span class='ocrx_word' id='word_1_579' title='bbox 1199 5148 1418 5210; x_wconf 87' lang='lat' dir='ltr'><strong>semper</strong></span> <span class='ocrx_word' id='word_1_580' title='bbox 1443 5141 1633 5196; x_wconf 85' lang='lat' dir='ltr'><strong>adesse</strong></span> <span class='ocrx_word' id='word_1_581' title='bbox 1671 5141 1963 5212; x_wconf 88' lang='lat' dir='ltr'><strong>benignum</strong></span> <span class='ocrx_word' id='word_1_582' title='bbox 1992 5157 2107 5203; x_wconf 85' lang='lat' dir='ltr'><strong>me-.</strong></span> 
     </span>
    </p>
   </div>
   <div class='ocr_carea' id='block_1_81' title="bbox 526 5227 2106 5299">
    <p class='ocr_par' dir='ltr' id='par_1_81' title="bbox 526 5227 2106 5299">
     <span class='ocr_line' id='line_1_82' title="bbox 526 5227 2106 5299; baseline 0.006 -16"><span class='ocrx_word' id='word_1_583' title='bbox 526 5227 750 5283; x_wconf 89' lang='lat' dir='ltr'><strong>dullitus</strong></span> <span class='ocrx_word' id='word_1_584' title='bbox 799 5231 1085 5299; x_wconf 82' lang='lat' dir='ltr'><strong>exoptatis.</strong></span> <span class='ocrx_word' id='word_1_585' title='bbox 1141 5228 1260 5285; x_wconf 82' lang='lat' dir='ltr'><strong>Non</strong></span> <span class='ocrx_word' id='word_1_586' title='bbox 1318 5232 1466 5287; x_wconf 90' lang='lat' dir='ltr'><strong>enim</strong></span> <span class='ocrx_word' id='word_1_587' title='bbox 1516 5231 1718 5287; x_wconf 86' lang='lat' dir='ltr'><strong>frustra</strong></span> <span class='ocrx_word' id='word_1_588' title='bbox 1773 5233 2106 5291; x_wconf 87' lang='lat' dir='ltr'><strong>nobilitatem</strong></span> 
     </span>
    </p>
   </div>
   <div class='ocr_carea' id='block_1_82' title="bbox 527 5315 2109 5395">
    <p class='ocr_par' dir='ltr' id='par_1_82' title="bbox 527 5315 2109 5395">
     <span class='ocr_line' id='line_1_83' title="bbox 527 5315 2109 5395; baseline 0.006 -23"><span class='ocrx_word' id='word_1_589' title='bbox 527 5328 766 5374; x_wconf 88' lang='lat' dir='ltr'><strong>vestram</strong></span> <span class='ocrx_word' id='word_1_590' title='bbox 788 5315 1038 5374; x_wconf 85' lang='lat' dir='ltr'><strong>Christus</strong></span> <span class='ocrx_word' id='word_1_591' title='bbox 1062 5319 1203 5376; x_wconf 85' lang='lat' dir='ltr'><strong>Deus</strong></span> <span class='ocrx_word' id='word_1_592' title='bbox 1228 5332 1415 5379; x_wconf 85' lang='lat' dir='ltr'><strong>noster</strong></span> <span class='ocrx_word' id='word_1_593' title='bbox 1436 5322 1647 5394; x_wconf 87' lang='lat' dir='ltr'><strong>imperii</strong></span> <span class='ocrx_word' id='word_1_594' title='bbox 1677 5322 1921 5395; x_wconf 84' lang='lat' dir='ltr'><strong>conjugis</strong></span> <span class='ocrx_word' id='word_1_595' title='bbox 1941 5324 2109 5381; x_wconf 85' lang='lat' dir='ltr'><strong>vestri</strong></span> 
     </span>
    </p>
   </div>
   <div class='ocr_carea' id='block_1_83' title="bbox 526 5412 2109 5487">
    <p class='ocr_par' dir='ltr' id='par_1_83' title="bbox 526 5412 2109 5487">
     <span class='ocr_line' id='line_1_84' title="bbox 526 5412 2109 5487; baseline 0.006 -18"><span class='ocrx_word' id='word_1_596' title='bbox 526 5412 658 5470; x_wconf 89' lang='lat' dir='ltr'><strong>fecit</strong></span> <span class='ocrx_word' id='word_1_597' title='bbox 697 5421 1027 5480; x_wconf 85' lang='lat' dir='ltr'><strong>consortem,</strong></span> <span class='ocrx_word' id='word_1_598' title='bbox 1060 5431 1160 5473; x_wconf 89' lang='lat' dir='ltr'><strong>nec</strong></span> <span class='ocrx_word' id='word_1_599' title='bbox 1188 5417 1370 5487; x_wconf 89' lang='lat' dir='ltr'><strong>posuit</strong></span> <span class='ocrx_word' id='word_1_600' title='bbox 1404 5434 1503 5475; x_wconf 87' lang='lat' dir='ltr'><strong>vos</strong></span> <span class='ocrx_word' id='word_1_601' title='bbox 1557 5420 1663 5475; x_wconf 88' lang='lat' dir='ltr'><strong>nisi</strong></span> <span class='ocrx_word' id='word_1_602' title='bbox 1707 5430 1765 5476; x_wconf 91' lang='lat' dir='ltr'><strong>ut</strong></span> <span class='ocrx_word' id='word_1_603' title='bbox 1798 5421 2109 5479; x_wconf 86' lang='lat' dir='ltr'><strong>‘Ecclesiam</strong></span> 
     </span>
    </p>
   </div>
   <div class='ocr_carea' id='block_1_84' title="bbox 524 5503 2112 5583">
    <p class='ocr_par' dir='ltr' id='par_1_84' title="bbox 524 5503 2112 5583">
     <span class='ocr_line' id='line_1_85' title="bbox 524 5503 2112 5583; baseline 0.006 -22"><span class='ocrx_word' id='word_1_604' title='bbox 524 5503 646 5578; x_wconf 88' lang='lat' dir='ltr'><strong>ejus</strong></span> <span class='ocrx_word' id='word_1_605' title='bbox 690 5504 978 5577; x_wconf 83' lang='lat' dir='ltr'><strong>adjuvetis,</strong></span> <span class='ocrx_word' id='word_1_606' title='bbox 1007 5519 1135 5576; x_wconf 86' lang='lat' dir='ltr'><strong>erga</strong></span> <span class='ocrx_word' id='word_1_607' title='bbox 1183 5515 1383 5563; x_wconf 89' lang='lat' dir='ltr'><strong>statum</strong></span> <span class='ocrx_word' id='word_1_608' title='bbox 1431 5508 1547 5579; x_wconf 88' lang='lat' dir='ltr'><strong>ejus</strong></span> <span class='ocrx_word' id='word_1_609' title='bbox 1589 5510 1859 5583; x_wconf 78' lang='lat' dir='ltr'><strong>vigiletis,‘</strong></span> <span class='ocrx_word' id='word_1_610' title='bbox 1893 5513 2112 5571; x_wconf 84' lang='lat' dir='ltr'><strong>famulis</strong></span> 
     </span>
    </p>
   </div>
   <div class='ocr_carea' id='block_1_85' title="bbox 526 5600 2111 5678">
    <p class='ocr_par' dir='ltr' id='par_1_85' title="bbox 526 5600 2111 5678">
     <span class='ocr_line' id='line_1_86' title="bbox 526 5600 2111 5678; baseline 0.005 -21"><span class='ocrx_word' id='word_1_611' title='bbox 526 5600 697 5673; x_wconf 89' lang='lat' dir='ltr'><strong>ipsius</strong></span> <span class='ocrx_word' id='word_1_612' title='bbox 726 5600 1079 5666; x_wconf 81' lang='lat' dir='ltr'><strong>auxiliemini,</strong></span> <span class='ocrx_word' id='word_1_613' title='bbox 1108 5611 1401 5659; x_wconf 66' lang='lat' dir='ltr'><strong>maerentes</strong></span> <span class='ocrx_word' id='word_1_614' title='bbox 1424 5604 1796 5673; x_wconf 87' lang='lat' dir='ltr'><strong>consolemini,</strong></span> <span class='ocrx_word' id='word_1_615' title='bbox 1821 5622 2111 5678; x_wconf 87' lang='lat' dir='ltr'><strong>oppressos</strong></span> 
     </span>
    </p>
   </div>
   <div class='ocr_carea' id='block_1_86' title="bbox 2128 4542 2183 4605">
    <p class='ocr_par' dir='ltr' id='par_1_86' title="bbox 2128 4542 2183 4605">
     <span class='ocr_line' id='line_1_87' title="bbox 2128 4542 2183 4605; baseline 0 0"><span class='ocrx_word' id='word_1_616' title='bbox 2128 4542 2183 4605; x_wconf 90' lang='lat' dir='ltr'><strong>D</strong></span> 
     </span>
    </p>
   </div>
   <div class='ocr_carea' id='block_1_87' title="bbox 2208 3279 3804 3352">
    <p class='ocr_par' dir='ltr' id='par_1_87' title="bbox 2208 3279 3804 3352">
     <span class='ocr_line' id='line_1_88' title="bbox 2208 3279 3804 3352; baseline 0.001 -16"><span class='ocrx_word' id='word_1_617' title='bbox 2208 3280 2503 3347; x_wconf 88' lang='lat' dir='ltr'><strong>crevimus,</strong></span> <span class='ocrx_word' id='word_1_618' title='bbox 2545 3280 2966 3352; x_wconf 89' lang='lat' dir='ltr'><strong>adimpleantur,</strong></span> <span class='ocrx_word' id='word_1_619' title='bbox 3003 3279 3249 3352; x_wconf 87' lang='lat' dir='ltr'><strong>profecto</strong></span> <span class='ocrx_word' id='word_1_620' title='bbox 3287 3282 3340 3337; x_wconf 91' lang='lat' dir='ltr'><strong>in</strong></span> <span class='ocrx_word' id='word_1_621' title='bbox 3379 3280 3804 3351; x_wconf 73' lang='lat' dir='ltr'><strong>imperii-vestri</strong></span> 
     </span>
    </p>
   </div>
   <div class='ocr_carea' id='block_1_88' title="bbox 2207 3370 3795 3444">
    <p class='ocr_par' dir='ltr' id='par_1_88' title="bbox 2207 3370 3795 3444">
     <span class='ocr_line' id='line_1_89' title="bbox 2207 3370 3795 3444; baseline -0.003 -15"><span class='ocrx_word' id='word_1_622' title='bbox 2207 3374 2341 3429; x_wconf 88' lang='lat' dir='ltr'><strong>orbe</strong></span> <span class='ocrx_word' id='word_1_623' title='bbox 2360 3373 2516 3443; x_wconf 84' lang='lat' dir='ltr'><strong>quasi</strong></span> <span class='ocrx_word' id='word_1_624' title='bbox 2538 3388 2635 3444; x_wconf 88' lang='lat' dir='ltr'><strong>per</strong></span> <span class='ocrx_word' id='word_1_625' title='bbox 2656 3372 2888 3429; x_wconf 88' lang='lat' dir='ltr'><strong>alteram</strong></span> <span class='ocrx_word' id='word_1_626' title='bbox 2907 3374 3079 3429; x_wconf 88' lang='lat' dir='ltr'><strong>Evam</strong></span> <span class='ocrx_word' id='word_1_627' title='bbox 3112 3373 3190 3444; x_wconf 89' lang='lat' dir='ltr'><strong>(id</strong></span> <span class='ocrx_word' id='word_1_628' title='bbox 3213 3380 3289 3430; x_wconf 87' lang='lat' dir='ltr'><strong>est</strong></span> <span class='ocrx_word' id='word_1_629' title='bbox 3306 3386 3400 3443; x_wconf 86' lang='lat' dir='ltr'><strong>per</strong></span> <span class='ocrx_word' id='word_1_630' title='bbox 3413 3370 3795 3443; x_wconf 80' lang='lat' dir='ltr'><strong>obedientem)</strong></span> 
     </span>
    </p>
   </div>
   <div class='ocr_carea' id='block_1_89' title="bbox 2205 3461 3809 3536">
    <p class='ocr_par' dir='ltr' id='par_1_89' title="bbox 2205 3461 3809 3536">
     <span class='ocr_line' id='line_1_90' title="bbox 2205 3461 3809 3536; baseline 0 -16"><span class='ocrx_word' id='word_1_631' title='bbox 2205 3475 2402 3521; x_wconf 87' lang='lat' dir='ltr'><strong>cuncta</strong></span> <span class='ocrx_word' id='word_1_632' title='bbox 2458 3480 2581 3536; x_wconf 64' lang='lat' dir='ltr'><strong>qua:</strong></span> <span class='ocrx_word' id='word_1_633' title='bbox 2616 3466 2904 3522; x_wconf 82' lang='lat' dir='ltr'><strong>destructa</strong></span> <span class='ocrx_word' id='word_1_634' title='bbox 2946 3474 3119 3533; x_wconf 85' lang='lat' dir='ltr'><strong>sunt,</strong></span> <span class='ocrx_word' id='word_1_635' title='bbox 3154 3464 3629 3523; x_wconf 79' lang='lat' dir='ltr'><strong>restaurabuntur.</strong></span> <span class='ocrx_word' id='word_1_636' title='bbox 3694 3461 3809 3520; x_wconf 78' lang='lat' dir='ltr'><strong>me</strong></span> 
     </span>
    </p>
   </div>
   <div class='ocr_carea' id='block_1_90' title="bbox 2206 3557 3806 3631">
    <p class='ocr_par' dir='ltr' id='par_1_90' title="bbox 2206 3557 3806 3631">
     <span class='ocr_line' id='line_1_91' title="bbox 2206 3557 3806 3631; baseline 0.001 -17"><span class='ocrx_word' id='word_1_637' title='bbox 2206 3574 2440 3630; x_wconf 89' lang='lat' dir='ltr'><strong>namque</strong></span> <span class='ocrx_word' id='word_1_638' title='bbox 2485 3559 2700 3629; x_wconf 87' lang='lat' dir='ltr'><strong>priscus</strong></span> <span class='ocrx_word' id='word_1_639' title='bbox 2741 3574 2968 3631; x_wconf 88' lang='lat' dir='ltr'><strong>serpens</strong></span> <span class='ocrx_word' id='word_1_640' title='bbox 3024 3569 3082 3615; x_wconf 89' lang='lat' dir='ltr'><strong>et</strong></span> <span class='ocrx_word' id='word_1_641' title='bbox 3139 3560 3396 3631; x_wconf 82' lang='lat' dir='ltr'><strong>antiquus</strong></span> <span class='ocrx_word' id='word_1_642' title='bbox 3444 3557 3806 3615; x_wconf 79' lang='lat' dir='ltr'><strong>adversarius</strong></span> 
     </span>
    </p>
   </div>
   <div class='ocr_carea' id='block_1_91' title="bbox 2204 3652 3804 3724">
    <p class='ocr_par' dir='ltr' id='par_1_91' title="bbox 2204 3652 3804 3724">
     <span class='ocr_line' id='line_1_92' title="bbox 2204 3652 3804 3724; baseline 0.001 -17"><span class='ocrx_word' id='word_1_643' title='bbox 2204 3667 2313 3707; x_wconf 92' lang='lat' dir='ltr'><strong>non</strong></span> <span class='ocrx_word' id='word_1_644' title='bbox 2339 3661 2519 3708; x_wconf 88' lang='lat' dir='ltr'><strong>cessat</strong></span> <span class='ocrx_word' id='word_1_645' title='bbox 2550 3652 2854 3709; x_wconf 87' lang='lat' dir='ltr'><strong>Ecclesiam</strong></span> <span class='ocrx_word' id='word_1_646' title='bbox 2901 3652 3134 3716; x_wconf 88' lang='lat' dir='ltr'><strong>Domini,</strong></span> <span class='ocrx_word' id='word_1_647' title='bbox 3164 3668 3286 3722; x_wconf 66' lang='lat' dir='ltr'><strong>qua:</strong></span> <span class='ocrx_word' id='word_1_648' title='bbox 3315 3654 3637 3724; x_wconf 80' lang='lat' dir='ltr'><strong>deutroque</strong></span> <span class='ocrx_word' id='word_1_649' title='bbox 3664 3667 3804 3709; x_wconf 74' lang='lat' dir='ltr'><strong>sexu</strong></span> 
     </span>
    </p>
   </div>
   <div class='ocr_carea' id='block_1_92' title="bbox 2205 3743 3804 3816">
    <p class='ocr_par' dir='ltr' id='par_1_92' title="bbox 2205 3743 3804 3816">
     <span class='ocr_line' id='line_1_93' title="bbox 2205 3743 3804 3816; baseline 0.001 -15"><span class='ocrx_word' id='word_1_650' title='bbox 2205 3745 2568 3816; x_wconf 82' lang='lat' dir='ltr'><strong>componitur,</strong></span> <span class='ocrx_word' id='word_1_651' title='bbox 2607 3745 2840 3802; x_wconf 90' lang='lat' dir='ltr'><strong>diversis</strong></span> <span class='ocrx_word' id='word_1_652' title='bbox 2864 3760 3087 3801; x_wconf 88' lang='lat' dir='ltr'><strong>versare</strong></span> <span class='ocrx_word' id='word_1_653' title='bbox 3113 3745 3593 3801; x_wconf 89' lang='lat' dir='ltr'><strong>machinamentis.</strong></span> <span class='ocrx_word' id='word_1_654' title='bbox 3641 3743 3804 3802; x_wconf 85' lang='lat' dir='ltr'><strong>Unde</strong></span> 
     </span>
    </p>
   </div>
   <div class='ocr_carea' id='block_1_93' title="bbox 2206 3837 3805 3908">
    <p class='ocr_par' dir='ltr' id='par_1_93' title="bbox 2206 3837 3805 3908">
     <span class='ocr_line' id='line_1_94' title="bbox 2206 3837 3805 3908; baseline 0.002 -17"><span class='ocrx_word' id='word_1_655' title='bbox 2206 3837 2570 3908; x_wconf 86' lang='lat' dir='ltr'><strong>etApostolus</strong></span> <span class='ocrx_word' id='word_1_656' title='bbox 2589 3852 2657 3892; x_wconf 91' lang='lat' dir='ltr'><strong>ne</strong></span> <span class='ocrx_word' id='word_1_657' title='bbox 2677 3852 2870 3894; x_wconf 89' lang='lat' dir='ltr'><strong>sensus</strong></span> <span class='ocrx_word' id='word_1_658' title='bbox 2882 3838 3240 3908; x_wconf 90' lang='lat' dir='ltr'><strong>quorumdam</strong></span> <span class='ocrx_word' id='word_1_659' title='bbox 3262 3849 3291 3878; x_wconf 79' lang='grc' dir='ltr'>ι</span> <span class='ocrx_word' id='word_1_660' title='bbox 3319 3848 3805 3908; x_wconf 83' lang='lat' dir='ltr'><strong>corrumperentur</strong></span> 
     </span>
    </p>
   </div>
   <div class='ocr_carea' id='block_1_94' title="bbox 2206 3929 3799 3995">
    <p class='ocr_par' dir='ltr' id='par_1_94' title="bbox 2206 3929 3799 3995">
     <span class='ocr_line' id='line_1_95' title="bbox 2206 3929 3799 3995; baseline 0.002 -10"><span class='ocrx_word' id='word_1_661' title='bbox 2206 3945 2241 3985; x_wconf 86' lang='lat' dir='ltr'><strong>a</strong></span> <span class='ocrx_word' id='word_1_662' title='bbox 2271 3930 2522 3986; x_wconf 76' lang='lat' dir='ltr'><strong>casﬁtate</strong></span> <span class='ocrx_word' id='word_1_663' title='bbox 2569 3929 2792 3995; x_wconf 87' lang='lat' dir='ltr'><strong>Christi,</strong></span> <span class='ocrx_word' id='word_1_664' title='bbox 2827 3945 3035 3986; x_wconf 88' lang='lat' dir='ltr'><strong>memor</strong></span> <span class='ocrx_word' id='word_1_665' title='bbox 3079 3930 3413 3987; x_wconf 87' lang='lat' dir='ltr'><strong>seductionis</strong></span> <span class='ocrx_word' id='word_1_666' title='bbox 3455 3931 3581 3986; x_wconf 71' lang='lat' dir='ltr'><strong>Eva:</strong></span> <span class='ocrx_word' id='word_1_667' title='bbox 3618 3931 3799 3988; x_wconf 77' lang='lat' dir='ltr'><strong>valide</strong></span> 
     </span>
    </p>
   </div>
   <div class='ocr_carea' id='block_1_95' title="bbox 2205 4022 3805 4090">
    <p class='ocr_par' dir='ltr' id='par_1_95' title="bbox 2205 4022 3805 4090">
     <span class='ocr_line' id='line_1_96' title="bbox 2205 4022 3805 4090; baseline 0.003 -14"><span class='ocrx_word' id='word_1_668' title='bbox 2205 4022 2556 4078; x_wconf 89' lang='lat' dir='ltr'><strong>formidabat.</strong></span> <span class='ocrx_word' id='word_1_669' title='bbox 2603 4022 2971 4090; x_wconf 83' lang='lat' dir='ltr'><strong>Quamobrem</strong></span> <span class='ocrx_word' id='word_1_670' title='bbox 3016 4038 3241 4081; x_wconf 88' lang='lat' dir='ltr'><strong>necesse</strong></span> <span class='ocrx_word' id='word_1_671' title='bbox 3281 4033 3367 4080; x_wconf 90' lang='lat' dir='ltr'><strong>est</strong></span> <span class='ocrx_word' id='word_1_672' title='bbox 3405 4034 3469 4081; x_wconf 91' lang='lat' dir='ltr'><strong>ut</strong></span> <span class='ocrx_word' id='word_1_673' title='bbox 3506 4040 3633 4080; x_wconf 86' lang='lat' dir='ltr'><strong>cum</strong></span> <span class='ocrx_word' id='word_1_674' title='bbox 3663 4025 3805 4082; x_wconf 85' lang='lat' dir='ltr'><strong>forte</strong></span> 
     </span>
    </p>
   </div>
   <div class='ocr_carea' id='block_1_96' title="bbox 2205 4115 3804 4189">
    <p class='ocr_par' dir='ltr' id='par_1_96' title="bbox 2205 4115 3804 4189">
     <span class='ocr_line' id='line_1_97' title="bbox 2205 4115 3804 4189; baseline 0.003 -18"><span class='ocrx_word' id='word_1_675' title='bbox 2205 4115 2465 4172; x_wconf 86' lang='lat' dir='ltr'><strong>calcaneo</strong></span> <span class='ocrx_word' id='word_1_676' title='bbox 2487 4124 2670 4174; x_wconf 89' lang='lat' dir='ltr'><strong>vestro</strong></span> <span class='ocrx_word' id='word_1_677' title='bbox 2701 4115 2776 4189; x_wconf 92' lang='lat' dir='ltr'><strong>(id</strong></span> <span class='ocrx_word' id='word_1_678' title='bbox 2806 4125 2891 4173; x_wconf 91' lang='lat' dir='ltr'><strong>est</strong></span> <span class='ocrx_word' id='word_1_679' title='bbox 2936 4115 3257 4189; x_wconf 87' lang='lat' dir='ltr'><strong>perfectioni</strong></span> <span class='ocrx_word' id='word_1_680' title='bbox 3284 4119 3441 4174; x_wconf 64' lang='lat' dir='ltr'><strong>bona</strong></span> <span class='ocrx_word' id='word_1_681' title='bbox 3468 4119 3804 4189; x_wconf 84' lang='lat' dir='ltr'><strong>operationis</strong></span> 
     </span>
    </p>
   </div>
   <div class='ocr_carea' id='block_1_97' title="bbox 2204 4204 3805 4281">
    <p class='ocr_par' dir='ltr' id='par_1_97' title="bbox 2204 4204 3805 4281">
     <span class='ocr_line' id='line_1_98' title="bbox 2204 4204 3805 4281; baseline 0.002 -19"><span class='ocrx_word' id='word_1_682' title='bbox 2204 4206 2448 4280; x_wconf 66' lang='lat' dir='ltr'><strong>vestrae),</strong></span> <span class='ocrx_word' id='word_1_683' title='bbox 2491 4222 2591 4279; x_wconf 88' lang='lat' dir='ltr'><strong>per</strong></span> <span class='ocrx_word' id='word_1_684' title='bbox 2628 4222 2756 4264; x_wconf 89' lang='lat' dir='ltr'><strong>vasa</strong></span> <span class='ocrx_word' id='word_1_685' title='bbox 2800 4204 2917 4274; x_wconf 74' lang='lat' dir='ltr'><strong>sua,</strong></span> <span class='ocrx_word' id='word_1_686' title='bbox 2952 4208 3006 4263; x_wconf 90' lang='lat' dir='ltr'><strong>id</strong></span> <span class='ocrx_word' id='word_1_687' title='bbox 3060 4216 3145 4265; x_wconf 89' lang='lat' dir='ltr'><strong>est</strong></span> <span class='ocrx_word' id='word_1_688' title='bbox 3177 4222 3277 4280; x_wconf 91' lang='lat' dir='ltr'><strong>per</strong></span> <span class='ocrx_word' id='word_1_689' title='bbox 3300 4208 3476 4265; x_wconf 85' lang='lat' dir='ltr'><strong>malos</strong></span> <span class='ocrx_word' id='word_1_690' title='bbox 3520 4209 3805 4281; x_wconf 78' lang='lat' dir='ltr'><strong>operarios</strong></span> 
     </span>
    </p>
   </div>
   <div class='ocr_carea' id='block_1_98' title="bbox 2204 4299 3800 4372">
    <p class='ocr_par' dir='ltr' id='par_1_98' title="bbox 2204 4299 3800 4372">
     <span class='ocr_line' id='line_1_99' title="bbox 2204 4299 3800 4372; baseline 0.001 -16"><span class='ocrx_word' id='word_1_691' title='bbox 2204 4300 2503 4356; x_wconf 90' lang='lat' dir='ltr'><strong>tentaverit</strong></span> <span class='ocrx_word' id='word_1_692' title='bbox 2546 4299 2813 4367; x_wconf 88' lang='lat' dir='ltr'><strong>insidiari,</strong></span> <span class='ocrx_word' id='word_1_693' title='bbox 2861 4308 3026 4372; x_wconf 89' lang='lat' dir='ltr'><strong>caput</strong></span> <span class='ocrx_word' id='word_1_694' title='bbox 3048 4300 3168 4371; x_wconf 87' lang='lat' dir='ltr'><strong>ejus</strong></span> <span class='ocrx_word' id='word_1_695' title='bbox 3195 4302 3444 4372; x_wconf 90' lang='lat' dir='ltr'><strong>protinus</strong></span> <span class='ocrx_word' id='word_1_696' title='bbox 3481 4304 3800 4371; x_wconf 80' lang='lat' dir='ltr'><strong>conteratis,</strong></span> 
     </span>
    </p>
   </div>
   <div class='ocr_carea' id='block_1_99' title="bbox 2206 4396 3801 4472">
    <p class='ocr_par' dir='ltr' id='par_1_99' title="bbox 2206 4396 3801 4472">
     <span class='ocr_line' id='line_1_100' title="bbox 2206 4396 3801 4472; baseline 0.004 -22"><span class='ocrx_word' id='word_1_697' title='bbox 2206 4396 2261 4451; x_wconf 91' lang='lat' dir='ltr'><strong>id</strong></span> <span class='ocrx_word' id='word_1_698' title='bbox 2289 4402 2374 4452; x_wconf 89' lang='lat' dir='ltr'><strong>est</strong></span> <span class='ocrx_word' id='word_1_699' title='bbox 2402 4396 2456 4451; x_wconf 93' lang='lat' dir='ltr'><strong>in</strong></span> <span class='ocrx_word' id='word_1_700' title='bbox 2488 4396 2606 4468; x_wconf 87' lang='lat' dir='ltr'><strong>ipso</strong></span> <span class='ocrx_word' id='word_1_701' title='bbox 2636 4412 2762 4453; x_wconf 77' lang='lat' dir='ltr'><strong>mox</strong></span> <span class='ocrx_word' id='word_1_702' title='bbox 2808 4397 2966 4453; x_wconf 91' lang='lat' dir='ltr'><strong>initio</strong></span> <span class='ocrx_word' id='word_1_703' title='bbox 3004 4413 3187 4470; x_wconf 78' lang='lat' dir='ltr'><strong>prava:</strong></span> <span class='ocrx_word' id='word_1_704' title='bbox 3216 4398 3581 4471; x_wconf 84' lang='lat' dir='ltr'><strong>suggestionis</strong></span> <span class='ocrx_word' id='word_1_705' title='bbox 3610 4401 3801 4472; x_wconf 86' lang='lat' dir='ltr'><strong>depre-</strong></span> 
     </span>
    </p>
   </div>
   <div class='ocr_carea' id='block_1_100' title="bbox 2209 4476 3802 4563">
    <p class='ocr_par' dir='ltr' id='par_1_100' title="bbox 2209 4476 3802 4563">
     <span class='ocr_line' id='line_1_101' title="bbox 2209 4476 3802 4563; baseline 0.003 -18"><span class='ocrx_word' id='word_1_706' title='bbox 2209 4490 2409 4546; x_wconf 90' lang='lat' dir='ltr'><strong>hensas</strong></span> <span class='ocrx_word' id='word_1_707' title='bbox 2463 4490 2766 4561; x_wconf 88' lang='lat' dir='ltr'><strong>serpentis,</strong></span> <span class='ocrx_word' id='word_1_708' title='bbox 2807 4476 2875 4546; x_wconf 90' lang='lat' dir='ltr'><strong>et</strong></span> <span class='ocrx_word' id='word_1_709' title='bbox 2910 4492 3288 4548; x_wconf 87' lang='lat' dir='ltr'><strong>ministrorum</strong></span> <span class='ocrx_word' id='word_1_710' title='bbox 3337 4492 3459 4563; x_wconf 86' lang='lat' dir='ltr'><strong>ejus</strong></span> <span class='ocrx_word' id='word_1_711' title='bbox 3503 4508 3802 4549; x_wconf 86' lang='lat' dir='ltr'><strong>venenosas</strong></span> 
     </span>
    </p>
   </div>
   <div class='ocr_carea' id='block_1_101' title="bbox 2212 4584 3799 4659">
    <p class='ocr_par' dir='ltr' id='par_1_101' title="bbox 2212 4584 3799 4659">
     <span class='ocr_line' id='line_1_102' title="bbox 2212 4584 3799 4659; baseline 0.001 -21"><span class='ocrx_word' id='word_1_712' title='bbox 2212 4584 2495 4640; x_wconf 89' lang='lat' dir='ltr'><strong>suasiones</strong></span> <span class='ocrx_word' id='word_1_713' title='bbox 2523 4584 2677 4655; x_wconf 90' lang='lat' dir='ltr'><strong>quasi</strong></span> <span class='ocrx_word' id='word_1_714' title='bbox 2708 4585 3110 4659; x_wconf 87' lang='lat' dir='ltr'><strong>conculcantes,</strong></span> <span class='ocrx_word' id='word_1_715' title='bbox 3139 4588 3207 4643; x_wconf 87' lang='lat' dir='ltr'><strong>ad</strong></span> <span class='ocrx_word' id='word_1_716' title='bbox 3246 4586 3477 4642; x_wconf 90' lang='lat' dir='ltr'><strong>nihilum</strong></span> <span class='ocrx_word' id='word_1_717' title='bbox 3519 4587 3799 4656; x_wconf 76' lang='lat' dir='ltr'><strong>redigatis.</strong></span> 
     </span>
    </p>
   </div>
   <div class='ocr_carea' id='block_1_102' title="bbox 2212 4674 3799 4748">
    <p class='ocr_par' dir='ltr' id='par_1_102' title="bbox 2212 4674 3799 4748">
     <span class='ocr_line' id='line_1_103' title="bbox 2212 4674 3799 4748; baseline 0.001 -18"><span class='ocrx_word' id='word_1_718' title='bbox 2212 4675 2270 4730; x_wconf 89' lang='lat' dir='ltr'><strong>In</strong></span> <span class='ocrx_word' id='word_1_719' title='bbox 2298 4674 2553 4731; x_wconf 87' lang='lat' dir='ltr'><strong>calcaneo</strong></span> <span class='ocrx_word' id='word_1_720' title='bbox 2601 4690 2837 4747; x_wconf 90' lang='lat' dir='ltr'><strong>namque</strong></span> <span class='ocrx_word' id='word_1_721' title='bbox 2880 4675 3003 4732; x_wconf 86' lang='lat' dir='ltr'><strong>ﬁnis</strong></span> <span class='ocrx_word' id='word_1_722' title='bbox 3032 4687 3117 4733; x_wconf 87' lang='lat' dir='ltr'><strong>est</strong></span> <span class='ocrx_word' id='word_1_723' title='bbox 3153 4677 3419 4748; x_wconf 89' lang='lat' dir='ltr'><strong>corporis,</strong></span> <span class='ocrx_word' id='word_1_724' title='bbox 3448 4692 3560 4748; x_wconf 88' lang='lat' dir='ltr'><strong>quo</strong></span> <span class='ocrx_word' id='word_1_725' title='bbox 3585 4693 3691 4733; x_wconf 91' lang='lat' dir='ltr'><strong>non</strong></span> <span class='ocrx_word' id='word_1_726' title='bbox 3723 4679 3799 4733; x_wconf 86' lang='lat' dir='ltr'><strong>in-</strong></span> 
     </span>
    </p>
   </div>
   <div class='ocr_carea' id='block_1_103' title="bbox 2212 4768 3802 4841">
    <p class='ocr_par' dir='ltr' id='par_1_103' title="bbox 2212 4768 3802 4841">
     <span class='ocr_line' id='line_1_104' title="bbox 2212 4768 3802 4841; baseline 0.001 -17"><span class='ocrx_word' id='word_1_727' title='bbox 2212 4769 2600 4824; x_wconf 85' lang='lat' dir='ltr'><strong>convenienter</strong></span> <span class='ocrx_word' id='word_1_728' title='bbox 2644 4777 3018 4824; x_wconf 90' lang='lat' dir='ltr'><strong>consummata</strong></span> <span class='ocrx_word' id='word_1_729' title='bbox 3075 4770 3247 4825; x_wconf 88' lang='lat' dir='ltr'><strong>virtus</strong></span> <span class='ocrx_word' id='word_1_730' title='bbox 3290 4769 3633 4841; x_wconf 68' lang='lat' dir='ltr'><strong>esprimitur.</strong></span> <span class='ocrx_word' id='word_1_731' title='bbox 3694 4768 3802 4825; x_wconf 79' lang='lat' dir='ltr'><strong>Has</strong></span> 
     </span>
    </p>
   </div>
   <div class='ocr_carea' id='block_1_104' title="bbox 2168 4862 3801 4937">
    <p class='ocr_par' dir='ltr' id='par_1_104' title="bbox 2168 4862 3801 4937">
     <span class='ocr_line' id='line_1_105' title="bbox 2168 4862 3801 4937; baseline 0.001 -20"><span class='ocrx_word' id='word_1_732' title='bbox 2168 4934 2169 4937; x_wconf 17' lang='grc' dir='ltr'><strong>η</strong></span> <span class='ocrx_word' id='word_1_733' title='bbox 2210 4864 2410 4936; x_wconf 86' lang='lat' dir='ltr'><strong>quippe</strong></span> <span class='ocrx_word' id='word_1_734' title='bbox 2443 4862 2755 4918; x_wconf 89' lang='lat' dir='ltr'><strong>inimicitias</strong></span> <span class='ocrx_word' id='word_1_735' title='bbox 2794 4862 2975 4934; x_wconf 90' lang='lat' dir='ltr'><strong>posuit</strong></span> <span class='ocrx_word' id='word_1_736' title='bbox 3015 4862 3160 4919; x_wconf 91' lang='lat' dir='ltr'><strong>Deus</strong></span> <span class='ocrx_word' id='word_1_737' title='bbox 3211 4862 3354 4917; x_wconf 78' lang='lat' dir='ltr'><strong>inter</strong></span> <span class='ocrx_word' id='word_1_738' title='bbox 3397 4870 3705 4933; x_wconf 84' lang='lat' dir='ltr'><strong>serpentem</strong></span> <span class='ocrx_word' id='word_1_739' title='bbox 3748 4871 3801 4919; x_wconf 83' lang='lat' dir='ltr'><strong>et</strong></span> 
     </span>
    </p>
   </div>
   <div class='ocr_carea' id='block_1_105' title="bbox 2209 4954 3797 5026">
    <p class='ocr_par' dir='ltr' id='par_1_105' title="bbox 2209 4954 3797 5026">
     <span class='ocr_line' id='line_1_106' title="bbox 2209 4954 3797 5026; baseline -0.001 -13"><span class='ocrx_word' id='word_1_740' title='bbox 2209 4956 2516 5021; x_wconf 89' lang='lat' dir='ltr'><strong>mulierem,</strong></span> <span class='ocrx_word' id='word_1_741' title='bbox 2545 4955 2797 5012; x_wconf 87' lang='lat' dir='ltr'><strong>videlicet</strong></span> <span class='ocrx_word' id='word_1_742' title='bbox 2820 4964 2880 5011; x_wconf 92' lang='lat' dir='ltr'><strong>ut</strong></span> <span class='ocrx_word' id='word_1_743' title='bbox 2915 4956 3033 5026; x_wconf 90' lang='lat' dir='ltr'><strong>ipse</strong></span> <span class='ocrx_word' id='word_1_744' title='bbox 3057 4955 3279 5011; x_wconf 89' lang='lat' dir='ltr'><strong>coluber</strong></span> <span class='ocrx_word' id='word_1_745' title='bbox 3300 4955 3368 5010; x_wconf 89' lang='lat' dir='ltr'><strong>ab</strong></span> <span class='ocrx_word' id='word_1_746' title='bbox 3388 4969 3474 5018; x_wconf 88' lang='lat' dir='ltr'><strong>ea,</strong></span> <span class='ocrx_word' id='word_1_747' title='bbox 3502 4970 3669 5025; x_wconf 85' lang='lat' dir='ltr'><strong>quam</strong></span> <span class='ocrx_word' id='word_1_748' title='bbox 3704 4954 3797 5011; x_wconf 81' lang='lat' dir='ltr'><strong>de-</strong></span> 
     </span>
    </p>
   </div>
   <div class='ocr_carea' id='block_1_106' title="bbox 2213 5047 3797 5120">
    <p class='ocr_par' dir='ltr' id='par_1_106' title="bbox 2213 5047 3797 5120">
     <span class='ocr_line' id='line_1_107' title="bbox 2213 5047 3797 5120; baseline -0.001 -16"><span class='ocrx_word' id='word_1_749' title='bbox 2213 5057 2453 5120; x_wconf 89' lang='lat' dir='ltr'><strong>ceperat,</strong></span> <span class='ocrx_word' id='word_1_750' title='bbox 2484 5063 2592 5103; x_wconf 91' lang='lat' dir='ltr'><strong>non</strong></span> <span class='ocrx_word' id='word_1_751' title='bbox 2631 5049 2804 5119; x_wconf 88' lang='lat' dir='ltr'><strong>spatio</strong></span> <span class='ocrx_word' id='word_1_752' title='bbox 2833 5048 3076 5117; x_wconf 90' lang='lat' dir='ltr'><strong>quolibet</strong></span> <span class='ocrx_word' id='word_1_753' title='bbox 3115 5047 3458 5118; x_wconf 84' lang='lat' dir='ltr'><strong>interposito,</strong></span> <span class='ocrx_word' id='word_1_754' title='bbox 3482 5047 3579 5103; x_wconf 83' lang='lat' dir='ltr'><strong>sed</strong></span> <span class='ocrx_word' id='word_1_755' title='bbox 3616 5047 3797 5103; x_wconf 85' lang='lat' dir='ltr'><strong>confe-</strong></span> 
     </span>
    </p>
   </div>
   <div class='ocr_carea' id='block_1_107' title="bbox 2212 5140 3798 5216">
    <p class='ocr_par' dir='ltr' id='par_1_107' title="bbox 2212 5140 3798 5216">
     <span class='ocr_line' id='line_1_108' title="bbox 2212 5140 3798 5216; baseline -0.004 -15"><span class='ocrx_word' id='word_1_756' title='bbox 2212 5145 2338 5201; x_wconf 91' lang='lat' dir='ltr'><strong>stim</strong></span> <span class='ocrx_word' id='word_1_757' title='bbox 2370 5146 2425 5200; x_wconf 91' lang='lat' dir='ltr'><strong>in</strong></span> <span class='ocrx_word' id='word_1_758' title='bbox 2456 5145 2573 5216; x_wconf 91' lang='lat' dir='ltr'><strong>ipso</strong></span> <span class='ocrx_word' id='word_1_759' title='bbox 2598 5144 2880 5200; x_wconf 66' lang='lat' dir='ltr'><strong>virulenta;</strong></span> <span class='ocrx_word' id='word_1_760' title='bbox 2906 5143 3265 5215; x_wconf 77' lang='lat' dir='ltr'><strong>suggestionis</strong></span> <span class='ocrx_word' id='word_1_761' title='bbox 3289 5140 3522 5197; x_wconf 87' lang='lat' dir='ltr'><strong>articulo</strong></span> <span class='ocrx_word' id='word_1_762' title='bbox 3548 5150 3798 5197; x_wconf 81' lang='lat' dir='ltr'><strong>contera-</strong></span> 
     </span>
    </p>
   </div>
   <div class='ocr_carea' id='block_1_108' title="bbox 2212 5232 3802 5305">
    <p class='ocr_par' dir='ltr' id='par_1_108' title="bbox 2212 5232 3802 5305">
     <span class='ocr_line' id='line_1_109' title="bbox 2212 5232 3802 5305; baseline -0.004 -12"><span class='ocrx_word' id='word_1_763' title='bbox 2212 5248 2337 5293; x_wconf 92' lang='lat' dir='ltr'><strong>tur:</strong></span> <span class='ocrx_word' id='word_1_764' title='bbox 2373 5252 2473 5295; x_wconf 89' lang='lat' dir='ltr'><strong>nec</strong></span> <span class='ocrx_word' id='word_1_765' title='bbox 2513 5238 2563 5293; x_wconf 91' lang='lat' dir='ltr'><strong>ei</strong></span> <span class='ocrx_word' id='word_1_766' title='bbox 2605 5237 2847 5293; x_wconf 86' lang='lat' dir='ltr'><strong>diutinus</strong></span> <span class='ocrx_word' id='word_1_767' title='bbox 2895 5251 3101 5291; x_wconf 89' lang='lat' dir='ltr'><strong>venena</strong></span> <span class='ocrx_word' id='word_1_768' title='bbox 3151 5250 3245 5291; x_wconf 90' lang='lat' dir='ltr'><strong>sua</strong></span> <span class='ocrx_word' id='word_1_769' title='bbox 3287 5232 3577 5305; x_wconf 87' lang='lat' dir='ltr'><strong>spargendi</strong></span> <span class='ocrx_word' id='word_1_770' title='bbox 3627 5232 3802 5288; x_wconf 82' lang='lat' dir='ltr'><strong>aditus</strong></span> 
     </span>
    </p>
   </div>
   <div class='ocr_carea' id='block_1_109' title="bbox 2213 5326 3802 5400">
    <p class='ocr_par' dir='ltr' id='par_1_109' title="bbox 2213 5326 3802 5400">
     <span class='ocr_line' id='line_1_110' title="bbox 2213 5326 3802 5400; baseline -0.004 -14"><span class='ocrx_word' id='word_1_771' title='bbox 2213 5330 2542 5386; x_wconf 88' lang='lat' dir='ltr'><strong>concedatur</strong></span> <span class='ocrx_word' id='word_1_772' title='bbox 2575 5348 2588 5384; x_wconf 90' lang='lat'><strong>:</strong></span> <span class='ocrx_word' id='word_1_773' title='bbox 2627 5343 2748 5400; x_wconf 84' lang='lat' dir='ltr'><strong>quae</strong></span> <span class='ocrx_word' id='word_1_774' title='bbox 2785 5328 2931 5384; x_wconf 91' lang='lat' dir='ltr'><strong>velut</strong></span> <span class='ocrx_word' id='word_1_775' title='bbox 2975 5342 3175 5384; x_wconf 86' lang='lat' dir='ltr'><strong>cancer</strong></span> <span class='ocrx_word' id='word_1_776' title='bbox 3211 5334 3454 5397; x_wconf 86' lang='lat' dir='ltr'><strong>serpant,</strong></span> <span class='ocrx_word' id='word_1_777' title='bbox 3495 5334 3552 5380; x_wconf 90' lang='lat' dir='ltr'><strong>et</strong></span> <span class='ocrx_word' id='word_1_778' title='bbox 3594 5326 3667 5379; x_wconf 87' lang='lat' dir='ltr'><strong>ad</strong></span> <span class='ocrx_word' id='word_1_779' title='bbox 3708 5339 3802 5380; x_wconf 87' lang='lat' dir='ltr'><strong>cor</strong></span> 
     </span>
    </p>
   </div>
   <div class='ocr_carea' id='block_1_110' title="bbox 2214 5404 3803 5494">
    <p class='ocr_par' dir='ltr' id='par_1_110' title="bbox 2214 5404 3803 5494">
     <span class='ocr_line' id='line_1_111' title="bbox 2214 5404 3803 5494; baseline -0.003 -16"><span class='ocrx_word' id='word_1_780' title='bbox 2214 5438 2389 5494; x_wconf 87' lang='lat' dir='ltr'><strong>usque</strong></span> <span class='ocrx_word' id='word_1_781' title='bbox 2416 5404 2751 5494; x_wconf 80' lang='lat' dir='ltr'><strong>penetrando</strong></span> <span class='ocrx_word' id='word_1_782' title='bbox 2778 5421 3113 5493; x_wconf 89' lang='lat' dir='ltr'><strong>perveniant.</strong></span> <span class='ocrx_word' id='word_1_783' title='bbox 3149 5418 3280 5486; x_wconf 66' lang='lat' dir='ltr'><strong>Quae</strong></span> <span class='ocrx_word' id='word_1_784' title='bbox 3308 5426 3491 5473; x_wconf 87' lang='lat' dir='ltr'><strong>autem</strong></span> <span class='ocrx_word' id='word_1_785' title='bbox 3520 5416 3653 5481; x_wconf 84' lang='lat' dir='ltr'><strong>sint,</strong></span> <span class='ocrx_word' id='word_1_786' title='bbox 3684 5430 3803 5487; x_wconf 65' lang='lat' dir='ltr'><strong>qua</strong></span> 
     </span>
    </p>
   </div>
   <div class='ocr_carea' id='block_1_111' title="bbox 2216 5508 3802 5587">
    <p class='ocr_par' dir='ltr' id='par_1_111' title="bbox 2216 5508 3802 5587">
     <span class='ocr_line' id='line_1_112' title="bbox 2216 5508 3802 5587; baseline -0.004 -14"><span class='ocrx_word' id='word_1_787' title='bbox 2216 5516 2464 5581; x_wconf 89' lang='lat' dir='ltr'><strong>dicimus,</strong></span> <span class='ocrx_word' id='word_1_788' title='bbox 2495 5514 2942 5587; x_wconf 82' lang='lat' dir='ltr'><strong>praestantissima</strong></span> <span class='ocrx_word' id='word_1_789' title='bbox 2969 5511 3234 5583; x_wconf 84' lang='lat' dir='ltr'><strong>sapientia</strong></span> <span class='ocrx_word' id='word_1_790' title='bbox 3257 5517 3438 5565; x_wconf 83' lang='lat' dir='ltr'><strong>vestra</strong></span> <span class='ocrx_word' id='word_1_791' title='bbox 3483 5508 3802 5581; x_wconf 84' lang='lat' dir='ltr'><strong>(credimus)</strong></span> 
     </span>
    </p>
   </div>
   <div class='ocr_carea' id='block_1_112' title="bbox 2212 5593 3803 5683">
    <p class='ocr_par' dir='ltr' id='par_1_112' title="bbox 2212 5593 3803 5683">
     <span class='ocr_line' id='line_1_113' title="bbox 2212 5593 3803 5683; baseline -0.004 -18"><span class='ocrx_word' id='word_1_792' title='bbox 2212 5612 2324 5683; x_wconf 90' lang='lat' dir='ltr'><strong>jam</strong></span> <span class='ocrx_word' id='word_1_793' title='bbox 2356 5609 2607 5665; x_wconf 87' lang='lat' dir='ltr'><strong>advertit.</strong></span> <span class='ocrx_word' id='word_1_794' title='bbox 2640 5593 2900 5663; x_wconf 82' lang='lat' dir='ltr'><strong>Nolumus</strong></span> <span class='ocrx_word' id='word_1_795' title='bbox 2931 5605 3073 5661; x_wconf 89' lang='lat' dir='ltr'><strong>enim</strong></span> <span class='ocrx_word' id='word_1_796' title='bbox 3106 5619 3202 5659; x_wconf 92' lang='lat' dir='ltr'><strong>vos</strong></span> <span class='ocrx_word' id='word_1_797' title='bbox 3224 5610 3255 5657; x_wconf 85' lang='lat' dir='ltr'><strong>a</strong></span> <span class='ocrx_word' id='word_1_798' title='bbox 3280 5616 3554 5673; x_wconf 90' lang='lat' dir='ltr'><strong>quoquam</strong></span> <span class='ocrx_word' id='word_1_799' title='bbox 3580 5600 3757 5673; x_wconf 85' lang='lat' dir='ltr'><strong>decipi</strong></span> <span class='ocrx_word' id='word_1_800' title='bbox 3782 5613 3803 5658; x_wconf 89' lang='lat'><strong>:</strong></span> 
     </span>
    </p>
   </div>
   <div class='ocr_carea' id='block_1_113' title="bbox 600 5704 3805 5819">
    <p class='ocr_par' dir='ltr' id='par_1_113' title="bbox 600 5704 3805 5819">
     <span class='ocr_line' id='line_1_114' title="bbox 600 5704 3805 5819; baseline 0.004 -29"><span class='ocrx_word' id='word_1_801' title='bbox 600 5735 717 5819; x_wconf 29' lang='lat' dir='ltr'><strong>ald.</strong></span> <span class='ocrx_word' id='word_1_802' title='bbox 743 5744 847 5803; x_wconf 90' lang='lat' dir='ltr'><strong>est,</strong></span> <span class='ocrx_word' id='word_1_803' title='bbox 877 5704 1197 5819; x_wconf 67' lang='lat' dir='ltr'><strong>corruerent.</strong></span> <span class='ocrx_word' id='word_1_804' title='bbox 1238 5734 1616 5819; x_wconf 67' lang='lat' dir='ltr'><strong>Sedsuspicio</strong></span> <span class='ocrx_word' id='word_1_805' title='bbox 1645 5750 1729 5798; x_wconf 88' lang='lat' dir='ltr'><strong>est</strong></span> <span class='ocrx_word' id='word_1_806' title='bbox 1766 5742 1954 5804; x_wconf 88' lang='lat' dir='ltr'><strong>deesse</strong></span> <span class='ocrx_word' id='word_1_807' title='bbox 1991 5745 2203 5817; x_wconf 74' lang='lat' dir='ltr'><strong>aliquid</strong></span> <span class='ocrx_word' id='word_1_808' title='bbox 2234 5764 2245 5801; x_wconf 92' lang='lat'><strong><em>:</em></strong></span> <span class='ocrx_word' id='word_1_809' title='bbox 2280 5747 2422 5817; x_wconf 87' lang='lat' dir='ltr'><strong>quod</strong></span> <span class='ocrx_word' id='word_1_810' title='bbox 2464 5748 2642 5819; x_wconf 84' lang='lat' dir='ltr'><strong>palam</strong></span> <span class='ocrx_word' id='word_1_811' title='bbox 2671 5747 2761 5804; x_wconf 89' lang='lat' dir='ltr'><strong>ﬁet</strong></span> <span class='ocrx_word' id='word_1_812' title='bbox 2788 5762 2856 5811; x_wconf 71' lang='lat' dir='ltr'><strong>ex</strong></span> <span class='ocrx_word' id='word_1_813' title='bbox 2894 5746 3145 5805; x_wconf 70' lang='lat' dir='ltr'><strong>secundae</strong></span> <span class='ocrx_word' id='word_1_814' title='bbox 3184 5744 3249 5801; x_wconf 85' lang='lat' dir='ltr'><strong>ad</strong></span> <span class='ocrx_word' id='word_1_815' title='bbox 3282 5742 3596 5803; x_wconf 86' lang='lat' dir='ltr'><strong>Corinthios</strong></span> <span class='ocrx_word' id='word_1_816' title='bbox 3625 5746 3805 5819; x_wconf 71' lang='lat' dir='ltr'><strong>capite</strong></span> 
     </span>
    </p>
   </div>
   <div class='ocr_carea' id='block_1_114' title="bbox 526 5806 1423 5879">
    <p class='ocr_par' dir='ltr' id='par_1_114' title="bbox 526 5806 1423 5879">
     <span class='ocr_line' id='line_1_115' title="bbox 526 5806 1423 5879; baseline -0.002 -13"><span class='ocrx_word' id='word_1_817' title='bbox 526 5807 850 5865; x_wconf 88' lang='lat' dir='ltr'><strong>undecimo:</strong></span> <span class='ocrx_word' id='word_1_818' title='bbox 883 5822 1043 5879; x_wconf 84' lang='lat' dir='ltr'><strong>quem</strong></span> <span class='ocrx_word' id='word_1_819' title='bbox 1066 5806 1244 5865; x_wconf 80' lang='lat' dir='ltr'><strong>locum</strong></span> <span class='ocrx_word' id='word_1_820' title='bbox 1282 5809 1423 5867; x_wconf 89' lang='lat' dir='ltr'><strong>vide.</strong></span> 
     </span>
    </p>
   </div>
  </div>
