4050 6324
236 376 263 456 t
278 395 398 456 oss

1468 374 1826 453 sermons
1865 388 1950 447 er
1993 388 2334 449 neuneu.

3372 398 3515 457 1066

230 491 506 547 nolumus
536 503 630 548 vos
660 505 690 545 a
717 489 986 547 charitate
1009 488 1212 547 Christi
1238 489 1568 562 quibuslibet
1592 487 1830 545 subverti
1858 490 1907 551 Α
1934 484 2132 549 verint,
2161 500 2226 541 ex
2256 484 2481 555 cpistola
2510 486 2682 544 Galla:
2716 485 2991 558 Placidize,
3033 504 3195 562 quam
3220 488 3526 560 Theodosio

229 584 545 639 versutiis:
574 583 823 638 nolumus
850 584 1166 653 quorumvis
1194 582 1426 654 vipereis
1457 582 1714 637 adversus
1736 580 1835 637 Ec-

232 677 479 733 clesiam
510 677 601 731 Dei
632 677 959 732 commoveri
984 676 1343 741 suasionibus,
1371 674 1463 744 qui
1486 674 1658 745 magis
1686 672 1835 727 volu-

231 783 375 822 mus
404 777 458 822 et
481 777 748 836 optamus,
777 775 832 820 et
854 767 1002 836 pium
1028 766 1301 835 fastigium
1345 773 1582 820 vestrum
1622 762 1833 817 enixius

228 855 624 927 imploramus,
662 865 719 910 ut
744 872 843 911 vos
872 857 925 910 in
954 858 1262 927 integritate
1289 854 1429 917 ﬁdei,
1462 861 1518 907 et
1542 852 1595 905 in
1616 852 1833 906 tramite

234 951 593 1006 rectitudinis
646 950 840 1021 pupulo
894 950 1019 1015 Dei,
1078 951 1171 1018 qui
1220 955 1307 1002 est
1352 945 1625 1009 Ecclesia,
1682 956 1833 999 more

228 1051 454 1097 sancta:
502 1042 644 1097 illius
686 1042 884 1098 Esther
927 1042 1127 1113 reginae
1165 1049 1613 1112 perseverantes,
1652 1038 1830 1091 virum

229 1146 463 1202 quoque
489 1142 725 1188 vestrum
748 1134 895 1188 circa
924 1132 1020 1188 Dei
1049 1133 1316 1195 timorem,
1335 1144 1682 1201 amoremque
1704 1144 1828 1184 sue-

227 1225 528 1279 cendatis:
560 1233 614 1281 et
648 1239 773 1295 erga
806 1235 1009 1280 sancta:
1048 1224 1304 1280 Ecclesia:
1332 1220 1828 1291 Constantinopoli-

231 1323 389 1368 tana:
432 1314 916 1383 recuperationem,
951 1315 1247 1385 prudenter
1284 1312 1628 1368 inﬂammetis
1654 1329 1668 1366 :
1697 1326 1827 1381 qua-

229 1411 403 1459 tenus
430 1420 458 1459 a
487 1403 661 1459 Photii
692 1406 910 1471 mmchi,
933 1406 1212 1478 neophyti,
1235 1420 1299 1461 ac
1329 1404 1618 1469 invasoris,
1644 1419 1709 1459 ac
1732 1418 1831 1473 per

226 1490 349 1546 hoc
369 1492 631 1558 damnati,
661 1502 713 1548 el
743 1496 1209 1561 anathematizati,
1232 1494 1610 1550 communione
1632 1508 1690 1549 se
1712 1509 1830 1547 mu-

227 1583 420 1647 niens,
452 1584 713 1654 quidquid
743 1585 797 1639 in
833 1585 1057 1640 fratrem
1086 1595 1143 1641 et
1176 1586 1555 1656 coepiscopum
1581 1594 1827 1640 nostrum

227 1673 513 1744 lgnatium
538 1677 797 1731 molestia:
826 1677 1027 1744 intulit,
1053 1688 1109 1733 et
1130 1678 1235 1733 sibi
1257 1678 1607 1733 commissam
1636 1690 1827 1748 regere

226 1768 564 1839 permittens
597 1769 894 1825 Ecclesiam
922 1771 1194 1841 corrigat:
1221 1771 1488 1840 salutique
1507 1786 1636 1835 suae,
1666 1779 1827 1840 atque

1936 573 2184 645 Augusto
2215 577 2454 647 scripsit,
2493 580 2722 649 potestis
2754 595 3047 652 agnoscere
3078 601 3090 636 :
3121 598 3285 653 quam
3317 584 3521 641 idcirco

1935 668 2102 723 solam
2133 684 2648 741 commemoramus,
2675 676 2932 745 quoniam
2966 677 3309 746 epistolarem
3354 694 3522 736 exce-

1933 759 2064 815 dere
2109 761 2435 819 locutionem
2477 766 2731 821 vitamus.
2770 768 2860 822 Ait
2887 783 3015 839 ergo
3050 788 3063 823 :
3097 769 3212 825 Non
3245 773 3519 829 modicum

1934 847 2317 906 detrimentum
2355 864 2439 908 est
2486 870 2551 909 ex
2583 857 2668 911 his
2711 873 2832 928 qua:
2873 868 3025 929 gesta
3069 867 3219 925 sunt,
3254 870 3313 915 ut
3357 863 3518 926 ﬁdes,

1932 956 2053 1011 quas
2098 943 2261 997 tantis
2288 946 2623 1014 temporibus
2664 948 2985 1018 regulariter
3022 951 3289 1005 custodita
3327 962 3436 1017 est,
3485 970 3517 1007 a

1931 1034 2305 1091 sacratissimo
2348 1044 2503 1107 patre
2544 1048 2731 1093 nostro
2764 1039 3143 1107 Constantino,
3174 1043 3267 1113 qui
3304 1044 3517 1114 primus

1933 1124 1987 1179 in
2037 1126 2265 1197 imperio
2305 1128 2426 1201 [leg.
2485 1130 2756 1200 splenduit
2790 1132 3133 1189 Christianus
3175 1150 3367 1204 nuper,
3408 1147 3509 1192 etc.

1932 1211 2131 1289 Hum]
2164 1218 2453 1287 splenduit,
2483 1221 2868 1277 Christianitas
2893 1226 3291 1294 nuperturbata
3313 1228 3403 1283 sit.
3428 1229 3512 1285 Ad

1928 1305 2212 1362 arbitrium
2241 1310 2401 1365 unius
2428 1311 2661 1367 hominis
2689 1328 2764 1377 es,
2792 1313 2884 1383 qui
2914 1315 2966 1369 in
3002 1317 3205 1388 synodo
3231 1317 3516 1389 Ephesium

1928 1398 2167 1455 civitatis
2212 1403 2397 1458 odium
2444 1413 2501 1460 et
2554 1407 2930 1464 contentiones
2976 1410 3157 1478 potius
3202 1413 3516 1468 exercuisse

1928 1499 2206 1557 narratur,
2236 1493 2463 1548 militum
2489 1498 2795 1566 pmsentia,
2822 1507 2877 1553 et
2904 1512 3050 1555 metu
3080 1511 3337 1573 appetens
3360 1503 3510 1560 Con-

1928 1584 2419 1654 etantinopolitana:
2442 1587 2679 1645 civitatis
2702 1591 3013 1662 episcopum
3038 1593 3354 1650 Flavianum
3386 1616 3399 1651 :
3445 1613 3514 1653 eo

1927 1676 2071 1743 quod
2097 1675 2337 1732 libellum
2364 1677 2430 1731 ad
2457 1681 2805 1749 apostolicam
2834 1683 3018 1739 sedem
3048 1687 3314 1753 emiserit,
3349 1696 3404 1744 et
3437 1688 3515 1744 ad

1928 1777 2119 1820 omnes
2146 1766 2427 1836 episcopos
2454 1769 2643 1823 harum
2664 1772 2901 1841 partium
2928 1789 3025 1843 per
3050 1790 3165 1836 eos,
3198 1776 3288 1844 qui
3316 1776 3511 1834 directi

228 1857 454 1926 imperii
495 1859 582 1913 sui
627 1859 908 1925 consulat,
964 1868 1022 1915 et
1075 1861 1362 1915 Dominum
1418 1860 1543 1926 sibi,
1600 1860 1821 1929 suisque
1852 1863 1898 1923 Β
1926 1853 2140 1909 fuerant
2166 1856 2218 1910 in
2241 1856 2469 1913 concilio
2492 1873 2524 1912 a
2552 1862 3004 1918 reverendissimo
3026 1865 3278 1935 episcopo
3302 1865 3512 1935 Romae,

228 1950 494 2005 omnibus
538 1951 828 2022 propitium
883 1951 1066 2007 faciat.
1110 1952 1265 2020 Quod
1310 1967 1407 2008 vos
1456 1966 1579 2008 cum
1623 1952 1822 2008 virtute

226 2040 437 2093 summi
464 2042 629 2111 regis,
666 2042 718 2096 in
751 2040 901 2109 cujus
928 2057 1089 2096 manu
1120 2043 1285 2098 corda
1323 2057 1509 2113 regum
1553 2051 1701 2106 sunt,
1727 2042 1824 2098 oli-

224 2130 414 2187 'tinere
441 2147 601 2200 posse
633 2134 817 2203 procul
844 2133 1006 2189 dubio
1027 2134 1327 2189 credimus:
1345 2141 1400 2188 et
1419 2133 1821 2189 excusationem

229 2222 302 2276 de
335 2225 767 2293 impossibilitate
798 2225 999 2279 nullam
1044 2226 1243 2280 habere
1279 2225 1349 2296 (si
1380 2224 1629 2280 voluntas
1657 2224 1823 2280 allue-

227 2314 329 2387 rit)
365 2316 689 2372 omnimodis
717 2316 1068 2371 arbitramur.
1118 2316 1385 2385 Siquidem
1412 2334 1505 2387 per
1548 2315 1821 2372 mulierem

228 2405 465 2475 ﬁdelem,
490 2410 786 2463 secundum
811 2408 1149 2478 Apostolum,
1176 2410 1336 2462 etiam
1357 2408 1587 2478 inﬁdelis
1613 2409 1689 2462 vir
1708 2408 1819 2462 sal-

232 2499 445 2553 uabitur
484 2499 537 2571 (ι
565 2500 688 2555 Cor.
719 2499 839 2571 vn).
888 2500 1113 2567 Quando
1154 2500 1378 2555 Photius
1428 2500 1550 2573 [leg.
1596 2501 1822 2569 Quando

230 2589 437 2659 potius,
464 2601 563 2645 etc.
594 2591 928 2662 dignoscitur
948 2589 991 2664 ?]
1022 2606 1122 2661 per
1158 2592 1529 2647 fidelissimam
1563 2592 1820 2648 feminam

231 2680 326 2734 vir
349 2682 590 2751 potuerit
615 2684 838 2748 salvari,
868 2682 980 2753 qui,
1012 2684 1120 2737 Deo
1142 2683 1364 2754 gratias,
1392 2698 1498 2738 non
1533 2683 1705 2738 solum
1740 2683 1820 2739 ina

231 2771 410 2828 ﬁdelis
434 2790 539 2829 non
561 2782 667 2840 est,
695 2773 857 2841 ahsit,
894 2790 1083 2830 verum
1128 2776 1293 2830 etiam
1320 2774 1820 2833 Christianissimus

232 2870 293 2918 et
316 2864 755 2937 religiosissimus
778 2880 903 2923 esse
929 2866 1286 2938 dignoscitur.

236 2970 241 2975 ‘
308 2952 572 3025 Deponite
602 2971 733 3029 ergo
761 2967 1013 3013 cunctam
1056 2956 1377 3013 muliebrem
1418 2957 1814 3025 inﬁmitatem,

232 3054 291 3101 et
320 3061 445 3117 erga
480 3063 627 3113 eum,
663 3064 747 3113 ea,
789 3064 909 3119 quae
936 3048 1023 3119 pia
1053 3057 1209 3115 sunt,
1242 3063 1362 3118 quae
1391 3057 1593 3105 sancta).
1631 3048 1818 3105 Eccle-

239 3139 337 3194 siae
376 3150 696 3212 congruunt,
744 3140 1035 3211 impetrare
1084 3140 1313 3212 satagite
1342 3158 1355 3194 :
1386 3155 1487 3196 nec
1527 3140 1809 3205 deficiatis,

1924 1946 2015 2015 qui
2044 1948 2337 2002 secundum
2369 1944 2713 2005 dillinitiones
2754 1950 2957 2007 Nicaeui
3003 1956 3216 2009 concilii
3262 1958 3512 2013 consueti

1923 2045 2049 2090 sunt
2078 2036 2375 2103 interesse,
2403 2038 2620 2093 domine
2659 2043 3024 2097 sacratissime
3067 2043 3141 2098 fili
3182 2046 3511 2105 venerabilis

1924 2122 2238 2193 imperator.
2269 2124 2382 2181 lIac
2406 2128 2584 2196 itaque
2613 2130 2809 2199 gratia,
2840 2140 2927 2186 tua
2960 2137 3316 2192 mansuetudo
3342 2138 3510 2194 tantis

1921 2218 2096 2273 turbis
2118 2218 2396 2285 resistens,
2424 2222 2708 2276 veritatem
2732 2222 3131 2280 immaculatum
3160 2228 3283 2284 fidei
3308 2234 3502 2287 catho-

1922 2304 2039 2362 lica:
2081 2308 2355 2379 religionis
2394 2310 2589 2365 salvari
2634 2313 2935 2382 prmcipiat,
2969 2326 3024 2370 ut
3056 2318 3348 2374 secundum
3390 2320 3505 2375 for—

1921 2413 2065 2452 mam
2095 2408 2150 2453 et
2188 2399 2555 2456 dillinitionem
2597 2404 2904 2472 apostolicae
2941 2407 3107 2473 sedis,
3139 2425 3301 2479 quam
3334 2412 3504 2466 etiam

1922 2502 2021 2542 nos
2058 2498 2310 2559 tanquam
2354 2492 2747 2561 praecellentem
2784 2495 3036 2551 similiter
3061 2510 3405 2567 veneramur,
3449 2504 3506 2558 in

1922 2587 2066 2634 statu
2096 2581 2387 2636 sacerdotii
2418 2583 2527 2647 ille,
2559 2595 2873 2641 remanente
2894 2603 2991 2658 per
3011 2591 3190 2644 omnia
3221 2592 3504 2660 Flaviano,

1921 2671 1989 2725 ad
2014 2672 2232 2727 concilii
2259 2683 2314 2726 et
2345 2674 2655 2741 apostolica:
2683 2677 2829 2732 sedis
2860 2677 3121 2748 judicium
3168 2685 3507 2740 transmitta-

1921 2770 2040 2825 tur;
2074 2764 2129 2817 in
2170 2779 2277 2835 qua
2310 2765 2513 2834 primus
2542 2767 2647 2832 ille,
2679 2768 2769 2838 qui
2802 2770 3049 2827 caelestes
3088 2773 3267 2830 claves
3305 2776 3503 2848 dignus

1920 2850 2023 2908 fuit
2072 2855 2339 2925 accipere,
2390 2856 2747 2928 principatum
2786 2861 3128 2932 episc0patus
3170 2866 3444 2922 ordinavit
3481 2888 3497 2923 :

1919 2947 2137 3017 quando
2164 2948 2371 3005 scilicet
2398 2949 2557 3005 decet
2579 2965 2678 3005 nos
2698 2951 2824 3008 huic
2850 2953 3102 3010 maxima:
3128 2956 3355 3023 civita.i,
3378 2975 3500 3030 qua:

1919 3040 2134 3094 domina
2165 3040 2406 3095 omnium
2442 3051 2545 3107 est,
2584 3051 2731 3097 tuam
2760 3043 2814 3099 in
2845 3045 3096 3101 omnibus
3132 3051 3495 3105 reverentiam

1918 3144 2258 3185 conservare.
2323 3130 2638 3202 Diligentius
2669 3141 2846 3187 autem
2876 3134 3041 3189 etiam
3082 3136 3136 3191 in
3179 3138 3281 3193 hoc
3316 3140 3498 3209 provi-

234 3243 410 3298 neque
444 3230 695 3295 tardetis,
726 3240 787 3285 ut
816 3231 1018 3285 nostris
1045 3230 1261 3286 obediat
1298 3230 1571 3301 precibus,
1600 3239 1816 3285 nostras
1842 3214 1888 3278 C
1919 3223 2061 3288 dele.
2092 3239 2161 3279 ne
2201 3225 2343 3294 quod
2383 3225 2576 3295 priscis
2623 3226 2953 3296 tempOribus
2992 3239 3177 3284 nostra
3218 3234 3499 3300 generatio

231 3323 485 3379 exaudiat
509 3333 763 3395 tanquam
788 3322 1047 3394 spiritalis
1074 3323 1247 3395 patris
1276 3323 1358 3378 sui
1392 3324 1701 3394 petitiones,
1733 3324 1814 3379 in:-

232 3416 602 3473 desinentibus
628 3416 767 3487 apud
793 3432 918 3472 eum
938 3417 1394 3489 suggestionibus,
1421 3426 1584 3487 atque
1612 3417 1815 3487 suppli-

230 3507 534 3563 eationibus
562 3522 758 3579 agere;
799 3524 1007 3563 necnon
1047 3517 1103 3563 et
1131 3509 1285 3578 quasi
1322 3509 1464 3563 virili
1493 3508 1813 3565 fortitudine

228 3597 626 3653 circumcincta:
652 3599 704 3653 in
734 3598 1036 3653 constantia
1060 3599 1315 3653 continua
1340 3599 1639 3655 decertare.
1670 3599 1813 3667 Quo-

230 3687 375 3741 niam
401 3686 482 3759 (ut
513 3686 872 3757 praetulimus)
899 3692 1011 3742 non
1041 3702 1137 3743 vos
1179 3688 1441 3743 Dominus
1467 3688 1668 3743 frustra
1711 3689 1813 3744 im-

230 3776 363 3847 perii
389 3775 634 3849 conjugis
657 3778 822 3832 vestri
850 3776 976 3832 fecit
1000 3793 1122 3833 esse
1152 3787 1482 3838 consortem,
1505 3787 1560 3833 et
1585 3779 1688 3833 nisi
1714 3794 1809 3850 pro

233 3869 423 3940 populo
448 3867 564 3939 ejus
591 3870 829 3941 legitime
857 3869 1258 3936 laboraveritis,
1282 3871 1334 3925 in
1362 3871 1607 3927 districto
1628 3872 1811 3927 divino

226 3961 424 4030 judicio
471 3962 772 4017 districtum
819 3962 1005 4033 procul
1060 3962 1223 4017 dubio
1272 3962 1471 4018 dabitis
1520 3962 1806 4018 rationem.

235 4050 594 4121 Aggredimini
640 4066 791 4121 ergo,
819 4061 873 4107 et
919 4051 1201 4106 induimini
1252 4050 1588 4118 fortitudine,
1617 4065 1672 4108 et
1709 4068 1809 4123 pro

233 4151 390 4207 statu,
423 4158 485 4196 ac
508 4142 699 4197 ordine
742 4141 995 4198 Ecclesia:
1030 4142 1123 4198 Dei
1166 4152 1220 4198 et
1264 4144 1539 4199 erectione
1578 4143 1807 4199 afllieto-

1917 3316 2229 3381 custodivit,
2260 3318 2361 3372 sub
2388 3318 2542 3372 nobis
2571 3318 2817 3374 imminui
2853 3320 3118 3385 videatur,
3148 3331 3205 3377 et
3230 3339 3328 3394 per
3350 3340 3495 3395 prte-

1915 3423 2043 3463 sens
2082 3408 2389 3479 exemplum
2432 3410 2625 3465 similia
2672 3421 2933 3481 gerantur
2978 3412 3294 3485 [schismata
3334 3433 3497 3488 gene-

1916 3498 2126 3572 rentur]
2170 3500 2224 3554 in
2270 3501 2569 3572 episcopos,
2616 3517 2681 3555 ac
2716 3511 2932 3557 sanctas
2969 3504 3247 3559 ecclesias.
3305 3506 3499 3561 Videte

1914 3590 2100 3662 igitur,
2148 3593 2467 3647 charissima
2526 3593 2660 3657 tilia,
2708 3594 2944 3663 qualiter
2990 3595 3105 3651 bzec
3152 3596 3245 3651 Dei
3297 3598 3495 3653 cultrix

1913 3680 2173 3751 Augusta,
2205 3690 2262 3737 ut
2297 3683 2532 3752 priscam
2560 3681 2722 3737 ﬁdem
2748 3694 2946 3751 servet,
2980 3693 3229 3755 satogat:
3269 3695 3324 3741 et
3350 3688 3495 3756 quod

1913 3771 2542 3843 Constantinopolitanus
2603 3773 2891 3843 episcopus
2942 3774 3279 3830 saecularium
3348 3787 3496 3833 metu

1912 3866 2079 3923 fuerit
2111 3868 2403 3939 appetitus,
2432 3866 2613 3922 doleat
2652 3885 2666 3921 :
2717 3869 2953 3939 qualiter
2980 3884 3103 3923 eum
3140 3869 3375 3924 libellum
3420 3873 3494 3928 atl

1910 3961 2095 4017 sedem
2151 3960 2501 4037 apostolicam
2548 3960 2763 4015 misisse
2801 3969 3226 4027 commemoret;
3258 3961 3496 4033 qualiter

1909 4053 2091 4108 sedem
2128 4051 2505 4124 apostolicam,
2547 4060 2802 4122 tanquam
2836 4051 3229 4123 prmcellenlem
3269 4068 3495 4117 venerea

1910 4153 2047 4198 tur:
2101 4142 2332 4213 qualiter
2380 4144 2675 4198 secundum
2727 4142 2956 4197 formam
3007 4151 3063 4198 et
3115 4143 3491 4200 diﬂinitionem

232 4248 368 4295 rum,
395 4240 448 4286 et
486 4247 869 4303 Oppressorum
910 4240 1185 4288 certamen
1213 4232 1490 4299 assumite,
1532 4234 1808 4290 imitantes
1907 4233 2024 4304 ejus
2070 4234 2360 4291 Flavianus
2401 4234 2642 4290 submitti
2695 4234 2764 4289 ad
2802 4233 3066 4305 judicium
3122 4235 3266 4290 sedis
3319 4235 3492 4306 ipsius

232 4322 471 4379 videlicet
539 4324 788 4394 superius
851 4331 1209 4380 memoratam
1278 4322 1492 4377 beatam
1560 4324 1803 4395 reginam

1907 4322 2383 4396 (quemadmodum
2416 4335 2473 4379 et
2504 4340 2604 4379 nos
2631 4323 2697 4378 de
2748 4323 2955 4393 lgnatio
2982 4331 3037 4378 et
3065 4323 3259 4379 Photio
3295 4325 3491 4379 statui-

233 4415 440 4482 Esther,
471 4431 591 4486 quae
617 4433 716 4486 pro
743 4413 941 4487 populo
977 4412 1073 4471 Dei
1102 4416 1264 4471 etiam
1296 4415 1349 4469 in
1388 4424 1619 4471 mortem
1659 4413 1806 4471 dedit
1904 4414 2046 4487 mus)
2076 4416 2364 4483 hortetur:
2397 4414 2631 4485 qualiter
2664 4415 2717 4470 in
2757 4415 2886 4470 sede
2924 4413 3168 4470 Romana
3200 4415 3349 4469 illum
3376 4416 3488 4486 pri-

233 4508 458 4564 animam
485 4522 662 4572 suam,
690 4516 744 4563 et
767 4521 1049 4577 quousque
1072 4509 1216 4563 hunc
1246 4506 1495 4563 liberavit
1528 4506 1704 4579 [forte,
1742 4507 1804 4563 li-

231 4603 427 4657 beravit
471 4617 502 4656 a
556 4602 729 4657 ruina.
774 4600 997 4672 limo],
1048 4601 1228 4656 anima
1270 4598 1438 4656 ferias
1480 4600 1654 4657 nullas
1700 4618 1801 4658 suo

1828 4567 1881 4629 D

1906 4529 2057 4570 mum
2088 4513 2184 4584 qui
2210 4512 2463 4569 caelestes
2492 4511 2674 4567 claves
2700 4511 2894 4581 dignus
2920 4510 3021 4567 fuit
3046 4511 3312 4579 accipere,
3342 4512 3487 4581 prin-

1904 4606 2143 4675 cipatum
2208 4604 2549 4675 episcopatus
2596 4602 2878 4660 ordinasse
2941 4601 3146 4657 recolat
3186 4618 3199 4655 :
3251 4602 3487 4673 qualiter

232 4692 506 4748 certamini
554 4692 744 4747 tribuit
776 4709 789 4745 :
833 4693 917 4746 cui
964 4692 1334 4748 Mardochzeus
1380 4693 1471 4750 ille
1513 4694 1800 4751 laudabilis
1902 4700 2067 4755 etiam
2098 4696 2388 4768 diligenter
2413 4695 2805 4767 providendum
2833 4706 2955 4750 esse
2975 4700 3219 4756 censeat,
3250 4707 3318 4747 ne
3339 4692 3487 4762 quod

231 4795 445 4857 patruus
469 4783 584 4853 ejus
614 4784 1087 4854 (quemadmodum
1134 4798 1232 4837 nos
1262 4799 1406 4839 nunc
1445 4785 1619 4857 vobis)
1659 4785 1802 4842 inter
1901 4790 2096 4863 priscis
2131 4788 2464 4857 temporibus
2496 4786 2826 4844 custoditum
2867 4785 3061 4847 fuerat,
3105 4783 3350 4838 imminui
3395 4784 3483 4838 vi-

232 4888 413 4934 uetera
456 4878 529 4932 ita
578 4887 918 4949 suggesserat
968 4895 981 4931 :

1032 4878 1114 4933 Ne
1155 4889 1323 4948 putes,
1360 4878 1627 4947 inquiens,
1658 4881 1800 4951 quod
1901 4882 2116 4948 deatur,
2146 4890 2202 4938 et
2229 4896 2327 4951 per
2360 4894 2598 4951 praesens
2642 4876 2947 4947 exemplum
2992 4874 3188 4931 similia
3224 4884 3484 4946 gerantur

233 4970 447 5024 animam
491 4978 637 5021 tuam
670 4976 872 5020 tantum
898 4966 1102 5031 liberes,
1132 4965 1255 5037 quia
1300 4967 1354 5021 in
1395 4966 1548 5021 domo
1575 4969 1708 5037 regis
1744 4984 1800 5022 es
1902 4973 1955 5030 in
1982 4975 2283 5043 episcopos,
2308 4987 2374 5027 ac
2407 4979 2624 5027 sanctas
2653 4968 2943 5025 Ecclesias.
2976 4968 3106 5035 Quze
3128 4976 3341 5033 cuncta,
3368 4966 3480 5022 filia

232 5080 331 5135 pra:
354 5062 552 5117 cunctis
574 5060 782 5115 Iudaeis
806 5075 825 5114 :
857 5058 913 5114 Si
937 5060 1074 5113 enim
1100 5074 1237 5113 nunc
1258 5058 1485 5124 silueris,
1516 5075 1607 5129 per
1629 5059 1790 5113 aliam

232 5157 541 5213 occationem
571 5156 931 5210 liberabuntur
954 5152 1153 5218 Iudici,
1184 5164 1232 5207 et
1264 5161 1320 5207 tu
1344 5164 1392 5208 et
1417 5153 1602 5209 domus
1627 5155 1792 5225 patris

232 5249 300 5303 tui
319 5248 565 5319 peribitis.
610 5245 678 5301 Et
700 5245 816 5317 quis
850 5245 1008 5309 novit,
1040 5254 1214 5299 utrum
1250 5243 1447 5298 idcirco
1469 5245 1538 5298 ad
1578 5262 1793 5316 regnum

234 5342 449 5407 ueneris,
487 5349 543 5394 ut
594 5340 649 5394 in
690 5349 919 5408 tempore
968 5336 1064 5391 tali
1111 5336 1427 5407 parareris.’
1474 5335 1649 5407 (Esth.
1692 5336 1793 5408 tv.)

235 5430 486 5500 Quantum
518 5441 698 5487 autem
727 5430 829 5503 piae
856 5428 1248 5499 imperatrices,
1279 5443 1509 5500 quarum
1536 5444 1629 5485 vos
1672 5430 1795 5485 imi-

1898 5064 2239 5128 charissima,
2274 5062 2558 5131 diligenter
2592 5061 2954 5125 attendentes,
2985 5067 3043 5114 et
3070 5073 3167 5129 per
3188 5058 3349 5129 hujus
3376 5059 3482 5129 piae

1897 5157 2153 5227 Augustae
2168 5154 2392 5223 vestigia
2414 5152 2749 5223 gradientes,
2764 5150 3069 5219 hujusmodi
3088 5152 3472 5215 reverentiam,

1898 5246 2205 5319 huiusmodi
2237 5244 2441 5301 cultum
2484 5244 2629 5299 circa
2662 5242 2845 5299 sedem
2882 5242 3025 5299 beati
3050 5242 3220 5309 Petri,
3248 5253 3301 5298 et
3322 5244 3477 5299 exhi-

1900 5340 2044 5405 bete,
2074 5348 2133 5395 et
2168 5337 2412 5394 exhiberi
2467 5352 2498 5392 a
2533 5332 2995 5392 Christianissimo
3024 5333 3248 5407 conjuge
3290 5344 3476 5392 vestro

1900 5442 2121 5487 strenue
2156 5431 2401 5487 suadete.
2436 5429 2713 5497 Quatenus
2753 5428 3062 5499 imperium,
3091 5429 3234 5499 quod
3271 5438 3481 5500 tempo-

235 5524 580 5580 tatricesesse
603 5521 866 5585 volumus,
898 5520 1013 5577 sedi
1048 5520 1190 5577 beati
1217 5520 1477 5592 principis
1515 5520 1789 5591 apostolo-
1899 5521 2086 5577 raliter
2122 5528 2386 5577 assecuta:
2414 5520 2566 5586 estis,
2597 5534 2723 5576 cum
2764 5519 2871 5574 illis
2910 5519 3005 5575 Dei
3047 5519 3386 5581 cultrieibus,
3416 5528 3474 5573 et

235 5630 340 5671 rum
374 5608 520 5669 Petri
568 5614 774 5669 devolat
820 5614 1020 5669 fuerint
1058 5630 1074 5666 :
1124 5620 1180 5668 et
1231 5614 1371 5668 hanc
1422 5627 1531 5682 pra:
1583 5612 1793 5669 cunctis

236 5706 433 5763 sedibus
450 5704 848 5767 honoraverint,
866 5704 1202 5776 qualiterque
1216 5703 1628 5761 sublimissimos
1640 5704 1789 5775 prin-

237 5803 364 5874 cipes
392 5800 534 5856 circa
565 5799 919 5854 reverentiam
948 5799 1174 5856 Romani
1199 5799 1467 5872 pontificis
1490 5797 1787 5855 inﬂamma-

512 5884 760 5951 PArnOL.
809 5890 1033 5952 CXIX.

1896 5614 2159 5669 honorem
2187 5611 2361 5667 sancti
2390 5610 2536 5667 Petri
2564 5610 2680 5667 sedi
2701 5608 3083 5666 exhibentibus
3112 5606 3470 5676 imperatriel-

1894 5702 2018 5768 bus,
2050 5700 2362 5773 percipiatis
2400 5709 2683 5766 aeternum,
2714 5707 2772 5756 et
2816 5698 3043 5770 gloriam
3088 5693 3473 5764 incorruptibi-

1896 5794 1998 5851 letn
2022 5794 2208 5850 eodem
2237 5793 2605 5850 intercedente
2631 5789 2995 5863 apostolorum
3024 5784 3245 5849 eximio,
3268 5785 3353 5841 cui
3377 5799 3471 5841 vos

3036 5878 3110 5953 et
