  <div class='ocr_page' id='page_1' title='image "/cluster/home/n/w/nwhite01/storage/ocr_20150623/119/hvd.32044015466915/539.png"; bbox 0 0 2025 3162; ppageno 0'>
   <div class='ocr_carea' id='block_1_1' title="bbox 313 177 1075 210">
    <p class='ocr_par' dir='ltr' id='par_1_1' title="bbox 313 177 1075 205">
     <span class='ocr_line' id='line_1_1' title="bbox 313 177 1075 205; baseline 0 0"><span class='ocrx_word' id='word_1_1' title='bbox 313 177 383 205; x_wconf 78' lang='grc'><strong>1067</strong></span> <span class='ocrx_word' id='word_1_2' title='bbox 989 177 1011 204; x_wconf 84' lang='grc' dir='ltr'>Ν</span> <span class='ocrx_word' id='word_1_3' title='bbox 1014 177 1075 205; x_wconf 81' lang='lat' dir='ltr'><strong>ICOI</strong></span> 
     </span>
    </p>
   </div>
   <div class='ocr_carea' id='block_1_2' title="bbox 1129 177 1978 210">
    <p class='ocr_par' dir='ltr' id='par_1_2' title="bbox 1144 179 1978 210">
     <span class='ocr_line' id='line_1_2' title="bbox 1144 179 1978 210; baseline -0.001 -4"><span class='ocrx_word' id='word_1_4' title='bbox 1144 179 1185 206; x_wconf 81' lang='lat' dir='ltr'><strong>PA</strong></span> <span class='ocrx_word' id='word_1_5' title='bbox 1190 179 1243 207; x_wconf 65' lang='lat' dir='ltr'><strong>PE</strong></span> <span class='ocrx_word' id='word_1_6' title='bbox 1260 179 1271 206; x_wconf 92' lang='grc' dir='ltr'><strong>ι</strong></span> <span class='ocrx_word' id='word_1_7' title='bbox 1918 184 1978 210; x_wconf 57' lang='lat' dir='ltr'><strong>1w</strong></span> 
     </span>
    </p>
   </div>
   <div class='ocr_carea' id='block_1_3' title="bbox 313 233 1976 270">
    <p class='ocr_par' dir='ltr' id='par_1_3' title="bbox 313 233 1976 270">
     <span class='ocr_line' id='line_1_3' title="bbox 313 233 1976 270; baseline 0.002 -8"><span class='ocrx_word' id='word_1_8' title='bbox 313 236 340 263; x_wconf 88' lang='lat' dir='ltr'><strong>&#39;m</strong></span> <span class='ocrx_word' id='word_1_9' title='bbox 356 236 468 270; x_wconf 78' lang='lat' dir='ltr'><strong>legatis,</strong></span> <span class='ocrx_word' id='word_1_10' title='bbox 488 237 516 263; x_wconf 88' lang='lat' dir='ltr'><strong>et</strong></span> <span class='ocrx_word' id='word_1_11' title='bbox 532 234 565 262; x_wconf 67' lang='lat' dir='ltr'><strong>in&#39;</strong></span> <span class='ocrx_word' id='word_1_12' title='bbox 581 233 713 270; x_wconf 74' lang='lat' dir='ltr'><strong>legatione</strong></span> <span class='ocrx_word' id='word_1_13' title='bbox 738 234 822 269; x_wconf 83' lang='lat' dir='ltr'><strong>ipsius</strong></span> <span class='ocrx_word' id='word_1_14' title='bbox 847 234 1027 262; x_wconf 73' lang='lat' dir='ltr'><strong>reverentiam</strong></span> <span class='ocrx_word' id='word_1_15' title='bbox 1051 242 1100 269; x_wconf 84' lang='lat' dir='ltr'><strong>per</strong></span> <span class='ocrx_word' id='word_1_16' title='bbox 1114 237 1137 266; x_wconf 81' lang='grc' dir='ltr'><strong>Α</strong></span> <span class='ocrx_word' id='word_1_17' title='bbox 1152 235 1185 261; x_wconf 86' lang='lat' dir='ltr'><strong>ad</strong></span> <span class='ocrx_word' id='word_1_18' title='bbox 1210 235 1301 262; x_wconf 85' lang='lat' dir='ltr'><strong>sedem</strong></span> <span class='ocrx_word' id='word_1_19' title='bbox 1326 235 1501 269; x_wconf 93' lang='lat' dir='ltr'><strong>apostolicam</strong></span> <span class='ocrx_word' id='word_1_20' title='bbox 1533 241 1734 270; x_wconf 84' lang='lat' dir='ltr'><strong>pervenerunt,</strong></span> <span class='ocrx_word' id='word_1_21' title='bbox 1763 239 1976 267; x_wconf 64' lang='lat' dir='ltr'><strong>accusationes</strong></span> 
     </span>
    </p>
   </div>
   <div class='ocr_carea' id='block_1_4' title="bbox 306 279 1975 315">
    <p class='ocr_par' dir='ltr' id='par_1_4' title="bbox 306 279 1975 315">
     <span class='ocr_line' id='line_1_4' title="bbox 306 279 1975 315; baseline 0.001 -6"><span class='ocrx_word' id='word_1_22' title='bbox 306 282 491 309; x_wconf 73' lang='lat' dir='ltr'><strong>“obedientiam</strong></span> <span class='ocrx_word' id='word_1_23' title='bbox 508 281 663 315; x_wconf 83' lang='lat' dir='ltr'><strong>impendere</strong></span> <span class='ocrx_word' id='word_1_24' title='bbox 682 280 866 309; x_wconf 73' lang='lat' dir='ltr'><strong>cohortamur,</strong></span> <span class='ocrx_word' id='word_1_25' title='bbox 887 279 913 305; x_wconf 90' lang='lat' dir='ltr'><strong>in</strong></span> <span class='ocrx_word' id='word_1_26' title='bbox 935 279 1038 306; x_wconf 74' lang='lat' dir='ltr'><strong>cmlesti</strong></span> <span class='ocrx_word' id='word_1_27' title='bbox 1056 287 1100 315; x_wconf 86' lang='lat' dir='ltr'><strong>pa-</strong></span> <span class='ocrx_word' id='word_1_28' title='bbox 1151 280 1282 314; x_wconf 87' lang='lat' dir='ltr'><strong>quasdam</strong></span> <span class='ocrx_word' id='word_1_29' title='bbox 1299 280 1325 306; x_wconf 91' lang='lat' dir='ltr'><strong>in</strong></span> <span class='ocrx_word' id='word_1_30' title='bbox 1339 281 1448 315; x_wconf 73' lang='lat' dir='ltr'><strong>scriptis</strong></span> <span class='ocrx_word' id='word_1_31' title='bbox 1468 281 1598 308; x_wconf 67' lang='lat' dir='ltr'><strong>adversus</strong></span> <span class='ocrx_word' id='word_1_32' title='bbox 1609 281 1666 315; x_wconf 80' lang='lat' dir='ltr'><strong>jam</strong></span> <span class='ocrx_word' id='word_1_33' title='bbox 1692 283 1786 310; x_wconf 81' lang='lat' dir='ltr'><strong>fatum</strong></span> <span class='ocrx_word' id='word_1_34' title='bbox 1822 291 1975 312; x_wconf 54' lang='lat' dir='ltr'><strong>consacrr</strong></span> 
     </span>
    </p>
   </div>
   <div class='ocr_carea' id='block_1_5' title="bbox 307 324 1973 361">
    <p class='ocr_par' dir='ltr' id='par_1_5' title="bbox 307 324 1973 361">
     <span class='ocr_line' id='line_1_5' title="bbox 307 324 1973 361; baseline 0.001 -7"><span class='ocrx_word' id='word_1_35' title='bbox 307 328 376 354; x_wconf 78' lang='lat' dir='ltr'><strong>latio</strong></span> <span class='ocrx_word' id='word_1_36' title='bbox 397 327 626 361; x_wconf 87' lang='lat' dir='ltr'><strong>incorruptibilcm</strong></span> <span class='ocrx_word' id='word_1_37' title='bbox 647 330 675 353; x_wconf 90' lang='lat' dir='ltr'><strong>et</strong></span> <span class='ocrx_word' id='word_1_38' title='bbox 697 325 948 356; x_wconf 81' lang='lat' dir='ltr'><strong>intmarccssibilem</strong></span> <span class='ocrx_word' id='word_1_39' title='bbox 970 324 1100 360; x_wconf 78' lang='lat' dir='ltr'><strong>largiente</strong></span> <span class='ocrx_word' id='word_1_40' title='bbox 1151 325 1240 351; x_wconf 93' lang='lat' dir='ltr'><strong>dotem</strong></span> <span class='ocrx_word' id='word_1_41' title='bbox 1256 330 1377 352; x_wconf 85' lang='lat' dir='ltr'><strong>nostrum</strong></span> <span class='ocrx_word' id='word_1_42' title='bbox 1393 326 1535 361; x_wconf 83' lang='lat' dir='ltr'><strong>Ignatitnn,</strong></span> <span class='ocrx_word' id='word_1_43' title='bbox 1556 331 1583 353; x_wconf 90' lang='lat' dir='ltr'><strong>et</strong></span> <span class='ocrx_word' id='word_1_44' title='bbox 1603 326 1630 353; x_wconf 91' lang='lat' dir='ltr'><strong>in</strong></span> <span class='ocrx_word' id='word_1_45' title='bbox 1652 328 1746 355; x_wconf 81' lang='lat' dir='ltr'><strong>verbis</strong></span> <span class='ocrx_word' id='word_1_46' title='bbox 1760 330 1973 356; x_wconf 65' lang='lat' dir='ltr'><strong>excusationes</strong></span> 
     </span>
    </p>
   </div>
   <div class='ocr_carea' id='block_1_6' title="bbox 310 369 1970 408">
    <p class='ocr_par' dir='ltr' id='par_1_6' title="bbox 310 369 1970 408">
     <span class='ocr_line' id='line_1_6' title="bbox 310 369 1970 408; baseline 0 -8"><span class='ocrx_word' id='word_1_47' title='bbox 310 381 375 408; x_wconf 85' lang='lat' dir='ltr'><strong>rege</strong></span> <span class='ocrx_word' id='word_1_48' title='bbox 388 381 481 408; x_wconf 79' lang='lat' dir='ltr'><strong>regum</strong></span> <span class='ocrx_word' id='word_1_49' title='bbox 496 372 609 398; x_wconf 87' lang='lat' dir='ltr'><strong>Domino</strong></span> <span class='ocrx_word' id='word_1_50' title='bbox 625 370 837 405; x_wconf 86' lang='lat' dir='ltr'><strong>consequatnini.</strong></span> <span class='ocrx_word' id='word_1_51' title='bbox 860 370 927 396; x_wconf 87' lang='lat' dir='ltr'><strong>Data</strong></span> <span class='ocrx_word' id='word_1_52' title='bbox 942 370 1034 397; x_wconf 88' lang='lat' dir='ltr'><strong>Idibus</strong></span> <span class='ocrx_word' id='word_1_53' title='bbox 1045 369 1098 397; x_wconf 85' lang='lat' dir='ltr'><strong>No-</strong></span> <span class='ocrx_word' id='word_1_54' title='bbox 1150 378 1199 404; x_wconf 82' lang='lat' dir='ltr'><strong>pro</strong></span> <span class='ocrx_word' id='word_1_55' title='bbox 1212 370 1308 397; x_wconf 88' lang='lat' dir='ltr'><strong>Photio</strong></span> <span class='ocrx_word' id='word_1_56' title='bbox 1319 370 1483 402; x_wconf 85' lang='lat' dir='ltr'><strong>deferentes,</strong></span> <span class='ocrx_word' id='word_1_57' title='bbox 1496 375 1523 397; x_wconf 89' lang='lat' dir='ltr'><strong>et</strong></span> <span class='ocrx_word' id='word_1_58' title='bbox 1538 376 1567 398; x_wconf 86' lang='lat' dir='ltr'><strong>ut</strong></span> <span class='ocrx_word' id='word_1_59' title='bbox 1578 379 1593 398; x_wconf 88' lang='lat' dir='ltr'><strong>a</strong></span> <span class='ocrx_word' id='word_1_60' title='bbox 1609 372 1673 399; x_wconf 80' lang='lat' dir='ltr'><strong>sede</strong></span> <span class='ocrx_word' id='word_1_61' title='bbox 1687 374 1856 407; x_wconf 70' lang='lat' dir='ltr'><strong>apostulica</strong></span> <span class='ocrx_word' id='word_1_62' title='bbox 1874 375 1970 401; x_wconf 56' lang='lat' dir='ltr'><strong>missa:</strong></span> 
     </span>
    </p>
   </div>
   <div class='ocr_carea' id='block_1_7' title="bbox 1149 414 1968 448">
    <p class='ocr_par' dir='ltr' id='par_1_7' title="bbox 1149 414 1968 448">
     <span class='ocr_line' id='line_1_7' title="bbox 1149 414 1968 448; baseline 0.006 -7"><span class='ocrx_word' id='word_1_63' title='bbox 1149 414 1284 446; x_wconf 84' lang='lat' dir='ltr'><strong>daremus,</strong></span> <span class='ocrx_word' id='word_1_64' title='bbox 1310 414 1356 448; x_wconf 85' lang='lat' dir='ltr'><strong>qui</strong></span> <span class='ocrx_word' id='word_1_65' title='bbox 1380 415 1505 441; x_wconf 85' lang='lat' dir='ltr'><strong>scandala</strong></span> <span class='ocrx_word' id='word_1_66' title='bbox 1532 415 1576 442; x_wconf 84' lang='lat' dir='ltr'><strong>illa</strong></span> <span class='ocrx_word' id='word_1_67' title='bbox 1602 417 1731 443; x_wconf 73' lang='lat' dir='ltr'><strong>sedarent</strong></span> <span class='ocrx_word' id='word_1_68' title='bbox 1748 423 1777 444; x_wconf 84' lang='lat' dir='ltr'><strong>et</strong></span> <span class='ocrx_word' id='word_1_69' title='bbox 1810 418 1968 445; x_wconf 70' lang='lat' dir='ltr'><strong>schismata</strong></span> 
     </span>
    </p>
   </div>
   <div class='ocr_carea' id='block_1_8' title="bbox 1148 460 1966 496">
    <p class='ocr_par' dir='ltr' id='par_1_8' title="bbox 1148 460 1966 496">
     <span class='ocr_line' id='line_1_8' title="bbox 1148 460 1966 496; baseline 0.006 -10"><span class='ocrx_word' id='word_1_70' title='bbox 1148 460 1332 495; x_wconf 77' lang='lat' dir='ltr'><strong>dissiparant,</strong></span> <span class='ocrx_word' id='word_1_71' title='bbox 1358 468 1521 495; x_wconf 77' lang='lat' dir='ltr'><strong>magnopere</strong></span> <span class='ocrx_word' id='word_1_72' title='bbox 1549 461 1731 495; x_wconf 84' lang='lat' dir='ltr'><strong>postulantes.</strong></span> <span class='ocrx_word' id='word_1_73' title='bbox 1766 463 1892 496; x_wconf 81' lang='lat' dir='ltr'><strong>Quibus</strong></span> <span class='ocrx_word' id='word_1_74' title='bbox 1923 467 1966 491; x_wconf 64' lang='lat' dir='ltr'><strong>ﬁt:</strong></span> 
     </span>
    </p>
   </div>
   <div class='ocr_carea' id='block_1_9' title="bbox 1148 506 1965 545">
    <p class='ocr_par' dir='ltr' id='par_1_9' title="bbox 1148 506 1965 545">
     <span class='ocr_line' id='line_1_9' title="bbox 1148 506 1965 545; baseline 0.004 -11"><span class='ocrx_word' id='word_1_75' title='bbox 1148 507 1301 541; x_wconf 75' lang='lat' dir='ltr'><strong>susceptis,</strong></span> <span class='ocrx_word' id='word_1_76' title='bbox 1323 511 1351 533; x_wconf 82' lang='lat' dir='ltr'><strong>et</strong></span> <span class='ocrx_word' id='word_1_77' title='bbox 1373 506 1517 542; x_wconf 74' lang='lat' dir='ltr'><strong>legationis</strong></span> <span class='ocrx_word' id='word_1_78' title='bbox 1534 507 1660 542; x_wconf 78' lang='lat' dir='ltr'><strong>injuncuc</strong></span> <span class='ocrx_word' id='word_1_79' title='bbox 1686 508 1740 536; x_wconf 84' lang='lat' dir='ltr'><strong>sibi</strong></span> <span class='ocrx_word' id='word_1_80' title='bbox 1761 517 1819 536; x_wconf 85' lang='lat' dir='ltr'><strong>seu</strong></span> <span class='ocrx_word' id='word_1_81' title='bbox 1841 511 1965 545; x_wconf 58' lang='lat' dir='ltr'><strong>Cpiskibii</strong></span> 
     </span>
    </p>
   </div>
   <div class='ocr_carea' id='block_1_10' title="bbox 1147 552 1962 592">
    <p class='ocr_par' dir='ltr' id='par_1_10' title="bbox 1147 552 1962 592">
     <span class='ocr_line' id='line_1_10' title="bbox 1147 552 1962 592; baseline 0.006 -13"><span class='ocrx_word' id='word_1_82' title='bbox 1147 552 1245 580; x_wconf 78' lang='lat' dir='ltr'><strong>delata:</strong></span> <span class='ocrx_word' id='word_1_83' title='bbox 1263 553 1409 587; x_wconf 84' lang='lat' dir='ltr'><strong>imperialis</strong></span> <span class='ocrx_word' id='word_1_84' title='bbox 1425 553 1546 587; x_wconf 89' lang='lat' dir='ltr'><strong>inspecto</strong></span> <span class='ocrx_word' id='word_1_85' title='bbox 1562 558 1665 586; x_wconf 85' lang='lat' dir='ltr'><strong>tenore,</strong></span> <span class='ocrx_word' id='word_1_86' title='bbox 1686 556 1868 583; x_wconf 65' lang='lat' dir='ltr'><strong>mmstitiam</strong></span> <span class='ocrx_word' id='word_1_87' title='bbox 1885 566 1962 592; x_wconf 68' lang='lat' dir='ltr'><strong>qua:</strong></span> 
     </span>
    </p>
   </div>
   <div class='ocr_carea' id='block_1_11' title="bbox 1148 598 1961 634">
    <p class='ocr_par' dir='ltr' id='par_1_11' title="bbox 1148 598 1961 634">
     <span class='ocr_line' id='line_1_11' title="bbox 1148 598 1961 634; baseline 0.005 -10"><span class='ocrx_word' id='word_1_88' title='bbox 1148 598 1221 633; x_wconf 88' lang='lat' dir='ltr'><strong>prius</strong></span> <span class='ocrx_word' id='word_1_89' title='bbox 1232 606 1324 624; x_wconf 86' lang='lat' dir='ltr'><strong>rumor</strong></span> <span class='ocrx_word' id='word_1_90' title='bbox 1338 598 1411 625; x_wconf 85' lang='lat' dir='ltr'><strong>solus</strong></span> <span class='ocrx_word' id='word_1_91' title='bbox 1425 599 1450 625; x_wconf 92' lang='lat' dir='ltr'><strong>in</strong></span> <span class='ocrx_word' id='word_1_92' title='bbox 1466 599 1547 626; x_wconf 83' lang='lat' dir='ltr'><strong>corde</strong></span> <span class='ocrx_word' id='word_1_93' title='bbox 1558 605 1649 626; x_wconf 86' lang='lat' dir='ltr'><strong>nostro</strong></span> <span class='ocrx_word' id='word_1_94' title='bbox 1659 606 1830 634; x_wconf 76' lang='lat' dir='ltr'><strong>pepererat,</strong></span> <span class='ocrx_word' id='word_1_95' title='bbox 1848 610 1961 629; x_wconf 66' lang='lat' dir='ltr'><strong>casm!</strong></span> 
     </span>
    </p>
   </div>
   <div class='ocr_carea' id='block_1_12' title="bbox 1146 645 1960 674">
    <p class='ocr_par' dir='ltr' id='par_1_12' title="bbox 1146 645 1960 674">
     <span class='ocr_line' id='line_1_12' title="bbox 1146 645 1960 674; baseline 0.004 -3"><span class='ocrx_word' id='word_1_96' title='bbox 1146 645 1285 671; x_wconf 82' lang='lat' dir='ltr'><strong>evidenter</strong></span> <span class='ocrx_word' id='word_1_97' title='bbox 1300 649 1470 672; x_wconf 78' lang='lat' dir='ltr'><strong>ostensurum</strong></span> <span class='ocrx_word' id='word_1_98' title='bbox 1486 645 1586 672; x_wconf 84' lang='lat' dir='ltr'><strong>certior</strong></span> <span class='ocrx_word' id='word_1_99' title='bbox 1606 646 1752 673; x_wconf 83' lang='lat' dir='ltr'><strong>confestim</strong></span> <span class='ocrx_word' id='word_1_100' title='bbox 1769 647 1882 674; x_wconf 75' lang='lat' dir='ltr'><strong>relatio</strong></span> <span class='ocrx_word' id='word_1_101' title='bbox 1901 648 1960 674; x_wconf 76' lang='lat' dir='ltr'><strong>mul-</strong></span> 
     </span>
    </p>
   </div>
   <div class='ocr_carea' id='block_1_13' title="bbox 1147 691 1958 728">
    <p class='ocr_par' dir='ltr' id='par_1_13' title="bbox 1147 691 1958 728">
     <span class='ocr_line' id='line_1_13' title="bbox 1147 691 1958 728; baseline 0.004 -10"><span class='ocrx_word' id='word_1_102' title='bbox 1147 691 1287 725; x_wconf 85' lang='lat' dir='ltr'><strong>tiplicavit.</strong></span> <span class='ocrx_word' id='word_1_103' title='bbox 1303 697 1315 710; x_wconf 74' lang='grc' dir='ltr'><strong>ιι</strong></span> <span class='ocrx_word' id='word_1_104' title='bbox 1331 691 1500 726; x_wconf 78' lang='lat' dir='ltr'><strong>Quapropter</strong></span> <span class='ocrx_word' id='word_1_105' title='bbox 1522 692 1594 726; x_wconf 86' lang='lat' dir='ltr'><strong>quia,</strong></span> <span class='ocrx_word' id='word_1_106' title='bbox 1621 691 1691 718; x_wconf 80' lang='lat' dir='ltr'><strong>sicut</strong></span> <span class='ocrx_word' id='word_1_107' title='bbox 1713 692 1864 720; x_wconf 84' lang='lat' dir='ltr'><strong>divinitus</strong></span> <span class='ocrx_word' id='word_1_108' title='bbox 1880 694 1958 728; x_wconf 24' lang='lat' dir='ltr'><strong>iaspis</strong></span> 
     </span>
    </p>
   </div>
   <div class='ocr_carea' id='block_1_14' title="bbox 1145 737 1993 780">
    <p class='ocr_par' dir='ltr' id='par_1_14' title="bbox 1145 737 1993 780">
     <span class='ocr_line' id='line_1_14' title="bbox 1145 737 1993 780; baseline 0.004 -16"><span class='ocrx_word' id='word_1_109' title='bbox 1145 742 1204 764; x_wconf 83' lang='lat' dir='ltr'><strong>rata</strong></span> <span class='ocrx_word' id='word_1_110' title='bbox 1220 738 1350 771; x_wconf 75' lang='lat' dir='ltr'><strong>sapientia</strong></span> <span class='ocrx_word' id='word_1_111' title='bbox 1366 741 1454 764; x_wconf 82' lang='lat' dir='ltr'><strong>vestra</strong></span> <span class='ocrx_word' id='word_1_112' title='bbox 1467 737 1552 770; x_wconf 88' lang='lat' dir='ltr'><strong>novit,</strong></span> <span class='ocrx_word' id='word_1_113' title='bbox 1566 743 1723 765; x_wconf 88' lang='lat' dir='ltr'><strong>cunctarum</strong></span> <span class='ocrx_word' id='word_1_114' title='bbox 1737 738 1857 767; x_wconf 77' lang='lat' dir='ltr'><strong>Christi</strong></span> <span class='ocrx_word' id='word_1_115' title='bbox 1870 742 1956 767; x_wconf 63' lang='lat' dir='ltr'><strong>ovium</strong></span> <span class='ocrx_word' id='word_1_116' title='bbox 1992 761 1993 780; x_wconf 30' lang='grc' dir='ltr'><strong>ἶ</strong></span> 
     </span>
    </p>
   </div>
   <div class='ocr_carea' id='block_1_15' title="bbox 1145 783 1993 820">
    <p class='ocr_par' dir='ltr' id='par_1_15' title="bbox 1145 783 1993 820">
     <span class='ocr_line' id='line_1_15' title="bbox 1145 783 1993 820; baseline 0.004 -10"><span class='ocrx_word' id='word_1_117' title='bbox 1145 791 1210 811; x_wconf 86' lang='lat' dir='ltr'><strong>cura</strong></span> <span class='ocrx_word' id='word_1_118' title='bbox 1223 783 1444 819; x_wconf 77' lang='lat' dir='ltr'><strong>constringimur,</strong></span> <span class='ocrx_word' id='word_1_119' title='bbox 1470 791 1531 811; x_wconf 88' lang='lat' dir='ltr'><strong>cum</strong></span> <span class='ocrx_word' id='word_1_120' title='bbox 1552 785 1625 812; x_wconf 86' lang='lat' dir='ltr'><strong>vices</strong></span> <span class='ocrx_word' id='word_1_121' title='bbox 1647 784 1717 812; x_wconf 87' lang='lat' dir='ltr'><strong>illius</strong></span> <span class='ocrx_word' id='word_1_122' title='bbox 1734 793 1788 820; x_wconf 87' lang='lat' dir='ltr'><strong>per</strong></span> <span class='ocrx_word' id='word_1_123' title='bbox 1812 787 1958 813; x_wconf 70' lang='lat' dir='ltr'><strong>abunda-s—</strong></span> <span class='ocrx_word' id='word_1_124' title='bbox 1992 792 1993 804; x_wconf 56' lang='grc' dir='ltr'><strong>ι</strong></span> 
     </span>
    </p>
   </div>
   <div class='ocr_carea' id='block_1_16' title="bbox 1146 831 1957 867">
    <p class='ocr_par' dir='ltr' id='par_1_16' title="bbox 1146 831 1957 867">
     <span class='ocr_line' id='line_1_16' title="bbox 1146 831 1957 867; baseline 0.002 -9"><span class='ocrx_word' id='word_1_125' title='bbox 1146 832 1210 859; x_wconf 90' lang='lat' dir='ltr'><strong>tiam</strong></span> <span class='ocrx_word' id='word_1_126' title='bbox 1225 831 1345 859; x_wconf 75' lang='lat' dir='ltr'><strong>cmlestis</strong></span> <span class='ocrx_word' id='word_1_127' title='bbox 1367 832 1460 867; x_wconf 76' lang='lat' dir='ltr'><strong>gratia:</strong></span> <span class='ocrx_word' id='word_1_128' title='bbox 1479 840 1616 867; x_wconf 74' lang='lat' dir='ltr'><strong>geramus,</strong></span> <span class='ocrx_word' id='word_1_129' title='bbox 1633 832 1675 859; x_wconf 93' lang='lat' dir='ltr'><strong>cui</strong></span> <span class='ocrx_word' id='word_1_130' title='bbox 1691 833 1865 867; x_wconf 81' lang='lat' dir='ltr'><strong>specialiter</strong></span> <span class='ocrx_word' id='word_1_131' title='bbox 1879 842 1896 860; x_wconf 72' lang='grc' dir='ltr'>ει</span> <span class='ocrx_word' id='word_1_132' title='bbox 1909 834 1957 861; x_wconf 69' lang='lat' dir='ltr'><strong>Dee</strong></span> 
     </span>
    </p>
   </div>
   <div class='ocr_carea' id='block_1_17' title="bbox 1144 875 1956 914">
    <p class='ocr_par' dir='ltr' id='par_1_17' title="bbox 1144 875 1956 914">
     <span class='ocr_line' id='line_1_17' title="bbox 1144 875 1956 914; baseline 0.005 -11"><span class='ocrx_word' id='word_1_133' title='bbox 1144 876 1263 904; x_wconf 85' lang='lat' dir='ltr'><strong>dicitur:</strong></span> <span class='ocrx_word' id='word_1_134' title='bbox 1281 875 1363 904; x_wconf 83' lang='lat' dir='ltr'><strong>Pam</strong></span> <span class='ocrx_word' id='word_1_135' title='bbox 1381 886 1439 904; x_wconf 74' lang='lat' dir='ltr'><strong>oves</strong></span> <span class='ocrx_word' id='word_1_136' title='bbox 1454 886 1526 904; x_wconf 76' lang='lat' dir='ltr'><strong>meas</strong></span> <span class='ocrx_word' id='word_1_137' title='bbox 1548 878 1638 913; x_wconf 86' lang='lat' dir='ltr'><strong>(Joan.</strong></span> <span class='ocrx_word' id='word_1_138' title='bbox 1667 879 1742 914; x_wconf 76' lang='lat' dir='ltr'><strong>xxt):</strong></span> <span class='ocrx_word' id='word_1_139' title='bbox 1773 884 1805 906; x_wconf 83' lang='lat' dir='ltr'><strong>et</strong></span> <span class='ocrx_word' id='word_1_140' title='bbox 1834 888 1956 907; x_wconf 76' lang='lat' dir='ltr'><strong>rursus:</strong></span> 
     </span>
    </p>
   </div>
   <div class='ocr_carea' id='block_1_18' title="bbox 307 417 657 450">
    <p class='ocr_par' dir='ltr' id='par_1_18' title="bbox 307 417 657 450">
     <span class='ocr_line' id='line_1_18' title="bbox 307 417 657 450; baseline -0.006 -5"><span class='ocrx_word' id='word_1_141' title='bbox 307 418 438 450; x_wconf 80' lang='lat' dir='ltr'><strong>vembris,</strong></span> <span class='ocrx_word' id='word_1_142' title='bbox 454 417 599 444; x_wconf 82' lang='lat' dir='ltr'><strong>indictione</strong></span> <span class='ocrx_word' id='word_1_143' title='bbox 612 424 657 443; x_wconf 77' lang='lat' dir='ltr'><strong>xv.</strong></span> 
     </span>
    </p>
   </div>
   <div class='ocr_carea' id='block_1_19' title="bbox 669 460 735 488">
    <p class='ocr_par' dir='ltr' id='par_1_19' title="bbox 669 460 735 488">
     <span class='ocr_line' id='line_1_19' title="bbox 669 460 735 488; baseline -0.015 0"><span class='ocrx_word' id='word_1_144' title='bbox 669 460 735 488; x_wconf 87' lang='lat' dir='ltr'><strong>CIV.</strong></span> 
     </span>
    </p>
   </div>
   <div class='ocr_carea' id='block_1_20' title="bbox 437 502 961 525">
    <p class='ocr_par' dir='ltr' id='par_1_20' title="bbox 437 502 961 525">
     <span class='ocr_line' id='line_1_20' title="bbox 437 502 961 525; baseline -0.004 -1"><span class='ocrx_word' id='word_1_145' title='bbox 437 504 471 524; x_wconf 77' lang='lat' dir='ltr'><strong>AD</strong></span> <span class='ocrx_word' id='word_1_146' title='bbox 490 504 595 525; x_wconf 70' lang='grc' dir='ltr'>ειειιυιι</span> <span class='ocrx_word' id='word_1_147' title='bbox 614 502 961 524; x_wconf 67' lang='lat' dir='ltr'><strong>CONSTANTINOPOLITANUI.</strong></span> 
     </span>
    </p>
   </div>
   <div class='ocr_carea' id='block_1_21' title="bbox 609 540 790 575">
    <p class='ocr_par' dir='ltr' id='par_1_21' title="bbox 609 540 790 575">
     <span class='ocr_line' id='line_1_21' title="bbox 609 540 790 575; baseline 0 -8"><span class='ocrx_word' id='word_1_148' title='bbox 609 541 698 575; x_wconf 75' lang='lat' dir='ltr'><strong>(Anno</strong></span> <span class='ocrx_word' id='word_1_149' title='bbox 716 540 790 575; x_wconf 80' lang='lat'><strong>866.)</strong></span> 
     </span>
    </p>
   </div>
   <div class='ocr_carea' id='block_1_22' title="bbox 300 585 1095 622">
    <p class='ocr_par' dir='ltr' id='par_1_22' title="bbox 300 585 1095 622">
     <span class='ocr_line' id='line_1_22' title="bbox 300 585 1095 622; baseline -0.005 -6"><span class='ocrx_word' id='word_1_150' title='bbox 300 588 443 616; x_wconf 79' lang='lat' dir='ltr'><strong>Percenset</strong></span> <span class='ocrx_word' id='word_1_151' title='bbox 454 588 542 615; x_wconf 76' lang='lat' dir='ltr'><strong>omnia</strong></span> <span class='ocrx_word' id='word_1_152' title='bbox 552 596 610 622; x_wconf 71' lang='lat' dir='ltr'><strong>qua:</strong></span> <span class='ocrx_word' id='word_1_153' title='bbox 621 596 636 613; x_wconf 85' lang='grc' dir='ltr'><em>α</em></span> <span class='ocrx_word' id='word_1_154' title='bbox 647 588 688 614; x_wconf 84' lang='lat' dir='ltr'><strong>die</strong></span> <span class='ocrx_word' id='word_1_155' title='bbox 698 595 748 622; x_wconf 84' lang='lat' dir='ltr'><strong>quo</strong></span> <span class='ocrx_word' id='word_1_156' title='bbox 759 585 1010 621; x_wconf 72' lang='lat' dir='ltr'><strong>Constantinopolim</strong></span> <span class='ocrx_word' id='word_1_157' title='bbox 1021 585 1095 622; x_wconf 75' lang='lat' dir='ltr'><strong>missi</strong></span> 
     </span>
    </p>
   </div>
   <div class='ocr_carea' id='block_1_23' title="bbox 339 621 1093 656">
    <p class='ocr_par' dir='ltr' id='par_1_23' title="bbox 339 621 1093 656">
     <span class='ocr_line' id='line_1_23' title="bbox 339 621 1093 656; baseline -0.004 -6"><span class='ocrx_word' id='word_1_158' title='bbox 339 629 399 650; x_wconf 73' lang='lat' dir='ltr'><strong>sunt</strong></span> <span class='ocrx_word' id='word_1_159' title='bbox 417 621 590 650; x_wconf 74' lang='lat' dir='ltr'><strong>Itltarloaldits</strong></span> <span class='ocrx_word' id='word_1_160' title='bbox 604 628 627 649; x_wconf 80' lang='lat' dir='ltr'><strong>et</strong></span> <span class='ocrx_word' id='word_1_161' title='bbox 643 621 787 649; x_wconf 75' lang='lat' dir='ltr'><strong>Zacharias</strong></span> <span class='ocrx_word' id='word_1_162' title='bbox 798 642 805 654; x_wconf 87' lang='lat'><strong>,</strong></span> <span class='ocrx_word' id='word_1_163' title='bbox 821 622 924 656; x_wconf 77' lang='lat' dir='ltr'><strong>fuerint!</strong></span> <span class='ocrx_word' id='word_1_164' title='bbox 939 627 1007 647; x_wconf 82' lang='lat' dir='ltr'><strong>acta.</strong></span> <span class='ocrx_word' id='word_1_165' title='bbox 1026 621 1093 647; x_wconf 79' lang='lat' dir='ltr'><strong>Item</strong></span> 
     </span>
    </p>
   </div>
   <div class='ocr_carea' id='block_1_24' title="bbox 339 657 1094 691">
    <p class='ocr_par' dir='ltr' id='par_1_24' title="bbox 339 657 1094 691">
     <span class='ocr_line' id='line_1_24' title="bbox 339 657 1094 691; baseline -0.004 -6"><span class='ocrx_word' id='word_1_166' title='bbox 339 663 523 685; x_wconf 80' lang='lat' dir='ltr'><strong>commemorat</strong></span> <span class='ocrx_word' id='word_1_167' title='bbox 544 658 647 684; x_wconf 77' lang='lat' dir='ltr'><strong>concilii</strong></span> <span class='ocrx_word' id='word_1_168' title='bbox 673 657 786 683; x_wconf 80' lang='lat' dir='ltr'><strong>Romani</strong></span> <span class='ocrx_word' id='word_1_169' title='bbox 807 659 909 682; x_wconf 73' lang='lat' dir='ltr'><strong>decreta</strong></span> <span class='ocrx_word' id='word_1_170' title='bbox 922 677 929 687; x_wconf 89' lang='lat'><strong>,</strong></span> <span class='ocrx_word' id='word_1_171' title='bbox 952 657 1094 691; x_wconf 78' lang='lat' dir='ltr'><strong>repetitque</strong></span> 
     </span>
    </p>
   </div>
   <div class='ocr_carea' id='block_1_25' title="bbox 339 691 1093 728">
    <p class='ocr_par' dir='ltr' id='par_1_25' title="bbox 339 691 1093 728">
     <span class='ocr_line' id='line_1_25' title="bbox 339 691 1093 728; baseline -0.004 -8"><span class='ocrx_word' id='word_1_172' title='bbox 339 695 427 720; x_wconf 85' lang='lat' dir='ltr'><strong>omnia</strong></span> <span class='ocrx_word' id='word_1_173' title='bbox 442 702 500 728; x_wconf 69' lang='lat' dir='ltr'><strong>qua:</strong></span> <span class='ocrx_word' id='word_1_174' title='bbox 520 693 546 719; x_wconf 84' lang='lat' dir='ltr'><strong>in</strong></span> <span class='ocrx_word' id='word_1_175' title='bbox 563 693 691 728; x_wconf 75' lang='lat' dir='ltr'><strong>superiori</strong></span> <span class='ocrx_word' id='word_1_176' title='bbox 702 691 811 726; x_wconf 78' lang='lat' dir='ltr'><strong>epistola</strong></span> <span class='ocrx_word' id='word_1_177' title='bbox 822 692 892 728; x_wconf 61' lang='lat' dir='ltr'><strong>dicta</strong></span> <span class='ocrx_word' id='word_1_178' title='bbox 906 697 965 718; x_wconf 81' lang='lat' dir='ltr'><strong>sunt</strong></span> <span class='ocrx_word' id='word_1_179' title='bbox 986 692 1018 717; x_wconf 81' lang='lat' dir='ltr'><strong>de</strong></span> <span class='ocrx_word' id='word_1_180' title='bbox 1032 699 1093 728; x_wconf 42' lang='lat' dir='ltr'><strong>prof</strong></span> 
     </span>
    </p>
   </div>
   <div class='ocr_carea' id='block_1_26' title="bbox 338 726 1093 761">
    <p class='ocr_par' dir='ltr' id='par_1_26' title="bbox 338 726 1093 761">
     <span class='ocr_line' id='line_1_26' title="bbox 338 726 1093 761; baseline -0.003 -6"><span class='ocrx_word' id='word_1_181' title='bbox 338 726 453 756; x_wconf 68' lang='lat' dir='ltr'><strong>motione</strong></span> <span class='ocrx_word' id='word_1_182' title='bbox 475 728 581 759; x_wconf 84' lang='lat' dir='ltr'><strong>Pltotii,</strong></span> <span class='ocrx_word' id='word_1_183' title='bbox 595 726 628 754; x_wconf 13' lang='lat' dir='ltr'><strong>iet</strong></span> <span class='ocrx_word' id='word_1_184' title='bbox 643 728 675 754; x_wconf 80' lang='lat' dir='ltr'><strong>de</strong></span> <span class='ocrx_word' id='word_1_185' title='bbox 695 727 819 761; x_wconf 74' lang='lat' dir='ltr'><strong>Gregorio</strong></span> <span class='ocrx_word' id='word_1_186' title='bbox 844 726 1030 760; x_wconf 76' lang='lat' dir='ltr'><strong>Syracusano,</strong></span> <span class='ocrx_word' id='word_1_187' title='bbox 1048 727 1093 761; x_wconf 78' lang='lat' dir='ltr'><strong>qui</strong></span> 
     </span>
    </p>
   </div>
   <div class='ocr_carea' id='block_1_27' title="bbox 300 761 1089 797">
    <p class='ocr_par' dir='ltr' id='par_1_27' title="bbox 300 761 1089 797">
     <span class='ocr_line' id='line_1_27' title="bbox 300 761 1089 797; baseline -0.003 -7"><span class='ocrx_word' id='word_1_188' title='bbox 300 790 302 792; x_wconf 67' lang='grc'>,</span> <span class='ocrx_word' id='word_1_189' title='bbox 337 763 463 791; x_wconf 78' lang='lat' dir='ltr'><strong>l’ltotiitm</strong></span> <span class='ocrx_word' id='word_1_190' title='bbox 484 764 658 794; x_wconf 76' lang='lat' dir='ltr'><strong>consecrarit,</strong></span> <span class='ocrx_word' id='word_1_191' title='bbox 679 767 702 790; x_wconf 82' lang='lat' dir='ltr'><strong>et</strong></span> <span class='ocrx_word' id='word_1_192' title='bbox 723 762 755 789; x_wconf 77' lang='lat' dir='ltr'><strong>de</strong></span> <span class='ocrx_word' id='word_1_193' title='bbox 775 761 884 797; x_wconf 81' lang='lat' dir='ltr'><strong>epistola</strong></span> <span class='ocrx_word' id='word_1_194' title='bbox 907 761 1089 795; x_wconf 76' lang='lat' dir='ltr'><strong>imperatoria,</strong></span> 
     </span>
    </p>
   </div>
   <div class='ocr_carea' id='block_1_28' title="bbox 336 798 647 834">
    <p class='ocr_par' dir='ltr' id='par_1_28' title="bbox 336 798 647 834">
     <span class='ocr_line' id='line_1_28' title="bbox 336 798 647 834; baseline -0.003 -9"><span class='ocrx_word' id='word_1_195' title='bbox 336 807 415 834; x_wconf 81' lang='lat' dir='ltr'><strong>quant</strong></span> <span class='ocrx_word' id='word_1_196' title='bbox 430 799 546 825; x_wconf 77' lang='lat' dir='ltr'><strong>comburi</strong></span> <span class='ocrx_word' id='word_1_197' title='bbox 563 798 647 832; x_wconf 80' lang='lat' dir='ltr'><strong>jubet.</strong></span> 
     </span>
    </p>
   </div>
   <div class='ocr_carea' id='block_1_29' title="bbox 555 842 843 880">
    <p class='ocr_par' dir='ltr' id='par_1_29' title="bbox 555 842 843 880">
     <span class='ocr_line' id='line_1_29' title="bbox 555 842 843 880; baseline -0.007 -9"><span class='ocrx_word' id='word_1_198' title='bbox 555 844 643 880; x_wconf 82' lang='lat' dir='ltr'><strong>[Apud</strong></span> <span class='ocrx_word' id='word_1_199' title='bbox 658 843 753 876; x_wconf 80' lang='lat' dir='ltr'><strong>Mansi,</strong></span> <span class='ocrx_word' id='word_1_200' title='bbox 766 842 843 879; x_wconf 82' lang='lat' dir='ltr'><strong>ibid.]</strong></span> 
     </span>
    </p>
   </div>
   <div class='ocr_carea' id='block_1_30' title="bbox 336 889 1089 926">
    <p class='ocr_par' dir='ltr' id='par_1_30' title="bbox 336 889 1089 926">
     <span class='ocr_line' id='line_1_30' title="bbox 336 889 1089 926; baseline -0.001 -8"><span class='ocrx_word' id='word_1_201' title='bbox 336 891 469 919; x_wconf 76' lang='lat' dir='ltr'><strong>Nicoutus</strong></span> <span class='ocrx_word' id='word_1_202' title='bbox 483 892 633 926; x_wconf 88' lang='lat' dir='ltr'><strong>cpiscopus,</strong></span> <span class='ocrx_word' id='word_1_203' title='bbox 648 898 741 917; x_wconf 71' lang='lat' dir='ltr'><strong>servus</strong></span> <span class='ocrx_word' id='word_1_204' title='bbox 763 897 901 917; x_wconf 78' lang='lat' dir='ltr'><strong>servorum</strong></span> <span class='ocrx_word' id='word_1_205' title='bbox 924 889 971 917; x_wconf 89' lang='lat' dir='ltr'><strong>Dei</strong></span> <span class='ocrx_word' id='word_1_206' title='bbox 985 910 993 922; x_wconf 88' lang='lat'><strong>,</strong></span> <span class='ocrx_word' id='word_1_207' title='bbox 1012 897 1089 917; x_wconf 89' lang='lat' dir='ltr'><strong>reve-</strong></span> 
     </span>
    </p>
   </div>
   <div class='ocr_carea' id='block_1_31' title="bbox 300 920 1954 964">
    <p class='ocr_par' dir='ltr' id='par_1_31' title="bbox 300 920 1954 964">
     <span class='ocr_line' id='line_1_31' title="bbox 300 920 1954 964; baseline 0.002 -1"><span class='ocrx_word' id='word_1_208' title='bbox 300 935 471 964; x_wconf 69' lang='lat' dir='ltr'><strong>rcndiSsintis</strong></span> <span class='ocrx_word' id='word_1_209' title='bbox 485 920 512 963; x_wconf 81' lang='lat' dir='ltr'><strong>cI.</strong></span> <span class='ocrx_word' id='word_1_210' title='bbox 531 920 709 962; x_wconf 68' lang='lat' dir='ltr'><strong>sanctissimis</strong></span> <span class='ocrx_word' id='word_1_211' title='bbox 725 935 906 962; x_wconf 74' lang='lat' dir='ltr'><strong>confratribus</strong></span> <span class='ocrx_word' id='word_1_212' title='bbox 923 936 1022 963; x_wconf 78' lang='lat' dir='ltr'><strong>nostris</strong></span> <span class='ocrx_word' id='word_1_213' title='bbox 1045 944 1084 962; x_wconf 85' lang='lat' dir='ltr'><strong>ar-</strong></span> <span class='ocrx_word' id='word_1_214' title='bbox 1106 920 1129 951; x_wconf 75' lang='grc' dir='ltr'><strong>Β</strong></span> <span class='ocrx_word' id='word_1_215' title='bbox 1145 922 1177 948; x_wconf 57' lang='lat' dir='ltr'><em>Et</em></span> <span class='ocrx_word' id='word_1_216' title='bbox 1192 927 1220 949; x_wconf 57' lang='lat' dir='ltr'><strong>tu</strong></span> <span class='ocrx_word' id='word_1_217' title='bbox 1234 922 1376 957; x_wconf 59' lang='lat' dir='ltr'><strong>aliquam&quot;</strong></span> <span class='ocrx_word' id='word_1_218' title='bbox 1391 932 1528 950; x_wconf 53' lang='lat' dir='ltr'><strong>&quot;mrem&quot;</strong></span> <span class='ocrx_word' id='word_1_219' title='bbox 1538 924 1664 958; x_wconf 33' lang='lat' dir='ltr'><strong>“‘&quot;ﬁ’lm&quot;</strong></span> <span class='ocrx_word' id='word_1_220' title='bbox 1681 924 1784 957; x_wconf 46' lang='lat' dir='ltr'><strong>fratr“</strong></span> <span class='ocrx_word' id='word_1_221' title='bbox 1798 926 1954 960; x_wconf 46' lang='lat' dir='ltr'><strong>(&quot;mil-1“</strong></span> 
     </span>
    </p>
   </div>
   <div class='ocr_carea' id='block_1_32' title="bbox 300 981 1090 1016">
    <p class='ocr_par' dir='ltr' id='par_1_32' title="bbox 300 981 1090 1016">
     <span class='ocr_line' id='line_1_32' title="bbox 300 981 1090 1016; baseline 0 -8"><span class='ocrx_word' id='word_1_222' title='bbox 300 982 478 1016; x_wconf 73' lang='lat' dir='ltr'><strong>chicpiscupis</strong></span> <span class='ocrx_word' id='word_1_223' title='bbox 494 981 725 1016; x_wconf 84' lang='lat' dir='ltr'><strong>metropolitanis,</strong></span> <span class='ocrx_word' id='word_1_224' title='bbox 745 985 772 1007; x_wconf 86' lang='lat' dir='ltr'><strong>et</strong></span> <span class='ocrx_word' id='word_1_225' title='bbox 789 981 921 1016; x_wconf 83' lang='lat' dir='ltr'><strong>episcopis</strong></span> <span class='ocrx_word' id='word_1_226' title='bbox 936 982 1090 1009; x_wconf 87' lang='lat' dir='ltr'><strong>Constanti-</strong></span> 
     </span>
    </p>
   </div>
   <div class='ocr_carea' id='block_1_33' title="bbox 298 1019 1090 1061">
    <p class='ocr_par' dir='ltr' id='par_1_33' title="bbox 298 1019 1090 1061">
     <span class='ocr_line' id='line_1_33' title="bbox 298 1019 1090 1061; baseline -0.001 -7"><span class='ocrx_word' id='word_1_227' title='bbox 298 1019 461 1061; x_wconf 70' lang='lat' dir='ltr'><strong>nopolitana:</strong></span> <span class='ocrx_word' id='word_1_228' title='bbox 477 1027 532 1053; x_wconf 86' lang='lat' dir='ltr'><strong>sedi</strong></span> <span class='ocrx_word' id='word_1_229' title='bbox 546 1025 756 1060; x_wconf 74' lang='lat' dir='ltr'><strong>subiacentibus,</strong></span> <span class='ocrx_word' id='word_1_230' title='bbox 779 1031 860 1060; x_wconf 85' lang='lat' dir='ltr'><strong>atque</strong></span> <span class='ocrx_word' id='word_1_231' title='bbox 873 1027 998 1053; x_wconf 88' lang='lat' dir='ltr'><strong>universo</strong></span> <span class='ocrx_word' id='word_1_232' title='bbox 1011 1034 1090 1053; x_wconf 83' lang='lat' dir='ltr'><strong>vene-</strong></span> 
     </span>
    </p>
   </div>
   <div class='ocr_carea' id='block_1_34' title="bbox 299 1071 992 1105">
    <p class='ocr_par' dir='ltr' id='par_1_34' title="bbox 299 1071 992 1105">
     <span class='ocr_line' id='line_1_34' title="bbox 299 1071 992 1105; baseline 0.001 -7"><span class='ocrx_word' id='word_1_233' title='bbox 299 1072 378 1098; x_wconf 84' lang='lat' dir='ltr'><strong>rabili</strong></span> <span class='ocrx_word' id='word_1_234' title='bbox 393 1072 465 1099; x_wconf 87' lang='lat' dir='ltr'><strong>clero</strong></span> <span class='ocrx_word' id='word_1_235' title='bbox 476 1071 834 1105; x_wconf 81' lang='lat' dir='ltr'><strong>Constantinopolilanarum</strong></span> <span class='ocrx_word' id='word_1_236' title='bbox 853 1071 992 1099; x_wconf 57' lang='lat' dir='ltr'><strong>Ecclesiae.</strong></span> 
     </span>
    </p>
   </div>
   <div class='ocr_carea' id='block_1_35' title="bbox 336 1116 1089 1152">
    <p class='ocr_par' dir='ltr' id='par_1_35' title="bbox 336 1116 1089 1152">
     <span class='ocr_line' id='line_1_35' title="bbox 336 1116 1089 1152; baseline 0.003 -9"><span class='ocrx_word' id='word_1_237' title='bbox 336 1118 373 1143; x_wconf 69' lang='lat' dir='ltr'><strong>lia</strong></span> <span class='ocrx_word' id='word_1_238' title='bbox 389 1125 449 1151; x_wconf 72' lang='lat' dir='ltr'><strong>qua:</strong></span> <span class='ocrx_word' id='word_1_239' title='bbox 462 1124 547 1151; x_wconf 87' lang='lat' dir='ltr'><strong>nuper</strong></span> <span class='ocrx_word' id='word_1_240' title='bbox 560 1116 629 1151; x_wconf 90' lang='lat' dir='ltr'><strong>apud</strong></span> <span class='ocrx_word' id='word_1_241' title='bbox 646 1116 905 1151; x_wconf 80' lang='lat' dir='ltr'><strong>Constantinopolim</strong></span> <span class='ocrx_word' id='word_1_242' title='bbox 929 1122 1003 1152; x_wconf 78' lang='lat' dir='ltr'><strong>gesta</strong></span> <span class='ocrx_word' id='word_1_243' title='bbox 1026 1121 1089 1145; x_wconf 82' lang='lat' dir='ltr'><strong>sunt</strong></span> 
     </span>
    </p>
   </div>
   <div class='ocr_carea' id='block_1_36' title="bbox 298 1158 1089 1196">
    <p class='ocr_par' dir='ltr' id='par_1_36' title="bbox 298 1158 1089 1196">
     <span class='ocr_line' id='line_1_36' title="bbox 298 1158 1089 1196; baseline 0.001 -8"><span class='ocrx_word' id='word_1_244' title='bbox 298 1158 482 1196; x_wconf 85' lang='lat' dir='ltr'><strong>hactenusque</strong></span> <span class='ocrx_word' id='word_1_245' title='bbox 496 1165 635 1196; x_wconf 70' lang='lat' dir='ltr'><strong>gE‘I&#39;IIIIIUI‘,</strong></span> <span class='ocrx_word' id='word_1_246' title='bbox 647 1161 817 1187; x_wconf 66' lang='lat' dir='ltr'><strong>SﬂllCIilﬂIClII</strong></span> <span class='ocrx_word' id='word_1_247' title='bbox 833 1166 949 1188; x_wconf 75' lang='lat' dir='ltr'><strong>vestram</strong></span> <span class='ocrx_word' id='word_1_248' title='bbox 963 1169 1015 1188; x_wconf 84' lang='grc'><strong>11011</strong></span> <span class='ocrx_word' id='word_1_249' title='bbox 1030 1170 1089 1189; x_wconf 81' lang='lat' dir='ltr'><strong>CI‘C-</strong></span> 
     </span>
    </p>
   </div>
   <div class='ocr_carea' id='block_1_37' title="bbox 297 1206 1088 1242">
    <p class='ocr_par' dir='ltr' id='par_1_37' title="bbox 297 1206 1088 1242">
     <span class='ocr_line' id='line_1_37' title="bbox 297 1206 1088 1242; baseline -0.001 -8"><span class='ocrx_word' id='word_1_250' title='bbox 297 1208 387 1235; x_wconf 89' lang='lat' dir='ltr'><strong>dimus</strong></span> <span class='ocrx_word' id='word_1_251' title='bbox 412 1208 552 1242; x_wconf 79' lang='lat' dir='ltr'><strong>ignorare;</strong></span> <span class='ocrx_word' id='word_1_252' title='bbox 577 1206 622 1234; x_wconf 86' lang='lat' dir='ltr'><strong>sed</strong></span> <span class='ocrx_word' id='word_1_253' title='bbox 639 1206 755 1241; x_wconf 86' lang='lat' dir='ltr'><strong>qualiter</strong></span> <span class='ocrx_word' id='word_1_254' title='bbox 769 1206 828 1233; x_wconf 86' lang='lat' dir='ltr'><strong>zelo</strong></span> <span class='ocrx_word' id='word_1_255' title='bbox 846 1206 925 1233; x_wconf 86' lang='lat' dir='ltr'><strong>zelati</strong></span> <span class='ocrx_word' id='word_1_256' title='bbox 947 1215 995 1242; x_wconf 90' lang='lat' dir='ltr'><strong>pro</strong></span> <span class='ocrx_word' id='word_1_257' title='bbox 1009 1207 1088 1234; x_wconf 90' lang='lat' dir='ltr'><strong>domo</strong></span> 
     </span>
    </p>
   </div>
   <div class='ocr_carea' id='block_1_38' title="bbox 296 1251 1088 1286">
    <p class='ocr_par' dir='ltr' id='par_1_38' title="bbox 296 1251 1088 1286">
     <span class='ocr_line' id='line_1_38' title="bbox 296 1251 1088 1286; baseline 0.001 -8"><span class='ocrx_word' id='word_1_258' title='bbox 296 1251 413 1284; x_wconf 86' lang='lat' dir='ltr'><strong>Domini,</strong></span> <span class='ocrx_word' id='word_1_259' title='bbox 438 1259 497 1286; x_wconf 75' lang='lat' dir='ltr'><strong>qure</strong></span> <span class='ocrx_word' id='word_1_260' title='bbox 514 1255 555 1279; x_wconf 87' lang='lat' dir='ltr'><strong>est</strong></span> <span class='ocrx_word' id='word_1_261' title='bbox 577 1251 696 1278; x_wconf 83' lang='lat' dir='ltr'><strong>Ecclesia</strong></span> <span class='ocrx_word' id='word_1_262' title='bbox 710 1251 757 1278; x_wconf 88' lang='lat' dir='ltr'><strong>Dei</strong></span> <span class='ocrx_word' id='word_1_263' title='bbox 780 1251 845 1284; x_wconf 87' lang='lat' dir='ltr'><strong>vivi,</strong></span> <span class='ocrx_word' id='word_1_264' title='bbox 861 1252 985 1279; x_wconf 87' lang='lat' dir='ltr'><strong>columna</strong></span> <span class='ocrx_word' id='word_1_265' title='bbox 999 1257 1026 1279; x_wconf 88' lang='lat' dir='ltr'><strong>et</strong></span> <span class='ocrx_word' id='word_1_266' title='bbox 1043 1252 1088 1280; x_wconf 83' lang='lat' dir='ltr'><strong>tir-</strong></span> 
     </span>
    </p>
   </div>
   <div class='ocr_carea' id='block_1_39' title="bbox 296 1296 1086 1328">
    <p class='ocr_par' dir='ltr' id='par_1_39' title="bbox 296 1296 1086 1328">
     <span class='ocr_line' id='line_1_39' title="bbox 296 1296 1086 1328; baseline 0.001 -5"><span class='ocrx_word' id='word_1_267' title='bbox 296 1301 461 1324; x_wconf 83' lang='lat' dir='ltr'><strong>mamcntum</strong></span> <span class='ocrx_word' id='word_1_268' title='bbox 477 1296 610 1328; x_wconf 85' lang='lat' dir='ltr'><strong>veritatis,</strong></span> <span class='ocrx_word' id='word_1_269' title='bbox 625 1303 699 1323; x_wconf 88' lang='lat' dir='ltr'><strong>more</strong></span> <span class='ocrx_word' id='word_1_270' title='bbox 713 1296 887 1323; x_wconf 86' lang='lat' dir='ltr'><strong>deccssorum</strong></span> <span class='ocrx_word' id='word_1_271' title='bbox 899 1304 1020 1324; x_wconf 89' lang='lat' dir='ltr'><strong>meorum</strong></span> <span class='ocrx_word' id='word_1_272' title='bbox 1033 1298 1086 1324; x_wconf 89' lang='lat' dir='ltr'><strong>sol—</strong></span> 
     </span>
    </p>
   </div>
   <div class='ocr_carea' id='block_1_40' title="bbox 295 1340 1084 1375">
    <p class='ocr_par' dir='ltr' id='par_1_40' title="bbox 295 1340 1084 1375">
     <span class='ocr_line' id='line_1_40' title="bbox 295 1340 1084 1375; baseline 0 -6"><span class='ocrx_word' id='word_1_273' title='bbox 295 1342 460 1370; x_wconf 84' lang='lat' dir='ltr'><strong>licitudinem</strong></span> <span class='ocrx_word' id='word_1_274' title='bbox 472 1342 591 1369; x_wconf 90' lang='lat' dir='ltr'><strong>omnium</strong></span> <span class='ocrx_word' id='word_1_275' title='bbox 604 1340 784 1368; x_wconf 75' lang='lat' dir='ltr'><strong>Ecclesiaruln</strong></span> <span class='ocrx_word' id='word_1_276' title='bbox 794 1340 840 1367; x_wconf 88' lang='lat' dir='ltr'><strong>Dei</strong></span> <span class='ocrx_word' id='word_1_277' title='bbox 852 1341 1084 1375; x_wconf 84' lang='lat' dir='ltr'><strong>circumferentes,</strong></span> 
     </span>
    </p>
   </div>
   <div class='ocr_carea' id='block_1_41' title="bbox 295 1387 1084 1425">
    <p class='ocr_par' dir='ltr' id='par_1_41' title="bbox 295 1387 1084 1425">
     <span class='ocr_line' id='line_1_41' title="bbox 295 1387 1084 1425; baseline 0 -8"><span class='ocrx_word' id='word_1_278' title='bbox 295 1392 345 1417; x_wconf 75' lang='lat' dir='ltr'><strong>nos</strong></span> <span class='ocrx_word' id='word_1_279' title='bbox 358 1390 390 1417; x_wconf 89' lang='lat' dir='ltr'><strong>de</strong></span> <span class='ocrx_word' id='word_1_280' title='bbox 404 1390 448 1416; x_wconf 90' lang='lat' dir='ltr'><strong>his</strong></span> <span class='ocrx_word' id='word_1_281' title='bbox 463 1389 598 1425; x_wconf 78' lang='lat' dir='ltr'><strong>egerimus</strong></span> <span class='ocrx_word' id='word_1_282' title='bbox 611 1387 652 1415; x_wconf 88' lang='lat' dir='ltr'><strong>vel</strong></span> <span class='ocrx_word' id='word_1_283' title='bbox 674 1388 886 1423; x_wconf 86' lang='lat' dir='ltr'><strong>disposuerimus</strong></span> <span class='ocrx_word' id='word_1_284' title='bbox 896 1410 903 1421; x_wconf 89' lang='lat'><strong>,</strong></span> <span class='ocrx_word' id='word_1_285' title='bbox 929 1390 1006 1416; x_wconf 89' lang='lat' dir='ltr'><strong>vobis</strong></span> <span class='ocrx_word' id='word_1_286' title='bbox 1032 1397 1084 1417; x_wconf 91' lang='lat' dir='ltr'><strong>non</strong></span> 
     </span>
    </p>
   </div>
   <div class='ocr_carea' id='block_1_42' title="bbox 294 1434 1085 1471">
    <p class='ocr_par' dir='ltr' id='par_1_42' title="bbox 294 1434 1085 1471">
     <span class='ocr_line' id='line_1_42' title="bbox 294 1434 1085 1471; baseline 0 -9"><span class='ocrx_word' id='word_1_287' title='bbox 294 1441 348 1462; x_wconf 90' lang='lat' dir='ltr'><strong>tam</strong></span> <span class='ocrx_word' id='word_1_288' title='bbox 366 1436 482 1471; x_wconf 74' lang='lat' dir='ltr'><strong>breviter</strong></span> <span class='ocrx_word' id='word_1_289' title='bbox 497 1442 577 1470; x_wconf 80' lang='lat' dir='ltr'><strong>(plant</strong></span> <span class='ocrx_word' id='word_1_290' title='bbox 592 1434 724 1461; x_wconf 85' lang='lat' dir='ltr'><strong>veraciter</strong></span> <span class='ocrx_word' id='word_1_291' title='bbox 738 1434 903 1461; x_wconf 88' lang='lat' dir='ltr'><strong>intimamus.</strong></span> <span class='ocrx_word' id='word_1_292' title='bbox 918 1434 1001 1469; x_wconf 77' lang='lat' dir='ltr'><strong>Igitur</strong></span> <span class='ocrx_word' id='word_1_293' title='bbox 1012 1439 1085 1470; x_wconf 84' lang='lat' dir='ltr'><strong>post-</strong></span> 
     </span>
    </p>
   </div>
   <div class='ocr_carea' id='block_1_43' title="bbox 292 1479 1083 1516">
    <p class='ocr_par' dir='ltr' id='par_1_43' title="bbox 292 1479 1083 1516">
     <span class='ocr_line' id='line_1_43' title="bbox 292 1479 1083 1516; baseline -0.001 -8"><span class='ocrx_word' id='word_1_294' title='bbox 292 1490 372 1516; x_wconf 85' lang='lat' dir='ltr'><strong>quam</strong></span> <span class='ocrx_word' id='word_1_295' title='bbox 400 1481 552 1508; x_wconf 80' lang='lat' dir='ltr'><strong>audivimus</strong></span> <span class='ocrx_word' id='word_1_296' title='bbox 567 1480 636 1515; x_wconf 88' lang='lat' dir='ltr'><strong>quod</strong></span> <span class='ocrx_word' id='word_1_297' title='bbox 653 1479 762 1514; x_wconf 88' lang='lat' dir='ltr'><strong>quidam</strong></span> <span class='ocrx_word' id='word_1_298' title='bbox 780 1484 902 1507; x_wconf 83' lang='lat' dir='ltr'><strong>vestrum</strong></span> <span class='ocrx_word' id='word_1_299' title='bbox 916 1480 1024 1507; x_wconf 58' lang='lat' dir='ltr'><strong>invidae</strong></span> <span class='ocrx_word' id='word_1_300' title='bbox 1040 1480 1083 1507; x_wconf 80' lang='lat' dir='ltr'><strong>fa—</strong></span> 
     </span>
    </p>
   </div>
   <div class='ocr_carea' id='block_1_44' title="bbox 292 1524 1081 1561">
    <p class='ocr_par' dir='ltr' id='par_1_44' title="bbox 292 1524 1081 1561">
     <span class='ocr_line' id='line_1_44' title="bbox 292 1524 1081 1561; baseline -0.004 -6"><span class='ocrx_word' id='word_1_301' title='bbox 292 1528 367 1555; x_wconf 86' lang='lat' dir='ltr'><strong>cibus</strong></span> <span class='ocrx_word' id='word_1_302' title='bbox 390 1527 507 1559; x_wconf 82' lang='lat' dir='ltr'><strong>accensi,</strong></span> <span class='ocrx_word' id='word_1_303' title='bbox 523 1531 550 1553; x_wconf 90' lang='lat' dir='ltr'><strong>ct</strong></span> <span class='ocrx_word' id='word_1_304' title='bbox 569 1526 701 1561; x_wconf 77' lang='lat' dir='ltr'><strong>superbia:</strong></span> <span class='ocrx_word' id='word_1_305' title='bbox 728 1524 799 1552; x_wconf 82' lang='lat' dir='ltr'><strong>fastu</strong></span> <span class='ocrx_word' id='word_1_306' title='bbox 822 1530 981 1560; x_wconf 76' lang='lat' dir='ltr'><strong>arroganter</strong></span> <span class='ocrx_word' id='word_1_307' title='bbox 996 1526 1081 1559; x_wconf 85' lang='lat' dir='ltr'><strong>elati,</strong></span> 
     </span>
    </p>
   </div>
   <div class='ocr_carea' id='block_1_45' title="bbox 291 1571 1079 1606">
    <p class='ocr_par' dir='ltr' id='par_1_45' title="bbox 291 1571 1079 1606">
     <span class='ocr_line' id='line_1_45' title="bbox 291 1571 1079 1606; baseline -0.003 -7"><span class='ocrx_word' id='word_1_308' title='bbox 291 1581 367 1600; x_wconf 83' lang='lat' dir='ltr'><strong>more</strong></span> <span class='ocrx_word' id='word_1_309' title='bbox 393 1572 546 1599; x_wconf 71' lang='lat' dir='ltr'><strong>Judtcorum</strong></span> <span class='ocrx_word' id='word_1_310' title='bbox 572 1575 666 1598; x_wconf 87' lang='lat' dir='ltr'><strong>contra</strong></span> <span class='ocrx_word' id='word_1_311' title='bbox 695 1575 830 1606; x_wconf 82' lang='lat' dir='ltr'><strong>pastorem</strong></span> <span class='ocrx_word' id='word_1_312' title='bbox 861 1576 888 1597; x_wconf 87' lang='lat' dir='ltr'><strong>et</strong></span> <span class='ocrx_word' id='word_1_313' title='bbox 920 1571 1079 1605; x_wconf 81' lang='lat' dir='ltr'><strong>magistrum</strong></span> 
     </span>
    </p>
   </div>
   <div class='ocr_carea' id='block_1_46' title="bbox 291 1606 1078 1651">
    <p class='ocr_par' dir='ltr' id='par_1_46' title="bbox 291 1606 1078 1651">
     <span class='ocr_line' id='line_1_46' title="bbox 291 1606 1078 1651; baseline -0.004 -5"><span class='ocrx_word' id='word_1_314' title='bbox 291 1606 390 1651; x_wconf 72' lang='lat' dir='ltr'><strong>suum,</strong></span> <span class='ocrx_word' id='word_1_315' title='bbox 416 1618 531 1645; x_wconf 71' lang='lat' dir='ltr'><strong>fratrem</strong></span> <span class='ocrx_word' id='word_1_316' title='bbox 558 1617 683 1645; x_wconf 82' lang='lat' dir='ltr'><strong>videlicet</strong></span> <span class='ocrx_word' id='word_1_317' title='bbox 718 1617 933 1643; x_wconf 80' lang='lat' dir='ltr'><strong>comministrum</strong></span> <span class='ocrx_word' id='word_1_318' title='bbox 956 1622 1078 1644; x_wconf 87' lang='lat' dir='ltr'><strong>nostrum</strong></span> 
     </span>
    </p>
   </div>
   <div class='ocr_carea' id='block_1_47' title="bbox 289 1663 1079 1700">
    <p class='ocr_par' dir='ltr' id='par_1_47' title="bbox 289 1663 1079 1700">
     <span class='ocr_line' id='line_1_47' title="bbox 289 1663 1079 1700; baseline -0.003 -8"><span class='ocrx_word' id='word_1_319' title='bbox 289 1665 420 1700; x_wconf 79' lang='lat' dir='ltr'><strong>lgnalium</strong></span> <span class='ocrx_word' id='word_1_320' title='bbox 434 1685 441 1697; x_wconf 96' lang='lat'><strong>,</strong></span> <span class='ocrx_word' id='word_1_321' title='bbox 467 1664 595 1691; x_wconf 81' lang='lat' dir='ltr'><strong>Ecclesia:</strong></span> <span class='ocrx_word' id='word_1_322' title='bbox 611 1663 730 1698; x_wconf 66' lang='lat' dir='ltr'><strong>prtefata:</strong></span> <span class='ocrx_word' id='word_1_323' title='bbox 747 1663 945 1690; x_wconf 79' lang='lat' dir='ltr'><strong>sanctissimum</strong></span> <span class='ocrx_word' id='word_1_324' title='bbox 961 1663 1079 1698; x_wconf 85' lang='lat' dir='ltr'><strong>patriar-</strong></span> 
     </span>
    </p>
   </div>
   <div class='ocr_carea' id='block_1_48' title="bbox 289 1708 1077 1743">
    <p class='ocr_par' dir='ltr' id='par_1_48' title="bbox 289 1708 1077 1743">
     <span class='ocr_line' id='line_1_48' title="bbox 289 1708 1077 1743; baseline -0.001 -6"><span class='ocrx_word' id='word_1_325' title='bbox 289 1711 379 1742; x_wconf 88' lang='lat' dir='ltr'><strong>cham,</strong></span> <span class='ocrx_word' id='word_1_326' title='bbox 396 1710 592 1737; x_wconf 78' lang='lat' dir='ltr'><strong>insurrcxcrint</strong></span> <span class='ocrx_word' id='word_1_327' title='bbox 605 1717 612 1735; x_wconf 84' lang='lat'><strong>:</strong></span> <span class='ocrx_word' id='word_1_328' title='bbox 626 1708 734 1743; x_wconf 89' lang='lat' dir='ltr'><strong>quidam</strong></span> <span class='ocrx_word' id='word_1_329' title='bbox 749 1715 813 1734; x_wconf 88' lang='lat' dir='ltr'><strong>vero</strong></span> <span class='ocrx_word' id='word_1_330' title='bbox 829 1708 916 1734; x_wconf 82' lang='lat' dir='ltr'><strong>instar</strong></span> <span class='ocrx_word' id='word_1_331' title='bbox 927 1708 1077 1742; x_wconf 87' lang='lat' dir='ltr'><strong>viperarum</strong></span> 
     </span>
    </p>
   </div>
   <div class='ocr_carea' id='block_1_49' title="bbox 288 1753 1078 1790">
    <p class='ocr_par' dir='ltr' id='par_1_49' title="bbox 288 1753 1078 1790">
     <span class='ocr_line' id='line_1_49' title="bbox 288 1753 1078 1790; baseline -0.001 -8"><span class='ocrx_word' id='word_1_332' title='bbox 288 1764 321 1783; x_wconf 84' lang='lat' dir='ltr'><strong>ac</strong></span> <span class='ocrx_word' id='word_1_333' title='bbox 336 1755 529 1790; x_wconf 89' lang='lat' dir='ltr'><strong>parricidarmn</strong></span> <span class='ocrx_word' id='word_1_334' title='bbox 547 1758 686 1789; x_wconf 85' lang='lat' dir='ltr'><strong>parentem</strong></span> <span class='ocrx_word' id='word_1_335' title='bbox 705 1753 845 1788; x_wconf 85' lang='lat' dir='ltr'><strong>proprium</strong></span> <span class='ocrx_word' id='word_1_336' title='bbox 858 1773 865 1784; x_wconf 90' lang='lat'><strong>,</strong></span> <span class='ocrx_word' id='word_1_337' title='bbox 881 1753 1005 1780; x_wconf 84' lang='lat' dir='ltr'><strong>eumdem</strong></span> <span class='ocrx_word' id='word_1_338' title='bbox 1024 1754 1078 1781; x_wconf 88' lang='lat' dir='ltr'><strong>sci-</strong></span> 
     </span>
    </p>
   </div>
   <div class='ocr_carea' id='block_1_50' title="bbox 286 1797 1078 1832">
    <p class='ocr_par' dir='ltr' id='par_1_50' title="bbox 286 1797 1078 1832">
     <span class='ocr_line' id='line_1_50' title="bbox 286 1797 1078 1832; baseline -0.003 -6"><span class='ocrx_word' id='word_1_339' title='bbox 286 1800 350 1826; x_wconf 81' lang='lat' dir='ltr'><strong>licet</strong></span> <span class='ocrx_word' id='word_1_340' title='bbox 373 1799 557 1826; x_wconf 86' lang='lat' dir='ltr'><strong>beatissimum</strong></span> <span class='ocrx_word' id='word_1_341' title='bbox 579 1798 682 1829; x_wconf 76' lang='lat' dir='ltr'><strong>virum,</strong></span> <span class='ocrx_word' id='word_1_342' title='bbox 701 1797 794 1825; x_wconf 84' lang='lat' dir='ltr'><strong>ferinis</strong></span> <span class='ocrx_word' id='word_1_343' title='bbox 812 1797 936 1825; x_wconf 88' lang='lat' dir='ltr'><strong>dentibus</strong></span> <span class='ocrx_word' id='word_1_344' title='bbox 958 1798 1078 1832; x_wconf 88' lang='lat' dir='ltr'><strong>impetie—</strong></span> 
     </span>
    </p>
   </div>
   <div class='ocr_carea' id='block_1_51' title="bbox 286 1842 1077 1879">
    <p class='ocr_par' dir='ltr' id='par_1_51' title="bbox 286 1842 1077 1879">
     <span class='ocr_line' id='line_1_51' title="bbox 286 1842 1077 1879; baseline 0 -9"><span class='ocrx_word' id='word_1_345' title='bbox 286 1846 351 1876; x_wconf 84' lang='lat' dir='ltr'><strong>rint,</strong></span> <span class='ocrx_word' id='word_1_346' title='bbox 363 1848 389 1870; x_wconf 89' lang='lat' dir='ltr'><strong>et</strong></span> <span class='ocrx_word' id='word_1_347' title='bbox 404 1844 437 1870; x_wconf 91' lang='lat' dir='ltr'><strong>ab</strong></span> <span class='ocrx_word' id='word_1_348' title='bbox 451 1843 572 1871; x_wconf 84' lang='lat' dir='ltr'><strong>Ecclesia</strong></span> <span class='ocrx_word' id='word_1_349' title='bbox 589 1843 655 1877; x_wconf 90' lang='lat' dir='ltr'><strong>ipsa,</strong></span> <span class='ocrx_word' id='word_1_350' title='bbox 671 1842 713 1869; x_wconf 89' lang='lat' dir='ltr'><strong>cui</strong></span> <span class='ocrx_word' id='word_1_351' title='bbox 725 1842 786 1877; x_wconf 85' lang='lat' dir='ltr'><strong>jure</strong></span> <span class='ocrx_word' id='word_1_352' title='bbox 797 1842 969 1877; x_wconf 75' lang='lat' dir='ltr'><strong>przcsidcbat,</strong></span> <span class='ocrx_word' id='word_1_353' title='bbox 985 1848 1077 1879; x_wconf 79' lang='lat' dir='ltr'><strong>tyran-</strong></span> 
     </span>
    </p>
   </div>
   <div class='ocr_carea' id='block_1_52' title="bbox 285 1888 1076 1923">
    <p class='ocr_par' dir='ltr' id='par_1_52' title="bbox 285 1888 1076 1923">
     <span class='ocr_line' id='line_1_52' title="bbox 285 1888 1076 1923; baseline 0 -7"><span class='ocrx_word' id='word_1_354' title='bbox 285 1889 356 1916; x_wconf 84' lang='lat' dir='ltr'><strong>nidis</strong></span> <span class='ocrx_word' id='word_1_355' title='bbox 391 1896 446 1916; x_wconf 73' lang='lat' dir='ltr'><strong>sua:</strong></span> <span class='ocrx_word' id='word_1_356' title='bbox 474 1896 557 1915; x_wconf 89' lang='lat' dir='ltr'><strong>cornu</strong></span> <span class='ocrx_word' id='word_1_357' title='bbox 588 1888 695 1923; x_wconf 87' lang='lat' dir='ltr'><strong>penitus</strong></span> <span class='ocrx_word' id='word_1_358' title='bbox 723 1888 907 1918; x_wconf 78' lang='lat' dir='ltr'><strong>removerint.</strong></span> <span class='ocrx_word' id='word_1_359' title='bbox 935 1890 1076 1917; x_wconf 86' lang='lat' dir='ltr'><strong>acerrimis</strong></span> 
     </span>
    </p>
   </div>
   <div class='ocr_carea' id='block_1_53' title="bbox 284 1933 1074 1969">
    <p class='ocr_par' dir='ltr' id='par_1_53' title="bbox 284 1933 1074 1969">
     <span class='ocr_line' id='line_1_53' title="bbox 284 1933 1074 1969; baseline 0.004 -8"><span class='ocrx_word' id='word_1_360' title='bbox 284 1934 423 1961; x_wconf 82' lang='lat' dir='ltr'><strong>doloribus</strong></span> <span class='ocrx_word' id='word_1_361' title='bbox 437 1933 581 1969; x_wconf 83' lang='lat' dir='ltr'><strong>angustiati</strong></span> <span class='ocrx_word' id='word_1_362' title='bbox 602 1939 682 1968; x_wconf 89' lang='lat' dir='ltr'><strong>atque</strong></span> <span class='ocrx_word' id='word_1_363' title='bbox 694 1934 857 1961; x_wconf 60' lang='lat' dir='ltr'><strong>maeroribus</strong></span> <span class='ocrx_word' id='word_1_364' title='bbox 869 1935 1074 1964; x_wconf 81' lang='lat' dir='ltr'><strong>vehementibus</strong></span> 
     </span>
    </p>
   </div>
   <div class='ocr_carea' id='block_1_54' title="bbox 284 1978 1076 2016">
    <p class='ocr_par' dir='ltr' id='par_1_54' title="bbox 284 1978 1076 2016">
     <span class='ocr_line' id='line_1_54' title="bbox 284 1978 1076 2016; baseline 0 -9"><span class='ocrx_word' id='word_1_365' title='bbox 284 1980 407 2011; x_wconf 78' lang='lat' dir='ltr'><strong>cruciati,</strong></span> <span class='ocrx_word' id='word_1_366' title='bbox 422 1979 553 2014; x_wconf 63' lang='lat' dir='ltr'><strong>coepimus</strong></span> <span class='ocrx_word' id='word_1_367' title='bbox 564 1978 680 2013; x_wconf 85' lang='lat' dir='ltr'><strong>qualiter</strong></span> <span class='ocrx_word' id='word_1_368' title='bbox 690 1986 753 2014; x_wconf 80' lang='lat' dir='ltr'><strong>erga</strong></span> <span class='ocrx_word' id='word_1_369' title='bbox 764 1987 825 2006; x_wconf 87' lang='lat' dir='ltr'><strong>eum</strong></span> <span class='ocrx_word' id='word_1_370' title='bbox 837 1980 941 2007; x_wconf 85' lang='lat' dir='ltr'><strong>viscera</strong></span> <span class='ocrx_word' id='word_1_371' title='bbox 953 1981 1076 2016; x_wconf 78' lang='lat' dir='ltr'><strong>benigni-</strong></span> 
     </span>
    </p>
   </div>
   <div class='ocr_carea' id='block_1_55' title="bbox 284 2024 1072 2058">
    <p class='ocr_par' dir='ltr' id='par_1_55' title="bbox 284 2024 1072 2058">
     <span class='ocr_line' id='line_1_55' title="bbox 284 2024 1072 2058; baseline 0.003 -7"><span class='ocrx_word' id='word_1_372' title='bbox 284 2025 362 2056; x_wconf 85' lang='lat' dir='ltr'><strong>tatis,</strong></span> <span class='ocrx_word' id='word_1_373' title='bbox 378 2029 470 2058; x_wconf 89' lang='lat' dir='ltr'><strong>utpote</strong></span> <span class='ocrx_word' id='word_1_374' title='bbox 484 2024 557 2051; x_wconf 89' lang='lat' dir='ltr'><strong>circa</strong></span> <span class='ocrx_word' id='word_1_375' title='bbox 578 2025 689 2051; x_wconf 81' lang='lat' dir='ltr'><strong>fratrem</strong></span> <span class='ocrx_word' id='word_1_376' title='bbox 703 2045 710 2057; x_wconf 98' lang='lat'><strong>,</strong></span> <span class='ocrx_word' id='word_1_377' title='bbox 738 2026 956 2058; x_wconf 85' lang='lat' dir='ltr'><strong>ostenderemus,</strong></span> <span class='ocrx_word' id='word_1_378' title='bbox 980 2027 1072 2054; x_wconf 86' lang='lat' dir='ltr'><strong>sedula</strong></span> 
     </span>
    </p>
   </div>
   <div class='ocr_carea' id='block_1_56' title="bbox 283 2069 1073 2106">
    <p class='ocr_par' dir='ltr' id='par_1_56' title="bbox 283 2069 1073 2106">
     <span class='ocr_line' id='line_1_56' title="bbox 283 2069 1073 2106; baseline 0.003 -10"><span class='ocrx_word' id='word_1_379' title='bbox 283 2069 459 2097; x_wconf 86' lang='lat' dir='ltr'><strong>meditatione</strong></span> <span class='ocrx_word' id='word_1_380' title='bbox 474 2073 599 2096; x_wconf 85' lang='lat' dir='ltr'><strong>tractare.</strong></span> <span class='ocrx_word' id='word_1_381' title='bbox 615 2069 751 2105; x_wconf 83' lang='lat' dir='ltr'><strong>Scriptum</strong></span> <span class='ocrx_word' id='word_1_382' title='bbox 766 2071 865 2106; x_wconf 90' lang='lat' dir='ltr'><strong>quippe</strong></span> <span class='ocrx_word' id='word_1_383' title='bbox 879 2076 920 2098; x_wconf 89' lang='lat' dir='ltr'><strong>est</strong></span> <span class='ocrx_word' id='word_1_384' title='bbox 935 2080 942 2098; x_wconf 73' lang='grc' dir='ltr'>ε</span> <span class='ocrx_word' id='word_1_385' title='bbox 959 2071 1013 2104; x_wconf 83' lang='lat' dir='ltr'><strong>Qui</strong></span> <span class='ocrx_word' id='word_1_386' title='bbox 1035 2072 1073 2099; x_wconf 75' lang='lat' dir='ltr'><strong>vi-</strong></span> 
     </span>
    </p>
   </div>
   <div class='ocr_carea' id='block_1_57' title="bbox 282 2115 1071 2149">
    <p class='ocr_par' dir='ltr' id='par_1_57' title="bbox 282 2115 1071 2149">
     <span class='ocr_line' id='line_1_57' title="bbox 282 2115 1071 2149; baseline 0.003 -7"><span class='ocrx_word' id='word_1_387' title='bbox 282 2116 349 2144; x_wconf 84' lang='lat' dir='ltr'><strong>derit</strong></span> <span class='ocrx_word' id='word_1_388' title='bbox 364 2115 472 2149; x_wconf 80' lang='lat' dir='ltr'><strong>fratrem</strong></span> <span class='ocrx_word' id='word_1_389' title='bbox 489 2116 667 2142; x_wconf 76' lang='lat' dir='ltr'><strong>necessitatem</strong></span> <span class='ocrx_word' id='word_1_390' title='bbox 683 2116 787 2147; x_wconf 80' lang='lat' dir='ltr'><strong>habere,</strong></span> <span class='ocrx_word' id='word_1_391' title='bbox 804 2121 827 2142; x_wconf 70' lang='lat' dir='ltr'><strong>et</strong></span> <span class='ocrx_word' id='word_1_392' title='bbox 842 2116 963 2143; x_wconf 80' lang='lat' dir='ltr'><strong>clauserit</strong></span> <span class='ocrx_word' id='word_1_393' title='bbox 975 2118 1071 2144; x_wconf 63' lang='lat' dir='ltr'><strong>viscera</strong></span> 
     </span>
    </p>
   </div>
   <div class='ocr_carea' id='block_1_58' title="bbox 280 2160 1074 2195">
    <p class='ocr_par' dir='ltr' id='par_1_58' title="bbox 280 2160 1074 2195">
     <span class='ocr_line' id='line_1_58' title="bbox 280 2160 1074 2195; baseline 0.005 -9"><span class='ocrx_word' id='word_1_394' title='bbox 280 2170 329 2187; x_wconf 73' lang='lat' dir='ltr'><strong>sua</strong></span> <span class='ocrx_word' id='word_1_395' title='bbox 355 2160 454 2193; x_wconf 80' lang='lat' dir='ltr'><strong>abeo,</strong></span> <span class='ocrx_word' id='word_1_396' title='bbox 480 2161 610 2195; x_wconf 83' lang='lat' dir='ltr'><strong>quomodo</strong></span> <span class='ocrx_word' id='word_1_397' title='bbox 639 2161 755 2187; x_wconf 82' lang='lat' dir='ltr'><strong>clmritas</strong></span> <span class='ocrx_word' id='word_1_398' title='bbox 777 2161 826 2188; x_wconf 77' lang='lat' dir='ltr'><strong>Dei</strong></span> <span class='ocrx_word' id='word_1_399' title='bbox 852 2167 939 2188; x_wconf 82' lang='lat' dir='ltr'><strong>manet</strong></span> <span class='ocrx_word' id='word_1_400' title='bbox 970 2163 998 2189; x_wconf 85' lang='lat' dir='ltr'><strong>in</strong></span> <span class='ocrx_word' id='word_1_401' title='bbox 1016 2164 1074 2190; x_wconf 72' lang='lat' dir='ltr'><strong>eo?</strong></span> 
     </span>
    </p>
   </div>
   <div class='ocr_carea' id='block_1_59' title="bbox 278 2204 1072 2241">
    <p class='ocr_par' dir='ltr' id='par_1_59' title="bbox 278 2204 1072 2241">
     <span class='ocr_line' id='line_1_59' title="bbox 278 2204 1072 2241; baseline 0.006 -10"><span class='ocrx_word' id='word_1_402' title='bbox 278 2204 306 2239; x_wconf 80' lang='grc'><strong>(1</strong></span> <span class='ocrx_word' id='word_1_403' title='bbox 319 2205 399 2232; x_wconf 85' lang='lat' dir='ltr'><strong>Joan.</strong></span> <span class='ocrx_word' id='word_1_404' title='bbox 422 2204 475 2240; x_wconf 88' lang='grc' dir='ltr'>ιιι.)</span> <span class='ocrx_word' id='word_1_405' title='bbox 500 2204 616 2233; x_wconf 83' lang='lat' dir='ltr'><strong>Maxime</strong></span> <span class='ocrx_word' id='word_1_406' title='bbox 639 2213 700 2233; x_wconf 86' lang='lat' dir='ltr'><strong>cum</strong></span> <span class='ocrx_word' id='word_1_407' title='bbox 723 2207 838 2233; x_wconf 88' lang='lat' dir='ltr'><strong>schisma</strong></span> <span class='ocrx_word' id='word_1_408' title='bbox 866 2207 892 2234; x_wconf 91' lang='lat' dir='ltr'><strong>in</strong></span> <span class='ocrx_word' id='word_1_409' title='bbox 915 2206 972 2241; x_wconf 85' lang='lat' dir='ltr'><strong>jam</strong></span> <span class='ocrx_word' id='word_1_410' title='bbox 998 2208 1072 2237; x_wconf 34' lang='lat' dir='ltr'><strong>dicta.</strong></span> 
     </span>
    </p>
   </div>
   <div class='ocr_carea' id='block_1_60' title="bbox 278 2251 1071 2289">
    <p class='ocr_par' dir='ltr' id='par_1_60' title="bbox 278 2251 1071 2289">
     <span class='ocr_line' id='line_1_60' title="bbox 278 2251 1071 2289; baseline 0.006 -12"><span class='ocrx_word' id='word_1_411' title='bbox 278 2251 359 2284; x_wconf 87' lang='lat' dir='ltr'><strong>urbe,</strong></span> <span class='ocrx_word' id='word_1_412' title='bbox 379 2256 406 2278; x_wconf 89' lang='lat' dir='ltr'><strong>et</strong></span> <span class='ocrx_word' id='word_1_413' title='bbox 428 2251 455 2278; x_wconf 86' lang='lat' dir='ltr'><strong>in</strong></span> <span class='ocrx_word' id='word_1_414' title='bbox 474 2251 660 2286; x_wconf 74' lang='lat' dir='ltr'><strong>adiacentibus</strong></span> <span class='ocrx_word' id='word_1_415' title='bbox 686 2252 737 2280; x_wconf 88' lang='lat' dir='ltr'><strong>sibi</strong></span> <span class='ocrx_word' id='word_1_416' title='bbox 762 2253 916 2281; x_wconf 85' lang='lat' dir='ltr'><strong>civitatibus</strong></span> <span class='ocrx_word' id='word_1_417' title='bbox 929 2275 937 2287; x_wconf 89' lang='lat'><strong>,</strong></span> <span class='ocrx_word' id='word_1_418' title='bbox 959 2259 1071 2289; x_wconf 80' lang='lat' dir='ltr'><strong>propter</strong></span> 
     </span>
    </p>
   </div>
   <div class='ocr_carea' id='block_1_61' title="bbox 1141 967 1954 1007">
    <p class='ocr_par' dir='ltr' id='par_1_61' title="bbox 1141 967 1954 1007">
     <span class='ocr_line' id='line_1_61' title="bbox 1141 967 1954 1007; baseline 0.005 -13"><span class='ocrx_word' id='word_1_419' title='bbox 1141 968 1221 1001; x_wconf 78' lang='lat' dir='ltr'><strong>un),</strong></span> <span class='ocrx_word' id='word_1_420' title='bbox 1244 975 1295 994; x_wconf 87' lang='lat' dir='ltr'><strong>non</strong></span> <span class='ocrx_word' id='word_1_421' title='bbox 1316 967 1453 1001; x_wconf 86' lang='lat' dir='ltr'><strong>potuimus</strong></span> <span class='ocrx_word' id='word_1_422' title='bbox 1472 968 1644 995; x_wconf 76' lang='lat' dir='ltr'><strong>dissimulare.</strong></span> <span class='ocrx_word' id='word_1_423' title='bbox 1659 974 1707 996; x_wconf 86' lang='lat' dir='ltr'><strong>aut</strong></span> <span class='ocrx_word' id='word_1_424' title='bbox 1723 970 1879 1006; x_wconf 75' lang='lat' dir='ltr'><strong>negligere</strong></span> <span class='ocrx_word' id='word_1_425' title='bbox 1893 980 1954 1007; x_wconf 81' lang='lat' dir='ltr'><strong>quo-</strong></span> 
     </span>
    </p>
   </div>
   <div class='ocr_carea' id='block_1_62' title="bbox 1141 1013 1953 1051">
    <p class='ocr_par' dir='ltr' id='par_1_62' title="bbox 1141 1013 1953 1051">
     <span class='ocr_line' id='line_1_62' title="bbox 1141 1013 1953 1051; baseline 0.006 -12"><span class='ocrx_word' id='word_1_426' title='bbox 1141 1013 1231 1040; x_wconf 82' lang='lat' dir='ltr'><strong>minus</strong></span> <span class='ocrx_word' id='word_1_427' title='bbox 1245 1013 1416 1040; x_wconf 79' lang='lat' dir='ltr'><strong>visitaremus</strong></span> <span class='ocrx_word' id='word_1_428' title='bbox 1428 1021 1492 1040; x_wconf 85' lang='lat' dir='ltr'><strong>oves</strong></span> <span class='ocrx_word' id='word_1_429' title='bbox 1506 1014 1643 1048; x_wconf 82' lang='lat' dir='ltr'><strong>dispersas</strong></span> <span class='ocrx_word' id='word_1_430' title='bbox 1666 1019 1693 1042; x_wconf 88' lang='lat' dir='ltr'><strong>ct</strong></span> <span class='ocrx_word' id='word_1_431' title='bbox 1714 1015 1827 1051; x_wconf 78' lang='lat' dir='ltr'><strong>dissipa</strong></span> <span class='ocrx_word' id='word_1_432' title='bbox 1834 1023 1900 1049; x_wconf 82' lang='lat' dir='ltr'><strong>tas,</strong></span> <span class='ocrx_word' id='word_1_433' title='bbox 1916 1018 1953 1044; x_wconf 63' lang='lat' dir='ltr'><strong>id</strong></span> 
     </span>
    </p>
   </div>
   <div class='ocr_carea' id='block_1_63' title="bbox 1140 1057 1951 1092">
    <p class='ocr_par' dir='ltr' id='par_1_63' title="bbox 1140 1057 1951 1092">
     <span class='ocr_line' id='line_1_63' title="bbox 1140 1057 1951 1092; baseline 0.01 -10"><span class='ocrx_word' id='word_1_434' title='bbox 1140 1057 1285 1092; x_wconf 73' lang='lat' dir='ltr'><strong>quominus</strong></span> <span class='ocrx_word' id='word_1_435' title='bbox 1302 1058 1528 1087; x_wconf 82' lang='lat' dir='ltr'><strong>conﬁrmaremus</strong></span> <span class='ocrx_word' id='word_1_436' title='bbox 1546 1059 1573 1086; x_wconf 91' lang='lat' dir='ltr'><strong>iu</strong></span> <span class='ocrx_word' id='word_1_437' title='bbox 1595 1059 1645 1086; x_wconf 79' lang='lat' dir='ltr'><strong>fide</strong></span> <span class='ocrx_word' id='word_1_438' title='bbox 1666 1064 1693 1087; x_wconf 87' lang='lat' dir='ltr'><strong>et</strong></span> <span class='ocrx_word' id='word_1_439' title='bbox 1714 1062 1850 1089; x_wconf 78' lang='lat' dir='ltr'><strong>moribus</strong></span> <span class='ocrx_word' id='word_1_440' title='bbox 1877 1063 1951 1090; x_wconf 72' lang='lat' dir='ltr'><strong>Lenis</strong></span> 
     </span>
    </p>
   </div>
   <div class='ocr_carea' id='block_1_64' title="bbox 1140 1104 1566 1140">
    <p class='ocr_par' dir='ltr' id='par_1_64' title="bbox 1140 1104 1566 1140">
     <span class='ocr_line' id='line_1_64' title="bbox 1140 1104 1566 1140; baseline 0.005 -9"><span class='ocrx_word' id='word_1_441' title='bbox 1140 1104 1241 1132; x_wconf 85' lang='lat' dir='ltr'><strong>fratres</strong></span> <span class='ocrx_word' id='word_1_442' title='bbox 1255 1109 1362 1132; x_wconf 87' lang='lat' dir='ltr'><strong>nostros</strong></span> <span class='ocrx_word' id='word_1_443' title='bbox 1375 1109 1402 1132; x_wconf 90' lang='lat' dir='ltr'><strong>et</strong></span> <span class='ocrx_word' id='word_1_444' title='bbox 1416 1106 1566 1140; x_wconf 82' lang='lat' dir='ltr'><strong>proximos.</strong></span> 
     </span>
    </p>
   </div>
   <div class='ocr_carea' id='block_1_65' title="bbox 1174 1150 1948 1189">
    <p class='ocr_par' dir='ltr' id='par_1_65' title="bbox 1174 1150 1948 1189">
     <span class='ocr_line' id='line_1_65' title="bbox 1174 1150 1948 1189; baseline 0.005 -11"><span class='ocrx_word' id='word_1_445' title='bbox 1174 1150 1207 1178; x_wconf 84' lang='lat' dir='ltr'><strong>Et</strong></span> <span class='ocrx_word' id='word_1_446' title='bbox 1221 1151 1284 1185; x_wconf 83' lang='lat' dir='ltr'><strong>quia</strong></span> <span class='ocrx_word' id='word_1_447' title='bbox 1300 1151 1371 1178; x_wconf 87' lang='lat' dir='ltr'><strong>inter</strong></span> <span class='ocrx_word' id='word_1_448' title='bbox 1386 1156 1483 1178; x_wconf 62' lang='lat' dir='ltr'><strong>caetera</strong></span> <span class='ocrx_word' id='word_1_449' title='bbox 1501 1160 1560 1186; x_wconf 75' lang='lat' dir='ltr'><strong>qua:</strong></span> <span class='ocrx_word' id='word_1_450' title='bbox 1575 1153 1609 1180; x_wconf 89' lang='lat' dir='ltr'><strong>de</strong></span> <span class='ocrx_word' id='word_1_451' title='bbox 1631 1153 1785 1182; x_wconf 79' lang='lat' dir='ltr'><strong>schismate</strong></span> <span class='ocrx_word' id='word_1_452' title='bbox 1807 1154 1873 1189; x_wconf 81' lang='lat' dir='ltr'><strong>jam</strong></span> <span class='ocrx_word' id='word_1_453' title='bbox 1891 1155 1948 1182; x_wconf 68' lang='lat' dir='ltr'><strong>fat:</strong></span> 
     </span>
    </p>
   </div>
   <div class='ocr_carea' id='block_1_66' title="bbox 1139 1193 1945 1233">
    <p class='ocr_par' dir='ltr' id='par_1_66' title="bbox 1139 1193 1945 1233">
     <span class='ocr_line' id='line_1_66' title="bbox 1139 1193 1945 1233; baseline 0.009 -12"><span class='ocrx_word' id='word_1_454' title='bbox 1139 1193 1444 1230; x_wconf 66' lang='lat' dir='ltr'><strong>Constantinopolitante</strong></span> <span class='ocrx_word' id='word_1_455' title='bbox 1467 1197 1605 1230; x_wconf 71' lang='lat' dir='ltr'><strong>Ecclesitc,</strong></span> <span class='ocrx_word' id='word_1_456' title='bbox 1621 1198 1648 1225; x_wconf 90' lang='lat' dir='ltr'><strong>bi</strong></span> <span class='ocrx_word' id='word_1_457' title='bbox 1667 1199 1714 1233; x_wconf 90' lang='lat' dir='ltr'><strong>qui</strong></span> <span class='ocrx_word' id='word_1_458' title='bbox 1733 1200 1815 1227; x_wconf 84' lang='lat' dir='ltr'><strong>missi</strong></span> <span class='ocrx_word' id='word_1_459' title='bbox 1834 1201 1945 1228; x_wconf 78' lang='lat' dir='ltr'><strong>fuerant</strong></span> 
     </span>
    </p>
   </div>
   <div class='ocr_carea' id='block_1_67' title="bbox 1138 1239 1944 1273">
    <p class='ocr_par' dir='ltr' id='par_1_67' title="bbox 1138 1239 1944 1273">
     <span class='ocr_line' id='line_1_67' title="bbox 1138 1239 1944 1273; baseline 0.009 -7"><span class='ocrx_word' id='word_1_460' title='bbox 1138 1239 1308 1267; x_wconf 85' lang='lat' dir='ltr'><strong>testabantur</strong></span> <span class='ocrx_word' id='word_1_461' title='bbox 1321 1260 1329 1272; x_wconf 94' lang='lat'><strong>,</strong></span> <span class='ocrx_word' id='word_1_462' title='bbox 1345 1240 1463 1268; x_wconf 73' lang='lat' dir='ltr'><strong>maxime</strong></span> <span class='ocrx_word' id='word_1_463' title='bbox 1482 1242 1605 1269; x_wconf 86' lang='lat' dir='ltr'><strong>eamdem</strong></span> <span class='ocrx_word' id='word_1_464' title='bbox 1626 1243 1782 1271; x_wconf 82' lang='lat' dir='ltr'><strong>Ecclesiam</strong></span> <span class='ocrx_word' id='word_1_465' title='bbox 1798 1246 1836 1272; x_wconf 83' lang='lat' dir='ltr'><strong>ab</strong></span> <span class='ocrx_word' id='word_1_466' title='bbox 1853 1246 1944 1273; x_wconf 81' lang='lat' dir='ltr'><strong>lemm-</strong></span> 
     </span>
    </p>
   </div>
   <div class='ocr_carea' id='block_1_68' title="bbox 1136 1286 1943 1323">
    <p class='ocr_par' dir='ltr' id='par_1_68' title="bbox 1136 1286 1943 1323">
     <span class='ocr_line' id='line_1_68' title="bbox 1136 1286 1943 1323; baseline 0.006 -9"><span class='ocrx_word' id='word_1_467' title='bbox 1136 1286 1263 1318; x_wconf 87' lang='lat' dir='ltr'><strong>machis,</strong></span> <span class='ocrx_word' id='word_1_468' title='bbox 1291 1286 1437 1314; x_wconf 85' lang='lat' dir='ltr'><strong>recidivam</strong></span> <span class='ocrx_word' id='word_1_469' title='bbox 1464 1289 1692 1323; x_wconf 79' lang='lat' dir='ltr'><strong>contemptionem</strong></span> <span class='ocrx_word' id='word_1_470' title='bbox 1727 1291 1943 1323; x_wconf 75' lang='lat' dir='ltr'><strong>excitantibus.</strong></span> 
     </span>
    </p>
   </div>
   <div class='ocr_carea' id='block_1_69' title="bbox 1137 1332 1943 1371">
    <p class='ocr_par' dir='ltr' id='par_1_69' title="bbox 1137 1332 1943 1371">
     <span class='ocr_line' id='line_1_69' title="bbox 1137 1332 1943 1371; baseline 0.01 -14"><span class='ocrx_word' id='word_1_471' title='bbox 1137 1332 1295 1358; x_wconf 87' lang='lat' dir='ltr'><strong>asserebant</strong></span> <span class='ocrx_word' id='word_1_472' title='bbox 1319 1333 1427 1365; x_wconf 78' lang='lat' dir='ltr'><strong>vexari,</strong></span> <span class='ocrx_word' id='word_1_473' title='bbox 1451 1332 1642 1369; x_wconf 85' lang='lat' dir='ltr'><strong>Christumque</strong></span> <span class='ocrx_word' id='word_1_474' title='bbox 1666 1343 1716 1370; x_wconf 86' lang='lat' dir='ltr'><strong>per</strong></span> <span class='ocrx_word' id='word_1_475' title='bbox 1738 1336 1852 1371; x_wconf 79' lang='lat' dir='ltr'><strong>singula</strong></span> <span class='ocrx_word' id='word_1_476' title='bbox 1879 1346 1943 1365; x_wconf 78' lang='lat' dir='ltr'><strong>con-</strong></span> 
     </span>
    </p>
   </div>
   <div class='ocr_carea' id='block_1_70' title="bbox 1135 1376 1941 1418">
    <p class='ocr_par' dir='ltr' id='par_1_70' title="bbox 1135 1376 1941 1418">
     <span class='ocr_line' id='line_1_70' title="bbox 1135 1376 1941 1418; baseline 0.009 -15"><span class='ocrx_word' id='word_1_477' title='bbox 1135 1376 1267 1403; x_wconf 83' lang='lat' dir='ltr'><strong>venticula</strong></span> <span class='ocrx_word' id='word_1_478' title='bbox 1292 1376 1473 1411; x_wconf 83' lang='lat' dir='ltr'><strong>blasphemari</strong></span> <span class='ocrx_word' id='word_1_479' title='bbox 1490 1386 1498 1405; x_wconf 88' lang='lat'><strong>:</strong></span> <span class='ocrx_word' id='word_1_480' title='bbox 1517 1379 1618 1407; x_wconf 86' lang='lat' dir='ltr'><strong>idcirco</strong></span> <span class='ocrx_word' id='word_1_481' title='bbox 1634 1381 1703 1408; x_wconf 86' lang='lat' dir='ltr'><strong>duos</strong></span> <span class='ocrx_word' id='word_1_482' title='bbox 1722 1381 1875 1417; x_wconf 81' lang='lat' dir='ltr'><strong>episcopos</strong></span> <span class='ocrx_word' id='word_1_483' title='bbox 1897 1385 1941 1418; x_wconf 83' lang='lat' dir='ltr'><strong>qui</strong></span> 
     </span>
    </p>
   </div>
   <div class='ocr_carea' id='block_1_71' title="bbox 1136 1422 1939 1461">
    <p class='ocr_par' dir='ltr' id='par_1_71' title="bbox 1136 1422 1939 1461">
     <span class='ocr_line' id='line_1_71' title="bbox 1136 1422 1939 1461; baseline 0.006 -12"><span class='ocrx_word' id='word_1_484' title='bbox 1136 1422 1275 1450; x_wconf 87' lang='lat' dir='ltr'><strong>nobiscum</strong></span> <span class='ocrx_word' id='word_1_485' title='bbox 1289 1428 1377 1455; x_wconf 87' lang='lat' dir='ltr'><strong>erant,</strong></span> <span class='ocrx_word' id='word_1_486' title='bbox 1393 1424 1492 1459; x_wconf 88' lang='lat' dir='ltr'><strong>quique</strong></span> <span class='ocrx_word' id='word_1_487' title='bbox 1506 1425 1539 1452; x_wconf 91' lang='lat' dir='ltr'><strong>ad</strong></span> <span class='ocrx_word' id='word_1_488' title='bbox 1554 1425 1605 1452; x_wconf 90' lang='lat' dir='ltr'><strong>hoc</strong></span> <span class='ocrx_word' id='word_1_489' title='bbox 1619 1431 1723 1453; x_wconf 83' lang='lat' dir='ltr'><strong>tantum</strong></span> <span class='ocrx_word' id='word_1_490' title='bbox 1736 1428 1939 1461; x_wconf 78' lang='lat' dir='ltr'><strong>perﬁciendum</strong></span> 
     </span>
    </p>
   </div>
   <div class='ocr_carea' id='block_1_72' title="bbox 1135 1468 1938 1503">
    <p class='ocr_par' dir='ltr' id='par_1_72' title="bbox 1135 1468 1938 1503">
     <span class='ocr_line' id='line_1_72' title="bbox 1135 1468 1938 1503; baseline 0.009 -10"><span class='ocrx_word' id='word_1_491' title='bbox 1135 1474 1202 1502; x_wconf 85' lang='lat' dir='ltr'><strong>opus</strong></span> <span class='ocrx_word' id='word_1_492' title='bbox 1228 1468 1317 1494; x_wconf 87' lang='lat' dir='ltr'><strong>idonei</strong></span> <span class='ocrx_word' id='word_1_493' title='bbox 1342 1469 1422 1495; x_wconf 92' lang='lat' dir='ltr'><strong>nobis</strong></span> <span class='ocrx_word' id='word_1_494' title='bbox 1444 1476 1506 1496; x_wconf 85' lang='lat' dir='ltr'><strong>esse</strong></span> <span class='ocrx_word' id='word_1_495' title='bbox 1530 1469 1938 1503; x_wconf 39' lang='lat' dir='ltr'><strong>videbantuthhadoaldum</strong></span> 
     </span>
    </p>
   </div>
   <div class='ocr_carea' id='block_1_73' title="bbox 1133 1512 1936 1553">
    <p class='ocr_par' dir='ltr' id='par_1_73' title="bbox 1133 1512 1936 1553">
     <span class='ocr_line' id='line_1_73' title="bbox 1133 1512 1936 1553; baseline 0.009 -14"><span class='ocrx_word' id='word_1_496' title='bbox 1133 1512 1238 1541; x_wconf 86' lang='lat' dir='ltr'><strong>scilicet</strong></span> <span class='ocrx_word' id='word_1_497' title='bbox 1254 1518 1281 1540; x_wconf 90' lang='lat' dir='ltr'><strong>ct</strong></span> <span class='ocrx_word' id='word_1_498' title='bbox 1293 1513 1463 1547; x_wconf 83' lang='lat' dir='ltr'><strong>Zachariam,</strong></span> <span class='ocrx_word' id='word_1_499' title='bbox 1479 1522 1531 1541; x_wconf 84' lang='lat' dir='ltr'><strong>una</strong></span> <span class='ocrx_word' id='word_1_500' title='bbox 1555 1522 1617 1542; x_wconf 90' lang='lat' dir='ltr'><strong>cum</strong></span> <span class='ocrx_word' id='word_1_501' title='bbox 1643 1516 1762 1544; x_wconf 73' lang='lat' dir='ltr'><strong>Ecclesia</strong></span> <span class='ocrx_word' id='word_1_502' title='bbox 1784 1526 1846 1552; x_wconf 70' lang='lat' dir='ltr'><strong>qua:</strong></span> <span class='ocrx_word' id='word_1_503' title='bbox 1863 1519 1936 1553; x_wconf 69' lang='lat' dir='ltr'><strong>apud</strong></span> 
     </span>
    </p>
   </div>
   <div class='ocr_carea' id='block_1_74' title="bbox 1134 1560 1933 1599">
    <p class='ocr_par' dir='ltr' id='par_1_74' title="bbox 1134 1560 1933 1599">
     <span class='ocr_line' id='line_1_74' title="bbox 1134 1560 1933 1599; baseline 0.006 -13"><span class='ocrx_word' id='word_1_504' title='bbox 1134 1567 1184 1586; x_wconf 91' lang='lat' dir='ltr'><strong>nos</strong></span> <span class='ocrx_word' id='word_1_505' title='bbox 1208 1564 1267 1593; x_wconf 85' lang='lat' dir='ltr'><strong>est,</strong></span> <span class='ocrx_word' id='word_1_506' title='bbox 1297 1560 1367 1587; x_wconf 85' lang='lat' dir='ltr'><strong>datis</strong></span> <span class='ocrx_word' id='word_1_507' title='bbox 1391 1561 1487 1588; x_wconf 78' lang='lat' dir='ltr'><strong>litteris</strong></span> <span class='ocrx_word' id='word_1_508' title='bbox 1504 1566 1556 1587; x_wconf 84' lang='lat' dir='ltr'><strong>tam</strong></span> <span class='ocrx_word' id='word_1_509' title='bbox 1580 1562 1613 1588; x_wconf 86' lang='lat' dir='ltr'><strong>ad</strong></span> <span class='ocrx_word' id='word_1_510' title='bbox 1632 1562 1779 1598; x_wconf 78' lang='lat' dir='ltr'><strong>Angustum</strong></span> <span class='ocrx_word' id='word_1_511' title='bbox 1796 1572 1883 1599; x_wconf 86' lang='lat' dir='ltr'><strong>quam</strong></span> <span class='ocrx_word' id='word_1_512' title='bbox 1900 1564 1933 1591; x_wconf 81' lang='lat' dir='ltr'><strong>ad</strong></span> 
     </span>
    </p>
   </div>
   <div class='ocr_carea' id='block_1_75' title="bbox 1094 1603 1931 1642">
    <p class='ocr_par' dir='ltr' id='par_1_75' title="bbox 1094 1603 1931 1642">
     <span class='ocr_line' id='line_1_75' title="bbox 1094 1603 1931 1642; baseline 0.007 -11"><span class='ocrx_word' id='word_1_513' title='bbox 1094 1603 1116 1634; x_wconf 88' lang='lat' dir='ltr'><strong>C</strong></span> <span class='ocrx_word' id='word_1_514' title='bbox 1132 1604 1258 1635; x_wconf 83' lang='lat' dir='ltr'><strong>Pbotium</strong></span> <span class='ocrx_word' id='word_1_515' title='bbox 1276 1606 1395 1640; x_wconf 83' lang='lat' dir='ltr'><strong>scriptis.</strong></span> <span class='ocrx_word' id='word_1_516' title='bbox 1410 1606 1682 1642; x_wconf 81' lang='lat' dir='ltr'><strong>Constantinopolim,</strong></span> <span class='ocrx_word' id='word_1_517' title='bbox 1706 1609 1776 1636; x_wconf 91' lang='lat' dir='ltr'><strong>idem</strong></span> <span class='ocrx_word' id='word_1_518' title='bbox 1796 1610 1931 1637; x_wconf 90' lang='lat' dir='ltr'><strong>nimirum</strong></span> 
     </span>
    </p>
   </div>
   <div class='ocr_carea' id='block_1_76' title="bbox 1129 1649 1928 1685">
    <p class='ocr_par' dir='ltr' id='par_1_76' title="bbox 1129 1649 1928 1685">
     <span class='ocr_line' id='line_1_76' title="bbox 1129 1649 1928 1685; baseline 0.008 -9"><span class='ocrx_word' id='word_1_519' title='bbox 1129 1649 1265 1684; x_wconf 74' lang='lat' dir='ltr'><strong>piacnium</strong></span> <span class='ocrx_word' id='word_1_520' title='bbox 1286 1656 1482 1684; x_wconf 73' lang='lat' dir='ltr'><strong>exsecrantes,</strong></span> <span class='ocrx_word' id='word_1_521' title='bbox 1498 1659 1513 1678; x_wconf 92' lang='lat' dir='ltr'><strong>e</strong></span> <span class='ocrx_word' id='word_1_522' title='bbox 1537 1652 1620 1680; x_wconf 87' lang='lat' dir='ltr'><strong>latere</strong></span> <span class='ocrx_word' id='word_1_523' title='bbox 1645 1657 1735 1679; x_wconf 88' lang='lat' dir='ltr'><strong>nostro</strong></span> <span class='ocrx_word' id='word_1_524' title='bbox 1757 1653 1928 1685; x_wconf 74' lang='lat' dir='ltr'><strong>direximus,</strong></span> 
     </span>
    </p>
   </div>
   <div class='ocr_carea' id='block_1_77' title="bbox 1130 1694 1926 1730">
    <p class='ocr_par' dir='ltr' id='par_1_77' title="bbox 1130 1694 1926 1730">
     <span class='ocr_line' id='line_1_77' title="bbox 1130 1694 1926 1730; baseline 0.005 -9"><span class='ocrx_word' id='word_1_525' title='bbox 1130 1694 1197 1721; x_wconf 88' lang='lat' dir='ltr'><strong>nihil</strong></span> <span class='ocrx_word' id='word_1_526' title='bbox 1221 1694 1260 1722; x_wconf 88' lang='lat' dir='ltr'><strong>cis</strong></span> <span class='ocrx_word' id='word_1_527' title='bbox 1284 1695 1393 1730; x_wconf 82' lang='lat' dir='ltr'><strong>penitus</strong></span> <span class='ocrx_word' id='word_1_528' title='bbox 1417 1695 1588 1730; x_wconf 78' lang='lat' dir='ltr'><strong>injungcntes</strong></span> <span class='ocrx_word' id='word_1_529' title='bbox 1614 1697 1665 1724; x_wconf 88' lang='lat' dir='ltr'><strong>nisi</strong></span> <span class='ocrx_word' id='word_1_530' title='bbox 1689 1702 1715 1724; x_wconf 88' lang='lat' dir='ltr'><strong>ut</strong></span> <span class='ocrx_word' id='word_1_531' title='bbox 1733 1699 1926 1725; x_wconf 84' lang='lat' dir='ltr'><strong>tantummodo</strong></span> 
     </span>
    </p>
   </div>
   <div class='ocr_carea' id='block_1_78' title="bbox 1130 1739 1926 1776">
    <p class='ocr_par' dir='ltr' id='par_1_78' title="bbox 1130 1739 1926 1776">
     <span class='ocr_line' id='line_1_78' title="bbox 1130 1739 1926 1776; baseline 0.005 -9"><span class='ocrx_word' id='word_1_532' title='bbox 1130 1747 1225 1768; x_wconf 87' lang='lat' dir='ltr'><strong>causas</strong></span> <span class='ocrx_word' id='word_1_533' title='bbox 1251 1739 1346 1775; x_wconf 81' lang='lat' dir='ltr'><strong>lgnatii</strong></span> <span class='ocrx_word' id='word_1_534' title='bbox 1371 1741 1549 1775; x_wconf 74' lang='lat' dir='ltr'><strong>patriarcbzc,</strong></span> <span class='ocrx_word' id='word_1_535' title='bbox 1573 1741 1619 1776; x_wconf 87' lang='lat' dir='ltr'><strong>qui</strong></span> <span class='ocrx_word' id='word_1_536' title='bbox 1640 1746 1713 1769; x_wconf 75' lang='lat' dir='ltr'><strong>antea</strong></span> <span class='ocrx_word' id='word_1_537' title='bbox 1736 1741 1770 1768; x_wconf 86' lang='lat' dir='ltr'><strong>de</strong></span> <span class='ocrx_word' id='word_1_538' title='bbox 1793 1741 1926 1771; x_wconf 75' lang='lat' dir='ltr'><strong>Ecclesia</strong></span> 
     </span>
    </p>
   </div>
   <div class='ocr_carea' id='block_1_79' title="bbox 1127 1785 1925 1824">
    <p class='ocr_par' dir='ltr' id='par_1_79' title="bbox 1127 1785 1925 1824">
     <span class='ocr_line' id='line_1_79' title="bbox 1127 1785 1925 1824; baseline 0.005 -13"><span class='ocrx_word' id='word_1_539' title='bbox 1127 1785 1220 1819; x_wconf 90' lang='lat' dir='ltr'><strong>pulsus</strong></span> <span class='ocrx_word' id='word_1_540' title='bbox 1236 1792 1317 1819; x_wconf 86' lang='lat' dir='ltr'><strong>quam</strong></span> <span class='ocrx_word' id='word_1_541' title='bbox 1334 1786 1367 1811; x_wconf 91' lang='lat' dir='ltr'><strong>ab</strong></span> <span class='ocrx_word' id='word_1_542' title='bbox 1381 1785 1470 1820; x_wconf 86' lang='lat' dir='ltr'><strong>aliquo</strong></span> <span class='ocrx_word' id='word_1_543' title='bbox 1484 1791 1628 1814; x_wconf 83' lang='lat' dir='ltr'><strong>accusatus</strong></span> <span class='ocrx_word' id='word_1_544' title='bbox 1641 1787 1790 1819; x_wconf 78' lang='lat' dir='ltr'><strong>exstiterat,</strong></span> <span class='ocrx_word' id='word_1_545' title='bbox 1806 1787 1925 1824; x_wconf 78' lang='lat' dir='ltr'><strong>diligen-</strong></span> 
     </span>
    </p>
   </div>
   <div class='ocr_carea' id='block_1_80' title="bbox 1128 1830 1922 1867">
    <p class='ocr_par' dir='ltr' id='par_1_80' title="bbox 1128 1830 1922 1867">
     <span class='ocr_line' id='line_1_80' title="bbox 1128 1830 1922 1867; baseline 0.006 -11"><span class='ocrx_word' id='word_1_546' title='bbox 1128 1835 1169 1857; x_wconf 91' lang='lat' dir='ltr'><strong>ter</strong></span> <span class='ocrx_word' id='word_1_547' title='bbox 1183 1830 1376 1865; x_wconf 80' lang='lat' dir='ltr'><strong>invcstigarent</strong></span> <span class='ocrx_word' id='word_1_548' title='bbox 1389 1851 1395 1862; x_wconf 90' lang='lat'><strong>,</strong></span> <span class='ocrx_word' id='word_1_549' title='bbox 1415 1835 1440 1857; x_wconf 88' lang='lat' dir='ltr'><strong>et</strong></span> <span class='ocrx_word' id='word_1_550' title='bbox 1461 1831 1516 1858; x_wconf 86' lang='lat' dir='ltr'><strong>sedi</strong></span> <span class='ocrx_word' id='word_1_551' title='bbox 1534 1832 1689 1866; x_wconf 66' lang='lat' dir='ltr'><strong>apostolicae</strong></span> <span class='ocrx_word' id='word_1_552' title='bbox 1702 1832 1788 1867; x_wconf 87' lang='lat' dir='ltr'><strong>plenis</strong></span> <span class='ocrx_word' id='word_1_553' title='bbox 1801 1839 1830 1860; x_wconf 86' lang='lat' dir='ltr'><strong>et</strong></span> <span class='ocrx_word' id='word_1_554' title='bbox 1844 1842 1922 1861; x_wconf 51' lang='lat' dir='ltr'><strong>vera.</strong></span> 
     </span>
    </p>
   </div>
   <div class='ocr_carea' id='block_1_81' title="bbox 1127 1873 1920 1911">
    <p class='ocr_par' dir='ltr' id='par_1_81' title="bbox 1127 1873 1920 1911">
     <span class='ocr_line' id='line_1_81' title="bbox 1127 1873 1920 1911; baseline 0.005 -9"><span class='ocrx_word' id='word_1_555' title='bbox 1127 1874 1203 1902; x_wconf 85' lang='lat' dir='ltr'><strong>cibus</strong></span> <span class='ocrx_word' id='word_1_556' title='bbox 1219 1875 1350 1910; x_wconf 77' lang='lat' dir='ltr'><strong>referrent</strong></span> <span class='ocrx_word' id='word_1_557' title='bbox 1375 1876 1491 1908; x_wconf 82' lang='lat' dir='ltr'><strong>indiciis,</strong></span> <span class='ocrx_word' id='word_1_558' title='bbox 1512 1873 1738 1911; x_wconf 78' lang='lat' dir='ltr'><strong>quemadmodum</strong></span> <span class='ocrx_word' id='word_1_559' title='bbox 1753 1877 1804 1905; x_wconf 82' lang='lat' dir='ltr'><strong>Job</strong></span> <span class='ocrx_word' id='word_1_560' title='bbox 1820 1879 1920 1906; x_wconf 64' lang='lat' dir='ltr'><strong>beatis-</strong></span> 
     </span>
    </p>
   </div>
   <div class='ocr_carea' id='block_1_82' title="bbox 1126 1920 1916 1958">
    <p class='ocr_par' dir='ltr' id='par_1_82' title="bbox 1126 1920 1916 1958">
     <span class='ocr_line' id='line_1_82' title="bbox 1126 1920 1916 1958; baseline 0.003 -10"><span class='ocrx_word' id='word_1_561' title='bbox 1126 1920 1210 1948; x_wconf 80' lang='lat' dir='ltr'><strong>simus</strong></span> <span class='ocrx_word' id='word_1_562' title='bbox 1228 1920 1344 1948; x_wconf 84' lang='lat' dir='ltr'><strong>cdocens</strong></span> <span class='ocrx_word' id='word_1_563' title='bbox 1362 1930 1367 1947; x_wconf 89' lang='lat'>:</span> <span class='ocrx_word' id='word_1_564' title='bbox 1388 1920 1520 1953; x_wconf 84' lang='lat' dir='ltr'><strong>Causam,</strong></span> <span class='ocrx_word' id='word_1_565' title='bbox 1539 1922 1645 1956; x_wconf 84' lang='lat' dir='ltr'><strong>inquit,</strong></span> <span class='ocrx_word' id='word_1_566' title='bbox 1665 1931 1744 1958; x_wconf 83' lang='lat' dir='ltr'><strong>quam</strong></span> <span class='ocrx_word' id='word_1_567' title='bbox 1762 1924 1916 1956; x_wconf 71' lang='lat' dir='ltr'><strong>nesciebam,</strong></span> 
     </span>
    </p>
   </div>
   <div class='ocr_carea' id='block_1_83' title="bbox 1125 1967 1916 2003">
    <p class='ocr_par' dir='ltr' id='par_1_83' title="bbox 1125 1967 1916 2003">
     <span class='ocr_line' id='line_1_83' title="bbox 1125 1967 1916 2003; baseline 0.003 -9"><span class='ocrx_word' id='word_1_568' title='bbox 1125 1967 1322 2002; x_wconf 75' lang='lat' dir='ltr'><strong>diligentissime</strong></span> <span class='ocrx_word' id='word_1_569' title='bbox 1348 1968 1533 2002; x_wconf 69' lang='lat' dir='ltr'><strong>inuestigabam</strong></span> <span class='ocrx_word' id='word_1_570' title='bbox 1547 1967 1608 2003; x_wconf 78' lang='lat' dir='ltr'><strong>(Job</strong></span> <span class='ocrx_word' id='word_1_571' title='bbox 1628 1969 1703 2002; x_wconf 77' lang='lat' dir='ltr'><strong>nix)</strong></span> <span class='ocrx_word' id='word_1_572' title='bbox 1720 1978 1727 1995; x_wconf 87' lang='lat'><strong>:</strong></span> <span class='ocrx_word' id='word_1_573' title='bbox 1743 1969 1833 1996; x_wconf 84' lang='lat' dir='ltr'><strong>Photii</strong></span> <span class='ocrx_word' id='word_1_574' title='bbox 1856 1977 1916 1996; x_wconf 74' lang='lat' dir='ltr'><strong>vero</strong></span> 
     </span>
    </p>
   </div>
   <div class='ocr_carea' id='block_1_84' title="bbox 1124 2012 1914 2041">
    <p class='ocr_par' dir='ltr' id='par_1_84' title="bbox 1124 2012 1914 2041">
     <span class='ocr_line' id='line_1_84' title="bbox 1124 2012 1914 2041; baseline 0.003 -2"><span class='ocrx_word' id='word_1_575' title='bbox 1124 2012 1355 2040; x_wconf 85' lang='lat' dir='ltr'><strong>consecrationem</strong></span> <span class='ocrx_word' id='word_1_576' title='bbox 1381 2020 1434 2039; x_wconf 90' lang='lat' dir='ltr'><strong>non</strong></span> <span class='ocrx_word' id='word_1_577' title='bbox 1451 2013 1536 2040; x_wconf 90' lang='lat' dir='ltr'><strong>solum</strong></span> <span class='ocrx_word' id='word_1_578' title='bbox 1560 2014 1670 2040; x_wconf 88' lang='lat' dir='ltr'><strong>minime</strong></span> <span class='ocrx_word' id='word_1_579' title='bbox 1688 2014 1798 2041; x_wconf 74' lang='lat' dir='ltr'><strong>inierint</strong></span> <span class='ocrx_word' id='word_1_580' title='bbox 1821 2015 1914 2041; x_wconf 84' lang='lat' dir='ltr'><strong>admit-</strong></span> 
     </span>
    </p>
   </div>
   <div class='ocr_carea' id='block_1_85' title="bbox 1125 2057 1913 2095">
    <p class='ocr_par' dir='ltr' id='par_1_85' title="bbox 1125 2057 1913 2095">
     <span class='ocr_line' id='line_1_85' title="bbox 1125 2057 1913 2095; baseline 0.005 -12"><span class='ocrx_word' id='word_1_581' title='bbox 1125 2057 1232 2084; x_wconf 82' lang='lat' dir='ltr'><strong>tendam</strong></span> <span class='ocrx_word' id='word_1_582' title='bbox 1247 2064 1307 2084; x_wconf 76' lang='lat' dir='ltr'><strong>csse</strong></span> <span class='ocrx_word' id='word_1_583' title='bbox 1322 2058 1499 2090; x_wconf 82' lang='lat' dir='ltr'><strong>credidimus,</strong></span> <span class='ocrx_word' id='word_1_584' title='bbox 1524 2066 1616 2085; x_wconf 84' lang='lat' dir='ltr'><strong>verum</strong></span> <span class='ocrx_word' id='word_1_585' title='bbox 1641 2058 1723 2085; x_wconf 84' lang='lat' dir='ltr'><strong>etiam</strong></span> <span class='ocrx_word' id='word_1_586' title='bbox 1745 2059 1811 2094; x_wconf 80' lang='lat' dir='ltr'><strong>ipsis</strong></span> <span class='ocrx_word' id='word_1_587' title='bbox 1824 2059 1913 2095; x_wconf 75' lang='lat' dir='ltr'><strong>legatis</strong></span> 
     </span>
    </p>
   </div>
   <div class='ocr_carea' id='block_1_86' title="bbox 1122 2103 1911 2140">
    <p class='ocr_par' dir='ltr' id='par_1_86' title="bbox 1122 2103 1911 2140">
     <span class='ocr_line' id='line_1_86' title="bbox 1122 2103 1911 2140; baseline 0.004 -11"><span class='ocrx_word' id='word_1_588' title='bbox 1122 2103 1222 2130; x_wconf 89' lang='lat' dir='ltr'><strong>nostris</strong></span> <span class='ocrx_word' id='word_1_589' title='bbox 1238 2123 1245 2136; x_wconf 95' lang='lat'><strong>,</strong></span> <span class='ocrx_word' id='word_1_590' title='bbox 1269 2110 1304 2130; x_wconf 90' lang='lat' dir='ltr'><strong>ne</strong></span> <span class='ocrx_word' id='word_1_591' title='bbox 1327 2110 1388 2130; x_wconf 89' lang='lat' dir='ltr'><strong>cum</strong></span> <span class='ocrx_word' id='word_1_592' title='bbox 1405 2103 1448 2130; x_wconf 87' lang='lat' dir='ltr'><strong>illo</strong></span> <span class='ocrx_word' id='word_1_593' title='bbox 1464 2105 1513 2130; x_wconf 85' lang='lat' dir='ltr'><strong>nisi</strong></span> <span class='ocrx_word' id='word_1_594' title='bbox 1528 2112 1586 2139; x_wconf 76' lang='lat' dir='ltr'><strong>quae</strong></span> <span class='ocrx_word' id='word_1_595' title='bbox 1601 2112 1660 2131; x_wconf 88' lang='lat' dir='ltr'><strong>cum</strong></span> <span class='ocrx_word' id='word_1_596' title='bbox 1684 2104 1754 2131; x_wconf 83' lang='lat' dir='ltr'><strong>laico</strong></span> <span class='ocrx_word' id='word_1_597' title='bbox 1777 2113 1861 2140; x_wconf 86' lang='lat' dir='ltr'><strong>usque</strong></span> <span class='ocrx_word' id='word_1_598' title='bbox 1881 2106 1911 2132; x_wconf 76' lang='lat' dir='ltr'><strong>ad</strong></span> 
     </span>
    </p>
   </div>
   <div class='ocr_carea' id='block_1_87' title="bbox 1121 2148 1908 2185">
    <p class='ocr_par' dir='ltr' id='par_1_87' title="bbox 1121 2148 1908 2185">
     <span class='ocr_line' id='line_1_87' title="bbox 1121 2148 1908 2185; baseline 0.004 -10"><span class='ocrx_word' id='word_1_599' title='bbox 1121 2148 1245 2176; x_wconf 84' lang='lat' dir='ltr'><strong>notitiam</strong></span> <span class='ocrx_word' id='word_1_600' title='bbox 1269 2153 1388 2176; x_wconf 87' lang='lat' dir='ltr'><strong>nostram</strong></span> <span class='ocrx_word' id='word_1_601' title='bbox 1402 2150 1644 2182; x_wconf 85' lang='lat' dir='ltr'><strong>communicarent,</strong></span> <span class='ocrx_word' id='word_1_602' title='bbox 1664 2149 1799 2185; x_wconf 81' lang='lat' dir='ltr'><strong>frequenti</strong></span> <span class='ocrx_word' id='word_1_603' title='bbox 1814 2159 1845 2177; x_wconf 79' lang='lat' dir='ltr'><strong>ac</strong></span> <span class='ocrx_word' id='word_1_604' title='bbox 1855 2159 1908 2178; x_wconf 87' lang='grc' dir='ltr'>οιιι-</span> 
     </span>
    </p>
   </div>
   <div class='ocr_carea' id='block_1_88' title="bbox 1121 2193 1908 2230">
    <p class='ocr_par' dir='ltr' id='par_1_88' title="bbox 1121 2193 1908 2230">
     <span class='ocr_line' id='line_1_88' title="bbox 1121 2193 1908 2230; baseline 0.003 -10"><span class='ocrx_word' id='word_1_605' title='bbox 1121 2193 1360 2228; x_wconf 86' lang='lat' dir='ltr'><strong>nimodajussione</strong></span> <span class='ocrx_word' id='word_1_606' title='bbox 1378 2194 1563 2228; x_wconf 74' lang='lat' dir='ltr'><strong>pia-cepimus.</strong></span> <span class='ocrx_word' id='word_1_607' title='bbox 1581 2195 1714 2227; x_wconf 87' lang='lat' dir='ltr'><strong>Quoniam</strong></span> <span class='ocrx_word' id='word_1_608' title='bbox 1728 2196 1799 2223; x_wconf 91' lang='lat' dir='ltr'><strong>sient</strong></span> <span class='ocrx_word' id='word_1_609' title='bbox 1812 2197 1908 2230; x_wconf 67' lang='grc' dir='ltr'>ιιιειειιίσ</span> 
     </span>
    </p>
   </div>
   <div class='ocr_carea' id='block_1_89' title="bbox 1121 2239 1905 2274">
    <p class='ocr_par' dir='ltr' id='par_1_89' title="bbox 1121 2239 1905 2274">
     <span class='ocr_line' id='line_1_89' title="bbox 1121 2239 1905 2274; baseline 0.003 -8"><span class='ocrx_word' id='word_1_610' title='bbox 1121 2239 1218 2274; x_wconf 89' lang='lat' dir='ltr'><strong>loqtlns</strong></span> <span class='ocrx_word' id='word_1_611' title='bbox 1234 2239 1289 2267; x_wconf 86' lang='lat' dir='ltr'><strong>Leo</strong></span> <span class='ocrx_word' id='word_1_612' title='bbox 1309 2248 1377 2274; x_wconf 83' lang='lat' dir='ltr'><strong>papa</strong></span> <span class='ocrx_word' id='word_1_613' title='bbox 1402 2241 1523 2267; x_wconf 84' lang='lat' dir='ltr'><strong>scribens</strong></span> <span class='ocrx_word' id='word_1_614' title='bbox 1549 2241 1581 2267; x_wconf 88' lang='lat' dir='ltr'><strong>ad</strong></span> <span class='ocrx_word' id='word_1_615' title='bbox 1606 2247 1729 2269; x_wconf 88' lang='lat' dir='ltr'><strong>sanctum</strong></span> <span class='ocrx_word' id='word_1_616' title='bbox 1754 2242 1905 2269; x_wconf 73' lang='lat' dir='ltr'><strong>Flavianum</strong></span> 
     </span>
    </p>
   </div>
   <div class='ocr_carea' id='block_1_90' title="bbox 277 2285 1904 2331">
    <p class='ocr_par' dir='ltr' id='par_1_90' title="bbox 277 2285 1904 2331">
     <span class='ocr_line' id='line_1_90' title="bbox 277 2285 1904 2331; baseline 0.003 -5"><span class='ocrx_word' id='word_1_617' title='bbox 277 2297 420 2331; x_wconf 83' lang='lat' dir='ltr'><strong>quemdam</strong></span> <span class='ocrx_word' id='word_1_618' title='bbox 445 2285 582 2329; x_wconf 79' lang='lat' dir='ltr'><strong>Photium,</strong></span> <span class='ocrx_word' id='word_1_619' title='bbox 607 2304 641 2324; x_wconf 78' lang='lat' dir='ltr'><strong>ex</strong></span> <span class='ocrx_word' id='word_1_620' title='bbox 656 2297 715 2325; x_wconf 86' lang='lat' dir='ltr'><strong>foro</strong></span> <span class='ocrx_word' id='word_1_621' title='bbox 733 2302 760 2325; x_wconf 83' lang='lat' dir='ltr'><strong>et</strong></span> <span class='ocrx_word' id='word_1_622' title='bbox 780 2298 906 2326; x_wconf 78' lang='lat' dir='ltr'><strong>saeculari</strong></span> <span class='ocrx_word' id='word_1_623' title='bbox 931 2285 1024 2327; x_wconf 80' lang='lat' dir='ltr'><strong>militia</strong></span> <span class='ocrx_word' id='word_1_624' title='bbox 1040 2305 1068 2328; x_wconf 90' lang='lat' dir='ltr'><strong>et</strong></span> <span class='ocrx_word' id='word_1_625' title='bbox 1080 2285 1107 2315; x_wconf 76' lang='grc' dir='ltr'><strong>Ῐ)</strong></span> <span class='ocrx_word' id='word_1_626' title='bbox 1120 2286 1185 2313; x_wconf 61' lang='grc' dir='ltr'><strong>ἀίω</strong></span> <span class='ocrx_word' id='word_1_627' title='bbox 1198 2285 1345 2313; x_wconf 52' lang='lat' dir='ltr'><strong>“misum”</strong></span> <span class='ocrx_word' id='word_1_628' title='bbox 1363 2286 1448 2320; x_wconf 35' lang='lat'><strong>(“&quot;3&quot;</strong></span> <span class='ocrx_word' id='word_1_629' title='bbox 1467 2286 1509 2320; x_wconf 62' lang='grc' dir='ltr'><strong>ίθ)</strong></span> <span class='ocrx_word' id='word_1_630' title='bbox 1526 2296 1531 2312; x_wconf 74' lang='grc'>⁵</span> <span class='ocrx_word' id='word_1_631' title='bbox 1547 2286 1600 2313; x_wconf 61' lang='grc' dir='ltr'><strong>Νθδ</strong></span> <span class='ocrx_word' id='word_1_632' title='bbox 1614 2287 1659 2322; x_wconf 65' lang='lat' dir='ltr'><strong>qui</strong></span> <span class='ocrx_word' id='word_1_633' title='bbox 1675 2288 1847 2316; x_wconf 62' lang='lat' dir='ltr'><strong>sacerdou‘m</strong></span> <span class='ocrx_word' id='word_1_634' title='bbox 1860 2288 1904 2315; x_wconf 50' lang='grc' dir='ltr'><strong>[Μ’</strong></span> 
     </span>
    </p>
   </div>
   <div class='ocr_carea' id='block_1_91' title="bbox 276 2342 1067 2377">
    <p class='ocr_par' dir='ltr' id='par_1_91' title="bbox 276 2342 1067 2377">
     <span class='ocr_line' id='line_1_91' title="bbox 276 2342 1067 2377; baseline 0.005 -8"><span class='ocrx_word' id='word_1_635' title='bbox 276 2342 369 2369; x_wconf 80' lang='lat' dir='ltr'><strong>habitu</strong></span> <span class='ocrx_word' id='word_1_636' title='bbox 385 2347 465 2377; x_wconf 90' lang='lat' dir='ltr'><strong>atque</strong></span> <span class='ocrx_word' id='word_1_637' title='bbox 481 2350 494 2369; x_wconf 90' lang='lat' dir='ltr'><strong>a</strong></span> <span class='ocrx_word' id='word_1_638' title='bbox 510 2342 637 2377; x_wconf 87' lang='lat' dir='ltr'><strong>palatinis</strong></span> <span class='ocrx_word' id='word_1_639' title='bbox 650 2343 751 2370; x_wconf 82' lang='lat' dir='ltr'><strong>aedibus</strong></span> <span class='ocrx_word' id='word_1_640' title='bbox 770 2344 895 2371; x_wconf 85' lang='lat' dir='ltr'><strong>eductum</strong></span> <span class='ocrx_word' id='word_1_641' title='bbox 908 2364 916 2377; x_wconf 84' lang='lat'><strong>,</strong></span> <span class='ocrx_word' id='word_1_642' title='bbox 932 2352 964 2371; x_wconf 82' lang='lat' dir='ltr'><strong>ac</strong></span> <span class='ocrx_word' id='word_1_643' title='bbox 978 2345 1067 2373; x_wconf 84' lang='lat' dir='ltr'><strong>subito</strong></span> 
     </span>
    </p>
   </div>
   <div class='ocr_carea' id='block_1_92' title="bbox 275 2388 1067 2421">
    <p class='ocr_par' dir='ltr' id='par_1_92' title="bbox 275 2388 1067 2421">
     <span class='ocr_line' id='line_1_92' title="bbox 275 2388 1067 2421; baseline 0.005 -7"><span class='ocrx_word' id='word_1_644' title='bbox 275 2392 444 2415; x_wconf 89' lang='lat' dir='ltr'><strong>tonsuratum</strong></span> <span class='ocrx_word' id='word_1_645' title='bbox 455 2408 462 2421; x_wconf 91' lang='lat'><strong>,</strong></span> <span class='ocrx_word' id='word_1_646' title='bbox 477 2392 505 2415; x_wconf 86' lang='lat' dir='ltr'><strong>et</strong></span> <span class='ocrx_word' id='word_1_647' title='bbox 518 2388 545 2415; x_wconf 91' lang='lat' dir='ltr'><strong>in</strong></span> <span class='ocrx_word' id='word_1_648' title='bbox 558 2388 652 2416; x_wconf 88' lang='lat' dir='ltr'><strong>eadem</strong></span> <span class='ocrx_word' id='word_1_649' title='bbox 666 2388 779 2415; x_wconf 84' lang='lat' dir='ltr'><strong>ecclesia</strong></span> <span class='ocrx_word' id='word_1_650' title='bbox 795 2393 888 2416; x_wconf 89' lang='lat' dir='ltr'><strong>contra</strong></span> <span class='ocrx_word' id='word_1_651' title='bbox 906 2397 998 2418; x_wconf 83' lang='lat' dir='ltr'><strong>sacros</strong></span> <span class='ocrx_word' id='word_1_652' title='bbox 1021 2399 1067 2418; x_wconf 84' lang='lat' dir='ltr'><strong>ca-</strong></span> 
     </span>
    </p>
   </div>
   <div class='ocr_carea' id='block_1_93' title="bbox 275 2433 1062 2469">
    <p class='ocr_par' dir='ltr' id='par_1_93' title="bbox 275 2433 1062 2469">
     <span class='ocr_line' id='line_1_93' title="bbox 275 2433 1062 2469; baseline 0.005 -9"><span class='ocrx_word' id='word_1_653' title='bbox 275 2440 359 2461; x_wconf 85' lang='lat' dir='ltr'><strong>nones</strong></span> <span class='ocrx_word' id='word_1_654' title='bbox 375 2439 540 2469; x_wconf 81' lang='lat' dir='ltr'><strong>promotum,</strong></span> <span class='ocrx_word' id='word_1_655' title='bbox 555 2441 607 2461; x_wconf 92' lang='lat' dir='ltr'><strong>non</strong></span> <span class='ocrx_word' id='word_1_656' title='bbox 622 2433 917 2463; x_wconf 88' lang='lat' dir='ltr'><strong>modicumaudiremus</strong></span> <span class='ocrx_word' id='word_1_657' title='bbox 927 2436 1062 2464; x_wconf 75' lang='lat' dir='ltr'><strong>obortum.</strong></span> 
     </span>
    </p>
   </div>
   <div class='ocr_carea' id='block_1_94' title="bbox 275 2476 1061 2515">
    <p class='ocr_par' dir='ltr' id='par_1_94' title="bbox 275 2476 1061 2515">
     <span class='ocr_line' id='line_1_94' title="bbox 275 2476 1061 2515; baseline 0.008 -12"><span class='ocrx_word' id='word_1_658' title='bbox 275 2476 342 2504; x_wconf 79' lang='lat' dir='ltr'><strong>Aliis</strong></span> <span class='ocrx_word' id='word_1_659' title='bbox 361 2478 487 2506; x_wconf 84' lang='lat' dir='ltr'><strong>videlicet</strong></span> <span class='ocrx_word' id='word_1_660' title='bbox 510 2478 599 2506; x_wconf 84' lang='lat' dir='ltr'><strong>Photii</strong></span> <span class='ocrx_word' id='word_1_661' title='bbox 621 2479 818 2513; x_wconf 84' lang='lat' dir='ltr'><strong>promotionem</strong></span> <span class='ocrx_word' id='word_1_662' title='bbox 836 2478 1039 2509; x_wconf 85' lang='lat' dir='ltr'><strong>defendentibus</strong></span> <span class='ocrx_word' id='word_1_663' title='bbox 1053 2502 1061 2515; x_wconf 92' lang='lat'><strong>,</strong></span> 
     </span>
    </p>
   </div>
   <div class='ocr_carea' id='block_1_95' title="bbox 275 2521 1061 2561">
    <p class='ocr_par' dir='ltr' id='par_1_95' title="bbox 275 2521 1061 2561">
     <span class='ocr_line' id='line_1_95' title="bbox 275 2521 1061 2561; baseline 0.008 -14"><span class='ocrx_word' id='word_1_664' title='bbox 275 2521 335 2548; x_wconf 83' lang='lat' dir='ltr'><strong>aliis</strong></span> <span class='ocrx_word' id='word_1_665' title='bbox 350 2527 438 2550; x_wconf 89' lang='lat' dir='ltr'><strong>autem</strong></span> <span class='ocrx_word' id='word_1_666' title='bbox 454 2523 533 2555; x_wconf 79' lang='lat' dir='ltr'><strong>hanc,</strong></span> <span class='ocrx_word' id='word_1_667' title='bbox 549 2528 676 2558; x_wconf 86' lang='lat' dir='ltr'><strong>tanquam</strong></span> <span class='ocrx_word' id='word_1_668' title='bbox 691 2524 843 2551; x_wconf 79' lang='lat' dir='ltr'><strong>inconvicto</strong></span> <span class='ocrx_word' id='word_1_669' title='bbox 864 2530 892 2552; x_wconf 89' lang='lat' dir='ltr'><strong>et</strong></span> <span class='ocrx_word' id='word_1_670' title='bbox 916 2527 1061 2561; x_wconf 82' lang='lat' dir='ltr'><strong>superstite</strong></span> 
     </span>
    </p>
   </div>
   <div class='ocr_carea' id='block_1_96' title="bbox 273 2566 835 2601">
    <p class='ocr_par' dir='ltr' id='par_1_96' title="bbox 273 2566 835 2601">
     <span class='ocr_line' id='line_1_96' title="bbox 273 2566 835 2601; baseline 0.009 -9"><span class='ocrx_word' id='word_1_671' title='bbox 273 2566 377 2600; x_wconf 69' lang='lat' dir='ltr'><strong>lgnatio</strong></span> <span class='ocrx_word' id='word_1_672' title='bbox 392 2568 501 2601; x_wconf 87' lang='lat' dir='ltr'><strong>factam,</strong></span> <span class='ocrx_word' id='word_1_673' title='bbox 516 2569 613 2596; x_wconf 80' lang='lat' dir='ltr'><strong>merito</strong></span> <span class='ocrx_word' id='word_1_674' title='bbox 630 2570 835 2597; x_wconf 88' lang='lat' dir='ltr'><strong>detestantibus.</strong></span> 
     </span>
    </p>
   </div>
   <div class='ocr_carea' id='block_1_97' title="bbox 310 2611 1059 2652">
    <p class='ocr_par' dir='ltr' id='par_1_97' title="bbox 310 2611 1059 2652">
     <span class='ocr_line' id='line_1_97' title="bbox 310 2611 1059 2652; baseline 0.007 -13"><span class='ocrx_word' id='word_1_675' title='bbox 310 2611 363 2640; x_wconf 84' lang='lat' dir='ltr'><strong>Sed</strong></span> <span class='ocrx_word' id='word_1_676' title='bbox 377 2613 440 2640; x_wconf 92' lang='lat' dir='ltr'><strong>dum</strong></span> <span class='ocrx_word' id='word_1_677' title='bbox 453 2614 523 2648; x_wconf 90' lang='lat' dir='ltr'><strong>quod</strong></span> <span class='ocrx_word' id='word_1_678' title='bbox 535 2614 599 2642; x_wconf 90' lang='lat' dir='ltr'><strong>hinc</strong></span> <span class='ocrx_word' id='word_1_679' title='bbox 612 2622 626 2641; x_wconf 91' lang='lat' dir='ltr'><strong>a</strong></span> <span class='ocrx_word' id='word_1_680' title='bbox 641 2615 719 2642; x_wconf 85' lang='lat' dir='ltr'><strong>nobis</strong></span> <span class='ocrx_word' id='word_1_681' title='bbox 732 2615 789 2643; x_wconf 85' lang='lat' dir='ltr'><strong>fleri</strong></span> <span class='ocrx_word' id='word_1_682' title='bbox 803 2616 923 2649; x_wconf 86' lang='lat' dir='ltr'><strong>deberet,</strong></span> <span class='ocrx_word' id='word_1_683' title='bbox 938 2616 980 2643; x_wconf 85' lang='lat' dir='ltr'><strong>vel</strong></span> <span class='ocrx_word' id='word_1_684' title='bbox 993 2625 1059 2652; x_wconf 83' lang='lat' dir='ltr'><strong>qua-</strong></span> 
     </span>
    </p>
   </div>
   <div class='ocr_carea' id='block_1_98' title="bbox 272 2657 1058 2698">
    <p class='ocr_par' dir='ltr' id='par_1_98' title="bbox 272 2657 1058 2698">
     <span class='ocr_line' id='line_1_98' title="bbox 272 2657 1058 2698; baseline 0.009 -13"><span class='ocrx_word' id='word_1_685' title='bbox 272 2657 336 2686; x_wconf 85' lang='lat' dir='ltr'><strong>liter</strong></span> <span class='ocrx_word' id='word_1_686' title='bbox 356 2659 425 2685; x_wconf 90' lang='lat' dir='ltr'><strong>tanti</strong></span> <span class='ocrx_word' id='word_1_687' title='bbox 444 2661 560 2687; x_wconf 85' lang='lat' dir='ltr'><strong>rumoris</strong></span> <span class='ocrx_word' id='word_1_688' title='bbox 585 2662 773 2689; x_wconf 81' lang='lat' dir='ltr'><strong>cenitudinem</strong></span> <span class='ocrx_word' id='word_1_689' title='bbox 803 2670 883 2691; x_wconf 82' lang='lat' dir='ltr'><strong>nosse</strong></span> <span class='ocrx_word' id='word_1_690' title='bbox 899 2671 1038 2698; x_wconf 84' lang='lat' dir='ltr'><strong>possemus</strong></span> <span class='ocrx_word' id='word_1_691' title='bbox 1050 2686 1058 2697; x_wconf 87' lang='lat'><strong>,</strong></span> 
     </span>
    </p>
   </div>
   <div class='ocr_carea' id='block_1_99' title="bbox 272 2703 1058 2743">
    <p class='ocr_par' dir='ltr' id='par_1_99' title="bbox 272 2703 1058 2743">
     <span class='ocr_line' id='line_1_99' title="bbox 272 2703 1058 2743; baseline 0.006 -12"><span class='ocrx_word' id='word_1_692' title='bbox 272 2703 442 2731; x_wconf 84' lang='lat' dir='ltr'><strong>incessanter</strong></span> <span class='ocrx_word' id='word_1_693' title='bbox 453 2708 480 2730; x_wconf 85' lang='lat' dir='ltr'><strong>et.</strong></span> <span class='ocrx_word' id='word_1_694' title='bbox 492 2706 570 2733; x_wconf 81' lang='lat' dir='ltr'><strong>anxie</strong></span> <span class='ocrx_word' id='word_1_695' title='bbox 583 2706 774 2741; x_wconf 82' lang='lat' dir='ltr'><strong>cogitaremus,</strong></span> <span class='ocrx_word' id='word_1_696' title='bbox 788 2715 851 2735; x_wconf 87' lang='lat' dir='ltr'><strong>ecce</strong></span> <span class='ocrx_word' id='word_1_697' title='bbox 867 2713 977 2743; x_wconf 87' lang='lat' dir='ltr'><strong>repente</strong></span> <span class='ocrx_word' id='word_1_698' title='bbox 996 2717 1058 2736; x_wconf 87' lang='lat' dir='ltr'><strong>cum</strong></span> 
     </span>
    </p>
   </div>
   <div class='ocr_carea' id='block_1_100' title="bbox 271 2749 1065 2790">
    <p class='ocr_par' dir='ltr' id='par_1_100' title="bbox 271 2749 1065 2790">
     <span class='ocr_line' id='line_1_100' title="bbox 271 2749 1065 2790; baseline 0.008 -13"><span class='ocrx_word' id='word_1_699' title='bbox 271 2749 384 2784; x_wconf 83' lang='lat' dir='ltr'><strong>epistola</strong></span> <span class='ocrx_word' id='word_1_700' title='bbox 407 2749 481 2785; x_wconf 74' lang='lat' dir='ltr'><strong>regia</strong></span> <span class='ocrx_word' id='word_1_701' title='bbox 504 2751 611 2784; x_wconf 85' lang='lat' dir='ltr'><strong>quidam</strong></span> <span class='ocrx_word' id='word_1_702' title='bbox 627 2753 823 2788; x_wconf 87' lang='lat' dir='ltr'><strong>episcoporum,</strong></span> <span class='ocrx_word' id='word_1_703' title='bbox 846 2762 960 2790; x_wconf 89' lang='lat' dir='ltr'><strong>quorum</strong></span> <span class='ocrx_word' id='word_1_704' title='bbox 987 2764 1065 2783; x_wconf 72' lang='lat' dir='ltr'><strong>unus</strong></span> 
     </span>
    </p>
   </div>
   <div class='ocr_carea' id='block_1_101' title="bbox 270 2795 1056 2834">
    <p class='ocr_par' dir='ltr' id='par_1_101' title="bbox 270 2795 1056 2834">
     <span class='ocr_line' id='line_1_101' title="bbox 270 2795 1056 2834; baseline 0.01 -13"><span class='ocrx_word' id='word_1_705' title='bbox 270 2799 330 2822; x_wconf 78' lang='lat' dir='ltr'><strong>erat</strong></span> <span class='ocrx_word' id='word_1_706' title='bbox 351 2795 549 2831; x_wconf 79' lang='lat' dir='ltr'><strong>Gangrcnsium</strong></span> <span class='ocrx_word' id='word_1_707' title='bbox 573 2799 809 2833; x_wconf 81' lang='lat' dir='ltr'><strong>metropolitanus,</strong></span> <span class='ocrx_word' id='word_1_708' title='bbox 826 2808 886 2828; x_wconf 84' lang='lat' dir='ltr'><strong>cum</strong></span> <span class='ocrx_word' id='word_1_709' title='bbox 903 2801 981 2834; x_wconf 78' lang='lat' dir='ltr'><strong>Arsa,</strong></span> <span class='ocrx_word' id='word_1_710' title='bbox 997 2802 1056 2829; x_wconf 87' lang='lat' dir='ltr'><strong>viro</strong></span> 
     </span>
    </p>
   </div>
   <div class='ocr_carea' id='block_1_102' title="bbox 268 2841 1054 2881">
    <p class='ocr_par' dir='ltr' id='par_1_102' title="bbox 268 2841 1054 2881">
     <span class='ocr_line' id='line_1_102' title="bbox 268 2841 1054 2881; baseline 0.009 -13"><span class='ocrx_word' id='word_1_711' title='bbox 268 2841 386 2876; x_wconf 69' lang='lat' dir='ltr'><strong>glorioso</strong></span> <span class='ocrx_word' id='word_1_712' title='bbox 404 2842 550 2877; x_wconf 87' lang='lat' dir='ltr'><strong>spathario,</strong></span> <span class='ocrx_word' id='word_1_713' title='bbox 567 2843 741 2879; x_wconf 70' lang='lat' dir='ltr'><strong>Augustalem</strong></span> <span class='ocrx_word' id='word_1_714' title='bbox 752 2844 868 2873; x_wconf 86' lang='lat' dir='ltr'><strong>ferentes</strong></span> <span class='ocrx_word' id='word_1_715' title='bbox 881 2845 1054 2881; x_wconf 78' lang='lat' dir='ltr'><strong>legationem,</strong></span> 
     </span>
    </p>
   </div>
   <div class='ocr_carea' id='block_1_103' title="bbox 302 2895 867 2935">
    <p class='ocr_par' dir='ltr' id='par_1_103' title="bbox 302 2895 867 2935">
     <span class='ocr_line' id='line_1_103' title="bbox 302 2895 867 2935; baseline 0.007 -12"><span class='ocrx_word' id='word_1_716' title='bbox 302 2902 315 2918; x_wconf 72' lang='grc' dir='ltr'><strong>ο</strong></span> <span class='ocrx_word' id='word_1_717' title='bbox 335 2895 383 2924; x_wconf 80' lang='lat' dir='ltr'><strong>Hic</strong></span> <span class='ocrx_word' id='word_1_718' title='bbox 401 2897 493 2930; x_wconf 73' lang='lat' dir='ltr'><strong>ingens</strong></span> <span class='ocrx_word' id='word_1_719' title='bbox 509 2899 604 2927; x_wconf 78' lang='lat' dir='ltr'><strong>lacinia</strong></span> <span class='ocrx_word' id='word_1_720' title='bbox 616 2908 650 2927; x_wconf 84' lang='lat' dir='ltr'><strong>ex</strong></span> <span class='ocrx_word' id='word_1_721' title='bbox 665 2908 706 2935; x_wconf 91' lang='lat' dir='ltr'><strong>cp.</strong></span> <span class='ocrx_word' id='word_1_722' title='bbox 726 2901 737 2927; x_wconf 81' lang='grc'><strong>1</strong></span> <span class='ocrx_word' id='word_1_723' title='bbox 755 2900 867 2928; x_wconf 76' lang='lat' dir='ltr'><strong>Nicolai.</strong></span> 
     </span>
    </p>
   </div>
   <div class='ocr_carea' id='block_1_104' title="bbox 1120 2331 1904 2368">
    <p class='ocr_par' dir='ltr' id='par_1_104' title="bbox 1120 2331 1904 2368">
     <span class='ocr_line' id='line_1_104' title="bbox 1120 2331 1904 2368; baseline 0.005 -12"><span class='ocrx_word' id='word_1_724' title='bbox 1120 2331 1183 2357; x_wconf 87' lang='lat' dir='ltr'><strong>mini</strong></span> <span class='ocrx_word' id='word_1_725' title='bbox 1210 2337 1313 2357; x_wconf 85' lang='lat' dir='ltr'><strong>matura</strong></span> <span class='ocrx_word' id='word_1_726' title='bbox 1338 2331 1460 2358; x_wconf 77' lang='lat' dir='ltr'><strong>volumus</strong></span> <span class='ocrx_word' id='word_1_727' title='bbox 1480 2339 1540 2358; x_wconf 83' lang='lat' dir='ltr'><strong>csse</strong></span> <span class='ocrx_word' id='word_1_728' title='bbox 1557 2332 1672 2366; x_wconf 85' lang='lat' dir='ltr'><strong>judicia,</strong></span> <span class='ocrx_word' id='word_1_729' title='bbox 1687 2332 1754 2360; x_wconf 90' lang='lat' dir='ltr'><strong>nihil</strong></span> <span class='ocrx_word' id='word_1_730' title='bbox 1768 2340 1904 2368; x_wconf 75' lang='lat' dir='ltr'><strong>possumus</strong></span> 
     </span>
    </p>
   </div>
   <div class='ocr_carea' id='block_1_105' title="bbox 1118 2377 1900 2414">
    <p class='ocr_par' dir='ltr' id='par_1_105' title="bbox 1118 2377 1900 2414">
     <span class='ocr_line' id='line_1_105' title="bbox 1118 2377 1900 2414; baseline 0.004 -11"><span class='ocrx_word' id='word_1_731' title='bbox 1118 2377 1261 2411; x_wconf 61' lang='lat' dir='ltr'><strong>incognitis</strong></span> <span class='ocrx_word' id='word_1_732' title='bbox 1278 2377 1356 2403; x_wconf 77' lang='lat' dir='ltr'><strong>rebus</strong></span> <span class='ocrx_word' id='word_1_733' title='bbox 1382 2377 1407 2403; x_wconf 93' lang='lat' dir='ltr'><strong>in</strong></span> <span class='ocrx_word' id='word_1_734' title='bbox 1435 2377 1591 2411; x_wconf 80' lang='lat' dir='ltr'><strong>cujusquam</strong></span> <span class='ocrx_word' id='word_1_735' title='bbox 1620 2379 1705 2413; x_wconf 86' lang='lat' dir='ltr'><strong>partis</strong></span> <span class='ocrx_word' id='word_1_736' title='bbox 1724 2379 1900 2414; x_wconf 58' lang='lat' dir='ltr'><strong>pra&#39;judicium</strong></span> 
     </span>
    </p>
   </div>
   <div class='ocr_carea' id='block_1_106' title="bbox 1117 2423 1899 2460">
    <p class='ocr_par' dir='ltr' id='par_1_106' title="bbox 1117 2423 1899 2460">
     <span class='ocr_line' id='line_1_106' title="bbox 1117 2423 1899 2460; baseline 0.006 -12"><span class='ocrx_word' id='word_1_737' title='bbox 1117 2423 1231 2449; x_wconf 84' lang='lat' dir='ltr'><strong>ditlinirc</strong></span> <span class='ocrx_word' id='word_1_738' title='bbox 1244 2444 1251 2455; x_wconf 91' lang='lat'><strong>,</strong></span> <span class='ocrx_word' id='word_1_739' title='bbox 1268 2424 1422 2458; x_wconf 85' lang='lat' dir='ltr'><strong>priusquam</strong></span> <span class='ocrx_word' id='word_1_740' title='bbox 1438 2425 1562 2451; x_wconf 80' lang='lat' dir='ltr'><strong>universa</strong></span> <span class='ocrx_word' id='word_1_741' title='bbox 1579 2433 1637 2460; x_wconf 72' lang='lat' dir='ltr'><strong>qum</strong></span> <span class='ocrx_word' id='word_1_742' title='bbox 1654 2431 1730 2460; x_wconf 83' lang='lat' dir='ltr'><strong>gesta</strong></span> <span class='ocrx_word' id='word_1_743' title='bbox 1752 2427 1816 2453; x_wconf 72' lang='lat' dir='ltr'><strong>Sunt</strong></span> <span class='ocrx_word' id='word_1_744' title='bbox 1830 2434 1899 2453; x_wconf 70' lang='lat' dir='ltr'><strong>vera-</strong></span> 
     </span>
    </p>
   </div>
   <div class='ocr_carea' id='block_1_107' title="bbox 1116 2468 1897 2497">
    <p class='ocr_par' dir='ltr' id='par_1_107' title="bbox 1116 2468 1897 2497">
     <span class='ocr_line' id='line_1_107' title="bbox 1116 2468 1897 2497; baseline 0.005 -4"><span class='ocrx_word' id='word_1_745' title='bbox 1116 2468 1183 2493; x_wconf 78' lang='lat' dir='ltr'><strong>(itcr</strong></span> <span class='ocrx_word' id='word_1_746' title='bbox 1198 2468 1346 2494; x_wconf 83' lang='lat' dir='ltr'><strong>audiamus.</strong></span> <span class='ocrx_word' id='word_1_747' title='bbox 1363 2468 1478 2495; x_wconf 86' lang='lat' dir='ltr'><strong>Tantum</strong></span> <span class='ocrx_word' id='word_1_748' title='bbox 1494 2469 1533 2496; x_wconf 85' lang='lat' dir='ltr'><strong>eis</strong></span> <span class='ocrx_word' id='word_1_749' title='bbox 1544 2470 1577 2496; x_wconf 88' lang='lat' dir='ltr'><strong>de</strong></span> <span class='ocrx_word' id='word_1_750' title='bbox 1589 2470 1790 2497; x_wconf 86' lang='lat' dir='ltr'><strong>venerabilibus</strong></span> <span class='ocrx_word' id='word_1_751' title='bbox 1801 2470 1897 2497; x_wconf 86' lang='lat' dir='ltr'><strong>Domini</strong></span> 
     </span>
    </p>
   </div>
   <div class='ocr_carea' id='block_1_108' title="bbox 1116 2513 1896 2550">
    <p class='ocr_par' dir='ltr' id='par_1_108' title="bbox 1116 2513 1896 2550">
     <span class='ocr_line' id='line_1_108' title="bbox 1116 2513 1896 2550; baseline 0.004 -12"><span class='ocrx_word' id='word_1_752' title='bbox 1116 2514 1199 2539; x_wconf 74' lang='lat' dir='ltr'><strong>nostri</strong></span> <span class='ocrx_word' id='word_1_753' title='bbox 1220 2513 1280 2540; x_wconf 84' lang='lat' dir='ltr'><strong>.lesu</strong></span> <span class='ocrx_word' id='word_1_754' title='bbox 1304 2514 1415 2545; x_wconf 78' lang='lat' dir='ltr'><strong>Christi,</strong></span> <span class='ocrx_word' id='word_1_755' title='bbox 1442 2514 1615 2549; x_wconf 84' lang='lat' dir='ltr'><strong>ejusdemque</strong></span> <span class='ocrx_word' id='word_1_756' title='bbox 1640 2516 1780 2550; x_wconf 78' lang='lat' dir='ltr'><strong>genitricis</strong></span> <span class='ocrx_word' id='word_1_757' title='bbox 1801 2523 1896 2550; x_wconf 80' lang='lat' dir='ltr'><strong>semper</strong></span> 
     </span>
    </p>
   </div>
   <div class='ocr_carea' id='block_1_109' title="bbox 1114 2558 1892 2597">
    <p class='ocr_par' dir='ltr' id='par_1_109' title="bbox 1114 2558 1892 2597">
     <span class='ocr_line' id='line_1_109' title="bbox 1114 2558 1892 2597; baseline 0.008 -14"><span class='ocrx_word' id='word_1_758' title='bbox 1114 2559 1224 2592; x_wconf 73' lang='lat' dir='ltr'><strong>virginis</strong></span> <span class='ocrx_word' id='word_1_759' title='bbox 1253 2558 1352 2590; x_wconf 54' lang='lat' dir='ltr'><strong>Maria;</strong></span> <span class='ocrx_word' id='word_1_760' title='bbox 1376 2568 1407 2585; x_wconf 88' lang='lat' dir='ltr'><strong>ac</strong></span> <span class='ocrx_word' id='word_1_761' title='bbox 1431 2564 1584 2586; x_wconf 88' lang='lat' dir='ltr'><strong>sanctortnn</strong></span> <span class='ocrx_word' id='word_1_762' title='bbox 1609 2560 1693 2595; x_wconf 89' lang='lat' dir='ltr'><strong>ipsius</strong></span> <span class='ocrx_word' id='word_1_763' title='bbox 1722 2561 1892 2597; x_wconf 80' lang='lat' dir='ltr'><strong>imaginibus.</strong></span> 
     </span>
    </p>
   </div>
   <div class='ocr_carea' id='block_1_110' title="bbox 1113 2604 1891 2640">
    <p class='ocr_par' dir='ltr' id='par_1_110' title="bbox 1113 2604 1891 2640">
     <span class='ocr_line' id='line_1_110' title="bbox 1113 2604 1891 2640; baseline 0.006 -11"><span class='ocrx_word' id='word_1_764' title='bbox 1113 2604 1241 2638; x_wconf 86' lang='lat' dir='ltr'><strong>quidquid</strong></span> <span class='ocrx_word' id='word_1_765' title='bbox 1253 2605 1364 2636; x_wconf 79' lang='lat' dir='ltr'><strong>qtucstio</strong></span> <span class='ocrx_word' id='word_1_766' title='bbox 1378 2604 1494 2636; x_wconf 76' lang='lat' dir='ltr'><strong>afferret,</strong></span> <span class='ocrx_word' id='word_1_767' title='bbox 1507 2604 1578 2638; x_wconf 87' lang='lat' dir='ltr'><strong>juste</strong></span> <span class='ocrx_word' id='word_1_768' title='bbox 1591 2613 1622 2632; x_wconf 86' lang='lat' dir='ltr'><strong>ac</strong></span> <span class='ocrx_word' id='word_1_769' title='bbox 1635 2606 1678 2640; x_wconf 90' lang='lat' dir='ltr'><strong>pie</strong></span> <span class='ocrx_word' id='word_1_770' title='bbox 1692 2606 1806 2634; x_wconf 81' lang='lat' dir='ltr'><strong>(Iiﬂinire</strong></span> <span class='ocrx_word' id='word_1_771' title='bbox 1820 2607 1891 2634; x_wconf 82' lang='lat' dir='ltr'><strong>licen-</strong></span> 
     </span>
    </p>
   </div>
   <div class='ocr_carea' id='block_1_111' title="bbox 1114 2651 1892 2684">
    <p class='ocr_par' dir='ltr' id='par_1_111' title="bbox 1114 2651 1892 2684">
     <span class='ocr_line' id='line_1_111' title="bbox 1114 2651 1892 2684; baseline 0.004 -9"><span class='ocrx_word' id='word_1_772' title='bbox 1114 2651 1176 2676; x_wconf 87' lang='lat' dir='ltr'><strong>tiam</strong></span> <span class='ocrx_word' id='word_1_773' title='bbox 1192 2651 1297 2681; x_wconf 83' lang='lat' dir='ltr'><strong>dantes,</strong></span> <span class='ocrx_word' id='word_1_774' title='bbox 1314 2659 1373 2684; x_wconf 67' lang='lat' dir='ltr'><strong>qute</strong></span> <span class='ocrx_word' id='word_1_775' title='bbox 1391 2657 1487 2677; x_wconf 79' lang='lat' dir='ltr'><strong>cuncta</strong></span> <span class='ocrx_word' id='word_1_776' title='bbox 1503 2651 1538 2677; x_wconf 91' lang='lat' dir='ltr'><strong>ita</strong></span> <span class='ocrx_word' id='word_1_777' title='bbox 1553 2659 1612 2678; x_wconf 87' lang='lat' dir='ltr'><strong>csse</strong></span> <span class='ocrx_word' id='word_1_778' title='bbox 1631 2656 1659 2678; x_wconf 89' lang='lat' dir='ltr'><strong>ut</strong></span> <span class='ocrx_word' id='word_1_779' title='bbox 1676 2651 1791 2679; x_wconf 87' lang='lat' dir='ltr'><strong>dicimus</strong></span> <span class='ocrx_word' id='word_1_780' title='bbox 1805 2652 1892 2679; x_wconf 64' lang='lat' dir='ltr'><strong>littere</strong></span> 
     </span>
    </p>
   </div>
   <div class='ocr_carea' id='block_1_112' title="bbox 1113 2696 1891 2730">
    <p class='ocr_par' dir='ltr' id='par_1_112' title="bbox 1113 2696 1891 2730">
     <span class='ocr_line' id='line_1_112' title="bbox 1113 2696 1891 2730; baseline 0.004 -10"><span class='ocrx_word' id='word_1_781' title='bbox 1113 2700 1228 2727; x_wconf 71' lang='lat' dir='ltr'><strong>nosti-zu,</strong></span> <span class='ocrx_word' id='word_1_782' title='bbox 1258 2703 1325 2728; x_wconf 84' lang='lat' dir='ltr'><strong>quas</strong></span> <span class='ocrx_word' id='word_1_783' title='bbox 1364 2696 1488 2730; x_wconf 59' lang='lat' dir='ltr'><strong>Anguste</strong></span> <span class='ocrx_word' id='word_1_784' title='bbox 1519 2696 1717 2723; x_wconf 85' lang='lat' dir='ltr'><strong>mansuetudini</strong></span> <span class='ocrx_word' id='word_1_785' title='bbox 1746 2703 1846 2724; x_wconf 82' lang='lat' dir='ltr'><strong>necnon</strong></span> <span class='ocrx_word' id='word_1_786' title='bbox 1869 2702 1891 2723; x_wconf 76' lang='lat' dir='ltr'><strong>et</strong></span> 
     </span>
    </p>
   </div>
   <div class='ocr_carea' id='block_1_113' title="bbox 1110 2739 1889 2774">
    <p class='ocr_par' dir='ltr' id='par_1_113' title="bbox 1110 2739 1889 2774">
     <span class='ocr_line' id='line_1_113' title="bbox 1110 2739 1889 2774; baseline 0.005 -9"><span class='ocrx_word' id='word_1_787' title='bbox 1110 2739 1205 2766; x_wconf 84' lang='lat' dir='ltr'><strong>Pholio</strong></span> <span class='ocrx_word' id='word_1_788' title='bbox 1219 2748 1267 2774; x_wconf 82' lang='lat' dir='ltr'><strong>per</strong></span> <span class='ocrx_word' id='word_1_789' title='bbox 1282 2741 1389 2767; x_wconf 67' lang='lat' dir='ltr'><strong>eosdem</strong></span> <span class='ocrx_word' id='word_1_790' title='bbox 1407 2741 1502 2767; x_wconf 85' lang='lat' dir='ltr'><strong>missos</strong></span> <span class='ocrx_word' id='word_1_791' title='bbox 1524 2745 1631 2768; x_wconf 86' lang='lat' dir='ltr'><strong>nostros</strong></span> <span class='ocrx_word' id='word_1_792' title='bbox 1645 2741 1889 2773; x_wconf 79' lang='lat' dir='ltr'><strong>destinaveramus.</strong></span> 
     </span>
    </p>
   </div>
   <div class='ocr_carea' id='block_1_114' title="bbox 1109 2786 1889 2821">
    <p class='ocr_par' dir='ltr' id='par_1_114' title="bbox 1109 2786 1889 2821">
     <span class='ocr_line' id='line_1_114' title="bbox 1109 2786 1889 2821; baseline 0.004 -10"><span class='ocrx_word' id='word_1_793' title='bbox 1109 2786 1129 2811; x_wconf 83' lang='lat' dir='ltr'><strong>si</strong></span> <span class='ocrx_word' id='word_1_794' title='bbox 1160 2786 1194 2812; x_wconf 82' lang='lat' dir='ltr'><strong>ita</strong></span> <span class='ocrx_word' id='word_1_795' title='bbox 1222 2791 1282 2812; x_wconf 82' lang='lat' dir='ltr'><strong>Stllll</strong></span> <span class='ocrx_word' id='word_1_796' title='bbox 1301 2786 1369 2821; x_wconf 87' lang='lat' dir='ltr'><strong>apud</strong></span> <span class='ocrx_word' id='word_1_797' title='bbox 1391 2796 1438 2814; x_wconf 83' lang='lat' dir='ltr'><strong>vos</strong></span> <span class='ocrx_word' id='word_1_798' title='bbox 1462 2787 1686 2821; x_wconf 81' lang='lat' dir='ltr'><strong>quemadmodum</strong></span> <span class='ocrx_word' id='word_1_799' title='bbox 1702 2795 1716 2814; x_wconf 67' lang='grc' dir='ltr'>τι</span> <span class='ocrx_word' id='word_1_800' title='bbox 1733 2788 1810 2815; x_wconf 86' lang='lat' dir='ltr'><strong>nobis</strong></span> <span class='ocrx_word' id='word_1_801' title='bbox 1827 2787 1889 2815; x_wconf 58' lang='lat' dir='ltr'><strong>fuere</strong></span> 
     </span>
    </p>
   </div>
   <div class='ocr_carea' id='block_1_115' title="bbox 1108 2832 1889 2867">
    <p class='ocr_par' dir='ltr' id='par_1_115' title="bbox 1108 2832 1889 2867">
     <span class='ocr_line' id='line_1_115' title="bbox 1108 2832 1889 2867; baseline 0.005 -11"><span class='ocrx_word' id='word_1_802' title='bbox 1108 2832 1273 2858; x_wconf 68' lang='lat' dir='ltr'><strong>transntisszc</strong></span> <span class='ocrx_word' id='word_1_803' title='bbox 1287 2853 1293 2859; x_wconf 93' lang='lat'><strong><em>.</em></strong></span> <span class='ocrx_word' id='word_1_804' title='bbox 1313 2838 1437 2866; x_wconf 74' lang='lat' dir='ltr'><strong>patenter</strong></span> <span class='ocrx_word' id='word_1_805' title='bbox 1450 2837 1574 2867; x_wconf 85' lang='lat' dir='ltr'><strong>poterunt</strong></span> <span class='ocrx_word' id='word_1_806' title='bbox 1587 2832 1716 2860; x_wconf 83' lang='lat' dir='ltr'><strong>indicare.</strong></span> <span class='ocrx_word' id='word_1_807' title='bbox 1733 2832 1800 2860; x_wconf 73' lang='lat' dir='ltr'><strong>Nam</strong></span> <span class='ocrx_word' id='word_1_808' title='bbox 1815 2834 1837 2860; x_wconf 84' lang='lat' dir='ltr'><strong>si</strong></span> <span class='ocrx_word' id='word_1_809' title='bbox 1849 2840 1889 2860; x_wconf 80' lang='lat' dir='ltr'><strong>nos</strong></span> 
     </span>
    </p>
   </div>
  </div>
