4050 6324
164 342 371 454 sese
1424 392 1783 456 EPISTOLE
1822 390 1912 450 ET
1968 388 2311 451 DECRETA.
3351 375 3490 462 ton

160 530 303 585 pro
374 510 691 570 dillinienda
739 513 1106 570 controversia
1167 511 1352 569 fratris
1396 510 1569 569 nostri
1619 510 1809 585 lgnalii
1842 496 1886 574 Α
1916 518 2033 565 rato
2081 510 2172 580 pio
2207 510 2451 583 Augusto
2496 510 2575 568 eis
2625 512 2872 570 dedimus
2909 504 3261 575 offerendum.
3313 518 3491 577 Porro'

166 614 346 661 tunc
371 605 575 677 legatis
611 607 811 662 nostris
850 606 1140 679 quidquam
1168 606 1540 679 praecepimus,
1574 604 1656 659 vel
1685 618 1808 659 eum
1913 600 2128 657 tertium
2158 601 2359 657 eisdem
2401 603 2591 675 legatis
2641 606 2844 663 nostris
2883 608 3213 678 praebuimus
3239 652 3255 678 ,
3308 613 3493 685 injun-

176 699 572 771 tlamnationi
603 698 795 769 subjici
827 699 1184 765 decrevimus,
1212 708 1272 754 ut
1300 697 1431 769 quid
1462 713 1563 753 nec
1589 706 1805 751 senten-
1910 700 2099 760 gentes
2121 699 2182 746 ιιι
2207 693 2310 747 hoc
2346 693 2451 750 Sibi
2476 694 2543 749 ad
2571 695 2981 755 inslruclionem
3028 715 3179 757 suam
3226 713 3492 776 languam

169 760 351 844 tiam
401 760 739 845 didiuitivam
770 792 1065 860 suscipere,
1094 760 1217 846 licet
1242 760 1347 846 non
1372 789 1530 859 digne
1556 800 1653 842 nec
1678 784 1809 859 legi-
1910 782 2188 879 speculum
2214 799 2326 854 prae
2359 785 2531 841 oculis
2567 785 2771 859 iugiter
2812 790 3054 879 habitum
3096 808 3486 865 reservarem.

178 879 353 949 μακε
419 881 863 948 damnaverim,
926 889 1165 935 attamen
1218 887 1694 951 quantumcunque
1752 884 1810 931 et
1910 880 1966 928 et
1989 888 2112 928 cum
2134 872 2597 947 Constantinopoli
2620 872 2915 937 conventus
2940 882 3094 939 fieret
3117 886 3490 959 sacerdotum,

174 942 715 1041 quomodocunque
757 942 1148 1027 contradixisse
1178 1011 1194 1037 ,
1235 942 1305 1025 ac
1346 984 1414 1025 ne
1450 968 1810 1039 deponeretur
1910 964 1963 1051 in
1992 981 2101 1036 quo
2136 983 2166 1021 a
2198 966 2388 1039 legatis
2417 972 2622 1026 nostris
2644 975 3016 1030 comminister
3042 986 3228 1034 noster
3245 979 3490 1051 lgnatius

178 1062 499 1119 restitisse
526 1103 542 1128 ,
600 1064 929 1133 probantur;
977 1063 1239 1135 siquidem
1264 1102 1281 1129 ,
1333 1071 1394 1118 ut
1431 1069 1624 1119 caetera
1662 1078 1808 1118 nunc
1909 1048 2087 1109 fuerat
2107 1056 2423 1125 audiendus,
2443 1060 2489 1114 si
2512 1061 2767 1131 praefatus
2794 1062 3070 1135 Augustus
3099 1048 3487 1127 nolletibidem

180 1170 657 1212 commemorare
685 1154 1011 1220 dideramus,
1043 1156 1097 1212 in
1133 1156 1358 1227 epistola
1386 1155 1649 1226 imperiali
1677 1155 1785 1210 didi

1907 1143 2009 1199 sibi
2044 1146 2268 1201 missum
2300 1149 2518 1204 recitari
2564 1150 2805 1222 epistolae
2833 1162 3031 1209 nostrae
3072 1154 3342 1225 volumen,
3381 1159 3488 1230 ipsi

182 1232 403 1300 cimus
430 1245 700 1317 quomodo
727 1247 802 1301 illi
838 1263 944 1303 non
969 1246 1140 1303 solum
1174 1262 1493 1303 consensum
1520 1247 1807 1303 noluerunt
1908 1235 2012 1290 Ῑιοο
2030 1236 2171 1306 Ψιοά
2199 1235 2302 1292 mis
2326 1239 2465 1309 θριιά
2492 1253 2551 1295 5°
2580 1241 2918 1297 retinendum
2941 1242 3286 1312 dedcmmllss
3315 1263 3413 1318 qur
3428 1255 3484 1305 J-

184 1334 397 1411 ipsius
425 1338 667 1406 praebere
696 1338 1019 1394 damnationi
1040 1379 1055 1406 ,
1083 1355 1267 1395 verum
1297 1341 1461 1394 etiam
1486 1338 1717 1410 qualiter
1737 1346 1806 1395 ne
1905 1338 2012 1415 (ille
2065 1326 2226 1381 υηῖυε
2277 1324 2464 1382 roma
2508 1342 2605 1399 Per
2648 1332 2828 1385 omnia
2862 1346 2985 1387 cum
3034 1334 3243 1391 οωῐθτὶε
3275 1336 3488 1394 duobus

186 1401 438 1504 tantum
463 1429 729 1499 piaculum
762 1432 1189 1487 committeretur
1241 1432 1634 1487 interdixerunt
1671 1454 1682 1488 :
1718 1448 1781 1488 cu

1904 1408 2132 1482 quorum
2153 1416 2266 1486 jam
2297 1419 2622 1474 mentionem
2646 1420 2897 1489 fecimus,
2929 1432 3067 1491 erat,
3104 1426 3159 1481 in
3204 1427 3320 1498 ipso
3349 1445 3482 1485 con-

2104 1505 2336 1526 .__-_L.
2381 1516 2421 1526 ,,
2458 1524 2467 1526 Α
2504 1508 2517 1526 .
2956 1513 2969 1526 .

184 1496 481 1591 profecta
505 1530 560 1575 et
598 1521 699 1592 ipsi
738 1523 958 1577 minime
983 1523 1443 1588 contradicerent,
1473 1523 1518 1579 si
1545 1533 1604 1578 ut
1635 1524 1787 1595 depo-

1904 1513 2069 1559 ventu
2102 1505 2343 1577 legerent
2369 1516 2426 1563 et
2452 1508 2518 1564 ad
2548 1510 2794 1565 notitiam
2825 1513 3064 1569 omnium
3089 1496 3326 1573 vestrum
3351 1534 3489 1591 quo:

1906 1596 2276 1620 h-.l----.._-_-
2322 1594 2571 1620 _-..l'_,_'_-,
2604 1611 2617 1620 .
2701 1603 2754 1620 Δ.
2803 1603 2876 1620 uno
3128 1608 3140 1620 ι
3226 1619 3231 1620 ,
3344 1608 3378 1620 ι.

189 1611 408 1685 sitioni
445 1612 561 1681 ejus
590 1614 930 1681 interessent,
955 1632 1053 1672 nos
1081 1616 1182 1673 sibi
1211 1617 1520 1674 mandatum
1552 1619 1787 1675 tribuiss¢

1906 1596 2281 1669 modocunque
2320 1596 2641 1671 perferrent.
2687 1603 2760 1659 At
2802 1603 2877 1659 illi
2921 1608 3300 1677 pervenientes
3339 1608 3484 1666 Con-

1905 1689 2307 1713 nlnn-!-_-_-l!_-
2410 1693 2569 1713 __2_.!A
2621 1693 2871 1713 S_-_u--,,,._
2917 1695 2929 1708 ³
3082 1707 3093 1713 -
3168 1708 3179 1713 Α
3228 1701 3261 1713 ,ι
3376 1702 3387 1713 ι
3471 1711 3479 1713 .

189 1680 559 1770 accelerent;
607 1713 665 1760 et
715 1705 1065 1762 charissimus
1115 1707 1256 1763 filius
1306 1719 1492 1764 noster
1524 1710 1649 1780 pius
1689 1709 1787 1765 Au

1905 1689 2310 1761 stantinopolim
2339 1732 2354 1757 ,
2410 1693 2573 1749 minis
2620 1693 2981 1766 imperatoriae
3007 1701 3310 1767 potestatis,
3344 1702 3488 1757 sicut

190 1804 438 1871 gustus,
467 1796 570 1850 uisi
620 1796 738 1852 illos
785 1807 985 1870 praeter
1027 1800 1322 1870 juSsionem
1351 1812 1593 1857 nostram
1624 1803 1801 1875 egisse
1837 1874 1859 1878 Α
1905 1783 2004 1851 ίρδί
2057 1792 2245 1878 Ροδιθθ
2300 1783 2640 1878 falcPantF'r,
2684 1787 2971 1855 ἀθίθτνίίί»
3019 1789 3217 1861 ⁸ΡΓθ¹Ῐ³
3263 1792 3486 1878 {nonius

193 1884 566 1953 claresceret,
597 1902 690 1943 eos
728 1899 783 1944 ει
828 1890 984 1947 nobis
1019 1893 1398 1949 commendare
1423 1903 1478 1949 ει
1503 1873 1675 1964 ευρθιζ
1693 1895 1796 1950 hu-
1830 1873 2122 1936 Bnostris,
2149 1887 2213 1929 ac
2236 1875 2479 1945 epistolis
2506 1876 2608 1932 sibi
2635 1891 2664 1932 a
2701 1879 2857 1934 nobis
2882 1894 3065 1934 coram
3109 1888 3218 1937 tota
3239 1873 3486 1945 Ecclesia

189 1972 517 2051 iuseemodi
543 1993 681 2034 noxa
704 1981 1149 2051 transgressionis
1173 1996 1436 2038 excusare
1463 1982 1612 2038 nullo
1639 1983 1799 2038 modo

194 2065 483 2122 studeret.
508 2066 628 2122 Jam
657 2082 785 2123 vero
813 2069 858 2123 si
887 2068 1065 2124 dicitis
1092 2072 1441 2140 quamobrem
1472 2071 1595 2127 illos
1630 2072 1797 2144 depo-

196 2156 638 2222 suerimus,cum
657 2173 751 2214 eos
771 2159 822 2213 in
838 2159 1330 2232 damnationesaepe
1348 2160 1442 2218 fati
1473 2164 1644 2232 patria
1654 2165 1797 2220 rcha:

195 2230 530 2301 consentire
557 2248 795 2327 nojuisse
826 2258 934 2303 tam
961 2251 1146 2305 sciatis
1175 2230 1489 2319 manifeste,
1506 2255 1796 2324 responde-

203 2351 336 2409 rnus
369 2337 498 2408 quia
546 2338 684 2393 nihil
730 2339 835 2394 illis
879 2340 1078 2396 bonum
1107 2341 1311 2413 profuit
1336 2341 1623 2400 inchoasse
1658 2344 1793 2400 etin

200 2427 460 2483 bonltate
480 2429 701 2505 minime
714 2431 1040 2502 perdurasse
1058 2474 1075 2500 ,
1101 2433 1355 2503 quoniam
1383 2435 1474 2507 qui
1501 2453 1801 2519 persevera-3

200 2521 343 2599 gerit
374 2538 539 2597 usque
565 2524 619 2577 in
645 2523 828 2591 ﬁnem,
855 2524 940 2577 hic
968 2523 1142 2578 saluus
1167 2526 1265 2578 erit
1298 2523 1516 2597 (Matth.
1547 2524 1624 2599 χ).
1656 2523 1795 2592 Quid

206 2590 651 2686 enim‘proderit
704 2613 863 2669 alicui
912 2629 1010 2685 pro
1054 2615 1283 2672 veritate
1310 2615 1545 2686 primum
1574 2617 1795 2685 quidem

210 2682 478 2775 impetum
507 2702 637 2759 dare
660 2743 676 2771 ,
707 2712 761 2759 et
795 2682 931 2775 posti
958 2703 1231 2775 paululum
1267 2682 1362 2761 aut
1410 2682 1749 2763 suasionibus
1772 2748 1795 2773 ,

209 2768 310 2859 aint
344 2768 687 2859 terroribus,
730 2768 825 2848 aut
850 2768 1163 2863 aliquolibet
1186 2795 1328 2865 rvitio
1354 2810 1385 2851 a
1416 2796 1660 2853 veritatis
1683 2805 1794 2852 tra-

210 2882 349 2947 niite
385 2881 694 2939 declinare?
718 2883 886 2941 Porro
919 2885 964 2940 si
1004 2884 1198 2942 Vitalis
1223 2895 1279 2942 et
1308 2886 1544 2944 Misenus
1575 2903 1606 2944 a
1632 2887 1794 2945 beato

210 2971 394 3031 Felice
440 2989 575 3045 papa
621 2975 825 3033 honore
869 2976 1072 3045 pariter
1098 2986 1147 3032 et
1180 2977 1559 3036 communione
1596 2979 1794 3050 privati

212 3072 360 3136 sunt,
392 3065 484 3134 qui
509 3064 636 3119 olim
675 3066 742 3120 ad
783 3065 932 3131 talia,
963 3068 1415 3136 quemadmodum
1464 3069 1577 3126 isti
1601 3086 1745 3127 nunc
1772 3109 1792 3136 ,

213 3134 300 3227 vel
333 3151 545 3222 impulsi
571 3152 653 3208 vel
680 3153 871 3223 dilapsi
897 3134 1050 3221 sunt;
1095 3164 1296 3226 quanto
1332 3158 1517 3228 potius
1546 3158 1635 3213 isti
1670 3134 1790 3229 pari

215 3239 410 3305 debent
440 3242 627 3297 ultioni
657 3244 1031 3311 succumbere,
1069 3246 1161 3316 qui
1187 3260 1373 3317 parem
1402 3249 1618 3319 quidem
1649 3265 1789 3321 prat-

217 3330 620 3399 varicationem,
651 3331 747 3386 sed
776 3348 882 3387 non
932 3348 1115 3403 pares,
1168 3334 1278 3391 imo
1325 3336 1792 3408 Constantinopoli

216 3419 387 3489 nullas
420 3435 640 3491 poenas,
692 3421 835 3477 sicut
890 3423 963 3476 illi
1016 3426 1288 3494 quondam
1335 3431 1577 3500 perpessi
1622 3430 1795 3487 sunt!

218 3506 382 3586 Porro
408 3510 453 3567 si
486 3526 584 3568 nos
616 3510 737 3568 ideo
766 3514 959 3569 missos
990 3523 1205 3571 nostros
1251 3517 1698 3586 destinassemus,
1731 3530 1793 3576 ut

219 3582 333 3656 vice
362 3610 541 3657 nostra
569 3602 760 3672 lgnatii
792 3613 973 3660 essent
999 3607 1198 3678 negotii
1240 3606 1476 3677 judices,
1532 3613 1791 3681 quemad-

221 3693 428 3753 modum
462 3695 807 3766 imperatoria
834 3697 1149 3766 perhibebat
1179 3700 1406 3771 epistola
1437 3716 1534 3772 per
1555 3701 1789 3760 Leonem

223 3797 250 3849 a
274 3783 489 3839 secretis
513 3784 698 3855 missa,
727 3802 846 3855 quae
872 3786 1186 3844 latrocinale
1233 3788 1364 3844 illud
1390 3793 1700 3870 concilium,
1733 3794 1788 3851 in

222 3889 324 3957 quo
348 3875 585 3947 lgnatius
609 3878 801 3949 deponi
833 3888 1052 3949 putatus
1080 3889 1162 3935 est
1183 3921 1197 3946 ,
1243 3881 1504 3955 judicium
1538 3872 1791 3943 nostrum

224 3964 379 4041 fuisse
414 3983 520 4043 non
548 3968 817 4023 veraciter
860 3972 1136 4026 asserebat
1162 3989 1177 4027 :
1199 3972 1441 4043 profecto
1462 3985 1591 4032 ante
1620 3980 1789 4035 totius

224 4056 326 4121 litis
365 4059 649 4114 motionem
697 4068 862 4130 atque
905 4061 1084 4117 omnis
1122 4062 1332 4119 initium
1356 4069 1740 4124 controversia:
1764 4110 1797 4141 ,_

226 4148 390 4229 sedem
417 4149 464 4204 ei
508 4150 782 4221 propriam
828 4152 1040 4207 restitui
1068 4155 1257 4225 procul
1288 4156 1453 4213 dubio
1484 4161 1791 4219 censuisse-

227 4259 357 4321 mus,
382 4253 439 4299 ut
468 4245 708 4316 legitime
743 4246 998 4323 nimirum
1029 4248 1296 4320 reciperet
1325 4251 1466 4321 quod
1494 4251 1639 4309 nulla
1666 4253 1786 4326 lege

228 4335 445 4401 dictante
467 4337 816 4408 perdiderat;
848 4348 1011 4411 atque
1039 4356 1136 4412 per
1158 4342 1585 4399 ecclesiasticum
1615 4360 1780 4401 cano-

228 4439 338 4499 nem
361 4437 652 4485 resumeret
671 4430 812 4500 quod
835 4430 909 4485 illi
929 4433 1166 4503 potentia
1187 4433 1461 4490 saecularis
1481 4436 1779 4505 ademerat,

229 4526 471 4589 quatenus
508 4521 588 4577 sic
618 4522 810 4578 deinde
848 4525 975 4580 sede
1010 4526 1229 4596 propria
1272 4542 1485 4584 necnon
1512 4536 1568 4584 et
1598 4530 1778 4586 omni-

229 4607 319 4688 bus
345 4610 447 4666 suis
474 4619 599 4667 ante
636 4613 891 4682 receptis,
922 4614 1233 4687 viribusque
1263 4618 1573 4689 resumptis,
1607 4620 1773 4677 vesti-

231 4680 427 4768 tusjam
455 4711 511 4755 et
541 4680 804 4767 armatus,
841 4717 962 4757 cum
992 4680 1395 4762 accusatoribus
1431 4708 1545 4763 suis
1595 4718 1795 4769 certa-,

232 4791 373 4859 minis
399 4806 644 4862 campum
680 4800 735 4846 et
768 4790 926 4862 litigii
955 4793 1260 4850 conflictum
1300 4806 1486 4867 posset
1512 4799 1773 4870 arripere.

233 4879 365 4953 Quod
390 4896 509 4957 cum
539 4881 592 4935 in
619 4881 905 4937 mundanis
929 4883 1159 4953 negotiis
1184 4883 1390 4954 legibus
1417 4886 1533 4942 fieri
1554 4902 1778 4945 censea-

235 4979 327 5035 tur,
354 4968 512 5024 multo
541 4968 712 5040 magis
751 4979 811 5024 ut
848 4971 903 5024 in
942 4972 1325 5029 ecclesiasticis
1370 4984 1532 5045 atque
1579 4976 1776 5033 divinis

235 5061 587 5117 observaretur
620 5061 805 5116 debuit
842 5062 1143 5133 praevideri.

263 5213 269 5219 ν
294 5152 537 5209 Praeterea
565 5152 779 5223 quando
807 5150 1063 5224 praefatos
1107 5152 1305 5211 missos
1332 5171 1364 5211 a
1395 5156 1550 5212 nobis
1577 5157 1778 5214 direxi-

237 5261 356 5314 mus,
380 5243 653 5317 epistolam
694 5259 857 5315 quam
880 5244 961 5300 eis
984 5246 1419 5303 mansuetissimo
1440 5248 1791 5319 imperatori,

238 5339 356 5395 sicut
386 5336 738 5409 praetulimus,
777 5336 1012 5392 dandam
1062 5337 1365 5394 tribuimus.
1399 5340 1454 5395 in
1486 5342 1660 5398 tribus
1683 5359 1778 5393 Vn-

237 5426 513 5495 luminibus,
539 5442 646 5481 uno
671 5425 969 5496 eodemque
1011 5432 1197 5482 tenore
1224 5442 1290 5483 ac
1315 5429 1517 5485 eisdem
1550 5430 1772 5501 Syllabis

239 5516 374 5585 scribi
407 5516 775 5589 praecepimus.
816 5516 883 5573 Et
933 5533 1103 5572 unum
1129 5518 1346 5588 quidem
1392 5535 1462 5577 ex
1513 5522 1602 5578 hic
1628 5526 1768 5593 apud

240 5624 321 5675 nos
348 5623 431 5678 pro
453 5605 633 5661 futuro
656 5606 1331 5677 testimonio‘retinuimus,
1359 5613 1594 5682 suspecti
1623 5614 1771 5669 vide-

241 5701 343 5756 licet
359 5700 458 5771 jam
501 5699 568 5754 de
610 5698 905 5755 fraudauda
946 5699 1194 5772 epistola,
1231 5703 1375 5773 quod
1418 5712 1601 5775 postea
1646 5720 1771 5777 pro-

245 5788 465 5846 bavimus.
492 5789 648 5844 Aliud
673 5804 821 5856 vero,
851 5797 909 5845 ut
935 5792 1271 5860 praemissum
1295 5803 1401 5862 est,
1430 5793 1542 5865 jam
1566 5811 1770 5854 memo-

1806 4567 1860 4629 Ι)

1901 1970 2089 2017 nostra
2118 1963 2277 2029 datis,
2307 1966 2416 2021 imo
2441 1967 2739 2038 postposito
2767 1969 2959 2024 timore
2980 1970 3096 2037 Dei,
3118 1972 3274 2028 sicuti
3294 1983 3485 2044 postea

1898 2052 2116 2121 claruit,
2147 2055 2201 2110 in
2245 2059 2576 2113 contrarium
2602 2068 2816 2115 vertere
2858 2063 3039 2117 omnia
3067 2078 3187 2134 quae
3213 2066 3318 2121 sibi
3362 2065 3483 2123 fue-

1900 2151 2024 2198 rant
2079 2144 2363 2216 imperata.
2408 2147 2652 2219 Denique
2688 2157 2744 2204 et
2783 2164 2907 2205 cum
2944 2151 3136 2207 Photio
3192 2155 3480 2223 adultero,

1898 2231 2155 2290 Ecclesiae
2191 2236 2440 2294 invasere
2470 2246 2632 2309 atque
2674 2241 2979 2314 neophyto,
3006 2244 3149 2314 quod
3173 2244 3275 2301 sibi
3299 2247 3482 2302 multi-

1896 2324 2111 2396 pliciter
2136 2328 2469 2399 prohibitum
2498 2328 2705 2395 fuerat,
2735 2331 2877 2387 inter
2904 2344 3251 2391 sacrosancta
3278 2348 3481 2409 myste-

1897 2414 1977 2471 ria
2009 2420 2565 2485 communicaverunt,
2607 2430 2664 2477 et
2706 2422 2971 2493 lgnatium
3011 2426 3185 2482 virum
3215 2442 3397 2484 senem
3424 2439 3482 2485 et

1894 2516 2168 2576 sanctum,
2202 2527 2266 2567 ac
2295 2526 2393 2582 per
2418 2512 2699 2568 duodecim
2731 2530 2904 2571 annos
2941 2516 3257 2576 innocenter
3291 2521 3478 2587 Eccle:

1894 2595 2032 2651 s’iam
2075 2596 2170 2653 Dei
2203 2607 2501 2670 regentem,
2530 2609 2581 2656 et
2612 2602 2892 2660 nobiscum
2924 2613 2981 2660 et
3009 2608 3283 2665 vobiscum
3311 2602 3503 2683 atque.

1896 2700 2019 2741 cum
2050 2688 2343 2747 universali
2373 2698 2428 2746 et
2451 2691 2754 2749 orthodoxa
2787 2695 3025 2753 Ecclesia
3069 2702 3479 2760 communican-

1896 2787 2025 2857 tem,
2041 2779 2757 2854 Constantinopolitanorum
2770 2786 2994 2845 factioni
3015 2790 3477 2861 perniciosissima

1893 2873 2262 2940 concinentes,
2295 2874 2710 2945 damnaverunt,
2738 2888 2795 2935 et
2824 2881 3252 2940 sacerdotalibus
3284 2884 3477 2940 infulis

1892 2962 2246 3032 exspoliatum
2288 2965 2357 3021 ab
2397 2966 2651 3024 Ecclesiae
2698 2970 2958 3041 regimine
3004 2974 3180 3028 modis
3220 2976 3480 3033 omnibu-

1892 3053 2232 3125 expulerunt.
2270 3055 2441 3124 Quem
2500 3075 2609 3115 non
2659 3058 2732 3116 ita
2776 3060 3173 3132 justifieamus,
3227 3075 3289 3122 ut
3337 3056 3485 3129 nihil

1848 3166 1867 3231 μ
1895 3142 2041 3198 hunc
2062 3145 2480 3215 reprehensione
2515 3149 2733 3220 dignum
2763 3152 3047 3211 admisisse
3077 3157 3345 3223 dicamus.
3371 3175 3477 3231 pro

1816 3215 1867 3279 (Ζ
1896 3247 2005 3302 quo
2054 3232 2284 3291 fortasse
2317 3238 2513 3294 merito
2538 3215 2794 3310 poterat,
2841 3243 3082 3316 legitima
3133 3215 3477 3325 discussione

1896 3322 2062 3393 facta,
2089 3327 2369 3398 quodlibet
2396 3332 2670 3389 canonica:
2712 3334 2952 3406 jaculum
2998 3341 3109 3411 pati
3145 3345 3427 3405 sententiae
3450 3388 3470 3414 ,

1894 3432 2017 3472 eum
2042 3419 2305 3489 scriptum
2335 3420 2388 3475 in
2421 3424 2730 3492 apostolicis
2760 3427 2954 3484 litteris
2985 3431 3474 3504 confiteamur,'di-

1895 3506 2122 3565 Centesz
2166 3509 2235 3565 In
2263 3512 2439 3566 inullis
2484 3515 2799 3585 oﬂ‘endinms
2847 3537 3023 3576 omnes
3061 3523 3200 3595 (Jac.
3251 3529 3365 3597 m);
3413 3506 3479 3585 et.

1896 3612 2084 3653 rursus
2117 3616 2132 3653 :
2165 3598 2226 3655 Si
2253 3600 2541 3655 dixerimus
2567 3605 2691 3674 quia
2725 3620 2995 3675 peccatum
3032 3628 3135 3666 non
3183 3613 3469 3682 habemus,

1894 3689 2131 3759 nosipsos
2143 3690 2437 3746 seducimus
2451 3703 2497 3746 et
2512 3695 2700 3749 veritas
2714 3698 2767 3749 in
2781 3698 2926 3752 nobis
2943 3716 3046 3753 non
3067 3710 3141 3755 est
3159 3701 3211 3774 (I
3223 3704 3385 3761 Joan.
3403 3706 3467 3779 ι).

1895 3776 2000 3833 Sed
2029 3779 2101 3834 ita
2127 3779 2375 3836 volumus
2396 3792 2451 3838 et
2484 3784 2557 3838 ita
2586 3787 2930 3844 decernimus
2960 3790 3259 3850 istiusmodi
3289 3776 3470 3867 ponti-

1892 3867 2047 3925 ﬁcem
2077 3872 2236 3943 digna
2258 3889 2356 3945 pro
2376 3873 2535 3931 factis
2559 3878 2798 3950 recipere
2821 3921 2835 3945 ,
2861 3890 2922 3935 ut
2946 3884 3279 3942 sacerdotale
3303 3890 3470 3946 decus

1890 3961 2107 4030 penitus
2132 3979 2240 4019 non
2273 3965 2514 4033 vilescat,
2548 3983 2645 4022 nec
2675 3979 2781 4024 tam
2805 3970 2961 4030 facile
2984 3976 3309 4045 pontificalis
3329 3996 3470 4057 apex

1889 4058 2032 4107 terra
2096 4062 2252 4111 tenus
2317 4057 2647 4113 incurvetur.
2702 4059 2821 4128 Ita,
2871 4063 3134 4135 inquam,
3192 4069 3465 4139 volumus,

1888 4150 1942 4198 et
1988 4141 2063 4197 ita
2111 4146 2450 4203 decernimus
2501 4146 2667 4217 hunc,
2701 4151 2809 4208 imo
2842 4169 3220 4231 quemcunque
3246 4164 3471 4239 pontilif

1884 4250 2028 4303 cem,
2048 4237 2210 4306 justa:
2237 4240 2390 4295 subdi
2441 4246 2743 4313 sententite,
2789 4257 2848 4304 ut
2895 4268 2999 4306 non
3037 4269 3066 4309 a
3114 4237 3475 4333 saecularibus;

1885 4327 2293 4401 quibuscunque
2314 4330 2617 4400 judicetur,
2651 4352 2759 4393 non
2806 4344 3086 4412 tyranniee
3110 4327 3473 4419 propellatur;

1885 4433 1990 4473 non
2039 4428 2166 4474 ante
2196 4421 2529 4477 audientiam
2570 4423 2811 4483 Ecclesia
2840 4445 2937 4487 sua
2962 4434 3227 4504 privetur,
3256 4454 3362 4496 non
3389 4441 3461 4499 ab

1886 4505 2234 4567 inferioribus
2263 4511 2359 4567 sed
2391 4528 2421 4568 a
2457 4503 2679 4582 majoris
2704 4503 3044 4579 auctoritatis
3070 4538 3301 4596 persona
3324 4534 3461 4588 recti

1884 4599 2074 4657 calculi
2102 4603 2428 4659 sententiam
2457 4619 2835 4679 consequatur.
3296 4684 3297 4687 η

1954 4690 2032 4747 lta
2063 4694 2294 4764 denique
2325 4692 2573 4754 volumus
2597 4707 2653 4755 et
2677 4698 2750 4755 ita
2774 4702 3115 4761 decernimus
3140 4706 3318 4777 istius,
3347 4711 3473 4783 imo,

1881 4797 2011 4838 vero
2036 4794 2350 4841 cunctorum
2391 4791 2731 4845 sacerdotum
2768 4807 2959 4848 causas
2990 4798 3301 4857 examinare
3342 4804 3467 4871 culo,

1881 4887 2048 4943 pasve
2074 4875 2282 4946 punire,
2312 4885 2372 4931 ut
2410 4887 2670 4947 paternos
2716 4882 2977 4940 terminos
3026 4902 3135 4943 non
3185 4897 3469 4965 transgreg

1882 4961 2118 5030 diamur,
2145 4980 2328 5022 sacros
2356 4980 2592 5023 canones
2618 4985 2725 5025 non
2754 4973 3162 5044 conculeemus,
3211 4995 3312 5039 nec
3340 4961 3456 5042 vde.

1880 5051 2102 5117 cretalia
2132 5054 2276 5109 sedis
2301 5056 2609 5125 apostolica:
2635 5060 2952 5128 constituta,
2980 5062 3176 5135 quibus
3206 5069 3451 5132 Ecclesia

1880 5151 1992 5225 tota
2031 5142 2251 5201 fulcitur
2270 5155 2433 5219 atque
2455 5146 2725 5219 munitur,
2760 5160 3139 5226 quoquomodo
3165 5161 3448 5225 violemus.

1947 5234 2031 5290 Ad
2057 5247 2357 5294 extremum
2387 5238 2462 5297 ita
2490 5242 2737 5303 volumus
2756 5256 2811 5303 et
2836 5248 2911 5304 ita
2939 5251 3282 5316 decernimus
3314 5278 3455 5333 pon-

1876 5326 2097 5396 tilicem,
2133 5332 2524 5406 qualiscunque
2572 5338 2664 5403 sit,
2703 5338 2936 5409 iudicari
2955 5385 2971 5411 ,
2997 5356 3057 5403 ut
3078 5326 3334 5410 Ecclesia;
3361 5358 3451 5415 cui

1876 5429 2077 5517 praeest
2117 5421 2241 5491 jura
2272 5425 2415 5480 nulla
2452 5431 2792 5500 temeritate,
2839 5436 2985 5492 nulla
3032 5447 3465 5517 praesumptione.

1876 5507 2217 5605 frangantur.
2272 5513 2486 5572 Nullum
2540 5520 2739 5592 quippe
2786 5528 2991 5595 poterit
3033 5507 3305 5589 Ecclesiae
3356 5534 3451 5605 jus

1876 5600 2097 5672 dignum
2142 5606 2346 5662 servari
2378 5647 2394 5674 ,
2443 5609 2491 5664 si
2535 5613 2731 5681 praesul
2780 5615 2899 5687 ejus
2935 5635 2968 5674 a
2995 5622 3324 5691 quibuslibet
3357 5600 3451 5680 vel

1874 5695 2223 5766 quandolihet
2247 5739 2263 5765 ,
2297 5709 2353 5756 et
2377 5705 2773 5795 quomodolibet
2800 5711 3118 5795 ipipetatur,
3149 5726 3206 5772 et
3239 5724 3337 5788 pro
3379 5719 3449 5795 li-

1875 5790 1990 5847 bito
2017 5791 2275 5863 cujusque
2304 5802 2449 5851 tanta
2482 5794 2739 5855 facilitate
2765 5790 3011 5873 pellatur.
3045 5805 3198 5873 Quod
3225 5824 3345 5865 cum
3375 5794 3448 5867 ita
