2030 3169
272 176 338 204 1071

1105 119 1119 133 ο

942 173 1079 201 Μεοῐιλι
1098 173 1199 202 ΡᾹΡιΕ
1218 174 1228 200 Ι

1836 173 1918 215 wn

271 231 317 262 sit,
335 237 386 257 non
402 237 546 265 possumus
570 229 676 258 interim
697 230 808 256 fratrem
835 235 955 257 nostrum
983 229 1058 264 lgna-
1072 234 1094 262 Α
1110 229 1257 263 imperialis
1283 229 1386 264 legatus
1409 229 1561 265 augustales
1581 228 1687 258 litteJ'as
1699 249 1708 261 ,
1726 230 1915 265 deprecantes

272 276 352 309 tium,
368 276 561 311 qualiscunque
580 277 636 311 sit,
655 284 706 303 non
732 276 803 303 inter
827 276 1011 304 sanctissimos
1033 281 1060 302 et

271 322 441 349 beatissrmos
450 321 618 356 patriarchas
629 328 840 354 connumerare;
856 321 900 356 qui
916 321 977 348 licet
991 321 1061 355 apud

270 375 320 394 vos
333 367 368 394 sit
383 371 421 393 tot
436 367 601 401 opprobriis,
623 370 662 394 tot
676 360 907 401 persecuiionibus
921 365 1059 401 fatigatus,

271 417 390 440 attamen
403 419 455 438 non
472 412 524 439 nisi
545 412 633 446 qualis
645 420 661 439 a
676 412 863 439 decessoribus
876 412 944 440 meis
956 417 1002 439 est,
1013 412 1061 439 ha-

271 457 356 488 bitus,
379 456 498 484 creditus
516 461 543 484 et
562 461 716 490 Veneratus,
738 458 852 485 habetur
865 477 872 490 ,
897 457 1015 485 creditur
1033 460 1061 484 et

270 506 428 534 veneratur,
440 501 513 528 nullo
523 502 621 537 quippe
635 506 728 529 nostro
743 502 866 530 examine
880 502 992 536 alicujus
1005 502 1059 529 cri-

272 547 353 574 minis
366 554 438 578 rens,
454 547 527 575 nullo
541 552 583 574 est
600 552 692 575 nostro
705 548 815 582 speciali
824 548 925 582 judicio
940 552 1061 582 repertus

268 592 412 624 obnoxius,
429 600 461 619 ac
476 600 524 628 per
537 592 589 620 hoc
603 592 675 620 nulla
688 598 728 621 est
745 598 836 621 nostra
850 594 982 620 sententia
997 601 1061 621 con-

269 637 454 669 demnandus,
471 642 518 665 aut
531 645 546 664 a
560 638 660 665 nostris
673 638 852 673 Ecclesiazque
867 643 965 665 nostra:
984 646 1059 665 eom-

271 682 400 709 munione
424 681 529 718 collegii
557 683 777 717 sequestrandus,
795 688 840 710 aut
857 683 989 718 aliquibus
1007 683 1059 710 nisi

268 728 475 756 honorabilibus
490 729 629 756 vocabulis
644 728 837 764 appellandus;
853 729 899 756 sed
913 729 946 755 ad
962 737 1059 756 narra-

268 774 352 802 tionis
379 775 501 802 ordinem
528 775 679 802 redeamus.
705 774 778 802 Missi
796 779 924 809 praeterea
954 775 1058 808 nostri,

269 821 380 848 tandem
395 820 497 848 reversi
511 841 518 853 ,
534 820 599 847 nihil
619 820 689 847 aliud
708 821 898 847 renuutiavere
911 820 962 847 nisi
978 820 1060 854 depo-

267 865 350 893 situm
364 865 495 900 lgnatinm
509 871 536 893 et
550 865 674 893 Photimn
695 866 721 893 in
744 866 807 893 sede
831 864 1057 900 Constantinopo-

1109 279 1242 309 quatenus
1252 279 1279 303 et
1291 275 1318 303 in
1330 275 1499 310 depositione
1511 276 1604 310 lgnatii
1616 280 1643 303 et
1657 276 1683 303 in
1695 277 1915 313 confirmatione

1110 319 1197 346 I’hotii
1222 328 1381 348 consensum
1403 321 1586 355 praeberemus
1607 326 1634 348 et
1656 323 1912 354 subscriberemus.

1109 367 1144 393 At
1167 375 1225 398 nos,
1241 366 1333 395 divina
1355 367 1469 395 docente
1490 368 1586 403 gratia,
1611 368 1674 395 dum
1700 368 1768 395 idem
1797 368 1915 396 adesset

1110 411 1218 445 missus,
1235 416 1382 440 convocata
1405 416 1459 439 tota
1474 421 1534 448 quae
1555 413 1625 448 apud
1645 421 1695 440 nos
1708 418 1749 441 est
1767 413 1912 446 Ecclesia,

1110 458 1288 491 decrevimus,
1304 463 1331 486 et
1345 459 1499 491 statuimus,
1519 465 1599 494 atque
1614 459 1728 493 professi
1744 468 1840 486 sumus
1860 467 1912 487 co-

1113 510 1171 530 ram
1196 504 1254 539 ipso
1272 508 1299 531 et
1321 512 1411 532 coram
1427 504 1522 532 eadem
1541 509 1635 532 sancta
1658 505 1796 538 Ecclesia,
1823 506 1911 534 sicuti

1112 552 1139 575 et
1155 547 1228 584 [edi¢.
1243 548 1390 585 Rom.,est]
1404 557 1474 577 nunc
1487 558 1534 585 per
1544 551 1666 578 eamdem
1680 559 1711 578 ac
1722 558 1770 585 per
1780 559 1830 578 vos
1843 559 1911 586 pro-

1111 596 1219 624 fitemur
1239 604 1329 624 coram
1352 598 1496 625 universali
1523 602 1615 625 sancta
1639 598 1739 626 Christi
1762 599 1909 631 Ecclesia,

1109 649 1160 677 pro
1180 641 1327 675 dejectione
1338 641 1431 677 lgnatii
1445 643 1487 669 vel
1499 643 1703 670 consecratione
1716 643 1803 670 Photii
1835 652 1909 670 nun-

1109 695 1191 722 quam
1204 687 1318 718 misisse.
1333 695 1470 722 nunquam
1489 688 1620 716 missuros
1644 697 1715 722 esse,
1737 694 1765 717 et
1778 689 1806 716 in
1821 690 1909 725 depo-

1109 733 1207 761 sitione
1220 733 1316 770 lgnatii
1335 739 1362 761 et
1375 735 1544 769 promotione
1564 735 1652 762 Photii
1678 744 1816 770 nunquam
1838 744 1907 764 con~

1109 779 1237 811 sensisse,
1250 786 1386 813 nunquam
1410 786 1589 806 consensuros
1604 788 1673 807 esse.
1690 780 1729 807 Ex
1748 780 1790 807 his
1803 783 1907 815 szepius

1109 824 1188 851 (ﬁctis
1215 828 1242 851 et
1263 824 1351 859 palam
1376 824 1559 856 annuntiatis,
1578 829 1659 860 atque
1682 825 1708 852 in
1733 826 1907 859 apostolatus

1110 870 1196 897 nostri
1212 870 1332 904 epistolis
1346 869 1435 897 taliter
1449 870 1575 902 insertis,
1588 875 1614 897 et
1629 871 1715 898 eidem
1730 871 1811 898 Leoni
1827 880 1842 897 a
1858 875 1908 898 se;

267 911 351 938 litana
366 911 513 938 firmatum.
526 909 592 938 Post
606 912 673 939 duos
686 920 750 939 vero
762 912 819 939 dies
834 911 939 946 legatus
953 919 968 938 a
982 912 1058 939 nobis
1073 906 1096 936 Β
1110 915 1192 942 cretis
1205 919 1259 942 tam
1275 915 1429 950 imperatori
1444 923 1525 949 quam
1540 915 1634 943 Photio
1648 915 1682 942 ad
1703 916 1907 954 defendendum

268 957 419 992 imperialis
444 957 553 985 nomine
572 956 632 984 Leo
652 965 668 984 a
686 957 797 984 secretis
820 961 979 995 susceptus_,
1006 957 1058 984 duo

269 1002 407 1029 volumina
418 1002 525 1034 obtulit,
549 1010 663 1037 quorum
675 1010 757 1029 unum
775 1001 950 1036 depositionis
964 1001 1058 1037 lgnatii

269 1051 344 1082 gesta
358 1047 523 1079 continebat,
544 1046 658 1074 alterum
673 1051 762 1073 autem
778 1046 810 1073 de
829 1045 930 1073 sanctis
942 1046 1059 1073 habebat

268 1092 432 1127 imaginibus
457 1096 534 1125 acta;
565 1099 613 1128 per
637 1100 696 1127 qua:
725 1091 851 1119 videlicet
884 1092 1058 1126 cognovimus

268 1138 330 1171 quia
345 1145 394 1164 nec
408 1137 554 1173 imperator
567 1137 706 1172 epistolam
731 1142 863 1170 nostram,
879 1145 932 1172 qua
948 1137 1058 1164 fratrem

268 1186 296 1209 et
310 1183 498 1217 coepiscopum
514 1186 635 1209 nostrum
651 1182 684 1209 ad
698 1182 782 1210 solam
807 1183 971 1209 audientiam
997 1186 1058 1209 ante

266 1232 440 1263 conspectum
456 1227 601 1255 missorum
612 1232 766 1255 nostrorum
783 1228 910 1255 accersiri
931 1228 1058 1255 decreve-

266 1282 373 1306 ramus,
388 1274 418 1301 in
436 1274 603 1309 depositione
621 1274 706 1309 ipsius
726 1274 927 1302 consacerdotis
950 1274 1056 1307 nostri,

265 1328 326 1354 qua:
338 1321 426 1355 prius,
451 1320 521 1348 sicut
542 1324 662 1355 putatur,
683 1320 754 1348 facta
774 1325 826 1355 est,
848 1321 987 1348 ostendit:
1006 1329 1057 1349 nec

265 1366 347 1393 iidem
362 1366 438 1393 missi
459 1366 546 1393 nostri
562 1366 681 1401 iparilem
699 1365 758 1400 ejus
772 1374 804 1393 ac
825 1373 873 1401 per
888 1366 978 1393 omnia
992 1374 1057 1393 con-

266 1411 393 1443 similem,
410 1418 490 1446 quam
501 1411 577 1439 eisin
591 1411 778 1446 episcoporum
792 1414 925 1438 conventu
942 1411 1057 1440 recitare

262 1457 441 1491 iusseramus,
454 1456 640 1484 demonstrare
651 1460 824 1484 curaverunt.
839 1455 892 1483 Sed
901 1462 960 1487 nec,
971 1463 1057 1490 quan-

264 1505 321 1528 tum
346 1501 373 1528 in
396 1501 498 1529 eisdem
520 1501 701 1528 voluminibus
715 1500 882 1528 inLatinum
900 1507 1053 1528 sermonem

264 1555 298 1574 ex
311 1546 406 1575 Graeco
418 1547 558 1575 translatis
580 1547 733 1582 reperitur,
751 1547 817 1575 ordo
837 1547 983 1583 legitimus,
997 1552 1024 1575 et
1038 1555 1054 1575 a

264 1591 366 1618 sanctis
385 1591 512 1619 Patribus
526 1591 642 1618 usitatus
661 1591 687 1618 in
709 1591 823 1619 lectione
837 1592 921 1626 ipsius
933 1592 1053 1628 epistolae

265 1636 368 1664 exstitit
381 1637 549 1664 observatus.
573 1636 701 1669 Quamvis
714 1641 741 1664 et
765 1636 793 1664 in
811 1637 854 1664 his
875 1645 934 1671 quae
945 1637 974 1664 in
989 1645 1054 1665 con-

264 1687 347 1710 ventu
364 1682 410 1717 qui
424 1682 559 1717 posterius
579 1690 628 1717 pro
646 1683 731 1710 sacris
751 1683 911 1718 imaginibus
925 1682 1054 1711 collectus

266 1732 318 1760 est,
332 1735 365 1755 ex
378 1735 411 1755 ea
421 1728 490 1755 lecta
504 1732 575 1760 sunt,
591 1727 718 1755 nonnulla
727 1727 828 1761 addita,
841 1728 924 1756 multa
936 1733 1052 1762 mutata,

263 1774 343 1810 plura
357 1774 494 1802 subtracta
510 1775 690 1809 reperiantur,
708 1779 736 1802 et
749 1782 799 1810 per
812 1775 904 1802 omnia
931 1774 992 1802 talis
1013 1775 1053 1802 ef-

266 1819 339 1849 fecta
352 1820 387 1847 sit
401 1824 431 1846 ut
443 1824 490 1847 aut
504 1820 571 1847 nihil
583 1823 630 1846 aut
640 1827 737 1854 parum
755 1820 856 1854 aliquid
868 1827 916 1847 nos
929 1827 977 1855 per
992 1827 1052 1847 eam

265 1866 298 1893 de
306 1865 401 1892 crebro
414 1864 478 1891 dicti
489 1865 667 1892 comminislri
682 1865 767 1892 nostri
783 1865 878 1900 lgnatii
890 1865 1052 1900 disposuisse

264 1918 344 1938 causa
358 1910 521 1937 videremur.
538 1910 673 1944 Quidquid
695 1910 766 1936 enim
780 1912 813 1937 de
839 1910 922 1945 ipsius
945 1917 1052 1937 recessu

259 1956 305 1983 vel
320 1955 486 1990 praeiudicio,
500 1956 630 1990 quidquid
645 1957 678 1983 de
691 1957 824 1984 sententia
837 1965 890 1984 non
904 1965 919 1984 a
930 1957 1051 1985 Romano

264 2002 393 2038 pontilice
406 2003 553 2029 secundum
564 2010 666 2030 morem
679 2003 706 2030 in
717 2011 778 2030 eum
791 2003 906 2038 prolata,
922 2004 1052 2039 quidquid

265 2047 299 2074 de
311 2047 420 2074 violatis
431 2048 550 2082 paternis
560 2048 768 2080 diilinitionibus,
777 2049 906 2083 quidquid
917 2049 949 2076 de
963 2049 1051 2077 Pholii

263 2092 460 2126 scripseramus
474 2093 614 2128 irreguluri
632 2095 814 2128 promolionc,
839 2094 909 2121 saltu
933 2095 1050 2130 quodam

262 2135 417 2164 calliditatis
425 2137 659 2164 tranccmientilms
673 2137 679 2172 [
689 2138 709 2171 Ῑ.
720 2138 961 2174 transcendentesj,
969 2138 1051 2166 etiam

261 2187 419 2211 sanctorum
442 2182 555 2209 Patrum
573 2184 710 2215 instituta,
739 2192 798 2217 qua)
825 2184 910 2211 sancti
934 2183 1050 2218 Spiritus

261 2229 353 2258 aillatu
374 2234 435 2257 sunt
449 2230 530 2260 edita.
556 2238 589 2257 ne
611 2231 644 2257 ad
660 2231 766 2258 concilii
780 2232 953 2266 pervenirent
976 2233 1047 2260 noti-

1110 962 1191 994 datis,
1206 961 1279 989 hunc
1299 970 1313 988 a
1328 962 1406 988 nobis
1419 961 1583 989 remisimus.

1143 1007 1226 1043 Igitur
1250 1015 1311 1035 cum
1326 1007 1384 1035 haec
1396 1007 1574 1042 gerebantur,
1588 1006 1706 1036 nondum
1726 999 1907 1038 Rhadoaldns

1108 1056 1136 1081 et
1150 1052 1296 1079 Zacharias
1309 1052 1437 1088 episcopi,
1452 1060 1530 1086 quos,
1546 1058 1575 1079 nt
1586 1053 1755 1087 prmmissunt
1767 1058 1817 1084 est.
1832 1054 1906 1081 Con-

1108 1097 1309 1132 stantinopolim
1337 1099 1509 1129 miseramus.
1529 1099 1697 1126 confessione
1723 1092 1833 1133 propria
1860 1093 1906 1126 vel

1108 1142 1228 1177 synodali
1241 1142 1365 1169 examine
1379 1142 1493 1169 convicti
1506 1146 1592 1173 erant,
1605 1147 1652 1168 aut
1662 1147 1787 1177 patenter
1796 1144 1903 1171 ostensi

1108 1187 1178 1222 quod
1193 1187 1242 1222 ipsi
1254 1187 1437 1221 deposuissent
1448 1188 1588 1222 lgnatium,
1600 1187 1642 1215 vel
1652 1189 1903 1225 communicassent

1107 1233 1229 1260 adultero
1243 1233 1339 1260 Photio
1360 1242 1366 1260 :
1389 1233 1512 1267 quamvis
1526 1233 1577 1260 hoc
1591 1237 1618 1260 et
1634 1233 1677 1260 iila
1693 1234 1804 1268 concilia
1816 1254 1824 1267 ,
1840 1242 1904 1271 qua:

1107 1276 1309 1305 imminentibus
1335 1277 1385 1304 illis
1410 1276 1639 1312 Constantinopoli
1655 1278 1792 1305 celebrata
1814 1283 1903 1312 sunt,

1106 1321 1232 1349 videlicet
1241 1326 1294 1348 tam
1308 1322 1334 1349 id
1344 1321 1414 1356 quod
1424 1323 1552 1350 adversus
1560 1323 1743 1357 patriarcham
1752 1316 1902 1359 lgnatitmr,

1107 1373 1188 1399 quam
1210 1366 1237 1393 id
1250 1366 1320 1401 quod
1339 1374 1388 1401 pro
1399 1367 1483 1394 sacris
1497 1367 1657 1402 imaginibus
1671 1367 1812 1395 collectum
1834 1373 1876 1404 est

1106 1415 1228 1446 patenter
1245 1413 1389 1443 innuerint,
1407 1418 1432 1439 et
1448 1413 1593 1447 impcrialis
1617 1414 1729 1448 cpistola
1752 1413 1824 1441 clare
1848 1415 1902 1442 de-

1107 1458 1280 1488 nuntiaverit,
1295 1463 1373 1491 atque
1385 1457 1510 1491 pnefatus
1522 1457 1574 1484 Leo
1585 1466 1599 1483 a
1617 1458 1728 1484 secretis
1744 1459 1841 1493 regius,
1853 1459 1902 1495 llis,

1106 1503 1277 1536 negantibus,
1296 1503 1320 1528 in
1337 1503 1404 1529 facie
1420 1503 1566 1537 sepissime
1582 1508 1662 1537 atque
1677 1505 1901 1533 constantiSsintc

1106 1555 1197 1575 comm
1225 1548 1300 1574 nobis
1327 1554 1352 1574 ct
1377 1549 1538 1582 primoribus
1567 1550 1692 1576 lit-clcsim
1720 1555 1818 1580 nostra:
1837 1550 1899 1584 jam

1066 1580 1091 1613 α
1106 1592 1214 1619 dixerit.
1230 1593 1282 1619 Sed
1298 1595 1455 1627 procedente
1469 1599 1596 1628 tempore,
1614 1602 1735 1622 murmur
1749 1594 1899 1627 multorum

1105 1637 1139 1665 ab
1153 1637 1212 1664 aliis
1229 1637 1303 1673 [illis]
1319 1639 1438 1672 partibus
1453 1639 1565 1665 Romam
1579 1640 1753 1671 venientium,
1769 1640 1899 1674 quinimo;

1104 1684 1306 1718 persecutiones
1322 1692 1334 1709 ιι
1355 1684 1504 1710 fautoribus
1522 1684 1607 1711 l'hotii
1623 1690 1769 1712 commotas
1788 1685 1897 1720 fugien:

1105 1728 1169 1755 tium
1185 1749 1191 1760 ,
1222 1729 1321 1755 sensim
1342 1729 1448 1755 eosdem
1472 1730 1555 1764 col-pit
1578 1731 1713 1765 episcopos
1735 1731 1898 1763 muneribus

1104 1772 1187 1800 fuisse
1200 1779 1340 1808 corruptos
1354 1774 1503 1805 dill‘amare,
1519 1779 1545 1802 et
1562 1777 1632 1810 quod
1645 1775 1896 1803 communicassent

1102 1818 1217 1851 Photio,
1240 1824 1266 1845 et
1291 1820 1475 1854 (lchsuisscnt
1497 1821 1624 1855 ignatium
1639 1841 1645 1853 ,
1672 1821 1817 1856 divulgare.
1834 1821 1896 1857 Quo

1102 1863 1204 1894 audito,
1230 1864 1313 1891 lliilIlO
1333 1872 1448 1891 nucrorc
1465 1865 1568 1899 repleti,
1592 1865 1706 1899 qualiter
1721 1866 1756 1892 ab
1772 1865 1896 1893 Ecclesia

1102 1908 1212 1939 Christi,
1233 1909 1274 1935 cui
1300 1910 1387 1935 divina
1404 1910 1557 1944 dignatione
1575 1919 1742 1944 pra‘sumus,
1766 1919 1818 1938 non
1842 1902 1895 1938 ha-|

1102 1954 1182 1981 bente
1197 1955 1327 1980 maculam
1341 1975 1347 1986 ,
1368 1960 1413 1981 aut
1429 1963 1536 1988 rugam,
1554 1961 1599 1981 aut
1612 1956 1712 1990 aliquid
1727 1944 1895 1991 hujusmodi,‘

1102 2000 1239 2026 sinistram
1262 2000 1354 2034 pmcul
1374 2000 1524 2027 faceremus
1550 2001 1732 2035 snspicioncm
1746 2021 1753 2033 ,
1768 2001 1894 2028 videlicet

1102 2052 1136 2072 ne
1153 2045 1179 2071 in
1199 2046 1267 2071 hanc
1284 2046 1376 2072 saltem
1395 2047 1481 2072 tenuis
1505 2047 1687 2074 subsannandi
1702 2048 1821 2075 oriretur
1843 2041 1895 2090 oc-I

1102 2093 1186 2125 casio,
1209 2093 1328 2127 cogitare
1350 2094 1481 2128 co'pimus
1497 2100 1522 2121 et
1547 2101 1636 2122 mente
1651 2095 1799 2123 revolvere.
1815 2095 1894 2129 Tum:

1100 2144 1248 2166 convocato
1273 2139 1416 2165 qultarum
1444 2141 1643 2174 provinciarum
1674 2140 1889 2168 Occidentalium

1101 2183 1238 2217 regionum
1257 2185 1486 2211 sanctissitnot‘ttm
1501 2186 1688 2219 episcoporum
1701 2191 1783 2218 ctrtu,
1795 2190 1823 2213 et
1835 2187 1891 2218 col:

1100 2227 1169 2256 lecta
1195 2234 1286 2256 sancta
1304 2230 1405 2264 synodo
1422 2230 1446 2256 in
1463 2230 1580 2257 Ecclesia
1604 2231 1648 2257 Dei
1667 2231 1693 2264 in
1717 2238 1771 2266 qua
1787 2231 1892 2262 beatus.

261 2275 340 2307 tiam,
356 2282 430 2302 more
450 2282 499 2302 suo
520 2273 633 2302 falsidici
649 2258 880 2310 transcenderunt,
894 2281 921 2304 et
935 2284 996 2304 cum
1009 2278 1049 2305 di-
1061 2258 1087 2289 Β
1100 2272 1195 2300 Petrus
1211 2274 1390 2308 apostolorum
1406 2276 1530 2309 princeps
1547 2283 1658 2310 corpore
1674 2276 1775 2303 redolet
1791 2281 1819 2313 et
1834 2266 1891 2310 virs:

259 2321 361 2348 vinitus
383 2321 511 2351 attributa
529 2320 627 2348 talenta
652 2321 767 2355 fuerint,
786 2321 859 2348 velut
881 2321 909 2348 in
931 2323 1047 2357 quodam

260 2365 361 2393 silentii
375 2365 484 2392 sudario
500 2364 581 2400 ligata
604 2365 653 2392 sub
675 2369 747 2391 terra
772 2365 878 2399 penitus
898 2366 1049 2393 absconde-

259 2414 333 2437 runt.
356 2409 414 2442 Quo
429 2413 576 2443 comperto,
601 2408 712 2436 moleste
736 2408 853 2441 tulimus,
870 2414 897 2437 et
911 2410 975 2445 quid
990 2410 1048 2438 sine

260 2455 351 2482 missis
364 2454 464 2481 nostris
479 2457 568 2480 actum
583 2452 665 2480 fuerit
684 2454 825 2482 confestim
847 2454 1028 2483 intelleximus
1039 2476 1046 2490 ,

259 2500 306 2534 qui
319 2500 381 2527 talia
398 2499 448 2535 [ιζ.
462 2500 507 2534 qui
520 2499 622 2535 qualia]
632 2507 693 2527 cum
716 2501 805 2528 missis
828 2502 928 2528 nostris
951 2509 1047 2537 perpe-

261 2548 329 2570 trata
345 2544 466 2575 fuissent,
489 2548 612 2578 patenter
636 2544 803 2580 agnovimus.
818 2544 954 2571 Autenim
972 2544 1046 2579 justa

259 2589 369 2615 fuerunt
389 2596 447 2623 quae
462 2588 594 2620 misimus,
608 2589 700 2624 sicque
714 2594 908 2623 consequenter
927 2590 1047 2625 oportuit

260 2641 292 2660 ea
303 2634 414 2666 servari,
432 2638 477 2660 aut
495 2634 516 2660 si
529 2634 600 2668 justa
616 2639 709 2668 putata
722 2641 775 2660 non
787 2639 857 2665 sunt,
872 2634 898 2661 in
910 2643 962 2670 quo
972 2634 1045 2668 justa

259 2686 313 2706 non
331 2678 430 2705 fuerint
451 2686 499 2713 per
519 2678 591 2706 aliud
613 2679 708 2706 saltem
733 2679 862 2713 scriptum
882 2680 994 2715 exponi,
1018 2685 1045 2708 et

259 2724 336 2751 nobis
354 2724 466 2757 referri,
478 2728 505 2750 et
519 2731 624 2750 summa
643 2724 745 2751 ratione
758 2724 906 2757 debuerunt
920 2730 1045 2760 patenter

258 2768 373 2796 ostendi.
389 2768 417 2795 ln
430 2768 502 2795 nullo
515 2773 605 2794 tamen
620 2770 737 2803 oportuit
749 2776 780 2797 ea
796 2771 836 2797 vel
849 2771 975 2800 Ecclesia!
985 2781 1044 2807 qua:

258 2814 329 2849 apud
340 2819 387 2840 vos
408 2813 450 2840 est
472 2813 623 2847 cognitione
638 2814 747 2848 privari,
764 2817 805 2843 vel
817 2817 906 2852 aliqua
922 2818 1045 2847 falsitatis

258 2857 447 2894 depravatione
472 2857 600 2888 fraudari.
628 2858 725 2887 Detulit
745 2866 873 2896 praeterea
901 2862 969 2890 idem
991 2863 1044 2891 Leo

1101 2319 1203 2347 tulibus
1215 2321 1323 2352 emicat,
1348 2321 1442 2347 deinde
1456 2326 1563 2355 propter
1578 2321 1742 2355 frigidiorem
1758 2322 1846 2353 locum
1863 2323 1890 2350 in

1099 2363 1212 2391 ecclesia
1236 2363 1453 2398 Salvatorisqum
1474 2366 1506 2391 ab
1522 2370 1631 2392 auctore
1656 2366 1891 2413 appellatur

1099 2409 1261 2436 stantiniana
1287 2414 1314 2436 et
1337 2418 1395 2444 quae
1421 2411 1505 2444 prima
1532 2412 1557 2437 in
1583 2409 1891 2450 tototerrarutnorbe:

1099 2459 1251 2482 constructa
1266 2461 1322 2488 est;
1337 2456 1424 2490 ibique
1448 2457 1568 2484 recitatis
1591 2458 1717 2486 omnibus
1742 2458 1890 2495 scripturis

1098 2500 1132 2527 de
1144 2499 1237 2526 ϐι·;ρςο
1256 2508 1378 2527 sermone
1392 2502 1416 2527 in
1433 2501 1555 2528 Latinum
1569 2504 1705 2531 conversis
1718 2523 1725 2535 ,
1743 2509 1796 2540 tam
1811 2505 1889 2539 vide:

1099 2544 1162 2571 licet
1176 2546 1287 2571 nefanda
1303 2547 1403 2580 synodo
1417 2555 1475 2580 qna:
1489 2555 1537 2581 per
1547 2546 1603 2581 jam
1625 2547 1710 2575 fatum
1734 2548 1853 2581 Leonem
1870 2557 1889 2585 ᾳ

1099 2589 1210 2616 secretis
1226 2590 1376 2623 apostolico
1389 2592 1444 2617 sedi
1464 2592 1551 2618 delata
1570 2597 1622 2624 est,
1637 2601 1718 2627 quam
1734 2595 1815 2631 etiam
1831 2589 1888 2632 im:

1098 2637 1191 2672 periali
1215 2638 1325 2671 cpistola
1346 2647 1351 2665 :
1368 2639 1394 2665 in
1410 2639 1507 2672 quibus
1519 2640 1643 2670 omnibus
1670 2635 1823 2674 existiittata
1837 2643 1887 2676 de;-

1097 2683 1195 2717 positio
1210 2683 1303 2718 lgnatii
1319 2685 1506 2711 continebatur
1518 2706 1524 2717 ,
1541 2690 1568 2712 et
1581 2686 1710 2713 deductus
1724 2687 1750 2714 in
1766 2688 1887 2721 medium

1097 2728 1241 2755 Zacharias
1263 2734 1325 2755 tunc
1340 2731 1488 2765 cpiscopus.
1509 2732 1569 2765 quia
1586 2731 1757 2759 llltadoaldus
1775 2739 1887 2768 propter

1096 2774 1244 2800 absentiam
1261 2775 1351 2802 halict‘i
1367 2777 1398 2801 ad
1413 2784 1528 2810 pra-scus
1541 2785 1592 2803 non
1609 2782 1724 2812 poterat,
1738 2779 1886 2810 et.discusn

1096 2826 1141 2845 sus
1156 2824 1182 2845 et
1198 2820 1340 2853 diligenter
1352 2822 1530 2853 examinatus,
1555 2822 1678 2849 inventus
1693 2828 1734 2850 est
1752 2819 1885 2857 initiepoa

1096 2864 1192 2892 sitione
1211 2865 1304 2900 lgnatii
1318 2870 1344 2892 et
1359 2867 1547 2895 communione
1561 2867 1648 2896 l’hotii
1668 2869 1778 2897 omnino
1791 2869 1884 2904 culpa;
