4050 6324
155 371 186 428 1
203 371 351 431 073

1427 374 1780 432 EPISTOI.£
1819 375 1908 431 ET
1949 376 2296 432 DECRETA.

3353 377 3488 436 {074

150 489 716 568 bilis,inquoidem
736 491 1026 555 Zacharias
1041 493 1795 564 seobnoxiumrecognocens,
1827 498 1874 554 Λ
1904 491 2121 563 impune
2148 509 2252 548 non
2280 491 2486 548 habuit.
2524 493 2658 548 Nam
2701 509 2796 550 eos
2835 495 2975 564 apud
3013 494 3228 549 beatum
3266 482 3490 576 Patr-uni

153 583 446 659 proprio
471 605 564 644 ore
586 605 649 644 ac
676 589 892 659 proprio
917 587 1119 655 scripto
1147 599 1205 640 se
1225 583 1738 653 Constantinopolim
1770 598 1801 637 a

159 670 334 736 sede
371 681 676 752 apostolica
705 681 966 735 directum
995 678 1119 733 iisse
1142 718 1156 741 ,
1203 685 1256 731 et
1297 689 1417 747 quae
1454 676 1554 730 sibi
1587 691 1614 728 a
1648 675 1803 730 nobis

158 771 433 840 agenda
460 771 680 826 fuerant
703 769 936 838 iniuncta
967 767 1288 840 neglexisse,
1319 783 1381 821 ac
1409 783 1527 836 quze
1555 767 1656 820 sibi
1689 767 1802 820 fue-

168 871 335 918 rant
397 862 674 933 prohibita
709 862 988 932 peregisse
1028 859 1312 915 confessus
1361 867 1445 913 est
1480 876 1492 911 :
1536 857 1801 928 lgnalium

176 954 443 1022 scilicet
470 953 587 1008 sine
610 949 854 1022 iussione
880 950 1186 1021 apostolica:
1217 949 1357 1005 sedis
1382 948 1717 1018 deponendo,
1748 955 1804 1001 et

168 1043 423 1099 Photio
444 1049 633 1098 contra
657 1042 826 1096 nostri
851 1041 1181 1111 apostolatus
1211 1039 1627 1109 przeceptiouem
1657 1053 1803 1092 com-

171 1133 574 1190 mnniCando.
622 1133 774 1188 Tunc
817 1133 1144 1187 decernente
1183 1139 1370 1186 sancta
1400 1130 1676 1185 nobiscum
1715 1146 1805 1200 sy-

175 1229 359 1283 hodo
389 1269 407 1293 ,
456 1226 806 1296 depositionis
849 1233 904 1280 et
936 1223 1507 1280 excommunicationis
1543 1237 1654 1276 suae
1681 1236 1805 1275 sen-

181 1317 451 1373 tentiam
478 1316 732 1387 prrefatus
763 1315 1052 1370 Zacharias
1080 1314 1369 1384 accipiens,
1403 1311 1608 1368 foveam
1639 1327 1804 1382 quam

184 1409 334 1464 aliis
365 1409 694 1479 praeparavit
724 1407 930 1462 incidit.
956 1417 957 1421 ‘

271 1499 562 1563 Alterius,
607 1499 658 1554 id
681 1507 766 1554 est
793 1497 1089 1554 Rhadoaldi
1109 1540 1125 1565 ,
1155 1497 1553 1554 examinatione
1582 1506 1805 1568 propter

188 1585 524 1664 absentiam
567 1607 737 1662 usque
778 1592 844 1646 ad
886 1591 1044 1645 aliam
1082 1591 1340 1663 synodum
1387 1590 1645 1660 protclata
1670 1631 1685 1654 ,
1736 1591 1802 1646 ad

191 1700 384 1753 quam
417 1684 673 1738 canonice
703 1697 842 1752 saepe
868 1681 1155 1747 invitatus,
1187 1681 1278 1751 qui
1316 1681 1550 1736 occurrit
1589 1681 1802 1750 deposi-

192 1772 386 1828 tionis
412 1781 466 1827 et
499 1771 1069 1828 excommunicationis
1093 1772 1412 1827 sententiam
1431 1813 1444 1835 ,
1473 1787 1632 1840 quant
1649 1787 1776 1826 cont

1903 583 2202 654 apostolum
2247 593 2435 640 sancta
2477 598 2688 640 mecum
2733 587 2969 656 synodus
3025 585 3306 650 residens,
3358 585 3500 646 dunt

1902 671 2132 728 convicti
2158 672 2310 743 plura
2340 673 2730 738 mentirentur,
2775 673 2966 730 ordine
3013 682 3066 730 et
3111 657 3500 734 communione.

1903 763 2160 828 nudavit,
2190 778 2256 818 ne
2282 777 2465 818 eorum
2494 764 2793 819 incorrecta
2814 764 3040 834 perfidia
3069 765 3334 819 securitas
3359 779 3494 835 pro-.

1901 855 2110 909 veniret
2147 854 2397 909 inimicis.
2433 853 2602 909 Porro
2649 870 2768 925 qua:
2807 856 2860 908 in
2895 856 3142 924 superius
3180 864 3480 909 memorata

1902 943 2191 997 venerabili
2216 952 2268 997 et
2289 951 2476 998 sancta
2503 945 2708 1015 synodo
2731 944 3058 999 unanimiter
3085 930 3496 998 ac’consonan-J

1904 1041 1988 1088 ter
2015 1032 2080 1087 de
2112 1034 2302 1088 Photio
2328 1043 2648 1104 usurpatore
2671 1049 2733 1089 ac
2765 1034 3010 1089 invasore
3034 1033 3489 1102 Constantinopo-

1903 1123 2192 1180 litanorum
2232 1126 2514 1189 Ecclesiae,
2548 1133 2709 1194 atque
2747 1125 3046 1180 fautoribus
3085 1126 3235 1196 ejus,
3281 1140 3374 1178 seu
3423 1126 3489 1178 de

1905 1215 2071 1270 fratre
2099 1231 2162 1270 ac
2187 1216 2570 1272 consacerdote
2598 1225 2784 1273 nostro
2810 1216 3014 1288 lgnatio
3043 1217 3374 1286 patriarcha,
3405 1215 3492 1270 vel

1903 1305 1970 1361 de
1997 1305 2082 1360 his
2109 1307 2200 1377 qui
2229 1321 2295 1361 ex
2326 1315 2478 1378 parte
2509 1308 2675 1378 ipsius
2705 1317 2851 1371 sunt,
2885 1323 3091 1363 necnon
3125 1318 3180 1361 et
3222 1307 3289 1362 de
3316 1307 3491 1362 sacris

1904 1396 2224 1468 imaginibus
2245 1398 2502 1454 canonice
2518 1438 2534 1465 ,
2565 1397 2955 1453 rationabiliter
2976 1397 3350 1466 catholicoque
3379 1407 3494 1450 sta-

1904 1487 2166 1540 tuerimus
2189 1493 2243 1540 et
2268 1485 2800 1558 promulgaverimus.
2826 1487 3014 1544 subter
3037 1487 3262 1543 annexis
3281 1485 3461 1557 capitu
3479 1511 3495 1528 ο

1903 1575 1970 1633 lis
1998 1576 2320 1634 declaratur.
2664 1650 2688 1706 Ι

2455 1737 2633 1796 Photii
2657 1742 2946 1796 damnatio.

197 1863 340 1932 plex
366 1857 486 1930 eius
510 1860 805 1931 promeruit
831 1879 842 1914 :
873 1861 1114 1930 insuper,
1137 1869 1191 1915 et
1214 1860 1657 1923 anathematis,si
1679 1875 1798 1915 cum
1831 1855 1876 1916 B
1971 1853 2196 1910 Ρῖιοῐῖιιδ
2254 1853 2345 1924 qui
2387 1869 2452 1910 ex
2503 1855 2966 1911 schismaticorum
3007 1863 3061 1912 et
3105 1871 3163 1912 se
3203 1871 3232 1912 a
3283 1867 3498 1912 sauclte-

199 1953 420 2008 Photio
472 1953 538 2008 de
595 1962 792 2010 extero
846 1954 1337 2016 communicasset,
1383 1952 1804 2023 obligamcntum

199 2038 422 2097 merito
450 2058 554 2096 non
585 2043 778 2097 evasit.
807 2043 1034 2113 Dignum
1063 2043 1258 2113 quippe
1275 2041 1381 2096 fuit
1407 2052 1464 2097 ut
1489 2059 1586 2113 par
1605 2043 1804 2113 iniqui-

203 2141 300 2186 tas
328 2146 439 2201 par
462 2133 705 2201 gigneret
727 2132 941 2201 utrique
957 2131 1215 2199 judicium
1236 2171 1252 2196 ,
1283 2140 1338 2186 et
1354 2133 1634 2202 aequalitas
1661 2140 1805 2187 esset

204 2222 265 2284 in
307 2222 675 2277 retributione
705 2223 902 2292 quibus
924 2222 1170 2292 parilitas
1184 2223 1394 2277 cvstitit
1422 2223 1474 2276 in
1506 2232 1804 2291 transgres-

205 2313 392 2390 sione.
425 2310 558 2365 Nam
587 2313 709 2380 quia
734 2313 872 2367 idem
897 2312 1242 2367 Rhadoaldus
1259 2313 1472 2383 objecta
1499 2328 1604 2367 non
1628 2313 1800 2378 diluit,

205 2411 344 2458 vera
369 2417 496 2458 esse
520 2418 639 2472 quae
667 2403 734 2457 de
765 2402 852 2458 illo
884 2403 1221 2468 dicebantur,
1253 2404 1414 2458 etiam
1442 2404 1489 2460 si
1517 2404 1628 2458 alia
1657 2404 1803 2458 nulla

207 2500 534 2548 constarent
585 2491 827 2557 indicia,
871 2507 1095 2547 examen
1141 2491 1536 2564 subterfugiens
1583 2494 1803 2548 omnino

213 2583 477 2637 ﬁrma-vit.
514 2582 586 2636 Et
624 2582 827 2637 idcirco
861 2582 985 2652 jure
1025 2581 1100 2636 illi
1139 2597 1244 2636 non
1281 2583 1484 2654 profuit
1523 2583 1759 2638 absentia
1783 2623 1799 2648 ,

214 2673 527 2745 quam‘ipse
556 2688 660 2727 non
687 2687 818 2727 casu
840 2673 1150 2736 accedente,
1176 2673 1271 2728 sed
1301 2671 1568 2728 voluntate
1583 2675 1802 2744 prepria

210 2761 594 2826 ministrante,
621 2761 1072 2830 quemadmodum
1100 2759 1378 2816 Nestorius
1406 2761 1707 2831 quondam,
1747 2772 1802 2818 et

215 2850 548 2920 Dioscorus,
586 2853 687 2908 sibi
717 2868 1036 2922 procurasse
1068 2852 1353 2924 probatum
1389 2864 1491 2910 est.
1531 2853 1696 2920 Nam,
1745 2865 1806 2911 ttt

213 2957 442 3001 sanctus
496 2961 636 3015 papa
710 2944 1020 3001 Bonifacius
1076 2947 1132 3000 in
1189 2945 1444 3001 decretali
1495 2962 1593 3001 sua
1647 2948 1805 3002 docet

220 3020 418 3105 '(epist.
445 3033 498 3098 ί,
522 3035 590 3088 ad
610 3036 872 3104 episcopos
889 3033 1124 3105 'Galtiaz)
1146 3075 1161 3100 ,
1196 3035 1538 3090 manifestum
1565 3042 1645 3091 est
1669 3051 1802 3092 con-

221 3124 364 3180 ﬁteri
390 3140 510 3179 eum
542 3125 608 3178 de
635 3125 881 3188 crimine,
917 3122 1031 3193 qui,
1056 3124 1266 3178 iudnlto
1292 3133 1347 3179 et
1377 3125 1532 3180 toties
1561 3124 1802 3196 delegato

1903 1947 2299 2003 commtmiouis
2331 1949 2747 2018 participatione
2781 1951 3137 2004 avertentium
3173 1959 3328 2019 parte
3371 1965 3494 2004 esse

1904 2033 2255 2104 dignoscitur,
2277 2045 2329 2090 et
2351 2052 2414 2091 es
2435 2037 2677 2092 saeculari
2699 2038 3095 2093 ministratione
3116 2049 3276 2107 atque
3299 2023 3500 2092 militia.

1901 2132 1957 2178 et
1981 2139 2043 2178 ex
2067 2122 2190 2178 foro
2219 2125 2397 2179 subito
2424 2133 2757 2190 tonsuratus,
2801 2141 2831 2180 a
2859 2125 3117 2198 Gregorio
3146 2127 3490 2198 Syracusano

1902 2213 2099 2269 dudum
2127 2215 2409 2285 episcopo,
2440 2231 2471 2270 a
2501 2215 2707 2286 synodo
2735 2217 2990 2271 damnato
3016 2226 3071 2273 et
3103 2219 3170 2273 ab
3198 2219 3491 2288 apostolica

1901 2305 2029 2361 sede
2054 2306 2319 2369 convicto,
2347 2306 2632 2377 episcopus
2653 2310 2947 2365 ordonatus
2973 2320 3072 2376 est,
3105 2321 3163 2366 et
3193 2313 3404 2366 vivente
3427 2328 3491 2369 ac

1901 2395 2190 2465 superstite
2215 2398 2598 2453 consacerdote
2624 2409 2810 2454 nostro
2830 2399 3057 2470 lgnatio,
3089 2415 3289 2457 sanctae
3305 2403 3489 2459 Eccle-

1901 2484 1995 2540 sia:
2019 2483 2622 2557 Constantinopolitanze
2644 2490 2974 2558 patriarcha,
3005 2493 3184 2547 sedem
3215 2494 3385 2564 ipsius
3408 2485 3499 2548 in?

1900 2575 2062 2639 vasit,
2094 2585 2147 2631 et
2181 2576 2236 2631 in
2266 2593 2516 2648 sponsam
2549 2595 2710 2649 quam
2747 2596 2777 2634 a
2805 2580 3020 2637 Christo
3057 2599 3255 2654 sponso
3297 2587 3489 2641 imma-

1901 2669 2134 2725 culatam
2161 2673 2567 2728 custodiendam
2593 2674 2755 2728 veluti
2787 2676 2993 2731 amicus
3015 2680 3195 2746 sponsi
3229 2694 3488 2750 percepe-

1902 2766 2018 2825 rat,
2054 2774 2156 2813 non
2183 2775 2277 2830 per
2301 2760 2495 2814 ostium
2522 2801 2536 2824 ,
2567 2763 2708 2831 quod
2739 2763 2986 2819 Christus
3015 2775 3114 2830 est,
3147 2768 3241 2821 sed
3270 2768 3488 2824 aliunde

1901 2865 1968 2906 ex
1997 2850 2226 2906 adverso
2255 2852 2307 2906 in
2336 2851 2474 2906 ovile
2503 2853 2838 2910 Dominicum
2869 2872 3018 2912 more
3048 2859 3182 2915 furis
3207 2871 3368 2929 atque
3401 2860 3484 2915 la-

1902 2941 2073 2996 tronis
2099 2942 2427 3012 ingrediens,
2459 2958 2521 2999 ac
2544 2944 2590 2999 si
2621 2944 2908 3012 violentus,
2941 2963 3110 3017 rapax
3144 2957 3198 3004 et
3227 2948 3489 3006 scelestus
3529 3004 3536 3014 ,

1903 3034 2136 3101 adulter,
2164 3034 2374 3106 irrupit.
2412 3035 2613 3092 Deinde
2636 3052 2757 3092 cum
2783 3038 3054 3095 damnatis
3082 3047 3137 3094 ct
3167 3042 3520 3100 anathema-1

1903 3125 2102 3190 tizalis,
2127 3135 2288 3195 atque
2309 3143 2431 3181 cum
2455 3127 2539 3183 his
2560 3129 2650 3202 qui
2673 3144 2741 3183 ne
2759 3129 3093 3187 sacerdotale
3108 3131 3340 3188 oliicium
3360 3142 3500 3197 ante

221 3215 442 3286 judicio,
467 3215 815 3286 purgandise
839 3215 1122 3270 occasione
1145 3231 1248 3269 non
1274 3211 1459 3270 utitur.
1493 3215 1633 3270 Nihil
1654 3217 1796 3271 enim
1826 3215 1870 3280 C
1901 3218 2228 3273 audientiam
2269 3227 2696 3288 praesumerent,
2744 3238 2772 3276 a
2805 3222 3087 3278 decessore
3125 3239 3247 3280 meo
3283 3238 3502 3281 sanctio-

223 3305 454 3361 in‘teres’t
477 3315 659 3360 utrum
690 3306 741 3359 in
762 3305 1016 3375 prmsenti
1043 3306 1288 3361 examine
1308 3307 1489 3361 omnia
1517 3322 1635 3390 quze
1658 3308 1799 3362 dicta

227 3407 356 3453 sunt
391 3399 804 3468 comprobentur
827 3437 844 3463 ,
884 3413 1004 3452 cum
1037 3397 1204 3467 ipsam
1232 3413 1443 3469 quoque
1468 3412 1566 3467 pro
1595 3401 1805 3454 confes-

228 3490 379 3561 sione
395 3497 737 3558 procuratam
767 3489 924 3544 toties
952 3498 1161 3545 constet
1188 3490 1505 3546 absentiam.

301 3578 435 3634 Ilinc
455 3581 618 3634 etiam
647 3581 896 3651 egregius
923 3581 1066 3635 sedis
1087 3582 1392 3650 apostolicae
1410 3583 1600 3652 przcsul
1625 3592 1677 3638 et
1691 3600 1800 3641 Amav

234 3688 366 3754 gnus
379 3673 632 3729 Ecclesize
646 3682 1007 3745 pr0pugnator
1030 3676 1217 3730 scribit
1234 3675 1512 3730 llormisda
1540 3677 1708 3746 (epist.
1747 3676 1803 3741 2,

237 3767 304 3818 ad
314 3767 569 3835 episcopos
587 3765 795 3835 Gallae)
819 3785 834 3820 :
862 3765 994 3830 Soli,
1011 3766 1282 3837 inquiens,
1299 3768 1804 3829 declittantexamen

236 3855 600 3920 conscientiae,
626 3872 745 3925 qua:
761 3855 917 3926 iussa
936 3865 1062 3911 sunt
1081 3871 1185 3911 non
1211 3867 1477 3912 tenentes.
1496 3857 1598 3912 Sed
1621 3857 1806 3927 utquid

240 3945 396 4000 multa
420 3962 830 4016 prosequamur,
864 3963 983 4001 cum
1007 3947 1158 4018 juxta
1184 3949 1325 4017 quod
1354 3948 1613 4002 Dominus
1635 3949 1764 4004 dicit
1789 3967 1803 4004 :

241 4037 462 4102 Iudicio,
493 4054 594 4109 quo
618 4039 1010 4108 jndicaverunt,
1025 4039 1326 4109 judicatus:
1344 4041 1409 4093 sit
1436 4041 1532 4103 eis;
1556 4051 1604 4094 et
1629 4040 1683 4096 in
1705 4058 1808 4112 qua

243 4143 474 4198 mensum
514 4127 676 4180 mensi
712 4121 867 4190 sunt,
905 4143 1194 4182 remensum
1231 4130 1295 4183 sit
1331 4130 1404 4183 eis
1442 4128 1664 4200 (Matth.
1705 4133 1805 4203 tt).

245 4215 466 4285 Coatigit
491 4215 632 4269 enim
662 4216 764 4270 illis
793 4210 1244 4287 quemadmOdum
1275 4216 1434 4272 Vitali
1469 4205 1735 4288 quondam
1756 4229 1812 4277 et

249 4303 437 4358 Miseno
485 4305 786 4374 episcopis,
839 4305 928 4373 qui
958 4296 1116 4359 'sicut
1157 4306 1242 4360 isti
1288 4307 1809 4378 Constantinopolim

249 4393 425 4457 missi,
471 4409 656 4448 eorum
700 4409 799 4464 pro
844 4393 1041 4464 quibus
1074 4393 1324 4450 destinati
1369 4406 1525 4462 sunt,
1573 4399 1812 4456 adversa:

249 4483 372 4551 parti
390 4484 854 4549 communicando,
885 4502 988 4539 non
1013 4497 1382 4552 exsecutorcs,
1413 4490 1503 4543 sed
1532 4491 1810 4561 impugna-

1904 3309 2179 3366 memorize
2218 3309 2507 3366 Benedicto
2536 3326 2673 3382 papa
2705 3311 2919 3368 fuerant
2943 3315 3163 3386 obligati
3188 3357 3202 3380 ,
3247 3317 3490 3388 quotidie

1905 3413 1968 3454 ac
1999 3398 2371 3454 indiderenter
2401 3404 2807 3458 communicans
2843 3413 2900 3458 et
2936 3419 3262 3460 conversatus
3301 3415 3491 3461 contra

1905 3491 2063 3545 ﬁdem
2087 3492 2428 3561 promissam,
2453 3504 2748 3564 contraque
2769 3511 2919 3549 suam
2943 3497 3354 3566 professionem,
3383 3515 3498 3568 qua

1904 3579 2178 3649 pollicitus
2225 3591 2308 3635 est
2353 3597 2410 3636 se
2455 3583 2714 3638 adversus
2754 3584 2867 3653 jam
2915 3585 3082 3640 fatum
3128 3589 3494 3655 patriarcham

1906 3669 2109 3724 nullum
2140 3670 2416 3726 sinistrum
2447 3672 2733 3727 consilium
2763 3689 2884 3729 esse
2923 3674 3222 3738 facturum,
3264 3685 3494 3747 congres

1907 3760 2052 3829 gavit
2078 3760 2395 3826 concilium,
2437 3770 2491 3815 et
2533 3775 2635 3815 una
2681 3776 2802 3817 cum
2842 3765 3165 3833 sequacibus
3193 3765 3305 3819 suis
3331 3764 3494 3834 depo-

1907 3850 2028 3906 sitis
2047 3860 2101 3904 et
2119 3851 2406 3916 damnatis,
2428 3853 2911 3908 excommunicatis
2925 3862 2979 3907 et
2998 3853 3492 3916 anathematizatis,

1908 3948 1963 3995 et
1988 3939 2107 3995 aliis
2135 3941 2249 3994 sine
2271 3941 2511 4006 sedibus,
2539 3951 2699 4012 atque
2728 3958 2848 3997 cum
2879 3943 2965 3997 his
2995 3959 3024 3998 a
3053 3944 3248 4014 quibus
3277 3945 3360 3999 vel
3401 3943 3492 4000 ille

1909 4031 2278 4102 irregulariter
2303 4041 2358 4088 et
2383 4033 2566 4088 illicite
2592 4043 2876 4103 provectus
2896 4033 3092 4101 fuerat,
3118 4035 3201 4090 vel
3221 4051 3356 4106 quos
3379 4037 3496 4107 ipse

1909 4133 2113 4180 temere
2141 4140 2204 4180 ac
2229 4125 2464 4181 indebite
2496 4135 2856 4196 provexerat,
2887 4136 3075 4183 contra
3108 4130 3354 4185 eumdem
3383 4130 3496 4185 fra-.

1910 4221 2049 4269 trem
2077 4222 2129 4268 et
2155 4215 2582 4270 comministrum
2613 4225 2856 4270 nostrum
2902 4217 3166 4287 lgnalium
3202 4219 3496 4288 depositio~

1909 4319 2043 4358 nem.
2084 4303 2262 4360 facere
2305 4314 2362 4361 et
2407 4306 2694 4360 anathema
2736 4306 2918 4363 dicere
2957 4323 3118 4365 ausus
3149 4319 3250 4364 est.
3293 4309 3499 4364 Deinde

1911 4397 2217 4465 apostolica:
2255 4398 2398 4453 sedis
2432 4399 2658 4463 missos,
2703 4413 2841 4470 quos
2881 4415 2978 4471 pro
3009 4417 3172 4457 causa
3217 4415 3496 4456 sacrarum

1912 4488 2236 4558 imaginum,
2268 4498 2323 4544 et
2351 4505 2447 4558 pro
2489 4491 2809 4560 inquirenda
2837 4502 2904 4547 ‘et
2943 4494 3099 4548 nobis
3135 4491 3495 4547 renuntianda

251 4577 380 4624 tores
399 4571 598 4625 inventi
621 4568 765 4625 sunt.
791 4573 866 4627 De
891 4574 1090 4643 quibus
1112 4575 1299 4631 beatus
1324 4576 1472 4631 Felix
1504 4577 1811 4648 apostolica:
1841 4579 1888 4640 D
1909 4581 2020 4651 jam
2067 4579 2163 4635 fati
2206 4581 2530 4652 patriarcha:
2559 4582 2858 4653 dejectione
2881 4625 2896 4649 ,
2935 4593 2990 4639 et
3015 4585 3084 4639 ob
3121 4581 3497 4638 inveniendum

253 4658 379 4713 sedis
405 4659 647 4723 antistes,
678 4670 733 4713 et
757 4660 1104 4717 Alexandrini
1135 4663 1278 4719 Petri
1303 4681 1397 4721 seu
1424 4665 1806 4722 Constantino-

253 4751 451 4822 politaui
477 4752 663 4806 Acacii
693 4751 977 4822 prtrsulun‘t
1007 4755 1316 4823 damnatur,
1361 4739 1669 4829 imperatori
1710 4761 1809 4816 Ze-

255 4839 366 4894 noni
388 4837 629 4894 scribens
651 4881 665 4904 ,
700 4842 841 4895 inter
864 4851 1054 4896 caetera
1097 4843 1188 4913 (in
1230 4840 1308 4916 ep.
1344 4847 1397 4910 9,
1439 4848 1506 4900 ad
1545 4845 1808 4902 Zenonem

255 4928 389 5000 imp.)
414 4947 426 4983 :
454 4927 711 4994 Vitalem,
742 4931 837 4996 ait,
870 4942 1030 5002 atque
1056 4931 1336 5001 Misenum,
1360 4951 1458 4989 cur
1486 4937 1807 5008 vel=impulsi

254 5017 313 5074 ad
354 5015 445 5074 ista
486 5021 890 5083 consenserint.
933 5015 1138 5077 honere
1164 5021 1323 5077 simul
1353 5034 1407 5080 et
1431 5028 1808 5083 communione

256 5099 528 5181 apostolica:
565 5101 792 5169 censura
835 5115 1098 5184 privavit,
1155 5115 1406 5184 quoniam
1453 5117 1649 5173 factum
1683 5105 1809 5188 est,

256 5203 377 5258 sicut
398 5200 502 5272 ipse
515 5197 724 5273 Cyrillo'
741 5203 922 5258 abbati
939 5203 1279 5276 Acymetensi
1303 5205 1404 5278 [αἱ.
1419 5250 1433 5273 ,
1450 5195 1807 5276 Acrinctensi;

260 5295 374 5364 {arte
397 5293 784 5369 Aemuletcnsi]
824 5299 1039 5363 scribit,
1063 5308 1122 5353 ut
1157 5309 1345 5356 eorum
1375 5289 1810 5373 praevaricatione

263 5383 566 5451 deciperetur
605 5387 830 5456 populus
853 5387 1191 5445 Christianus
1223 5409 1235 5444 :
1269 5393 1363 5462 qui
1401 5410 1589 5449 rursus
1625 5395 1690 5448 de
1730 5395 1809 5450 eis

266 5474 560 5530 metutioncm
583 5475 804 5541 faciens,
822 5480 887 5533 ad
901 5478 1206 5548 jam-fatum
1223 5483 1514 5556 principem
1534 5482 1600 5538 de
1621 5497 1805 5540 eorum

269 5569 661 5635 transgressione
701 5571 830 5628 dicit
873 5591 886 5626 :
931 5573 1076 5627 Plebi
1109 5589 1324 5628 suasum
1359 5584 1443 5630 est
1488 5575 1808 5630 Christianae

271 5670 350 5710 nos
386 5657 573 5712 talibus
617 5662 908 5728 prmbttissc
951 5664 1289 5720 censcnsum.
1341 5667 1487 5734 Quos
1535 5683 1654 5720 mox
1695 5665 1803 5739 [μ’.

273 5751 380 5813 quos
412 5761 526 5801 mox
561 5749 668 5815 ubi,
725 5750 892 5826 Hanc.
921 5752 930 5824 Ι
970 5755 1196 5824 regressi
1235 5765 1356 5811 sunt
1381 5797 1394 5820 ,
1432 5757 1804 5824 prrcvariratio

1913 4673 2129 4727 modum
2157 4673 2511 4742 promotionis
2539 4673 2699 4744 hujus
2726 4674 2978 4744 neopbyti
3005 4673 3495 4737 destinaveramus,

1912 4763 2108 4831 quibus
2127 4764 2304 4832 potuit
2321 4765 2650 4835 argumentis
2671 4782 2701 4819 a
2726 4765 2926 4819 nostris
2945 4764 3210 4818 mandatis
3223 4767 3495 4828 avertere",

1911 4867 2062 4907 more
2095 4855 2275 4908 Acacii
2310 4855 2598 4924 quondam
2623 4853 3202 4924 ConstantinOpolitani
3252 4849 3497 4910 haeretici

1909 4943 2230 5012 patriarcha:
2253 4943 2362 5017 (Ut-
2380 4946 2434 4998 in
2461 4962 2538 5015 ep.
2569 4945 2603 4998 6
2633 4943 2832 4998 Felicis
2855 4944 2940 5009 Ρι,
2969 4945 3307 5000 αάςΑεασὸωη
3334 4944 3495 5012 CP.),

1911 5033 2271 5101 pnesumpsit,‘
2295 5041 2350 5086 et
2374 5032 2878 5102 adproeessiunem
2903 5047 3023 5106 qua?
3051 5035 3496 5105 cicuta-compa-

1911 5123 2064 5178 ribus
2094 5125 2207 5178 suis
2233 5123 2552 5188 trahebatur,
2581 5123 2746 5178 sicuti
2764 5139 2956 5178 eorum
2977 5125 3312 5196 professione
3349 5137 3500 5198 pate—
3539 5197 3546 5204 _

1910 5206 2110 5266 factum
2151 5218 2270 5276 est,
2305 5219 2361 5266 et
2394 5219 2582 5266 sancto
2621 5211 2824 5282 Spiritu
2863 5215 3136 5272 revelante
3173 5209 3498 5272 veneranda:

1912 5303 2120 5374 synodo
2142 5319 2260 5373 quae
2287 5319 2318 5357 a
2351 5303 2505 5357 nobis
2529 5301 2756 5358 collecta
2785 5312 2888 5370 est;
2914 5305 3148 5373 claruit‘,
3176 5308 3243 5362 ad
3272 5309 3497 5362 danma-

1914 5400 2090 5445 torum
2113 5401 2175 5445 et
2211 5388 3146 5451 schismaticorum‘Comtnunionem
3187 5404 3495 5466 contempta

1912 5477 2210 5551 legatione,
2233 5477 2358 5553 qua:
2393 5482 2476 5537 vel
2513 5483 2792 5553 gentilium
2829 5475 2978 5541 more
3027 5478 3233 5546 servari
3279 5489 3493 5548 debuit.

1913 5572 2198 5641 pertraxit,
2219 5573 2348 5626 etin
2379 5569 2680 5627 illusionem
2711 5571 2798 5645 [in
2827 5591 2907 5646 cp.
2943 5573 3155 5643 Felicis,
3182 5575 3491 5660 lzesionetnj

1912 5662 2051 5717 beati
2079 5661 2230 5717 Petri
2250 5662 2472 5734 apostoli
2500 5703 2514 5725 ,
2557 5679 2586 5716 a
2632 5662 2784 5731 cujus
2820 5666 2946 5720 sede
2982 5667 3203 5736 profecti
3242 5666 3489 5724 fuerant.

1914 5772 2018 5811 non
2053 5757 2222 5814 solum
2255 5756 2557 5816 incilicaccs
2580 5756 2754 5818 redire
2785 5756 2948 5824 fecit,
2990 5759 3082 5812 sed
3112 5757 3272 5818 etiam
3315 5757 3490 5826 impu-
