4050 6324
599 336 621 389 i
637 334 744 393 075

1965 328 2235 390 NlCOLAl
2273 327 2474 385 ΡΑΡΕ
2511 325 2534 384 l

3823 339 3972 400 10ῖὸ

597 457 854 520 σηαιοτθε
881 449 1124 505 omnium
1154 462 1272 518 qua:
1307 445 1521 503 fuerant
1553 447 1806 502 mandata
1841 447 2170 502 monstravit

2290 465 2628 537 episcopatus
2671 463 2846 523 cilicio
2891 465 3135 538 privatus
3159 509 3174 534 ,
3225 476 3282 524 et
3331 484 3368 524 ι
3424 469 3768 529 decessore
3837 489 3962 529 ιιιεο

598 533 1181 614 Ροειτθιιιοέρὶεςοροε
1216 540 1306 610 qui
1347 539 1395 594 ei
1431 547 1684 610 tanquam
1714 538 1958 594 adultero
1986 546 2040 593 et
2067 553 2188 608 pere

597 631 779 687 vasori
809 631 1208 688 communicare
1237 628 1553 693 noluerunt,
1586 626 1777 684 exsilio
1807 626 2097 700 relegavit,
2134 637 2190 682 et

595 723 680 779 sui
707 722 926 778 sceleris
953 720 1216 790 complice
1238 720 1492 774 ineorum
1509 720 1805 790 subrogare
1831 718 1963 773 locis
1991 734 2097 772 non
2121 718 2188 773 ti-

593 812 750 867 muit.
772 811 836 865 Et
863 825 1030 881 usque
1052 809 1209 864 hodie
1236 807 1531 864 Ecclesiam
1555 809 1649 864 Dei
1677 809 1904 864 diversis
1928 824 2184 879 persecu-

591 903 828 958 tionibus
845 903 1159 972 impugnare
1176 917 1282 954 non
1296 901 1512 966 desinit,
1536 900 1610 955 ita
1624 909 1682 954 ut
1704 899 2186 970 iratremeteoepi-

591 1010 812 1064 scopum
875 1003 1118 1049 nostrmn
1166 993 1430 1066 lgnatium
1486 995 1884 1050 sanctissimum
1946 996 2180 1066 patriar-

589 1086 748 1142 cham
771 1086 1026 1142 inauditis
1045 1087 1219 1156 pinnis
1232 1097 1285 1141 et
1301 1087 1646 1142 horribilibus
1675 1087 1957 1142 tormentis
1972 1085 2184 1144 afﬁcere

587 1186 698 1230 non
726 1177 988 1246 quiescat.
1023 1177 1129 1232 Sed
1165 1185 1220 1232 et
1265 1193 1454 1233 omnes
1501 1185 1768 1247 quotquot
1809 1193 1907 1247 pro
1956 1179 2183 1234 veritate

587 1279 647 1327 et
674 1270 778 1326 tide
805 1287 928 1326 cum
954 1271 1141 1326 eodem
1176 1272 1464 1341 persistere
1496 1271 1965 1342 comprehenderit
1986 1273 2185 1342 quibus

583 1364 848 1434 praevalet
891 1363 1063 1418 modis
1100 1364 1330 1434 perdere
1353 1363 1789 1434 impraztermisse
1822 1362 2094 1417 moliatur.

658 1453 788 1508 Haec
833 1452 924 1526 [ιη
953 1453 1059 1508 Per
1093 1454 1229 1516 haec,
1277 1451 1477 1525 Hand]
1519 1461 1573 1508 et
1616 1453 1701 1508 his
1747 1453 1942 1509 similia
1988 1463 2179 1509 contra

585 1542 936 1614 evangelica,
981 1543 1274 1612 apostolica
1299 1583 1315 1608 ,
1361 1543 1676 1614 prophetica
1719 1553 1880 1625 atque
1918 1547 2176 1601 canonica

584 1633 831 1688 instituta
859 1648 918 1688 se
947 1632 1210 1698 elfereus,
1244 1634 1314 1688 sit
1342 1632 1437 1688 Dei
1466 1635 1850 1705 omnipotentis
1870 1677 1884 1699 ,
1910 1644 1962 1690 et
1989 1638 2176 1691 beato-

582 1739 706 1778 rum
733 1723 1102 1794 apostolorum
1131 1724 1430 1796 principum
1465 1724 1616 1780 Petri
1657 1736 1712 1781 et
1753 1726 1935 1793 Pauli,
1969 1744 2032 1783 ac
2057 1743 2175 1784 om-

2289 566 2490 615 sanctae
2535 559 2810 615 memoriae
2850 575 2987 630 papa
3026 559 3323 617 Benedicto
3354 563 3655 636 obligatus
3707 573 3862 630 est,
3907 581 3957 622 et

2289 647 2537 704 Photium
2562 649 2758 706 [uicum
2787 652 2969 707 subito
2991 667 3312 710 consecrare
3336 653 3390 710 in
3425 659 3798 728 episcopum

2287 738 2630 805 fordimavit,
2672 748 2728 795 et
2764 741 2830 795 de
2872 757 3030 797 sacro
3055 744 3360 800 ministerio
3398 762 3572 801 ausus
3614 757 3724 802 est
3761 750 3945 803 multa

2287 829 2601 902 contingere
2627 847 2640 884 :
2667 829 2823 900 juxta
2852 834 3246 903 praecedentem
3274 837 3773 892 consuetudinem
3805 854 3940 892 sae-

2287 921 2482 987 cimus,
2513 931 2568 977 et
2588 922 2744 992 juxta
2771 927 3087 982 canonicam
3112 927 3569 985 deliberationem
3595 934 3936 1003 apostolica

2287 1011 2608 1066 auctoritate
2629 1011 2922 1069 diffinimus
2950 1024 3112 1085 atque
3136 1018 3428 1072 statuimus
3451 1019 3614 1073 omni
3651 1021 3936 1074 sacerdo-

2287 1102 2379 1156 tali
2410 1118 2600 1158 carere
2638 1113 2802 1173 atque
2838 1106 3108 1174 privatum
3149 1107 3268 1164 fore
3309 1109 3637 1165 ministerio
3664 1151 3685 1175 ,
3742 1112 3830 1165 ita
3879 1123 3934 1165 ut

2283 1194 2432 1250 nullo
2475 1197 2634 1250 modo
2661 1196 2821 1252 liceat
2854 1198 2904 1253 ei
2937 1198 2992 1252 in
3017 1200 3257 1268 qualibet
3284 1202 3492 1274 synodo
3523 1205 3930 1259 restitutionis

2283 1303 2434 1357 spem
2459 1297 2553 1344 aut
2578 1288 2754 1343 locum
2779 1291 2980 1346 habere
3003 1292 3414 1348 satisfactionis.
3439 1295 3603 1362 Quod
3636 1296 3700 1350 si
3734 1298 3812 1351 de
3845 1314 3926 1351 re-

2283 1377 2428 1446 liquo
2457 1381 2861 1449 praesumpserit
2895 1381 2947 1434 in
2981 1397 3142 1437 sacro
3173 1382 3350 1438 oflicio
3391 1400 3549 1440 more
3585 1389 3926 1442 sacerdotis

2281 1470 2474 1540 quovis
2502 1477 2743 1540 tempore
2768 1470 3082 1526 ministrare
3102 1511 3118 1536 ,
3156 1474 3448 1529 anathema
3477 1475 3576 1529 sit.
3613 1477 3751 1531 Sed
3787 1488 3850 1532 et
3877 1481 3924 1532 si

2277 1567 2465 1613 contra
2491 1559 2714 1614 fratrem
2734 1567 2788 1615 et
2807 1561 3187 1631 coepisc0pum
3210 1572 3455 1618 tiostrum
3469 1564 3604 1638 lgna
3615 1567 3780 1622 tium
3808 1579 3922 1622 tur-

2277 1647 2373 1703 bas
2398 1649 2731 1714 excitaverit,
2747 1649 2832 1704 vel
2861 1650 2931 1704 ab
2953 1649 3068 1718 ejus
3091 1655 3471 1710 communione
3501 1656 3723 1712 ﬁdeles
3747 1674 3918 1714 avaro

2278 1742 2448 1806 terit,
2473 1743 2760 1796 anathema
2789 1743 2882 1808 sit,
2909 1752 2964 1798 et
2989 1759 3180 1800 omnes
3204 1747 3698 1804 communicantes
3746 1751 3806 1806 ei
3847 1754 3917 1807 ab

581 1817 735 1871 nium
758 1817 917 1872 simul
942 1825 1254 1873 sanctorum
1281 1827 1442 1889 atque
1473 1819 1899 1875 venerandorum
1925 1837 2025 1875 sex
2050 1822 2170 1875 uni-
2198 1805 2244 1866 Β
2272 1833 2515 1890 Ecclesia
2557 1834 2907 1904 abjiciamur;
2950 1839 3045 1892 sed
3075 1849 3130 1894 et
3169 1840 3272 1911 ipsi
3297 1843 3593 1898 anathema
3624 1845 3785 1901 sint.

579 1905 876 1961 rersalium
905 1906 1256 1963 conciliorum
1303 1909 1656 1976 auctoritate,
1705 1926 1912 1966 necnon
1953 1921 2008 1966 et
2050 1912 2172 1982 Spi-

581 1994 725 2050 ritus
749 1996 920 2051 sancti
949 2012 1044 2066 per
1068 2013 1166 2052 nos
1186 1997 1415 2066 judicio,
1437 1999 1583 2053 omni
1612 2001 1936 2056 sacerdotali
1968 2002 2172 2058 honore

583 2092 641 2139 et
669 2086 886 2139 nomine
913 2086 1146 2152 alienus,
1175 2098 1229 2142 et
1251 2089 1399 2143 omni
1431 2089 1717 2145 clericatus
1742 2092 1918 2148 oilicio
1947 2108 2172 2162 prorsus

583 2183 812 2240 exutus;
865 2176 939 2230 ita
986 2185 1047 2230 ut
1093 2177 1145 2231 si
1181 2187 1305 2247 post
1343 2180 1590 2235 notitiam
1639 2180 1798 2250 hujus
1841 2185 2170 2252 sanationis,

583 2281 746 2336 quam
767 2266 944 2320 divina
969 2267 1322 2337 inspiratione
1346 2270 1718 2341 depromptum
1733 2289 1855 2328 esse
1877 2275 2171 2344 credimus,

579 2373 708 2414 cum
734 2359 1091 2415 unanimitate
1121 2369 1175 2416 et
1196 2363 1484 2418 concordia
1511 2375 1710 2421 sanctre
1734 2367 1923 2438 synodi
1953 2368 2023 2423 sit
2047 2383 2174 2438 pro-

580 2445 670 2502 cul
698 2447 861 2503 dubio
883 2450 1242 2522 promulgata,
1275 2453 1568 2508 tentaverit
1591 2454 1646 2508 in
1677 2455 2172 2526 Constantinopoli-

580 2546 712 2595 tano
743 2541 936 2596 throno
967 2544 1288 2613 praesidere,
1318 2556 1409 2600 aut
1441 2562 1581 2618 same
1610 2547 1781 2604 fatum
1810 2551 2170 2608 venerabilem

580 2631 961 2710 coepiscopum
983 2643 1228 2690 nostrum
1251 2636 1533 2707 lgnatium,
1560 2641 1846 2708 quominus
1872 2641 2171 2698 Ecclesiam

577 2724 683 2779 sibi
707 2727 1050 2783 commissam
1081 2729 1407 2799 sinequavis
1429 2732 1800 2802 inquietudine
1829 2749 2017 2806 regere
2047 2751 2172 2806 pos-

578 2814 672 2881 sit,
705 2817 1029 2888 impedierit,
1060 2821 1142 2877 vel
1173 2822 1216 2876 si
1249 2823 1479 2879 ulterius
1503 2839 1666 2880 ausus
1689 2825 1852 2880 fuerit
1880 2829 2080 2899 aliquid
2103 2831 2177 2886 de

579 2922 738 2964 Sacro
783 2910 1080 2967 ministerio
1120 2928 1272 2969 more
1317 2917 1615 2973 sacerdotis
1649 2920 1990 2992 contingere;
2014 2922 2169 2992 juxta

576 3001 974 3070 prwcedentem
1009 3006 1480 3073 consuetudinem,
1527 3009 1673 3064 nullo
1710 3012 1870 3066 modo
1918 3012 2078 3069 liceat
2118 3015 2170 3071 ei

579 3092 980 3148 communionis
1011 3109 1159 3164 spem
1187 3105 1282 3150 aut
1310 3097 1485 3152 locum
1519 3099 1718 3156 habere
1743 3103 2166 3171 satisfactionis,

3026 1949 3113 2005 ω.

2449 2039 2652 2095 Eorum
2675 2039 2896 2111 privatio
2925 2058 3056 2112 quos
3086 2040 3310 2101 Photius
3336 2046 3720 2104 ordinaverat.

2342 2149 2456 2206 Eos
2473 2166 2603 2207 vero
2631 2168 2768 2223 quos
2795 2139 3017 2210 Phatius
3045 2159 3348 2229 neophytus
3385 2169 3441 2216 et
3481 2161 3902 2223 Constantino-

2270 2241 2523 2313 politanae
2545 2243 2686 2299 sedis
2714 2245 2931 2300 invasor
2948 2245 3000 2300 in
3027 2248 3267 2317 quolibet
3293 2251 3677 2310 ecclesiastico
3694 2259 3898 2313 ordine

2269 2336 2538 2406 provexit,
2592 2337 2846 2405 quoniam
2898 2339 3242 2396 manifestum
3276 2352 3361 2398 est
3398 2360 3494 2401 eos
3533 2347 3594 2401 in
3625 2352 3897 2406 erunibus

2271 2430 2664 2484 consecratoris
2687 2431 2768 2485 sui
2811 2433 3170 2501 pravitatibus
3200 2441 3562 2505 consensisse,
3611 2454 3794 2514 atque
3842 2449 3896 2502 ei

2270 2527 2392 2586 post
2414 2519 2745 2575 invasionem
2776 2527 3224 2594 communicasse,
3253 2531 3398 2584 omni
3429 2531 3675 2588 clericali
3699 2537 3891 2593 ofﬁcio

2269 2608 2565 2678 privamus,
2591 2621 2646 2665 et
2683 2614 2972 2682 apostolica
3026 2626 3190 2687 atque
3235 2623 3495 2678 canonica
3540 2631 3891 2686 auctoritate

2271 2707 2327 2754 et
2367 2701 2608 2771 synodali
2652 2703 2870 2760 decreto
2909 2722 3003 2762 eos
3046 2710 3261 2777 penitus
3305 2725 3751 2784 sequestramus.

3028 2822 3117 2880 1V.

2807 2911 3082 2969 Restitutio
3110 2915 3327 2987 Ignatii.

2342 2997 2855 3058 Reverentissimum
2885 3021 2938 3060 et
2965 3011 3365 3067 sanctissimum
3395 3015 3624 3075 fratrem
3659 3031 3716 3077 et
3743 3041 3878 3081 cae»

2271 3091 2546 3162 piscopum
2577 3105 2823 3152 nostrum
2853 3099 3140 3169 lgnatium,
3172 3117 3374 3162 sancta:
3405 3109 3873 3190 Constantinopo-

579 3184 675 3238 sed
702 3185 1063 3242 anathematis
1090 3189 1319 3244 vinculis
1349 3192 1632 3247 innodatus
1654 3233 1669 3258 ,
1713 3211 1816 3249 una
1860 3213 1982 3252 cum
2025 3215 2170 3254 com-

2278 3183 2458 3237 litana:
2482 3185 2736 3242 Ecclesia:
2772 3191 3134 3258 patriarcham
3152 3236 3167 3260 ,
3195 3199 3288 3267 qui
3316 3201 3488 3271 primo
3513 3207 3731 3275 quidem

579 3272 1010 3330 municatoribus
1056 3277 1170 3332 suis
1217 3287 1379 3358 atque
1425 3279 1728 3338 fautoribus
1765 3284 1878 3340 suis
1910 3299 2172 3358 perpetuo

578 3361 676 3417 Dei
702 3373 1073 3432 per-nostram
1098 3357 1521 3426 mediocritatem
1559 3370 1774 3442 judicio.
1804 3390 1868 3430 ac
1901 3357 2168 3435 sententia

579 3471 797 3511 sacrum
837 3472 1036 3529 corpus
1077 3469 1133 3514 et
1182 3462 1498 3532 sanguinem
1560 3463 1773 3520 Domini
1825 3469 1994 3523 nostri
2041 3469 2168 3527 Jesu

577 3544 804 3613 Christi,
829 3563 934 3603 non
960 3550 1061 3605 nisi
1090 3550 1269 3607 vicino
1291 3553 1480 3609 mortis
1501 3557 1760 3626 periculo,
1791 3560 2011 3615 omnino
2039 3577 2169 3631 per-

576 3638 780 3708 cipiat:
814 3649 873 3694 ut
901 3640 1017 3696 hate
1044 3644 1414 3714 unusquisque
1443 3646 1688 3713 discens,
1723 3664 2068 3722 nequaquam
2101 3654 2168 3710 de

575 3737 776 3783 caetero
807 3732 1093 3786 temeraria
1133 3737 1551 3806 praesumptione
1587 3753 1654 3792 ex
1698 3740 1852 3796 laicis
1889 3744 2068 3798 subito
2111 3745 2165 3799 in

575 3821 874 3878 Dominicis
904 3825 1100 3880 castris
1130 3825 1402 3895 insperato
1431 3830 1831 3899 quodammodo
1861 3833 2062 3904 impetu
2094 3837 2168 3888 ir‘

576 3927 766 3982 repere
801 3916 1027 3983 audeat,
1061 3926 1118 3972 et
1145 3920 1483 3988 principatus
1515 3938 1701 3978 amore
1747 3935 1874 3981 ante
1911 3927 2174 3983 ducatum:

573 4010 834 4072 praestare
861 4005 1010 4070 velit,
1033 4023 1194 4077 quam
1227 4009 1418 4065 tironis
1447 4023 1786 4069 consummet
1818 4016 2072 4081 cilicium,
2109 4025 2166 4074 et

576 4104 704 4151 ante
750 4106 925 4153 tentet
968 4099 1164 4158 docere
1199 4118 1358 4173 quam
1395 4104 1604 4161 discere
1630 4147 1646 4172 ,
1684 4108 1825 4163 sicut
1873 4109 1925 4163 in
1972 4112 2162 4168 eadem

575 4187 1171 4262 Constantinopolitana
1193 4195 1436 4251 Ecclesia
1462 4212 1604 4267 saepe
1628 4211 2015 4272 praesumptum
2041 4219 2163 4261 esse

511 4271 513 4273 ’
576 4282 961 4352 comperimus.
991 4283 1065 4339 Et
1088 4301 1276 4342 rursus
1305 4303 1373 4341 ne
1393 4291 1715 4360 contemptis
1747 4271 1990 4358 clericis,
2023 4310 2158 4364 quo-

575 4388 698 4429 rum
733 4382 920 4444 utpote
962 4376 1016 4431 in
1059 4386 1168 4432 tam
1213 4394 1406 4450 magna
1444 4381 1578 4436 urbe
1611 4381 1827 4452 copiosa
1873 4385 2161 4443 multitudo

573 4473 688 4529 est,
718 4465 917 4535 quique
939 4466 1006 4520 ab
1037 4467 1198 4535 ipsis,
1226 4478 1286 4523 ut
1325 4470 1401 4524 ita
1446 4470 1777 4537 dixerimus,
1819 4472 2158 4532 incunabulis

2277 3271 2464 3342 periali
2503 3276 2756 3332 violentia
2802 3296 2866 3335 ac
2905 3292 3114 3341 terrore
3142 3292 3364 3360 proprio
3389 3271 3578 3350 throno
3603 3301 3865 3368 privatus

2271 3371 2386 3428 est,
2438 3373 2494 3420 et
2537 3375 2728 3436 postea
2763 3386 2794 3423 a
2831 3370 3025 3432 l’hotio,
3057 3377 3300 3453 adultero
3336 3387 3743 3452 praararicatore
3785 3411 3866 3451 ac

2269 3469 2557 3524 pervasere
2584 3462 2727 3516 sedis
2755 3463 3376 3542 Constantinopolitanzn,
3397 3486 3451 3532 et
3468 3480 3535 3534 ab
3555 3481 3673 3551 ejus
3699 3500 3863 3540 com-

2269 3549 2514 3618 plicibus,
2533 3557 3016 3614 excommunicatis
3040 3562 3290 3620 videlicet
3310 3576 3363 3620 et
3383 3549 3860 3634 anathematizatis

2271 3649 2432 3710 atque
2462 3643 2760 3711 damnatis,
2803 3658 2860 3702 et
2891 3651 3010 3706 sine
3037 3653 3428 3725 episcopalibus
3455 3663 3704 3732 sedibus,
3737 3679 3798 3723 et
3823 3689 3853 3726 a

2270 3729 2554 3786 decessor-0
2589 3751 2710 3790 meo
2739 3749 2940 3794 sancta:
2980 3745 3368 3804 recordationis
3393 3729 3698 3812 Benedicto
3715 3776 3851 3832 papa

2268 3820 2519 3892 obligatis
2536 3825 2840 3884 hominibus
2857 3833 3249 3892 anathematiza
3259 3847 3346 3895 tus
3363 3853 3447 3896 est
3468 3859 3482 3897 :
3507 3857 3563 3900 et
3582 3820 3854 3918 postremo

2269 3913 2336 3967 ab
2362 3917 2668 3984 apostolicae
2711 3921 2856 3977 sedis
2896 3926 3078 3980 missis
3107 3940 3294 3985 contra
3333 3913 3598 3993 nostram-
3618 3957 3848 4015 pncccp-

2269 4005 2492 4072 tionem,
2521 4017 2579 4061 ut
2602 4020 2800 4066 sancta:
2823 4016 3026 4084 synodo
3059 4016 3292 4088 Spiritus
3321 4037 3545 4084 sanctus
3572 4005 3842 4104 revelari},

2265 4105 2319 4150 et
2348 4097 2638 4155 Zacharias
2665 4101 2864 4158 dudum
2901 4107 3211 4178 cpiscopus,
3251 4114 3344 4182 qui
3376 4133 3516 4175 unus
3553 4123 3622 4176 de
3651 4097 3840 4184 eisdem

2264 4189 2472 4244 duobus
2495 4191 2684 4261 legatis
2711 4197 2948 4263 exstitit,
2986 4202 3202 4274 propria
3237 4207 3582 4268 confessione
3623 4219 3838 4275 ntauifeo

2263 4281 2448 4346 stavit,
2478 4281 2663 4339 infulis
2685 4295 2768 4340 est
2797 4292 3218 4351 sacerdotalibus
3244 4298 3580 4368 despoliatus
3614 4326 3628 4360 :
3661 4323 3834 4367 aucto-

2263 4371 2424 4425 ritate
2447 4376 2641 4428 summi
2663 4374 2860 4442 judicis
2886 4379 3096 4438 Domini
3129 4390 3298 4442 nostri
3324 4390 3451 4446 Jesu
3479 4395 3682 4455 Christi
3720 4419 3832 4473 pro—

2260 4464 2586 4534 mulgamus,
2614 4471 2888 4527 sancimus
2914 4482 3078 4544 atque
3108 4479 3451 4540 decernimus
3479 4464 3832 4559 unquam-nec

575 4554 1018 4625 impraetermisso
1045 4556 1232 4614 labore
1257 4559 1311 4614 in
1339 4560 1580 4616 Ecclesia
1622 4563 1823 4618 Christi
1860 4566 2156 4633 desudant,

2275 4551 2432 4609 luisse
2459 4570 2561 4611 nec
2584 4572 2704 4613 esse
2730 4561 3029 4631 depositum
3055 4568 3139 4623 vel
3161 4541 3698 4649 anathematizaium,
3726 4598 3832 4644 tan-

573 4657 629 4704 et
652 4649 1009 4705 indesinentia
1041 4650 1268 4706 Domino
1291 4653 1549 4708 exhibent
1572 4655 1848 4712 servitutis
1875 4658 2157 4727 obsequia,

574 4739 622 4795 is
641 4740 732 4808 qui
755 4740 822 4794 de
845 4741 978 4796 foris
997 4750 1102 4807 est,
1127 4741 1348 4798 alterius
1369 4743 1527 4798 ovilis
1547 4744 1746 4800 Christi
1773 4749 2162 4818 repenteprin-

573 4830 812 4900 cipatum
833 4831 1078 4900 arripiat.
1103 4840 1158 4887 et
1178 4832 1383 4887 nitatur
1409 4847 1546 4902 quos
1573 4849 1694 4889 esse
1721 4850 1847 4890 suos
1876 4851 1981 4890 non
2010 4853 2163 4892 reco-

574 4922 803 4988 gnoscit,
828 4921 1162 4989 discerpere;
1193 4931 1249 4976 et
1270 4937 1400 4993 grex
1429 4923 1743 4981 Dominicus
1772 4924 2160 4997 incipiateum,

576 5021 759 5080 utpote
798 5021 1112 5070 extraneum
1147 5025 1204 5071 et
1232 5015 1581 5086 improvisum
1603 5057 1619 5082 ,
1661 5018 1882 5074 omnino
1919 5029 2161 5076 contem.

573 5116 724 5164 nere,
750 5106 1050 5173 przesertim
1072 5122 1194 5162 cum
1220 5109 1511 5178 perspiciat
1532 5109 1606 5163 nil
1632 5109 1733 5165 sibi
1749 5111 2014 5181 stipendia
2035 5129 2161 5183 pro-

575 5189 744 5244 fuisse
767 5193 1113 5260 meritorum,
1141 5206 1199 5252 et
1221 5197 1454 5252 alienum
1482 5214 1702 5256 suorum
1739 5211 1926 5256 cernat
1957 5216 2159 5258 consu-

572 5293 725 5337 mere
745 5281 951 5362 fructus
970 5285 1230 5343 laborum.

1331 5383 1396 5438 ll.

581 5511 602 5527 ,
677 5465 917 5538 Gregorii
942 5470 1165 5539 episcopi
1191 5471 1513 5541 Syracusani
1540 5475 1726 5530 iterata
1755 5477 2048 5533 damnatio.

642 5556 965 5621 Gregorium
988 5575 1138 5624 sane,
1169 5564 1257 5631 qui
1290 5564 1644 5635 Syracusana:
1665 5568 1919 5626 Ecclesia
1948 5573 2156 5644 irregu-

571 5645 759 5704 lariter
785 5659 947 5718 atque
976 5651 1082 5706 Deo
1103 5662 1412 5724 contempto
1445 5669 1668 5726 praeest,
1698 5676 1764 5716 eo
1787 5662 1929 5730 quod
1958 5672 2012 5718 et
2041 5663 2155 5734 ipse

576 5749 642 5791 ex
683 5747 835 5794 parte
870 5740 1335 5801 schismaticorum
1363 5747 1453 5812 sit,
1483 5759 1535 5804 et
1575 5760 1852 5819 postquam
1889 5770 1917 5808 a
1950 5755 2153 5824 synodo

2265 4660 2427 4739 quam
2456 4648 2547 4717 qui
2576 4651 2645 4704 ab
2673 4650 2937 4722 imperiali
2971 4661 3212 4724 potentia
3253 4666 3326 4720 sit
3364 4670 3571 4739 absque
3610 4648 3712 4732 ulla
3744 4697 3827 4736 ca-

2267 4736 2467 4841 nonica.
2490 4741 2811 4841 auctoritate
2838 4744 3024 4812 pulsus
3048 4748 3322 4820 Ecclesia,
3361 4768 3417 4812 et
3455 4736 3707 4833 tanquam
3745 4775 3826 4841 qui

2267 4826 2336 4928 ab
2363 4827 2610 4928 obligatis
2638 4833 2784 4928 nullo
2806 4836 2976 4902 possit
2999 4839 3184 4898 haberi
3215 4847 3431 4906 vinculo
3459 4826 3826 4928 colligatus."

2266 4915 2336 4970 ab
2363 4916 2441 4972 eis
2469 4918 2558 4986 qui
2587 4919 2785 4976 nullam
2813 4939 2935 4979 eum
2959 4925 3235 4995 judicandi
3259 4915 3623 5009 potestatem:
3664 4915 3824 5008 velati

2261 5397 2328 5436 eo
2361 5393 2599 5448 remoto,
2632 5399 2732 5452 per
2766 5397 3086 5457 potestatem
3129 5397 3303 5456 divina
3346 5420 3480 5464 voce
3523 5411 3816 5474 beatissimo

2260 5473 2421 5532 Petro
2449 5476 2720 5544 collatam,
2749 5488 2803 5536 et
2825 5497 2922 5551 per
2945 5489 3318 5549 auctoritatem
3347 5512 3628 5558 sacrorum
3667 5473 3812 5563 cano-

2260 5580 2388 5619 num
2417 5574 2473 5620 et
2497 5565 2848 5626 decretalium
2873 5577 3308 5638 constitutionem
3337 5603 3489 5646 more
3515 5609 3810 5656 sanctorum

2259 5654 2476 5711 Patrum
2507 5660 2858 5730 prolaturum,
2889 5668 3116 5737 pristino
3145 5674 3356 5744 honori,
3392 5683 3632 5751 pristina
3658 5654 3815 5762 digni-

2260 5752 2358 5808 tati
2387 5761 2438 5809 et
2470 5754 2583 5810 sedi
2623 5756 2861 5826 pristina:
2882 5800 2897 5827 ,
2928 5763 3122 5835 gradui
3143 5784 3204 5824 ac
3232 5775 3563 5840 patriarchio
3588 5823 3603 5851 ,
3634 5800 3696 5841 ac
3710 5752 3820 5855 prb
