4060 6338
372 264 508 331 lCI‘I

1557 272 1927 331 EPISTOLIE’
1952 272 2040 329 ET
2068 271 2416 331 ‘DECRETA.

3399 258 3404 266 “
3485 276 3623 340 1078

362 393 522 473 stinis
551 389 950 463 pontiﬁcalibus
973 389 1158 447 infulis
1190 358 1350 461 atque
1373 387 1559 446 otIiciis
1589 388 1945 451 restituimus,
1978 416 2020 473 Α
2050 401 2213 457 quam
2242 386 2332 442 diu
2377 387 2446 443 de
2475 385 2561 444 his
2605 380 2883 444 nobiscum
2929 404 3033 445 non
3062 372 3366 458 senserint,
3394 400 3447 448 et
3471 394 3619 463 juxta

363 470 654 537 statuimus
691 499 757 539 ac
790 481 1205 548 conﬁrmamus;
1255 482 1327 536 ita
1373 491 1432 536 ut
1474 482 1778 551 quicunque
1824 487 1944 550 post

366 576 615 631 notitiam
641 574 800 644 hujus
825 573 1132 646 apostolica:
1150 584 1311 642 atque
1335 573 1604 644 synodica:
1624 573 1938 638 sanetionis,

363 666 655 735 quominus
684 666 866 721 omnia
901 681 1022 735 quae
1056 665 1415 735 praemisimus
1456 664 1683 732 insignia
1725 654 1940 734 pontiﬁ-

365 769 518 815 catus
564 758 828 828 recipiat,
863 772 986 813 eum
1018 756 1351 828 impedierit,
1390 766 1445 811 et
1472 772 1576 810 nou
1608 756 1659 809 in
1689 754 1941 809 omnibus

364 848 493 903 huic
519 847 738 902 decreto
770 847 1034 902 obedierit
1057 887 1072 913 ,
1115 833 1196 900 vel
1233 861 1293 901 se
1321 846 1388 900 ab
1416 843 1534 915 ejus
1560 843 1943 900 communione

362 937 717 1005 scparaverit,
742 937 828 991 vel
849 924 1072 993 ulterius
1091 944 1280 992 contra
1302 950 1426 990 eum
1449 934 1662 1004 aliquod
1677 934 1940 1007 judicium

362 1025 610 1096 proferre
635 1028 945 1092 tentaverit,
966 1027 1166 1097 absque
1186 1027 1329 1081 sedis
1350 1028 1612 1081 duntaxat
1634 1026 1942 1096 apostolieze

359 1118 643 1189 prmmisso
672 1132 972 1184 consensu;
1015 1120 1060 1173 si
1098 1119 1313 1189 quidem
1346 1118 1578 1184 clericus
1627 1117 1786 1172 fuerit
1811 1157 1826 1182 ,
1872 1119 1941 1173 ab

365 1210 516 1264 omni
547 1209 835 1266 clericatus
858 1210 1035 1266 ollicio
1068 1226 1252 1267 coram
1290 1211 1401 1266 Deo
1438 1220 1495 1266 et
1528 1211 1836 1267 hominibus
1870 1212 1941 1267 sit

358 1300 597 1365 alienus,
636 1311 798 1372 atque
828 1301 1053 1372 perenni
1088 1315 1249 1373 plena
1272 1341 1289 1367 ,
1333 1310 1587 1372 tanquam
1633 1301 1725 1371 qui
1771 1302 1942 1372 magi-

356 1400 534 1447 strum
563 1394 773 1463 prodit,
817 1409 940 1449 cum
967 1393 1104 1448 Iuda
1141 1395 1399 1450 traditore
1436 1394 1855 1464 constringatur,
1885 1400 1942 1448 et

352 1482 462 1563 nisi
494 1498 525 1535 a
548 1499 713 1553 prava
749 1483 1047 1540 intentione
1072 1485 1392 1549 recesserit,
1424 1494 1686 1554 perpetuo
1716 1485 1940 1540 anathe-

357 1583 504 1629 mate
528 1574 1150 1631 maneatcondemnatus
1175 1594 1188 1630 :
1222 1577 1267 1631 si
1295 1592 1421 1631 vero
1450 1576 1620 1632 laicus
1648 1576 1935 1640 exstiterit,

352 1662 448 1720 ille
476 1663 722 1735 quisquis
743 1673 827 1722 est
845 1706 861 1731 ,
887 1664 1013 1721 huic
1041 1674 1238 1721 nostrae
1262 1667 1629 1723 constitutioni
1667 1668 1938 1722 contraire

2049 488 2361 533 sanctorum
2389 478 2702 548 pontiﬁcum
2730 478 3094 554 Romanorum
3123 481 3337 537 decreta
3361 524 3375 549 ,
3417 494 3472 541 et
3494 485 3625 541 alio”-

2045 582 2163 622 rum
2195 568 2585 624 catholicorum
2630 568 2849 624 Patrum
2881 570 3127 626 instituta
3168 588 3275 627 non
3318 570 3624 644 sapuerint,

2043 656 2315 711 sancimus
2353 672 2447 712 eos
2490 673 2519 712 a
2547 657 2802 724 Christo,
2851 667 2906 714 et
2953 660 3021 714 ab
3070 660 3313 717 Ecclesia
3359 665 3625 722 catholica

2042 757 2206 818 atque
2236 748 2530 817 apostolica
2553 765 2673 805 esse.
2696 752 3006 808 anathema.
3037 752 3163 807 llaec
3192 764 3317 808 sunt
3341 796 3355 819 ,
3402 771 3522 825 qua:
3559 759 3627 814 de

2042 838 2131 894 his
2157 841 2312 896 sedes
2334 841 2627 909 apostolica
2654 843 2879 897 statuit:
2907 843 3021 898 haec
3048 852 3192 911 sunt,
3221 860 3340 915 qua:
3371 848 3627 918 synodico

2042 930 2470 1002 regulariterque
2510 934 2788 990 decrevit:
2815 936 2930 991 haec
2974 947 3135 1002 sunt,
3185 952 3304 1007 quae
3334 952 3431 994 vos
3472 948 3626 996 tanto

2042 1022 2336 1079 studiosius
2362 1034 2576 1094 oportet
2604 1027 2875 1096 amplecti,
2926 1035 3076 1082 tanto
3105 1028 3410 1097 .sollicitius
3437 1031 3625 1087 obsera-

2040 1122 2188 1177 vare,
2220 1120 2422 1181 quanto
2447 1115 2620 1169 satius
2647 1117 2834 1182 nostis,
2858 1102 2977 1187 quae
3000 1119 3069 1172 ab
3091 1134 3156 1172 ea
3184 1128 3381 1175 statuta
3404 1120 3622 1188 fuerint,

2041 1202 2158 1257 btee
2184 1204 2543 1261 universalem
2575 1223 2792 1277 semper
2840 1208 3136 1264 Ecclesium
3184 1213 3439 1279 tenuisse,
3462 1214 3535 1268 ita
3570 1226 3627 1270 ut

2041 1302 2228 1348 contra
2268 1295 2507 1367 singulos
2558 1313 2773 1354 errores
2823 1299 2875 1354 in
2921 1299 3160 1356 Ecclesia
3213 1311 3433 1357 exortes
3477 1305 3628 1375 prior

2039 1385 2158 1441 lucc
2186 1388 2479 1444 secundum
2512 1389 2774 1460 primatus
2809 1391 2893 1445 sui
2940 1392 3316 1446 auctoritatem
3344 1394 3627 1450 sententiae

2039 1480 2333 1532 terminum
2356 1478 2587 1534 dederit.
2604 1479 2758 1535 Etita
2782 1481 2996 1536 demum
3023 1482 3339 1536 universalis
3364 1482 3623 1546 Ecclesia,

2040 1566 2168 1623 licet
2212 1569 2501 1639 aliquando
2530 1585 2626 1640 per
2673 1570 3064 1641 aliquantulum
3096 1564 3355 1642 temporis
3404 1573 3457 1626 in
3508 1574 3627 1642 qui—

2039 1657 2266 1714 busdam
2290 1658 2547 1715 reluctata
2571 1660 2662 1726 sit,
2681 1677 2803 1731 quae
2830 1661 3128 1716 illa-tamen
3152 1663 3417 1732 probavit,
3453 1679 3624 1733 quan-

357 1765 589 1821 teutaus,
611 1765 667 1812 et
687 1773 809 1813 eum
838 1758 1020 1814 sedem
1048 1766 1103 1813 et
1127 1773 1341 1814 onmem
1364 1759 1647 1828 pristinam
1673 1759 1934 1814 duntaxat

2040 1746 2214 1817 doque
2252 1750 2582 1818 probaverit,
2609 1759 2664 1806 et
2692 1767 2810 1819 qua:
2838 1750 2926 1804 illa
2956 1750 3238 1816 refutavit,
3272 1752 3387 1821 ipsa
3416 1750 3621 1807 refuta-

355 1851 672 1921 dignitatem
702 1850 946 1921 recipere
971 1867 1077 1906 non
1108 1852 1441 1921 permiserit;
1483 1852 1566 1907 vel
1608 1852 1653 1907 si
1692 1862 1812 1922 post
1849 1867 1935 1908 re-

355 1955 568 2014 ceptam
597 1945 834 2015 priorem
864 1944 1079 2011 sedem,
1112 1946 1287 1999 denuo
1315 1944 1462 1999 illum
1498 1944 1774 2014 impellere
1811 1953 1865 2000 et
1901 1948 1933 2001 ti

352 2035 684 2107 patriarcbio
722 2034 991 2103 expellere
1022 2035 1309 2090 tentaverit
1329 2073 1345 2100 ,
1379 2034 1462 2091 vel
1494 2050 1737 2103 persona:
1765 2035 1933 2106 ipsius

350 2116 449 2182 seu
511 2126 831 2182 sacerdotali
897 2127 1092 2182 honori
1147 2127 1383 2198 aliquam
1450 2127 1751 2183 molestiam
1817 2127 1935 2182 sine

352 2214 544 2288 'primze
590 2216 751 2286 hujus
799 2217 943 2274 sedis
988 2234 1255 2273 consensu
1302 2216 1582 2281 intulerit,
1637 2216 1783 2273 omni
1840 2216 1933 2273 be-

352 2304 657 2363 nedictione
676 2317 899 2381 paterna
921 2308 1185 2379 privetur,
1207 2318 1261 2362 et
1282 2307 1654 2363 maledictione
1674 2307 1930 2364 Chanaan

348 2402 451 2477 lilii
479 2401 649 2458 Cbam
671 2443 687 2469 ,
726 2402 818 2472 qui
845 2401 1219 2457 verecundiam
1250 2402 1420 2472 patris
1446 2402 1635 2457 videns
1664 2416 1769 2455 non
1799 2415 1932 2456 coo-

352 2493 551 2564 peruit,
574 2493 665 2547 sed
688 2492 878 2558 irrisit,
910 2491 1218 2557 mulctetur,
1245 2500 1441 2546 etcum
1465 2490 1751 2560 parricidis
1776 2499 1932 2544 acter-

348 2572 420 2639 ‘ua
459 2599 642 2654 pwna,
680 2583 907 2639 Domino
932 2582 1232 2653 jndicante,
1260 2582 1600 2652 percellatur,
1626 2588 1682 2635 et
1708 2581 1933 2637 nexibus

350 2668 714 2734 anathematis
740 2718 756 2745 ,
798 2693 906 2733 non
954 2676 1057 2732 nisi
1106 2676 1396 2746 resipiens,
1442 2674 1659 2748 penitus
1684 2683 1927 2730 eruatur.

528 2885 895 2941 Restituunlur
938 2884 1166 2955 episcopi
1198 2901 1233 2937 α
1273 2880 1464 2936 Photio
1494 2881 1730 2952 relegati.

423 2976 533 3032 Eos
561 2985 744 3031 autem
767 2976 1074 3046 episcopos,
1096 2990 1189 3029 seu
1211 2973 1503 3043 cujuslibet
1539 2973 1749 3028 ordinis
1774 2971 1932 3027 cleri-

345 3083 467 3135 eos,
507 3068 598 3137 qui
645 3077 765 3138 post
805 3065 1058 3135 injustam
1088 3065 1442 3136 dejectionem
1489 3062 1695 3128 fratris,
1727 3071 1783 3118 et
1832 3076 1925 3117 co-

343 3159 587 3229 episcopi
630 3158 800 3214 nostri
849 3158 1062 3230 lguatii,
1092 3157 1176 3212 vel
1219 3157 1272 3211 in
1329 3155 1520 3212 exsilio
1570 3153 1815 3226 relegati,
1844 3168 1907 3206 vc

348 3251 670 3318 ministerio,
702 3259 795 3307 aut
822 3251 990 3322 gradu
1030 3249 1294 3305 invidiose
1334 3248 1529 3319 privati
1555 3256 1703 3311 sunt,
1737 3244 1930 3300 statui-

344 3358 493 3406 mus,
519 3351 578 3396 ut
596 3330 788 3397 eisilio
809 3341 1067 3397 dissoluto
1092 3340 1341 3412 proprias
1368 3338 1524 3395 sedes
1543 3348 1705 3408 atque
1730 3336 1933 3409 gradus

350 3437 637 3507 recipiant.
681 3435 833 3502 Quod
880 3437 925 3491 si
979 3436 1267 3506 quisquam
1311 3436 1435 3491 huic
1484 3438 1703 3491 decreto
1744 3443 1933 3491 nostro

344 3526 625 3584 contraire
651 3526 1087 3594 pncsumpserit,
1126 3532 1182 3579 et
1227 3533 1285 3579 nt
1320 3525 1480 3580 sedes
1507 3524 1590 3579 vel
1615 3524 1819 3596 gradus
1849 3539 1933 3579 re.-

342 3624 593 3681 stnnant,
616 3615 942 3685 impedierit,
968 3630 1247 3685 quousque
1284 3615 1762 3683 obtemperaverit,
1802 3630 1935 3669 ana-

351 3707 529 3762 thema
566 3706 655 3761 sit.
694 3705 837 3760 Sane
878 3706 923 3760 si
953 3707 1043 3775 qui
1071 3721 1139 3761 ex
1183 3706 1263 3760 eis
1291 3707 1360 3760 ab
1405 3706 1526 3760 aliis
1553 3707 1931 3771 criminantur,

350 3798 695 3855 decernimus
747 3812 843 3853 eos
891 3808 1050 3851 antea
1101 3796 1257 3851 sedes
1309 3797 1527 3866 quidem
1578 3804 1634 3851 et
1685 3795 1933 3865 proprios

349 3889 553 3961 gradus
574 3888 849 3957 recipere;
879 3887 1111 3957 judicari
1136 3895 1315 3945 autem
1348 3887 1452 3940 nisi
1480 3902 1510 3940 a
1537 3887 1664 3942 sede
1690 3886 1932 3942 Rornana

264 4006 279 4023 μ
351 3997 461 4035 non
483 3980 755 4051 patimur:
781 3979 881 4034 sed
903 3979 947 4034 si
972 3994 1079 4049 qua
1117 3987 1314 4048 prmter
1339 3978 1576 4049 regulam
1604 3978 1743 4033 forte
1757 3981 1932 4050 egisse

343 4071 629 4135 dicuntur,
664 4078 853 4125 nostro
900 4084 996 4125 eos
1048 4068 1268 4124 decreto
1309 4068 1628 4138 iudicandos
1662 4069 1933 4133 reservari

342 4164 642 4218 statuimus
668 4159 860 4232 :juxta
885 4160 1027 4232 quod
1055 4169 1112 4217 et
1148 4160 1291 4216 sacri
1328 4160 1643 4231 praecipiunt
1671 4174 1928 4229 canones.

804 4366 882 4422 De
917 4367 1083 4422 sacris
1118 4365 1456 4435 imaginibus.

2036 1839 2197 1895 verit.
2244 1839 2445 1895 Verum
2488 1857 2583 1897 vos
2627 1843 3113 1911 quomodocunque
3155 1844 3486 1908 nbcdierilis,
3535 1845 3627 1899 vel‘

2031 1944 2141 1986 non
2190 1932 2510 1988 obedieritis
2548 1932 2745 1988 divinis
2802 1933 3092 1998 institutis,
3132 1924 3215 1987 vel
3255 1934 3499 2002 paternis
3531 1949 3623 1989 ea-

2030 2023 2292 2090 nouibus;
2330 2038 2428 2079 nos
2472 2033 2651 2079 tamen
2698 2024 2752 2077 in
2797 2022 2990 2093 lgnatii
3021 2023 3204 2077 fratris
3231 2032 3286 2077 et
3311 2023 3623 2094 coepiscop'

2031 2112 2201 2167 nostri
2252 2127 2575 2182 quocunque
2628 2112 2962 2176 discrimine,
3008 2113 3324 2182 priusquam
3377 2127 3407 2166 a
3463 2113 3619 2168 nobis

2030 2203 2337 2273 specialiter
2357 2206 2425 2259 ad
2454 2204 2796 2260 iterationem
2818 2203 2934 2272 ejus
2960 2204 3288 2272 perducatur
3316 2205 3612 2276 negotium,

2028 2296 2156 2367 quia
2207 2311 2309 2351 nec
2359 2296 2619 2352 hactenus
2690 2296 3093 2361 consensimus,
3145 2294 3455 2365 aliquando,
3506 2293 3621 2351 Deo

2029 2400 2130 2440 nos
2157 2384 2530 2450 conlirmante,
2567 2384 2711 2439 nullo
2743 2384 2903 2439 modo
2931 2384 3350 2439 consentiemus.
3384 2382 3491 2438 Sed
3512 2398 3617 2439 nec

2031 2474 2087 2530 in
2132 2476 2310 2532 Photii
2359 2477 2681 2532 sacerdotali
2725 2478 3003 2547 provectui
3052 2477 3359 2547 prmstando
3406 2477 3615 2543 favore,

2029 2576 2153 2621 vota
2181 2568 2663 2625 condescensionis.
2696 2579 2895 2624 nostra:
2920 2570 3081 2626 modo
3103 2570 3346 2643 quolibet
3382 2569 3614 2624 inclina-

2028 2659 2228 2727 bimus,
2254 2661 2348 2716 sed
2377 2662 2629 2718 omnibus
2660 2661 2863 2717 viribus
2884 2662 3108 2728 nostris,
3139 2671 3302 2733 atque
3328 2658 3617 2717 conatibu's‘

2027 2764 2128 2821 pro
2171 2760 2374 2806 coactae
2410 2750 2634 2819 justitia:
2673 2752 3056 2821 provectione,
3106 2767 3206 2824 pro
3254 2752 3633 2808 restaurando,

2028 2840 2279 2896 videlicet
2344 2840 2586 2912 legitimo
2627 2851 2683 2899 et
2729 2842 3036 2913 repellenda
3090 2843 3301 2898 mmeho
3353 2840 3616 2915 (quandiu‘

2029 2929 2232 3001 vivam)
2263 2946 2583 2998 occurrere;
2617 2940 2672 2986 et
2710 2926 2851 3002 quod
2880 2941 3123 2987 nostrum
3149 2941 3234 2987 est
3266 2934 3454 3003 agere,
3486 2932 3609 2987 nul-

2030 3020 2239 3080 latenus
2267 3034 2451 3081 actore
2473 3025 2583 3080 Deo
2613 3026 2966 3090 cessabimus,
3000 3032 3055 3081 et
3080 3039 3222 3079 nunc
3248 3024 3606 3089 obsecrando,

1914 3151 1930 3205 ι
1957 3131 2001 3192 C
2034 3130 2176 3170 nunc
2218 3114 2503 3181 hortando,
2532 3130 2675 3170 nunc
2704 3115 3051 3185 increpando,
3085 3129 3229 3169 nunc
3258 3113 3421 3168 etiam
3452 3129 3614 3183 regu-

2031 3202 2221 3258 lariter
2240 3203 2579 3263 admonendo
2611 3218 2626 3258 :
2653 3204 2871 3273 insuper
2889 3213 2944 3257 et
2965 3194 3297 3262 auctoritate.
3318 3203 3614 3273 apostolica

2030 3308 2146 3359 eos,
2177 3294 2268 3364 qui
2314 3304 2659 3350 contumaces
2709 3303 2866 3360 sunt,
2909 3294 3173 3361 feriendo,
3228 3281 3375 3350 nunc
3413 3295 3612 3358 verbis,

2030 3394 2177 3438 nunc
2201 3382 2416 3449 litteris,
2446 3382 2587 3453 quod
2618 3392 2824 3439 rectum
2857 3391 2911 3438 et
2927 3381 3156 3452 justum,
3188 3391 3349 3453 atque
3391 3383 3615 3439 inchoat-‘-

2031 3480 2144 3528 tum
2173 3482 2275 3538 est,
2301 3473 2389 3527 die
2409 3488 2472 3528 ae
2493 3482 2651 3527 nocte
2670 3489 2793 3528 cum
2821 3473 3019 3528 virtute
3036 3473 3233 3528 summi
3257 3474 3466 3544 opillcis
3488 3485 3617 3529 corr-

2031 3575 2307 3617 summare
2346 3561 2701 3616 studebimus.
2735 3571 2761 3603 ι
2802 3560 2943 3631 Ergo
2975 3559 3289 3615 fraternitas
3315 3569 3494 3615 vestra
3518 3560 3615 3614 lit-

2032 3660 2277 3708 terarum
2305 3652 2496 3706 saltem
2523 3666 2667 3707 nunc
2691 3650 2876 3706 tenore
2917 3658 3226 3723 cognoscat,
3256 3651 3439 3707 sedem
3470 3650 3613 3705 beati

2028 3740 2179 3796 Petri
2208 3739 2454 3810 apostoli,
2483 3739 2773 3812 neophyto,
2800 3749 2856 3795 et
2877 3741 3110 3806 mcecho,
3149 3748 3205 3795 et
3233 3739 3615 3795 Constantino-

2028 3828 2393 3900 politanorum
2425 3829 2683 3885 Ecclesia:
2729 3829 2966 3884 invasuri
3018 3829 3212 3884 Photio
3257 3820 3408 3894 olim,
3446 3828 3617 3898 juste~

2034 3935 2142 3992 que
2187 3920 2484 3987 damnato,
2535 3936 2599 3976 ac
2643 3918 2992 3976 nihilominus
3031 3920 3322 3991 prmsentia
3370 3920 3617 3992 synodali

2040 4024 2214 4082 nuper
2238 4009 2392 4078 eliso,
2407 4010 2490 4064 vel
2516 4009 2818 4066 fautoribus
2843 4009 2978 4078 ejus,
2994 4009 3101 4065 nisi
3125 4026 3153 4064 a
3173 4010 3619 4080 praevaricatione

2033 4102 2411 4167 cessaverint,
2485 4101 2901 4160 communionis-
2934 4118 3209 4172 nunquam
3265 4103 3616 4174 praebituram

2031 4211 2155 4252 esse
2194 4209 2539 4251 consensum.
2566 4194 2666 4260 Qui
2697 4199 2778 4265 (ut
2803 4203 2997 4250 caetera
3037 4211 3181 4252 nunc
3225 4194 3615 4268 omittamus),a

2026 4285 2299 4356 Gregorio
2318 4283 2681 4357 Syracusano,
2697 4286 2781 4340 vel
2800 4285 3014 4341 caeteris
3037 4284 3618 4341 schismaticisinstru-

2036 4390 2175 4442 ctus,
2208 4378 2317 4432 imo
2343 4378 2671 4459 destructus,
2700 4385 2889 4433 contra
2924 4392 3085 4433 omne
3128 4376 3214 4431 las
3259 4375 3391 4430 nulli
3428 4377 3619 4446 praesi-

419 4458 687 4528 Quoniam
732 4465 948 4528 oportet
994 4471 1095 4512 nos
1144 4455 1407 4525 majorum
1440 4463 1767 4513 nostrorum
1817 4461 1934 4509 sta-

2040 4470 2167 4524 dere
2198 4455 2378 4539 potest
2423 4468 2697 4525 Ecclesiae.
2730 4466 2867 4522 Nam
2913 4469 3108 4524 merito
3158 4469 3468 4522 destructus
3495 4480 3620 4523 esse

351 4558 489 4616 tuta,
520 4549 746 4604 inunoto
775 4549 972 4603 mentis
1001 4548 1198 4603 intuitu
1229 4562 1570 4611 conservare,
1597 4557 1655 4602 et
1679 4548 1731 4601 in
1755 4546 1931 4602 omni-

350 4640 453 4696 bus
497 4649 806 4695 sanctorum
844 4640 1066 4696 Patrum
1119 4652 1332 4711 semper
1372 4642 1620 4712 dogmata
1647 4640 1928 4705 venerari;

345 4730 648 4786 diﬁinimus
671 4730 737 4786 de
759 4730 931 4786 sacris
949 4740 1005 4786 et
1028 4732 1338 4785 reverendis
1366 4732 1689 4802 imaginibus
1720 4731 1932 4786 Domini

360 4821 531 4877 nostri
549 4820 678 4875 Jesu
708 4820 925 4884 Christi,
954 4821 1176 4891 ejusque
1218 4836 1433 4891 semper
1457 4821 1689 4892 Virginis
1711 4821 1934 4892 genitri-

364 4913 446 4968 cis
469 4911 670 4976 Μαι-ἰδὲ,
712 4922 769 4967 et
794 4913 1034 4967 omnium
1072 4923 1402 4975 sanctorum,
1426 4913 1514 4982 qui
1546 4913 1657 4967 Deo
1694 4915 1762 4967 ab
1797 4911 1933 4968 Abel

351 5005 500 5077 juslo
544 5003 811 5074 placuisse
844 5004 1159 5069 creduntur,
1203 5021 1322 5076 quae
1372 5005 1607 5060 Ecclesia
1637 5014 1824 5061 sancta
1873 5005 1929 5061 in

353 5095 606 5150 universo
644 5095 776 5151 orbe
822 5092 1015 5150 dill'usa
1059 5096 1355 5164 antiquitus
1402 5097 1649 5165 accepit,
1703 5108 1929 5166 quaeque

352 5186 499 5241 sedis
531 5185 838 5256 apostolicae
887 5185 1143 5256 praesules
1171 5201 1269 5256 pro
1305 5187 1388 5241 eis
1427 5186 1813 5249 decreverunt,
1862 5201 1927 5242 ac

348 5285 654 5333 statuerunt
691 5276 892 5331 illibata
929 5278 1241 5348 persistere,
1268 5288 1429 5346 atque
1458 5278 1775 5333 intemerata
1799 5291 1921 5332 ma-

348 5384 497 5423 nere.
529 5368 866 5440 Quapropter
884 5366 1147 5424 Joannem
1174 5371 1443 5439 quondam
1474 5369 1925 5441 Constantinopo-

348 5457 576 5515 litanum
607 5462 923 5526 antistitem,
952 5470 1011 5519 et
1034 5477 1293 5532 sequaces
1320 5463 1507 5532 ipsius,
1541 5463 1632 5533 qui
1658 5477 1752 5519 cas
1773 5463 1922 5518 fran-

350 5555 551 5627 gendas
577 5562 737 5627 atque
760 5555 1062 5647 calcandasx
1075 5571 1195 5613 esse
1223 5571 1317 5613 ore
1346 5557 1548 5626 polluto
1588 5566 1920 5624 asseverant,

2040 4560 2295 4622 creditur,
2326 4559 2416 4630 qui
2451 4574 2480 4613 a
2522 4559 2797 4615 destructo
2823 4558 3076 4615 aedificari
3107 4573 3352 4631 sperans,
3376 4557 3542 4614 etiam
3571 4559 3620 4612 si

2037 4667 2142 4723 qua
2166 4652 2271 4706 alia
2296 4652 2436 4706 bona
2459 4649 2706 4707 fortassis
2726 4649 2933 4716 habuit,
2974 4649 3156 4704 nimiae
3189 4647 3620 4719 praesumptionis

2038 4742 2154 4812 ejus
2187 4743 2477 4800 temeritati
2510 4741 2920 4799 communicans
2948 4740 3198 4812 perdidit.
3229 4739 3366 4794 Nam
3404 4737 3619 4809 Grego-
3675 4784 3679 4788 .

2039 4837 2152 4891 rius
2175 4835 2446 4905 quomodo
2464 4844 2790 4904 quemquam
2815 4831 3085 4887 aedificare
3108 4837 3339 4900 poterat,
3367 4829 3458 4898 qui
3486 4829 3621 4883 mul-

2039 4926 2295 4996 tipliciter
2310 4924 2423 4995 jam
2446 4924 2769 4980 noscebatur
2788 4921 2990 4977 elisus?
3009 4920 3279 4992 quomodo
3294 4934 3619 4991 quemquam

2022 5017 2089 5070 'iu
2120 5016 2300 5085 aliquo
2325 5014 2691 5071 ecclesiastico
2741 5020 2952 5086 poterat
2992 5012 3183 5067 ordine
3225 5011 3489 5075 stabilire,
3523 5011 3616 5081 qui

2037 5106 2293 5162 Ecclesiae
2324 5106 2603 5162 unitatem
2664 5102 2957 5169 scindens,
3019 5101 3135 5171 ipse
3174 5101 3288 5173 jam
3333 5101 3621 5156 videbatur

2038 5198 2263 5254 omnino
2288 5196 2566 5267 dejectus?
2596 5195 2749 5253 Sicut
2784 5196 2928 5251 enim
2956 5196 3155 5267 ligatus
3194 5194 3399 5267 ligare,
3428 5204 3486 5249 et
3525 5193 3618 5249 de-

2012 5287 2207 5359 ‘jectus
2235 5287 2467 5357 dejicere
2495 5303 2602 5343 non
2642 5289 2838 5358 potuit,
2861 5287 2940 5343 sic
2969 5287 3279 5344 destructus
3303 5296 3619 5342 construere

2012 5387 2094 5434 .et
2121 5379 2287 5433 elisus
2325 5394 2653 5449 quemquam
2704 5377 2958 5434 ordinare
2990 5378 3250 5448 nequivit.
3299 5377 3356 5431 In
3403 5389 3618 5432 ettmmo

2031 5469 2230 5539 quippe
2257 5478 2432 5525 status
2461 5469 2543 5524 sui
2582 5476 2796 5540 oportet
2819 5484 2943 5524 eum
2967 5468 3151 5539 vigore
3194 5467 3496 5522 consistere
3514 5504 3532 5528 ,
3560 5472 3616 5520 et

2034 5561 2208 5617 tirmis
2257 5561 2423 5618 inuiti
2464 5576 2564 5633 per
2605 5562 2787 5620 omnia
2838 5559 3191 5632 basibusjqui
3228 5558 3479 5624 alterum,
3530 5570 3596 5615 ve

423 5741 449 5773 ⁸
480 5729 671 5802 lugens
708 5732 796 5789 hic
836 5697 1062 5805 lacinia,
1112 5735 1284 5807 qualis
1322 5733 1375 5790 ln
1416 5751 1499 5808 ep.
1543 5733 1783 5807 ejusdem
1828 5735 2052 5794 Nicolai.
