2030 3169
244 124 313 155 1083

916 123 1051 151 Μυοωι
1070 122 1173 151 ΡΑΡξΕ
1186 123 1202 151 .l

1831 126 1902 154 {£81

240 190 336 215 obreui
351 185 459 216 interim
474 184 606 220 depositio
617 182 700 219 ipsius
716 191 732 211 a
742 184 808 211 sede
818 184 963 218 apostolica
979 192 1032 211 non
1046 184 1069 214 Α
1084 182 1166 209 meris
1184 182 1261 209 malis
1274 181 1386 210 allectus
1396 183 1430 211 ab
1444 182 1571 211 Ecclesia
1586 183 1717 219 regimine
1730 180 1901 220 sequestra-

241 238 366 268 suscepta
382 233 510 261 remansit
525 232 642 259 infirma.
656 231 777 265 Cumque
803 230 871 257 idem
888 229 1034 266 Gregorius

241 288 290 315 per
312 280 429 315 legatum
445 287 501 306 sua:
523 279 606 313 partis
629 277 787 305 Zachariam
812 277 919 304 nomine
943 277 1033 304 sedem

241 327 396 362 agnovisset
409 325 586 360 apostolicam
602 325 628 352 iu
643 332 691 352 sua
703 324 870 359 depositione
882 324 1034 352 nullatenus

240 373 423 404 consensisse,
438 380 491 399 non
505 372 607 407 gratias
620 371 686 406 egit,
701 379 754 398 non
775 379 790 397 a
810 371 907 405 emptis
929 371 955 398 in
977 369 1033 405 jam

240 418 341 446 dictttm
371 416 483 444 fratrem
508 420 631 444 nostrmn
664 416 839 443 szevientibus
865 416 1034 444 contumeliis

239 462 403 497 conquievit,
419 462 467 489 sed
488 461 654 496 benignitate
679 462 724 488 Dei
737 481 744 493 ,
768 466 796 489 et
811 462 939 496 patientia
963 461 1035 489 sedis

239 507 397 542 apostolicae
415 507 442 534 in
457 507 610 541 superbiam
627 507 752 538 abutens,
769 506 796 533 in
812 506 899 541 ipsum
911 507 1035 533 videlicet

237 553 372 588 lgnatium
399 552 583 587 patriarcbam
599 560 676 579 suum
693 552 812 580 rediviva
834 551 923 586 jacula
941 552 1035 587 impie-

238 598 301 625 tatis
318 598 501 625 irreverenter
522 597 639 628 exacuit,
655 601 682 624 et
696 604 730 623 eo
742 596 889 630 superstite
913 597 1033 632 neophy-

238 648 293 670 tum
322 643 348 670 in
372 642 668 677 Consutntinopolitana
697 642 818 670 Ecclesia
843 642 1032 669 consecravit:

235 689 300 722 quin
315 689 405 723 potius
427 692 455 716 et
468 689 600 716 adversus
614 689 686 716 sedis
709 689 788 716 istius
811 689 919 716 decreta
938 693 1034 716 contu-

236 741 299 761 max
314 741 374 762 esse
388 742 441 762 non
464 734 578 767 destitit,
602 734 648 768 qui
664 742 713 769 pro
738 741 779 766 se,
797 742 850 761 non
873 738 966 761 contra
993 741 1033 766 se,

236 782 322 816 ipsius
339 782 373 809 ab
387 789 421 810 ea
433 783 543 811 decreta
555 783 635 817 paulo
649 787 713 810 ante
723 783 786 810 data
804 787 931 817 tanquam
945 783 1035 816 ingra-

235 830 282 854 tus
298 835 351 855 non
365 827 469 859 recolit,
484 832 512 855 et.
526 828 598 855 velut
610 828 806 864 tergiversator
814 835 889 855 arma
900 831 1035 863 praeparat

1087 230 1139 255 tur.
1152 227 1185 254 Et
1198 228 1249 254 hoc
1265 232 1349 255 totum
1363 228 1465 256 factum
1478 233 1530 261 est,
1543 237 1576 256 eo
1589 230 1659 264 quod
1674 230 1805 265 prazdicti
1828 239 1901 266 pon-

1086 273 1174 302 tiﬁces
1187 274 1293 308 utrique
1300 275 1368 309 parti
1380 276 1535 309 atquitatem
1546 280 1696 309 servantes,
1707 280 1735 304 et
1743 278 1900 312 utriusque

1085 320 1172 354 partis
1182 320 1345 348 audientiam
1361 321 1560 356 praestolantes,
1572 322 1668 357 lgnatii
1683 331 1737 351 non
1753 324 1902 351 ﬁrmando

1082 367 1250 394 sententiam
1260 368 1313 395 imo
1320 375 1384 394 vero
1393 368 1501 395 interim
1514 368 1688 400 infirmando,
1702 370 1832 397 inimicis
1841 369 1901 404 ejus

1085 411 1283 444 quodammodo
1312 419 1421 438 manum
1449 414 1638 447 porrexerint,
1664 414 1728 441 dum
1756 415 1901 442 nimirum

1085 456 1245 484 sententiam
1264 457 1290 484 iu
1306 465 1353 485 eos
1378 458 1509 492 prolatam
1525 468 1578 486 non
1594 460 1701 487 interim
1719 461 1900 489 auctoritate

1084 503 1157 529 sedis
1166 504 1318 537 apostolica:
1337 505 1539 536 revocaverint,
1555 506 1601 532 sed
1618 513 1702 541 usque
1718 507 1745 534 in
1764 515 1900 542 prasen—

1086 548 1149 575 tiatu
1174 548 1293 582 ejusdem
1316 550 1470 584 apostolica:
1491 551 1563 577 sedis
1584 550 1685 579 deferri
1700 553 1896 581 decreverint.

1120 592 1313 626 Quamobrem,
1327 594 1490 627 charissimi,
1517 596 1580 629 quia
1602 596 1678 631 quasi
1701 605 1751 633 per
1766 607 1825 626 nos
1850 601 1898 627 iu-

1085 643 1165 665 venta
1182 643 1223 665 cst
1238 638 1332 673 lgnatii
1357 639 1497 673 dejectioni
1523 641 1645 673 materia,
1659 642 1764 670 idcirco
1789 650 1899 679 pmter

1085 683 1111 710 id
1128 683 1199 718 quod
1214 683 1297 710 frater
1320 684 1442 719 adjuvari
1466 685 1546 712 debet
1568 694 1585 712 a
1608 686 1712 720 fratre,
1744 694 1855 723 ιιι-,ηιθ-
1870 691 1898 717 id

1085 730 1167 757 etiam
1183 729 1255 764 quod
1277 729 1370 762 Petro,
1385 730 1462 764 cujus
1478 731 1503 758 in
1529 732 1611 759 terris
1637 733 1699 761 licet
1722 734 1836 770 indigni
1854 737 1896 764 \‘i-

1085 783 1144 803 cem
1164 776 1293 810 gerimus,
1320 775 1418 803 Christi
1433 777 1545 805 oraculo
1568 778 1742 812 peculiariter
1757 780 1869 808 dicitur
1887 792 1893 807 :

1085 821 1219 855 Con/iram
1233 821 1329 855 fratres
1340 827 1410 854 tuos,
1425 822 1507 850 etiam
1521 831 1570 857 pro
1585 824 1636 851 hoc
1651 825 1812 860 specialiter
1826 835 1895 855 eum

235 874 366 902 adversus
378 882 454 902 arma
466 874 516 902 sibi
527 875 640 902 tutelam
650 874 744 902 salutis
758 882 810 902 nou
825 874 930 902 modice
941 872 1032 901 confe-
1049 870 1071 902 Β
1086 874 1138 893 n0“
1163 866 1248 894 50'1"“
1276 866 1405 901 adiuvare
1427 872 1454 894 ει
1480 868 1652 903 “inﬁrmare.
1681 878 1776 898 verum
1801 873 1894 900 813311!

236 920 321 947 rentia
335 925 363 947 et
374 929 479 948 murum
488 921 626 949 destruere
635 922 738 954 nititur,
746 922 792 956 qui
804 930 836 948 ne
849 922 904 956 ipse
914 922 1033 949 destrlc«

236 971 321 995 retur.
338 966 484 993 fortissime
499 968 653 993 custodivil.
668 967 701 994 Et
714 967 769 1001 agit
781 975 851 994 nunc
862 971 993 1001 quantum
1006 967 1032 994 in

231 1019 266 1038 se
276 1016 328 1043 est,
340 1016 411 1039 utea
424 1016 524 1039 statuta
536 1020 646 1046 prorsus
656 1013 929 1040 habeanturinvalida
941 1023 948 1040 :
960 1021 1032 1048 qmc,

236 1064 299 1083 cum
312 1057 355 1084 his
368 1057 425 1091 ipse
438 1062 538 1091 egeret,
563 1058 674 1092 supplex
687 1058 795 1092 petebat
809 1067 815 1084 :
833 1063 861 1085 et
872 1063 902 1085 ut
920 1058 1032 1086 fortiora

235 1107 331 1129 essent
351 1102 497 1130 adamante
521 1104 672 1131 submissus
684 1104 806 1138 optabat,
834 1109 915 1139 atque
934 1109 964 1131 ut
981 1105 1031 1133 sibi

235 1148 435 1175 auxiliarentur
456 1149 595 1176 humiliter
617 1150 786 1184 implorabat,
801 1158 906 1178 necnon
922 1155 950 1178 et
968 1159 1032 1179 con-

236 1197 278 1220 tra
293 1201 325 1220 ea
340 1199 533 1230 repugnantes,
548 1194 661 1222 forsitan
689 1200 819 1231 tyrannos
838 1202 865 1223 et
886 1197 1031 1231 sacrilegos

231 1235 373 1270 judicabat
386 1247 393 1265 :
405 1239 456 1266 nisi
468 1239 540 1266 enim
551 1240 629 1267 sedes
643 1240 789 1275 apostolica
805 1241 829 1268 ei
844 1247 977 1275 parceret,
987 1243 1030 1270 ille

234 1283 369 1317 quomodo
394 1288 489 1312 contra
515 1285 766 1313 revercndissimnm
788 1286 920 1320 lgnatium
940 1293 1031 1322 posset

231 1334 362 1360 exercere
377 1329 528 1362 brachium,
547 1339 597 1357 non
614 1331 733 1358 haberet.
752 1332 786 1358 At
800 1332 843 1359 ille
856 1341 922 1360 usus
935 1338 977 1361 est
987 1341 1030 1361 se-

234 1374 275 1400 dis
290 1375 442 1408 apostolicaa
456 1376 574 1403 bonitate
587 1377 611 1402 in
630 1377 820 1411 malignitatem
834 1377 894 1413 [αι.,
906 1379 1029 1413 maligni-

233 1419 300 1454 tate]
312 1439 320 1451 ,
334 1425 362 1447 et
375 1420 535 1448 beneficium
551 1421 577 1448 in
600 1422 687 1456 patris
700 1423 740 1449 sui
758 1423 890 1450 convertit
903 1424 1026 1451 exitium.

269 1465 355 1493 Dicite
364 1466 455 1501 igitur,
465 1467 589 1500 obsecro,
598 1467 708 1500 fratres,
716 1476 777 1496 cum
789 1469 825 1496 ita
836 1469 882 1500 sit,
893 1470 1028 1504 quomodo

232 1518 287 1538 non
303 1511 450 1539 debeamus
462 1520 512 1539 nos
525 1512 656 1546 lgnatium
671 1513 809 1548 adjuvare,
831 1518 878 1541 attt
889 1522 976 1549 usque
994 1515 1027 1542 ad

1087 911 1167 947 (sicut
1180 911 1228 946 ipsi
1244 912 1357 946 potestis
1371 912 1523 948 advertere)
1540 915 1603 942 totis
1625 923 1674 942 nos
1690 924 1738 950 pro
1754 916 1800 945 illo
1819 918 1893 945 viri-

1086 957 1136 984 bus
1149 962 1256 992 oportet
1269 966 1317 993 per
1331 959 1421 986 omnia
1435 958 1588 993 decertare,
1608 965 1638 987 ut
1652 961 1779 989 videlicet
1794 967 1891 991 totum

1085 1002 1111 1029 in
1138 1002 1182 1030 illo
1202 1003 1322 1031 funditus
1348 1004 1497 1038 abolentur,
1523 1006 1594 1040 quod
1620 1014 1670 1040 per
1691 1015 1741 1035 nos
1766 1008 1890 1037 laedendi

1084 1048 1205 1076 fomitem
1221 1049 1383 1077 adversariis
1394 1050 1453 1085 ejus
1469 1052 1665 1086 reperientibus
1681 1053 1706 1080 ei
1721 1054 1888 1083 violentiam

1083 1096 1184 1123 inferre
1199 1101 1375 1129 monstratur,
1401 1103 1539 1133 totumque
1555 1100 1678 1133 recipiat,
1693 1100 1803 1128 Christo
1818 1110 1889 1136 pro—

1083 1140 1159 1176 pitio,
1172 1142 1244 1175 quod
1266 1141 1328 1168 dum
1350 1149 1399 1169 nos
1422 1143 1570 1175 moderate,
1594 1152 1626 1170 ac
1648 1145 1810 1178 regulariter
1824 1147 1890 1181 egi-

1083 1193 1163 1218 mus,
1200 1186 1257 1220 ipse
1294 1186 1512 1221 przrjudicialiter
1544 1189 1669 1216 amisisse
1699 1191 1885 1225 dignoscitur.

1082 1229 1213 1263 Quoniam
1228 1235 1255 1258 et
1269 1232 1372 1266 prmfati
1399 1232 1555 1260 decessurus
1582 1235 1667 1261 nostri
1691 1235 1756 1268 (Leo
1770 1237 1886 1264 scilicet

1081 1281 1109 1303 et
1121 1276 1280 1305 Benedictus
1293 1278 1379 1305 beata:
1399 1280 1593 1306 recordationis
1607 1282 1757 1316 pontifices)
1772 1283 1796 1309 si
1821 1284 1880 1311 tale

1081 1323 1145 1357 quid
1168 1323 1263 1351 tlicbus
1289 1333 1382 1351 eorum
1407 1325 1553 1358 Gregorius
1580 1327 1621 1353 vel
1649 1328 1793 1362 complices
1819 1328 1884 1362 ejus

1079 1371 1243 1402 patrassent,
1260 1369 1382 1396 videlicet
1403 1374 1431 1396 ut
1446 1370 1520 1396 abusi
1540 1375 1614 1397 tanto
1628 1373 1834 1406 eompassionis,
1852 1380 1884 1400 et

1079 1413 1216 1447 patientia:
1238 1414 1310 1440 sedis
1324 1415 1476 1448 apostolico
1493 1415 1562 1442 circa
1579 1424 1607 1443 se
1620 1417 1787 1445 beneficioiu
1800 1419 1882 1453 lgna-

1081 1459 1145 1486 tiutn
1174 1469 1269 1486 manus
1292 1469 1353 1487 suas
1383 1462 1538 1495 injccisscnt
1563 1468 1634 1490 :aut
1661 1465 1789 1493 adversus
1814 1474 1879 1494 etim

1080 1505 1145 1540 ipsis
1158 1507 1258 1532 sanctis
1273 1508 1431 1540 pra-stilibus
1451 1509 1610 1536 inconsultis
1635 1510 1742 1545 linguas
1757 1520 1819 1539 suas
1834 1517 1880 1539 ta-

232 1556 399 1584 .udiemiam
420 1558 563 1592 (quammn
586 1559 612 1585 in
627 1559 705 1586 nobis
728 1559 780 1594 est)
796 1559 947 1587 indemnem
972 1568 1026 1588 non
1040 1558 1063 1589 ε
1079 1550 1141 1578 liter
1159 1553 1328 1579 execuisscut
1351 1554 1472 1587 profecto
1497 1563 1543 1583 eos
1573 1560 1702 1591 tauquam
1728 1559 1874 1592 magistros

231 1602 341 1635 penitus
366 1604 546 1630 conservare?
574 1604 616 1630 vel
639 1605 775 1638 quomodo
811 1613 865 1632 non
891 1606 1026 1640 possimus

232 1647 404 1682 Gregorium,
421 1652 448 1675 et
473 1648 522 1675 hos
543 1649 589 1683 qtti
603 1657 637 1675 ex
657 1654 732 1683 parte
747 1650 829 1685 ipsius
842 1655 913 1684 sunt,
929 1651 1027 1679 merito

231 1693 431 1721 condemnare?
453 1694 559 1728 quando
583 1693 722 1729 lgnatius,
744 1695 795 1722 nisi
822 1703 837 1722 a
854 1696 931 1723 nobis
954 1701 1027 1724 esset

231 1738 400 1773 impeditus,
428 1739 470 1766 sic
499 1739 558 1766 illus
581 1740 712 1767 canonice
738 1739 852 1768 forsitan
882 1746 1025 1775 sterneret,

229 1789 262 1811 ut
275 1792 337 1812 eum
362 1785 435 1812 nullo
458 1785 602 1812 conamine
626 1786 777 1820 potuissent
804 1786 952 1822 impellere.
980 1787 1024 1815 lsti

229 1832 276 1866 qui
291 1840 344 1860 non
359 1832 438 1860 nobis
452 1833 563 1865 haesere,
578 1841 646 1868 quos
661 1834 688 1861 in
703 1833 866 1869 adjutoriunt
886 1842 964 1862 suum
978 1835 1026 1862 ha—

228 1878 295 1905 bere
309 1880 522 1913 promptissimos
538 1885 704 1909 meruerunt,
723 1887 773 1907 nec
795 1888 810 1907 τι
834 1880 913 1907 nobis
932 1880 1024 1908 consi-

228 1923 294 1949 lium
309 1928 483 1958 accepcrunt,
505 1924 543 1951 uti
561 1932 622 1951 cum
644 1925 797 1958 patriarcha
813 1933 861 1952 suo
879 1925 921 1952 vel
935 1925 1025 1959 paciﬁ-

229 1968 298 2000 cari,
323 1968 365 1996 vel
393 1970 524 1996 canonice
547 1969 663 2003 judicari
685 1970 836 2004 potuissent
860 1978 867 1997 :
892 1971 938 1998 sed
953 1971 1026 1999 vires

226 2021 293 2040 suas
316 2022 333 2040 a
357 2014 434 2042 nobis
458 2023 493 2042 ne
514 2015 705 2051 frangerentur
725 2021 847 2043 servatas
861 2037 870 2048 ,
895 2017 1025 2045 adversus

228 2066 291 2086 etim
303 2059 426 2093 protinus
437 2065 631 2094 prtepararuut.
642 2060 729 2093 Unde,
740 2069 842 2096 quaeso,
855 2062 1023 2096 perpendite,

228 2109 360 2139 quantum
377 2112 427 2132 nos
439 2113 510 2133 nunc
532 2106 635 2139 lgnatio
656 2106 793 2134 debitores
806 2106 901 2138 sitnus,
915 2106 960 2141 qui
971 2107 1023 2134 sibi

226 2150 414 2183 obstaculnm,
430 2155 458 2178 et
471 2151 588 2179 inimicis
600 2151 658 2185 ejus
675 2151 737 2178 facti
751 2159 845 2179 sumus
859 2151 1023 2179 defensionis

227 2196 428 2225 umbrticulum.
447 2197 575 2229 Quamvis
594 2205 646 2223 non
673 2197 731 2224 idco
751 2197 882 2232 judicium
908 2197 1020 2224 istorum

1079 1598 1293 1633 iuquietudiuis,
1322 1604 1349 1627 et
1383 1600 1457 1635 ipsos
1482 1609 1511 1627 sc
1533 1602 1590 1628 sole
1620 1603 1720 1630 clarius
1742 1604 1880 1631 obnoxios

1078 1645 1268 1675 ostendentes,
1307 1645 1364 1672 sine
1394 1647 1489 1680 quavis
1526 1648 1716 1674 retractatione
1746 1650 1878 1683 protinus

1341 1701 1347 1718 ε
1377 1698 1402 1720 ct
1428 1698 1529 1720 tantum
1566 1695 1696 1728 piaculum
1725 1695 1878 1730 impietatis

1078 1745 1171 1764 eorum
1188 1737 1327 1764 destruere
1348 1739 1536 1766 ardentissime
1550 1741 1726 1768 studuissent.
1743 1741 1796 1769 Sed
1810 1743 1876 1777 quia

1078 1782 1116 1809 illi
1139 1782 1229 1809 divina
1246 1784 1384 1811 vocalium:
1408 1785 1441 1810 ab
1468 1785 1518 1811 huc
1543 1786 1665 1812 convalle
1692 1786 1874 1822 lacrytnarum

1078 1829 1202 1856 subducti
1225 1833 1289 1856 sunt
1306 1830 1376 1857 hanc
1399 1831 1566 1866 tyrannidem
1588 1833 1709 1859 nondum
1726 1833 1874 1866 intuentes,

1078 1883 1128 1902 nos
1142 1876 1270 1904 debemus
1291 1877 1318 1904 in
1335 1885 1428 1905 eorum
1443 1879 1533 1906 labore
1556 1881 1715 1913 succedere,
1742 1882 1787 1916 qui
1808 1890 1873 1909 suc-

1078 1921 1210 1948 cessimus
1235 1922 1262 1949 in
1289 1923 1401 1955 honore,
1423 1924 1448 1950 iu
1471 1925 1546 1958 cujus
1573 1931 1693 1960 tempore
1717 1927 1873 1959 crudelitas,

1077 1974 1138 2000 qua:
1160 1966 1256 1995 diebus
1281 1967 1398 2002 ipsorum
1421 1970 1503 2003 coepit
1526 1970 1632 1997 radices
1654 1971 1788 2003 emittere,
1811 1980 1876 1998 con-

1077 2017 1210 2039 summata
1225 2014 1373 2047 pcrparuit.
1395 2014 1512 2041 Proinde
1534 2023 1582 2042 nos
1607 2016 1706 2049 primo,
1722 2017 1785 2051 quia
1800 2018 1874 2044 sedis

1076 2057 1232 2092 apostolica:
1255 2058 1289 2085 de
1318 2063 1371 2085 tota
1389 2059 1507 2086 Ecclesia
1534 2060 1574 2087 fas
1601 2061 1728 2088 habentis
1749 2061 1874 2095 judicare

1076 2103 1261 2130 moderamina
1282 2104 1429 2131 retinemus
1445 2115 1450 2131 z
1467 2106 1584 2133 secundo
1599 2108 1727 2140 quoniam
1741 2107 1873 2134 fratribus

1075 2148 1202 2183 ittjuriam
1236 2150 1323 2185 passis
1358 2151 1501 2178 subvenire
1531 2152 1661 2180 debemus
1686 2160 1693 2180 :
1721 2158 1871 2188 postremo,

1075 2195 1203 2229 quoniam
1227 2194 1375 2230 (sicutjam
1397 2196 1524 2232 diximus)
1543 2203 1649 2232 oportet
1665 2207 1712 2225 nos
1736 2199 1762 2225 iu
1777 2207 1871 2226 eorum

1079 1692 1305 1718 comlemuassetit

225 2242 425 2273 distulerimus.
447 2247 477 2269 ut.
490 2243 515 2269 ei
530 2243 644 2270 nocendi
656 2242 743 2276 jacula
759 2247 958 2277 [tt‘:ep:tr.'tt‘t‘tlt,
973 2243 1021 2270 sed
1035 2233 1060 2262 ι)
1072 2241 1165 2269 labere
1177 2242 1331 2274 succedere,
1349 2243 1375 2269 iu
1397 2251 1512 2276 quorum
1538 2246 1717 2272 successimus
1731 2246 1870 2280 pontifica-

224 2293 255 2314 ut
270 2288 310 2315 sic
323 2288 458 2314 sententia
473 2289 498 2314 in
515 2288 564 2314 bos
578 2287 692 2321 prolata,
702 2288 881 2314 valetudinem
898 2289 1019 2321 haberet,

224 2337 256 2359 ιιι
276 2340 292 2359 a
316 2333 393 2360 nobis
415 2333 580 2359 examinatio
603 2333 776 2365 pr:ccedc.rct.
802 2333 834 2359 Et
861 2340 955 2360 rursus
982 2333 1021 2361 sic

224 2378 262 2404 ab
277 2378 338 2406 istis
351 2378 378 2406 in
393 2386 455 2406 eum
470 2379 573 2413 objecta
588 2378 694 2412 penitus
714 2385 806 2405 coram
824 2378 901 2406 nobis
920 2379 1022 2406 admit—

224 2428 361 2457 terentur,
374 2428 406 2452 ut
418 2424 503 2459 partis
525 2424 621 2459 lgnatii
634 2432 747 2459 persona
768 2430 872 2457 vocata,
893 2433 943 2453 nec
954 2433 1021 2453 con-

224 2469 299 2497 victa
324 2469 385 2505 [41].,
405 2470 446 2497 vel
467 2470 601 2502 convicta,
626 2469 725 2506 Humi]
746 2476 846 2498 nostra:
869 2471 1020 2506 praesentia:

226 2524 281 2543 non
307 2516 423 2542 deesset.
441 2515 619 2548 Quamobrem
644 2516 725 2543 dilato
750 2516 1020 2552 parumper-judicio,

224 2567 254 2590 ot
275 2562 382 2589 interim
399 2562 534 2590 infirmata
554 2564 700 2596 sententia,
725 2564 836 2591 missum
860 2563 1020 2597 estutrique

225 2608 297 2644 parti
310 2609 382 2637 sedis
396 2609 553 2644 apostolicae
574 2610 697 2645 praesulis
707 2610 926 2645 praesentandum
941 2610 1020 2638 obtu-

226 2654 308 2687 tibus,
323 2662 356 2682 ac
369 2654 427 2689 ejus
442 2654 484 2689 (ut
498 2662 547 2690 par
560 2655 613 2690 est)
636 2655 832 2690 subjiciendum
849 2655 1018 2683 diffinitioni-

224 2698 285 2726 bus.
312 2699 364 2727 Sed
395 2700 459 2728 dum
486 2708 548 2736 pars
580 2700 675 2736 lgnatii
710 2700 871 2735 properandi
901 2701 1019 2736 disponit

224 2743 286 2777 iter,
301 2745 424 2773 hostibus
434 2745 493 2781 ejus
506 2746 609 2773 viribus
623 2746 778 2781 resumptis,
792 2753 844 2773 non
856 2745 911 2780 jam
924 2746 1015 2773 sedem

224 2790 576 2825 apostolicampetcntibus,
595 2799 646 2818 non
663 2791 735 2818 Petri
756 2792 912 2819 memoriam
928 2792 1016 2820 facere

216 2832 408 2869 dignantibus,
430 2833 547 2871 lgnatius
562 2835 695 2871 trahitur,
711 2836 867 2872 impellitur,
895 2843 923 2865 et
935 2837 1016 2871 innu-

1072 2290 1116 2314 tus
1128 2286 1245 2319 honore;
1263 2288 1489 2320 quemadmodum
1508 2289 1556 2323 ipsi
1572 2290 1745 2317 decesserunt
1759 2299 1869 2318 suorum

1072 2333 1195 2368 exempla
1212 2334 1297 2360 secuti
1312 2337 1383 2366 sunt,
1398 2338 1426 2360 et
1440 2335 1530 2368 operis
1551 2343 1643 2362 eorum
1666 2337 1769 2363 strenui
1785 2337 1869 2364 culto-

1072 2385 1119 2405 res
1131 2377 1233 2405 inventi
1257 2383 1327 2409 sunt,
1353 2379 1425 2413 quod
1451 2379 1500 2413 ipsi
1520 2380 1640 2414 profecto
1655 2386 1777 2415 agerent,
1795 2381 1869 2415 adju-

1073 2428 1153 2451 vanle
1166 2423 1291 2457 Domino,
1306 2424 1435 2451 habentes
1449 2427 1674 2459 quemadmodmn
1687 2426 1724 2453 illi
1742 2427 1866 2454 eumdem

1071 2470 1159 2498 zelum
1179 2470 1306 2505 justitiaz,
1326 2478 1373 2497 seu
1400 2471 1568 2505 privilegium
1585 2472 1723 2506 dignitatis
1748 2473 1867 2500 studiose

1071 2515 1203 2551 perficere
1228 2515 1444 2550 procuravimus.
1479 2516 1610 2543 Nimirum
1646 2517 1717 2551 quod
1741 2518 1867 2545 omittere

1070 2561 1164 2596 procul
1178 2561 1260 2588 dubio
1274 2560 1357 2596 (sicut
1370 2570 1449 2588 nosse
1460 2562 1567 2589 cunctis
1577 2562 1649 2589 clare
1662 2563 1800 2598 tribuitur)
1813 2571 1865 2590 non

1070 2606 1192 2634 valemus
1206 2615 1213 2622 θ
1230 2614 1295 2634 sane
1311 2607 1374 2642 quia
1393 2606 1554 2641 Gregorium
1578 2608 1741 2642 ueophytum
1772 2616 1867 2635 conse-

1070 2659 1161 2680 crasse
1186 2652 1326 2685 diximus,
1354 2661 1388 2679 ne
1410 2653 1535 2680 Photium
1562 2654 1670 2688 quidem
1702 2653 1867 2688 neophytum

1071 2699 1180 2734 quando
1204 2700 1280 2734 quasi
1305 2700 1332 2727 in
1359 2701 1526 2727 sacerdotem
1548 2705 1721 2728 consecratus
1743 2704 1795 2732 est,
1816 2707 1866 2728 nc-

1070 2750 1152 2780 gent;
1168 2745 1254 2773 sancti
1279 2753 1355 2781 papa:
1375 2746 1517 2780 Gregorii,
1542 2751 1569 2774 et
1586 2747 1733 2781 Anglorum
1754 2747 1867 2782 amplis-

1070 2791 1157 2822 simae,
1170 2798 1202 2817 ac
1217 2790 1379 2819 fidelissima:
1393 2792 1599 2827 gentisapostoli
1611 2793 1685 2827 (nam
1695 2792 1865 2827 signaculum

1071 2835 1236 2872 apostolatus
1252 2835 1308 2871 cjus
1323 2837 1372 2872 ipsi
1389 2842 1452 2865 sunt
1466 2838 1492 2864 in
1510 2838 1632 2877 Domino)
1649 2838 1731 2879 verba
1746 2846 1864 2871 commc-
