4060 6338
319 372 456 483 me

1509 379 1867 441 EPISTOLJE
1904 376 1994 438 ΕΤ
2032 378 2372 441 DECRETA.

3440 369 3586 444 isse

315 494 839 593 ωσι-ἐπιθειξῖιυῖἆῆ
874 502 890 575 ἐ
912 496 1073 577 Sicut
1103 498 1299 576 autem.
1315 500 1444 577 tutth
1460 506 1461 511 “
1477 496 1899 593 ηθὸῇῒιγίιιέᾶῐ-

2007 494 2223 569 niope're
2245 498 2495 556 convenit
2523 517 2537 554 :
2564 506 2831 570 quatenus
2851 498 3132 571 diligenter
3148 499 3395 573 inquirat
3420 508 3585 574 atque

314 614 560 679 cehatur,
580 614 674 685 qui
698 612 852 667 initio
881 612 932 667 in
960 621 1159 668 sancta:
1187 612 1308 667 ﬁdei
1339 620 1456 667 erat
1486 611 1899 669 conversatione

315 698 624 777 plantatus,
675 704 755 760 sic
802 703 961 761 modo
1010 703 1311 774 ncophytus
1348 703 1627 757 habendus
1668 711 1775 768 est,
1805 703 1898 772 qui

1996 594 2255 648 ‘scrutaus
2291 592 2337 647 si
2379 608 2478 648 sua
2516 592 2662 647 illam
2705 606 2813 648 non
2852 593 3018 649 fuisse
3064 596 3422 664 praeceptione
3473 606 3585 653 tam

1998 690 2278 738 coenoeam
2304 682 2572 738 invenerit
2598 684 2922 747 confectam,
2944 684 3054 738 imo
3081 683 3331 740 toxicatis
3364 686 3587 758 syllabis

314 774 538 867 mpente
569 796 621 852 in
654 796 930 868 religionis
959 796 1147 853 habitu
1185 796 1459 868 plantatus
1487 798 1557 854 ad
1586 797 1900 856 ambicndQS

2007 774 2257 831 infectam
2318 775 2624 848 epistolam,
2677 785 2737 832 ut
2791 776 3005 831 interim
3065 777 3131 831 de
3180 784 3259 833 tot
3310 779 3585 849 praestigia

314 886 549 945 honores
573 904 756 946 sacms
790 889 1089 960 irrepserit.

384 979 651 1038 Praeterea
703 997 809 1037 non
860 982 1212 1037 omittendum
1269 997 1391 1039 esse
1435 979 1753 1045 credimus,
1804 995 1904 1036 nos

314 1085 741 1128 commemorare
782 1072 1054 1149 praeterito
1103 1087 1245 1128 anno
1293 1087 1391 1142 per
1433 1070 1780 1126 indictionem
1823 1070 1904 1124 vi-

316 1163 511 1220 delicet
568 1162 781 1238 tertiam
834 1163 1098 1218 decimam
1132 1203 1148 1229 ,
1203 1161 1483 1231 epistolam
1531 1162 1631 1216 sub
1686 1159 1904 1217 nomine

313 1252 576 1323 principis
618 1253 1010 1323 conscriptam,
1065 1266 1163 1322 per
1209 1250 1523 1307 Michaelem
1566 1249 1902 1320 impcrialem

314 1341 811 1412 protospatharium
840 1343 1165 1414 suscepisse,
1206 1359 1324 1413 quae
1357 1343 1523 1397 tantis
1567 1350 1687 1397 erat
1723 1342 1904 1398 verbis

314 1434 742 1500 contumeliosis,
792 1435 901 1490 imo
946 1436 1296 1506 hlasphemiis
1350 1451 1619 1505 respersa,
1670 1443 1732 1489 ut
1771 1434 1906 1491 scri-

313 1532 441 1595 ptor
489 1521 608 1592 ejus
657 1539 765 1578 non
814 1523 917 1579 nisi
990 1524 1047 1579 in
1108 1534 1321 1598 gutture
1373 1524 1579 1580 colubri
1634 1523 1902 1580 calamum

315 1616 542 1672 tinxisse
578 1625 818 1686 putetur,
849 1626 903 1671 et
939 1617 1221 1673 dictatoris
1263 1617 1404 1673 labia
1448 1631 1553 1686 pro
1577 1613 1903 1672 dictionibus

315 1723 523 1764 venena
556 1708 758 1764 fudisse
788 1710 1094 1775 videantur,
1123 1709 1257 1764 adeo
1285 1717 1342 1763 ut
1366 1708 1410 1764 si
1444 1707 1740 1778 cujnspiam
1772 1706 1904 1761 sim-

313 1798 537 1869 plicium
565 1814 662 1853 cor
680 1806 965 1869 penetrent
994 1798 1122 1871 (non
1162 1797 1307 1854 enim
1339 1798 1455 1853 lucc
1481 1812 1642 1857 aures
1670 1796 1904 1868 pruden-

2004 867 2297 921 texentium
2328 880 2485 937 poena
2517 878 2824 932 taceamus,
2853 882 2974 938 quae
3004 867 3122 921 illos
3158 883 3216 923 se
3246 869 3364 923 zelo
3387 871 3587 925 verita-

2005 956 2074 1012 tis
2098 955 2388 1026 tlagrantes
2411 959 2684 1014 involvere
2711 960 2996 1025 convenit;
3028 960 3217 1015 saltem
3249 960 3407 1031 hujus
3434 963 3586 1018 socia

2004 1058 2224 1120 accepta
2254 1058 2308 1104 et
2348 1051 2522 1122 palam
2553 1054 2767 1108 cunctis
2815 1053 2936 1123 igne
2983 1069 3241 1109 succensa
3284 1069 3380 1122 per
3407 1046 3588 1126 Augu-

2000 1138 2168 1193 states
2198 1153 2325 1195 suos
2354 1146 2461 1194 tam
2514 1141 2669 1196 nobis
2699 1154 2859 1211 quam
2905 1142 3157 1197 omnibus
3181 1181 3198 1207 ,
3249 1145 3316 1197 ad
3358 1150 3588 1212 quorum

2002 1228 2251 1283 notitiam
2306 1231 2595 1299 pervenit,
2653 1230 2953 1285 destinatos
3009 1231 3192 1301 apices
3259 1234 3590 1301 competenti

1994 1317 2377 1374 satisfactione
2405 1334 2434 1372 a
2454 1326 2574 1374 tam
2604 1334 2858 1389 perverso
2887 1333 3074 1385 sensu,
3109 1328 3166 1373 et
3194 1327 3301 1375 tam
3345 1320 3595 1391 profanis

2004 1411 2492 1478 adiuventionihus,
2544 1414 2686 1483 quod
2715 1429 2745 1467 a
2776 1427 2937 1468 sensu
2969 1428 3068 1468 suo
3107 1428 3213 1468 non
3243 1412 3410 1468 fuerit
3437 1420 3589 1468 com-

2004 1502 2201 1557 mentis
2239 1502 2456 1569 tradita,
2484 1518 2544 1558 se
2579 1503 2834 1560 exhibeat
2876 1517 3099 1574 prorsus
3123 1503 3593 1560 immunem.‘!am

2002 1604 2134 1647 vero
2185 1592 2231 1647 si
2276 1592 2379 1647 sibi
2446 1594 2499 1648 in
2548 1594 2732 1649 multis
2778 1593 3085 1664 huiusmodi
3139 1595 3592 1652 sollicitudinibus

1980 1678 2267 1752 'occupato
2293 1681 2604 1753 subreptum
2640 1692 2743 1750 est,
2772 1693 2832 1741 ut
2858 1685 2987 1740 talia
3014 1685 3256 1743 scribere
3284 1689 3588 1752 mandaret,

2002 1788 2073 1828 ne
2098 1774 2276 1844 pigeat
2303 1775 2641 1830 clementiam
2667 1775 2785 1847 ejus
2811 1778 2975 1833 etiam
3019 1779 3123 1834 hoc
3152 1777 3327 1848 ipsum
3372 1780 3592 1835 humili-

316 1889 452 1944 tium
487 1888 815 1962 suscipiunt)
843 1898 898 1944 et
945 1889 1044 1945 hos
1081 1888 1339 1945 continuo
1384 1894 1615 1954 necent;
1644 1886 1897 1941 nimirum

2007 1874 2092 1920 ter
2123 1866 2399 1933 confiteri,
2424 1878 2475 1923 et
2524 1868 2730 1939 legibus
2773 1870 2906 1932 suis,
2950 1878 3011 1925 ut
3035 1870 3340 1940 hujusmodi
3387 1873 3590 1942 scripta

317 1990 472 2038 tanto
515 1981 875 2037 miserabilius
906 2022 921 2043 ,
968 1992 1173 2050 quanto
1233 1995 1381 2036 mors
1435 1980 1630 2035 anima:
1685 1979 1858 2049 magis
1885 2023 1902 2050 ,

316 2084 480 2138 quam
502 2070 747 2139 corporis
773 2085 869 2140 per
889 2070 1036 2124 illum
1069 2068 1394 2124 viruleutum
1422 2069 1674 2125 haustum
1702 2070 1903 2124 admit-

316 2163 468 2216 titur.
496 2162 569 2217 De
597 2162 750 2231 cujus
778 2160 1115 2216 immanitate
1153 2160 1349 2230 piaculi
1378 2159 1507 2214 licet
1534 2159 1777 2229 Augusto
1805 2175 1904 2229 per

308 2249 422 2320 jam
460 2250 625 2305 fatum
671 2250 904 2322 legatum
953 2249 1064 2319 jam
1114 2265 1214 2305 nos
1248 2250 1531 2318 scripsisse
1572 2250 1899 2317 recolamus,

315 2341 504 2395 eadem
529 2350 709 2395 tamen
735 2355 878 2394 nunc
901 2339 1142 2395 scribere
1166 2349 1360 2394 vestra:
1382 2339 1699 2395 beatitudini
1726 2347 1901 2396 ratum

318 2431 592 2488 duximus.
620 2429 864 2501 Denique
891 2428 1101 2501 Opinati
1144 2444 1331 2485 sumus
1350 2470 1364 2496 ,
1416 2438 1470 2485 et
1504 2410 1678 2485 adhuc
1707 2429 1903 2485 nihilo—

317 2522 500 2578 minus
527 2521 834 2592 opinamur,
863 2520 1006 2589 quod
1034 2520 1210 2590 pietas
1232 2519 1348 2587 ejus
1376 2521 1590 2575 tandem
1617 2520 1904 2591 aliquando

317 2610 622 2682 resipiscat,
669 2619 724 2666 et
768 2610 835 2666 de
878 2610 1137 2666 Ecclesirc
1186 2609 1793 2679 Constantinopolitanae
1820 2627 1905 2667 re-

316 2703 610 2758 staurando
662 2709 806 2756 statu
858 2702 1015 2758 nobis
1062 2700 1299 2756 salubria
1349 2702 1666 2756 sudcutibus
1720 2701 1904 2771 acqui-

316 2804 466 2852 escat
496 2814 509 2850 :
542 2794 726 2866 sicque
751 2794 967 2849 demum
998 2794 1177 2848 omnia
1206 2794 1431 2864 scripta,
1461 2809 1580 2864 qua:
1616 2794 1754 2848 male
1781 2803 1906 2848 sunt

317 2889 627 2960 compilata,
656 2904 762 2963 non
795 2886 970 2943 solum
997 2889 1258 2942 adversus
1282 2901 1382 2940 nos
1402 2895 1457 2940 et
1497 2887 1637 2941 hanc
1660 2896 1903 2942 sanctam

318 2964 659 3042 Ecclesium,
686 2993 873 3033 verum
906 2978 1068 3033 etiam
1101 2986 1286 3031 contra
1318 2976 1541 3031 fratrem
1582 2985 1822 3032 nostrum
1850 2985 1905 3032 et

317 3068 750 3123 comministrum
789 3066 1095 3137 lgnatium,
1144 3082 1327 3122 coram
1397 3066 1644 3120 universa
1694 3056 1905 3136 imperii

318 3161 400 3217 sui
446 3160 790 3216 multitudine
839 3160 946 3231 igni
1003 3159 1264 3215 tradenda
1321 3158 1595 3213 decernat.
1650 3158 1901 3228 Alioquin

2004 1958 2202 2015 nullius
2238 1959 2538 2015 habeantur
2567 1963 2848 2028 momenti,
2871 1963 3165 2020 decernam
3196 1982 3211 2019 :
3238 1964 3317 2019 ita
3337 1973 3396 2019 ut
3423 1978 3593 2036 penes

2003 2062 2164 2118 quem
2215 2060 2429 2121 reperta
2472 2050 2690 2115 ,fuerint
2724 2094 2739 2118 ,
2797 2053 3059 2124 impunlto
3124 2070 3232 2111 non
3284 2057 3586 2119 evadente,

2002 2139 2170 2208 ipsius
2211 2156 2426 2212 quoque
2480 2157 2623 2211 saepe
2673 2148 2984 2199 memorata:
3010 2184 3025 2209 ,
3065 2159 3131 2200 ac
3183 2160 3398 2216 semper
3434 2156 3592 2203 esse:

2003 2230 2217 2284 erandae
2237 2229 2477 2300 epistolae
2517 2231 2599 2285 vel
2626 2232 2948 2302 exemplaris
2989 2232 3107 2301 ejus
3134 2234 3335 2305 apices,
3363 2235 3595 2293 inteme-

2002 2320 2139 2374 ratis
2173 2336 2274 2390 pro
2303 2321 2605 2375 reverentia
2647 2323 2990 2378 manentibus
3030 2324 3201 2380 sacris
3241 2325 3586 2390 dictionibus.

1998 2408 2251 2465 ﬂammeo
2275 2409 2542 2466 dedantur
2573 2412 2682 2484 igni
2710 2413 2971 2467 voranda.
3008 2413 3077 2468 Et
3124 2422 3183 2467 ut
3211 2415 3447 2470 sinistra:
3472 2417 3593 2485 opl-

2003 2500 2182 2555 nionis
2210 2515 2380 2564 naevo,
2397 2503 2538 2570 quod
2565 2517 2629 2556 ex
2661 2502 2992 2572 blasphemis
3020 2504 3239 2575 scriptis
3260 2504 3591 2572 incurreret,

2002 2596 2194 2648 carere
2226 2593 2425 2658 valeat,
2455 2602 2511 2648 et
2546 2594 2788 2665 ingratus
2819 2594 2959 2650 filius
2982 2596 3127 2651 circa
3160 2605 3388 2654 matrem
3412 2602 3586 2665 suani’,

2003 2698 2069 2738 ex
2097 2699 2202 2753 qua
2247 2684 2545 2753 imperandi
2575 2683 2845 2755 fastigium
2892 2686 3006 2756 ipse
3052 2695 3108 2741 et
3153 2696 3336 2759 patres
3382 2689 3466 2743 sui
3499 2704 3592 2745 or-

2005 2773 2130 2829 dine
2153 2773 2367 2828 coalitus
2386 2774 2669 2843 dispositio
2695 2777 2954 2846 percepit,
2976 2776 3280 2833 nullatenus
3306 2774 3588 2849 appareat‘.

2004 2865 2103 2923 Sin
2131 2874 2332 2934 autem,
2379 2866 2594 2931 scitote,
2637 2868 2901 2937 quoniam
2937 2874 3220 2939 postquam
3248 2870 3302 2924 in
3334 2872 3437 2926 bac
3463 2870 3590 2926 eum

2003 2959 2303 3029 pertinacia
2347 2961 2640 3030 persistere
2668 2958 2774 3016 fine
2821 2970 2979 3016 tenus
3000 2962 3149 3017 velle
3181 2958 3589 3035 comperimus:

2007 3052 2238 3122 primum
2266 3052 2485 3122 quidem
2532 3053 2870 3124 congregatis
2913 3064 3230 3119 cunctarum
3276 3036 3590 3112 accidental

2006 3143 2139 3199 lium
2170 3144 2447 3215 regionum
2476 3145 2875 3201 venerabilibus
2902 3146 3271 3203 sacerdotibus
3296 3146 3591 3203 dictatores

311 3244 662 3321 jam'cunctis
690 3243 946 3306 Ecclesiae
972 3249 1218 3305 ﬁdelibus
1259 3264 1378 3319 qua:
1423 3248 1563 3303 foret
1594 3247 1904 3320 apostolicae

2007 3243 2067 3290 et
2087 3235 2473 3305 dispositores,
2524 3242 2689 3304 atque
2732 3244 3091 3306 praeceptores
3141 3244 3301 3291 tztntae
3341 3235 3589 3303 fallaciae,

318 3337 463 3419 sedis
502 3343 816 3419 auctoritas,
864 3340 951 3396 vel
977 3356 1096 3409 qua:
1147 3338 1563 3395 fabricatoribus
1614 3337 1896 3402 mendacii,

320 3418 417 3489 seu
448 3418 818 3489 inventoribus
845 3446 1222 3503 perversorum
1247 3431 1559 3502 dogmatum
1600 3431 1910 3486 immineret

318 3527 474 3591 ultio,
490 3527 731 3597 proiecto
753 3532 1074 3596 patesceret.
1099 3524 1431 3594 lmpossibile
1456 3530 1539 3577 est
1559 3523 1702 3577 enim
1719 3512 1912 3593 (quan;-

320 3633 483 3689 quam
496 3627 709 3673 nostras
721 3630 818 3671 nos
831 3615 1090 3685 speciales
1111 3612 1335 3682 injurias
1347 3629 1542 3669 curare
1556 3613 1911 3683 floccipcnda-

320 3708 464 3779 mus)
490 3717 550 3761 ut
564 3714 834 3761 tantorum
852 3720 916 3759 ac
929 3703 1112 3758 talium
1137 3712 1445 3758 sanctorum
1463 3701 1685 3755 Patrum
1715 3710 1770 3755 et
1785 3716 1912 3772 pro-

322 3808 684 3871 pugnatorum
711 3792 992 3850 catholiczc
1012 3793 1289 3856 Ecclesiae,
1321 3807 1385 3846 ac
1410 3791 1804 3845 dcstruclorum
1835 3789 1914 3843 di-

321 3906 604 3946 versarum
624 3890 901 3944 baereseon
923 3895 1086 3956 atque
1097 3881 1765 3940 del‘cnsorumortbodoxae
1788 3878 1916 3934 fidei

323 3962 691 4051 hlasphemias
734 3975 1107 4048 aequanimiter
1136 3973 1598 4035 sustinencamus,
1636 3968 1721 4023 vel
1747 3968 1910 4023 etiam

322 4081 488 4131 tanta
498 4073 661 4138 sedis,
676 4072 789 4127 sive
805 4081 912 4126 tam
928 4069 1239 4125 excellentis
1253 4066 1506 4122 Ecclesia:
1530 4065 1813 4130 Romanae,
1824 4064 1910 4120 eui

325 4164 437 4237 Deo
463 4164 794 4220 deservimus
821 4173 1061 4227 auctore,
1089 4159 1439 4217 contumelias
1460 4158 1814 4226 perferamus.

396 4251 629 4320 Verum,
682 4252 930 4324 quamvis
977 4260 1033 4306 et
1075 4250 1141 4305 de
1193 4248 1351 4304 nobis
1383 4247 1662 4303 humiliter
1707 4245 1914 4300 sentia-

326 4340 468 4414 mus,
500 4362 606 4403 non
657 4354 867 4411 tamen,
907 4341 1235 4399 conscientia
1286 4340 1565 4407 dictante,
1613 4353 1738 4392 vera
1787 4351 1912 4392 esse

328 4452 450 4507 qua:
481 4438 546 4492 de
586 4435 745 4492 nobis
789 4432 1081 4506 perhibuit,
1113 4445 1488 4486 asseveramus
1513 4442 1530 4483 :
1560 4427 1654 4483 sed
1700 4428 1783 4498 (ut
1830 4426 1913 4481 di-

327 4530 528 4602 ximus)
553 4544 618 4584 ea
645 4535 1053 4599 postponentes,
1087 4525 1177 4581 illa
1199 4524 1377 4595 potius
1398 4536 1518 4593 qua:
1540 4520 1667 4577 Jesu
1709 4520 1910 4577 Christi

2007 3340 2104 3381 seu
2133 3324 2521 3380 crudelissima:
2554 3325 2916 3396 derogationis
2961 3333 3310 3391 sanctarum‘,
3363 3326 3450 3382 vel
3495 3334 3594 3396 pa-

2011 3415 2662 3471 ternarum-traditionum
2697 3417 2767 3471 ab
2806 3415 2954 3471 omni
2996 3404 3307 3472 Christiana
3334 3415 3595 3488 compage

2009 3517 2267 3572 remotos,
2301 3508 2597 3577 apostolica
2645 3507 2771 3562 freti
2800 3509 3143 3573 auctoritate,
3171 3509 3323 3565 duris
3370 3511 3599 3565 anathe-

2009 3599 2173 3652 matis
2226 3596 2453 3652 vinculis
2507 3597 2887 3652 innodabimus
2943 3615 2956 3651 :
3006 3594 3215 3654 necnon
3254 3608 3309 3653 et
3344 3599 3591 3665 Patrum,

2009 3703 2074 3742 ac
2123 3687 2583 3756 praedecessorum
2650 3702 2896 3743 meorum
2950 3690 3121 3744 secuti
3180 3690 3410 3762 vestigia
3436 3732 3450 3753 ,
3499 3691 3595 3760 qui

2011 3778 2157 3833 soliti
2185 3787 2310 3833 sunt
2335 3780 2499 3833 etiam
2533 3794 2945 3835 numerosorum
2972 3781 3199 3836 concilia
3224 3782 3477 3851 nequiter
3504 3798 3595 3836 ce-

2011 3868 2214 3924 lebrata
2247 3884 2465 3924 cassare
2492 3869 2835 3938 pontiﬁcum,
2866 3870 2911 3924 si
2938 3886 3044 3940 qua
3073 3871 3219 3926 socia
3250 3881 3373 3926 sunt
3400 3872 3594 3927 crebro

2011 3963 2168 4017 dictae
2192 3960 2277 4017 vel
2306 3961 2634 4031 exemplaria
2666 3961 2911 4017 fortassis
2938 3963 3178 4033 epistolae
3206 3980 3220 4017 :
3250 3963 3381 4035 quin
3413 3965 3595 4034 potius

2010 4068 2119 4107 non
2146 4051 2317 4108 solum
2365 4053 2507 4117 hanc,
2531 4052 2626 4107 sed
2668 4061 2723 4108 et
2753 4054 2933 4108 omnia
2966 4053 3188 4124 scripta,
3238 4070 3359 4126 qua:
3384 4048 3467 4109 vel
3498 4054 3593 4109 ad-

2014 4144 2205 4199 versus
2252 4143 2471 4198 fratrem
2505 4153 2563 4200 et
2605 4145 2979 4215 coepiscopum
3027 4156 3270 4201 nostrum
3323 4146 3590 4217 lgnatium

2010 4238 2195 4308 inique
2223 4236 2489 4303 confecta,
2540 4237 2625 4292 vel
2655 4238 2916 4294 adversus
2939 4254 3043 4294 non
3075 4254 3295 4295 causam
3325 4240 3468 4295 illius
3494 4255 3591 4294 ca-

2012 4330 2208 4384 nonice
2248 4337 2657 4400 prosequentes,
2706 4325 2908 4384 furiose
2957 4330 3272 4400 deprompta
3321 4339 3462 4394 sunt,
3498 4342 3593 4400 pe-

2013 4418 2168 4474 renni
2199 4419 2525 4475 damnationi
2558 4418 2953 4474 mandabimus.
3385 4484 3395 4501 ο

2058 4511 2287 4567 ‘Deinde
2329 4526 2457 4567 vero
2505 4510 2925 4568 decernentibus
2970 4511 3273 4575 nobiscum,
3324 4517 3380 4564 et
3427 4508 3589 4565 simul

328 4583 913 4690 sunt,‘ilnves'tigainus,
936 4625 992 4673 et
1025 4583 1072 4672 si
1104 4583 1218 4687 qua
1244 4614 1386 4670 male
1415 4583 1680 4684 congesta
1713 4613 1909 4668 adver-
1936 4583 1990 4647 θ
2012 4601 2483 4657 considerantibus
2541 4600 2746 4655 eisdem
2819 4599 3174 4656 sanctissimis
3217 4598 3476 4653 fratribus
3537 4607 3594 4654 et

330 4729 424 4771 sus
449 4714 565 4784 ejus
592 4711 840 4775 famulos,
869 4711 1131 4765 adversus
1156 4707 1273 4777 ejus
1299 4706 1688 4770 ordinationes,
1715 4705 1910 4760 adver-

330 4819 425 4861 sus
444 4803 564 4874 ejus
584 4801 962 4877 dispositiones
981 4799 1218 4854 stabilita
1242 4796 1520 4868 privilegia
1546 4795 1905 4866 reperiuntur,

331 4895 476 4952 nulla
507 4893 767 4964 patientia
813 4890 1131 4956 toleramus,
1172 4897 1228 4944 et
1272 4901 1380 4943 non
1426 4886 1601 4942 solum
1647 4885 1763 4940 haec
1800 4884 1911 4943 .de-

330 4993 541 5041 struere
568 4983 695 5039 totis
715 4982 921 5039 viribus
946 4981 1277 5045 anhelamus,
1307 4993 1495 5034 verum
1515 4978 1680 5034 etiam
1710 4976 1909 5033 conﬂa—

332 5076 540 5133 toribus
585 5080 749 5149 tanta:
803 5072 1175 5145 perversitatis
1221 5072 1437 5144 dignam
1482 5069 1909 5125 vicissitudinem

333 5164 561 5222 reddere
586 5164 897 5220 necessario
919 5162 1265 5219 meditamur.
1301 5159 1567 5235 Nimirum
1594 5174 1663 5215 ne
1692 5159 1794 5214 hos
1818 5155 1913 5228 qui

332 5258 624 5329 impunitos
654 5256 1038 5323 intuens,aut
1082 5269 1263 5321 nunc,.
1296 5261 1392 5308 aut
1439 5250 1622 5306 futuro
1672 5260 1913 5319 tempore

333 5351 584 5420 deinceps
608 5349 732 5404 talia
764 5353 1053 5420 praesumat
1095 5344 1367 5417 prmstigia
1402 5342 1665 5399 falsitatis
1694 5332 1914 5409 compof

333 5454 463 5495 nere
485 5480 502 5508 ,
533 5438 634 5496 vel
682 5448 986 5495 commenta
1028 5434 1490 5507 blasphemiarum
1544 5426 1919 5501 hujuscemodi

333 5528 605 5605 ﬁgmentis
627 5531 976 5588 contrahere.

348 5690 349 5693 η
405 5621 743 5694 Quapropter
787 5624 965 5679 eidem
1030 5619 1342 5699 imperatori
1391 5614 1779 5675 sublimissimo
1818 5626 1917 5684 per

337 5713 618 5785 epistulam
646 5714 965 5785 prmsulatus
1000 5713 1171 5769 nostri
1219 5707 1552 5768 cohortando
1593 5704 1917 5770 direximus,

338 5805 391 5861 in
416 5820 525 5870 qua
550 5805 712 5862 etiam
754 5808 853 5864 vos
871 5798 940 5862 ad
981 5810 1166 5864 votum
1206 5812 1454 5861 nostrum
1496 5799 1744 5857 laborare
1769 5811 1917 5855 suin-

2009 4697 2343 4768 coepiscopis
2364 4696 2585 4761 nostris,
2615 4695 2786 4767 ipsam
2812 4693 3092 4764 epistolam
3125 4692 3177 4746 in
3200 4692 3381 4762 stipite
3407 4692 3595 4746 viden-

2009 4787 2157 4843 tibus
2200 4787 2411 4843 cunctis
2459 4800 2801 4856 suspensam,
2830 4791 2989 4837 vasto
3020 4781 3297 4852 supposito
3344 4779 3489 4844 foco,
3520 4776 3591 4836 ad

2009 4879 2334 4950 vituperium
2357 4876 2652 4947 imperialis
2677 4875 2846 4945 apicis
2874 4888 3059 4929 coram
3086 4872 3336 4926 omnibus
3359 4871 3592 4926 nationi-

2015 4967 2141 5035 bus,
2169 4984 2289 5038 quze
2332 4982 2499 5039 penes
2534 4966 2850 5021 memoriam
2880 4963 3051 5019 sancti
3084 4961 3230 5017 Petri
3262 4960 3593 5032 multiplices

2014 5057 2381 5122 invenitmtur,
2416 5065 2674 5112 extremm
2719 5052 3031 5126 perditioni
3058 5050 3377 5107 donabimus
3407 5065 3421 5105 :
3452 5064 3590 5121 qua-

2014 5161 2173 5206 tenus
2213 5150 2298 5205 his
2347 5148 2449 5203 rite
2504 5145 2729 5220 paratis,
2760 5143 2930 5199 discat
2972 5143 3099 5214 pius
3134 5142 3276 5213 quod
3320 5149 3504 5206 amet,
3533 5148 3591 5198 et

2013 5242 2250 5300 crudelis
2287 5239 2429 5311 quod
2462 5238 2668 5293 timeat.
2698 5235 2835 5303 Nam
2883 5242 2960 5291 tot
2988 5242 3043 5291 et
3073 5234 3199 5290 talia
3230 5233 3599 5304 blasphemia»

2014 5348 2134 5388 rum
2162 5338 2485 5394 commenta,
2514 5330 2643 5400 quin
2673 5326 2851 5399 potius
2873 5327 3144 5381 veracium
3167 5325 3467 5381 litterarum
3499 5325 3594 5380 de-

2014 5422 2381 5495 pravationes,
2409 5419 2624 5475 audisse
2649 5426 2706 5476 et
2727 5415 2979 5482 tacuisse,
3004 5415 3313 5472 connivisse
3330 5422 3443 5470 est.
3578 5418 3595 5498 ς

2089 5514 2449 5583 Quamobrem
2478 5550 2494 5575 ,
2549 5507 2883 5566 venerabiles
2936 5506 3134 5562 fratres
3161 5546 3185 5572 ,
3228 5505 3387 5560 valde
3459 5500 3601 5557 mihi

2018 5606 2203 5677 (sicut
2227 5602 2329 5673 ipsi
2356 5599 2811 5672 comprehendere
2857 5595 3125 5669 poteritis)
3170 5593 3464 5650 cavendum
3507 5591 3597 5649 est

2019 5709 2109 5760 ne,
2144 5692 2190 5749 si
2218 5706 2317 5748 nos
2358 5689 2749 5762 praestigiarum
2799 5685 3068 5759 figmentis
3119 5683 3297 5738 minus
3344 5679 3597 5737 celeriter

2018 5784 2435 5854 obviaveritnus,
2470 5791 2727 5856 tanquam
2760 5794 2889 5838 vera
2934 5776 3206 5849 rccognita
3230 5774 3313 5832 vel
3349 5774 3598 5844 comproi
