2030 3169
233 168 307 195 ..ωδ
924 144 1058 188 meum

234 226 294 249 mn
303 221 548 257 biediapmsentis
559 221 694 250 felicitatis
701 220 918 256 munerepet'fmi
932 219 1021 251 faciat,
1036 220 1061 250 Α

234 266 373 302 alutam;
387 267 560 295 beatitudinis
572 267 680 302 praemia
692 268 750 294 sine
763 267 816 294 line
829 266 970 294 comedat.

601 323 622 351 C
627 323 667 350 VI.

434 373 471 396 ἈΒ
489 376 633 396 υκῐτειιεοε
655 376 828 397 ελτηουαοε.

537 417 624 453 (Anno
642 417 716 453 866.)

244 465 310 492 Acta
322 470 335 485 ι
350 461 447 500 lgnnn'i
461 470 486 492 et
501 464 589 491 Ροιήἰί
604 464 774 500 demonstrat.
795 469 818 491 et
834 463 952 492 ordinem
963 468 1027 492 tem.

408 508 502 535 porum
521 499 688 535 epistularum
711 500 855 534 prescribit.

485 548 577 585 [Apud
587 549 684 582 Mansi,
703 549 781 585 ibid.]

234 606 237 607 ν
277 594 412 623 Νιωιλυε
423 595 564 631 eplScopus
574 600 676 623 sanctm
686 596 826 623 catholicae
836 599 862 622 et
874 594 1029 630 apostolicus

234 640 371 668 Montanae
395 640 542 672 Ecclesiae,
563 640 688 667 omnibus
716 647 787 666 verze
814 639 954 674 religionis
977 639 1029 665 mi-

243 687 352 716 nistris,
372 694 403 712 ac
428 687 562 713 universis
579 687 739 714 orlhodoxis
766 686 825 713 fidei
855 686 1003 713 cultoribus
1019 706 1026 716 ,

243 732 422 759 sanctissimis
436 721 559 758 videlicet
572 736 599 758 ct
610 731 844 758 revcrcmlissimis
855 731 1024 765 patriarchis,

243 777 432 812 metropolitis,
446 778 590 812 etreliquis
603 778 743 812 episcopis.
757 781 836 811 atque
850 776 954 802 cunctis
966 775 1029 801 fide-

243 823 313 849 libus
323 822 482 849 catholicam
495 823 626 849 duntaxat
636 831 696 848 cum
709 822 845 848 scdebcati
859 821 929 848 Petri
943 821 1028 855 pieta-

244 874 297 896 tcru
313 869 489 900 sectantibus,
505 876 652 903 sanamque
666 868 813 894 doctrinam
832 867 967 894 nobiscum
984 866 1029 893 de-

236 915 423 946 fendentihus,
436 922 485 949 per
496 914 585 941 Asiam
595 915 697 941 scilicet
709 918 736 940 et
747 914 857 948 Libyam
865 912 1027 939 constitutis.

279 959 344 992 Quze
371 960 440 994 apud
467 959 789 993 Constantinopolitanam
824 958 917 984 urbem
951 957 1030 991 paulo

237 1009 305 1031 ante
324 1009 397 1039 gesta
413 1005 484 1035 sint,
502 1004 542 1030 vel
556 1005 637 1031 ctiam
654 1012 725 1030 nuuc
740 1007 879 1038 gerantur,
902 1003 1030 1030 sanctita-

237 1054 295 1076 tem
308 1069 315 1080 ,
340 1057 386 1076 seu
407 1049 562 1084 religionem
577 1054 692 1076 vestram
706 1069 714 1080 .
734 1057 786 1075 non
801 1049 937 1075 credimus
953 1048 1029 1081 igno-

237 1101 318 1126 rare;
340 1095 386 1121 sed
410 1095 527 1129 qualiter
553 1094 612 1121 zelo
630 1094 708 1120 zelati
726 1101 776 1128 pro
794 1094 873 1120 domo
890 1093 936 1119 Dei
955 1093 1030 1120 solli-

240 1140 389 1166 citudinem
398 1140 517 1166 omnium
526 1139 707 1166 Ecclesiarum
719 1139 865 1166 secundum
874 1138 1030 1173 Apostolum

238 1184 464 1212 circumferentes
480 1184 521 1219 (11
537 1184 597 1211 Cor.
613 1184 668 1220 xt),
689 1191 737 1211 nos
752 1185 784 1211 de
800 1184 841 1210 his
861 1185 1031 1219 disposuera-

245 1238 316 1262 Ituts,
333 1230 452 1258 breviter
466 1231 590 1257 charitati
604 1235 701 1257 vestra:
713 1230 755 1256 his
766 1229 849 1256 nostri
866 1230 1030 1264 apostolatus

245 1275 342 1302 litteris
369 1275 533 1302 intimamus.
567 1275 599 1302 Et
625 1282 658 1302 ne
689 1275 766 1302 aliter
797 1276 909 1302 sincerzc
934 1280 1031 1302 vestra:

245 1321 328 1348 menti
345 1322 451 1348 suaderi
477 1325 594 1348 tentetur
607 1341 614 1353 ,
637 1321 678 1348 vel
693 1322 770 1348 aliter
783 1321 853 1355 quod
866 1322 969 1355 egimus
983 1329 1030 1347 vo-

243 1368 286 1395 bis
307 1373 481 1403 suggcratur,
501 1369 590 1395 veraci
607 1368 737 1395 relatione
755 1373 782 1394 ct
797 1368 972 1402 prmseutibus
983 1375 1031 1394 vos

244 1412 342 1439 litteris
366 1413 521 1440 edoeemus.
539 1412 622 1445 igitur
636 1417 776 1446 postquam
791 1412 898 1447 quidam
925 1412 1030 1439 iuvidirc

240 1458 353 1485 facibus
366 1458 484 1489 aecensi,
502 1463 528 1484 et
544 1458 676 1491 superbire
699 1458 767 1484 fastu
785 1462 941 1491 arroganter
954 1457 1029 1489 elati,

245 1512 320 1531 more
334 1503 484 1530 Judzeorum
511 1508 604 1530 contra
629 1508 763 1538 pastorem
788 1504 925 1537 proprium
944 1504 1031 1530 insur-

242 1549 388 1580 rexerunt,
402 1553 430 1575 et
444 1549 611 1583 patriacham
626 1556 703 1575 suum
717 1549 941 1583 (conuuiuistrum
959 1549 1031 1575 vide-

241 1595 310 1622 licet
327 1599 447 1621 nostrum
462 1594 593 1629 lgnatium
615 1595 791 1621 sanctissima:
817 1595 935 1629 pra-fatae
957 1596 1032 1623 urbis

243 1640 412 1675 antistitem)
438 1640 472 1666 ab
495 1640 610 1667 ecclesia
634 1640 701 1675 ipsa,
727 1641 769 1667 cui
791 1640 851 1673 jure
875 1641 1035 1674 prrrs-Zdebat

251 1686 392 1721 tyrannice
414 1685 586 1720 proiecerunt
605 1695 611 1712 :
628 1693 660 1712 ae
680 1686 802 1712 Pholium
831 1687 972 1720 quemdam
1001 1695 1034 1713 ex

249 1730 320 1762 foro,
333 1737 364 1756 ac
375 1730 497 1757 szeculari
514 1730 620 1761 militia,
633 1734 660 1757 et
672 1730 775 1762 habitu.
791 1736 872 1765 atque
882 1739 896 1757 a
910 1731 1034 1766 palatinis

243 1775 351 1802 adibus
362 1776 488 1802 eductum
506 1783 538 1802 ac
553 1775 642 1802 subito
656 1780 823 1802 tonsuratutn
838 1776 925 1802 eidem
941 1781 1034 1803 contra

243 1829 340 1849 sacros
362 1829 480 1849 canones
508 1822 634 1849 Ecclesia-
658 1822 847 1856 prrefecerunt.
864 1821 939 1848 'l‘unc
954 1822 1035 1856 ccepit

241 1867 404 1894 scandalum
419 1871 445 1894 et
458 1867 574 1894 schisma
591 1867 617 1893 in
629 1867 684 1901 jam
700 1866 770 1893 dicta
786 1867 867 1898 urbe,
893 1872 920 1893 et
944 1866 969 1893 in
989 1867 1036 1893 ad-

242 1911 398 1946 iacentibus
411 1912 462 1939 sibi
478 1912 649 1942 eivitatibus,
673 1919 725 1937 non
749 1911 884 1938 tnodicutn
912 1911 1033 1938 oboriri:

241 1958 308 1985 'aliis
317 1958 424 1992 quidem
441 1958 526 1985 Pbotii
540 1958 735 1992 promotionem
747 1957 961 1989 defendentibus,
976 1958 1035 1985 aliis

247 2009 338 2030 autem
354 2004 423 2031 hanc
435 2008 561 2038 tauquam
575 2004 727 2031 inconvicto
738 2008 765 2030 et
776 2004 919 2038 superstite
932 2004 1036 2038 lgnatio

250 2049 349 2076 factam
376 2050 472 2076 merito
499 2049 704 2076 detestantibus.
727 2049 802 2076 Tunc
826 2050 892 2077 inito
923 2050 1036 2077 consilio

246 2095 397 2128 imperator
422 2093 552 2125 Michael,
576 2095 621 2128 qui
635 2099 661 2121 et
677 2095 732 2129 ipse
747 2094 839 2121 liardm
854 2095 961 2129 patricii
976 2102 1037 2121 ver-

245 2139 327 2167 eutiis
353 2146 450 2165 suasus
468 2138 555 2165 Photii
574 2140 644 2173 parti
664 2139 780 2181 favebat,
801 2140 833 2167 ad
854 2141 1035 2175 apostolatum

246 2190 370 2213 nostrum
393 2185 488 2220 legatis
507 2194 567 2212 cum
591 2187 713 2221 epistolis
737 2188 898 2220 destinatis,
925 2195 1036 2215 accusa-

247 2231 334 2258 tiones
362 2231 492 2265 quasdam
515 2231 646 2259 adversus
672 2232 801 2267 lgnatium
829 2233 1032 2266 deferentibus,
1050 2250 1074 2279 ο

246 2277 325 2312 petiit
338 2281 392 2303 uta
403 2277 466 2304 sede
478 2276 624 2311 apostolica
636 2278 733 2304 missos
745 2278 880 2311 daremus,
895 2279 941 2313 qui
956 2286 1035 2306 scan-

247 2323 308 2349 dala
333 2323 377 2350 illa
397 2323 537 2354 sedarent.
565 2327 593 2350 ct
620 2323 765 2349 schismata
785 2324 960 2358 dissiparem.
976 2325 1035 2357 Quo

247 2368 353 2400 audito,
368 2369 495 2402 quoniam
509 2368 591 2403 (sicut
603 2375 617 2394 a
633 2367 687 2394 Deo
702 2368 830 2401 inspirata
847 2374 935 2395 vestra
961 2370 1035 2396 novit

249 2411 403 2446 prudentia)
419 2416 577 2439 cunctarum
591 2411 691 2438 Christi
704 2411 794 2438 oviqu
820 2419 885 2439 cura
903 2414 1036 2440 constrin-

247 2456 348 2490 gimur,
364 2463 425 2482 cum
439 2456 511 2483 vices
526 2456 610 2490 ipsius
624 2455 753 2491 gerimus,
767 2456 812 2491 qui
825 2457 978 2492 specialiter
989 2458 1032 2485 di-

246 2502 347 2529 uinitus
360 2502 458 2529 dicitur
471 2510 479 2528 :
494 2501 578 2528 Pasce
591 2510 648 2529 oves
664 2511 734 2530 meas
747 2503 838 2537 (Joan.
855 2504 922 2538 χχι).
936 2504 968 2530 Ει
984 2504 1035 2531 ite-

246 2554 309 2574 rum
319 2546 386 2579 :Tu,
396 2548 491 2581 inquit,
500 2547 642 2582 aliquando
650 2556 787 2575 conversus
797 2549 924 2582 conﬁrma
939 2549 1034 2583 fratres

249 2598 309 2620 tuo:
323 2592 398 2628 (Luc.
425 2593 491 2629 χχιι)
517 2602 523 2621 :
546 2601 598 2620 non
615 2594 751 2629 potuimus
775 2594 963 2628 dissimulare,
981 2602 1035 2622 non

254 2639 391 2674 potuimus
405 2639 551 2675 negligere.
564 2640 707 2675 quominus
721 2641 893 2668 visitaremus
905 2648 970 2668 oves
982 2641 1037 2668 dis-

250 2692 346 2720 persas
364 2690 391 2713 et
412 2686 571 2722 dissipatas,
586 2687 628 2714 vel
644 2686 787 2721 quominus
812 2686 1036 2715 confirmaremus

284 2750 297 2764 ι
312 2742 374 2780 Haec
386 2744 498 2780 epistola
513 2745 621 2771 insertis
640 2745 790 2772 litterarum
815 2745 929 2772 aliarum
944 2752 1037 2772 exem-

246 2779 301 2815 plis
312 2779 445 2815 disjitncta
456 2784 498 2807 est
513 2780 538 2806 iu
554 2785 609 2806 tres
623 2785 728 2813 partes;
743 2788 857 2814 quarum
870 2781 955 2812 prima
976 2781 1034 2808 hare

248 2814 291 2842 est
312 2814 338 2841 in
355 2814 454 2842 ordine
476 2819 569 2841 nostro
587 2815 642 2841 CVI
669 2816 755 2846 edita;
777 2816 890 2841 secunda
909 2823 968 2849 qua:
988 2815 1030 2842 Mi-

249 2850 335 2877 chacli
356 2851 508 2885 imperatori
525 2858 666 2885 perperam
682 2851 810 2885 inscripta
825 2856 876 2882 est,
893 2850 1036 2885 XLVllrle-

249 2885 322 2919 gitur
342 2885 367 2912 in
392 2884 482 2912 nostra
501 2884 618 2913 editione
638 2890 665 2912 ct
687 2884 779 2920 incipit
801 2886 842 2912 his
857 2886 967 2913 verbis:
986 2884 1035 2912 llis

1073 161 1174 190 ΡᾹΡΑΕ
1190 162 1202 190 ι
1797 164 1880 192 1092

1076 219 1102 247 in
1119 219 1172 246 nde
1179 224 1211 247 et
1223 219 1301 247 bonis
1312 219 1433 248 moribus
1445 219 1544 247 fratres
1553 223 1699 251 nosti-eset
1709 220 1873 255 proximos.

1073 266 1108 295 Et
1121 266 1182 300 quia
1197 266 1268 294 inter
1280 271 1395 299 cratera,
1423 274 1484 301 qua:
1505 267 1538 294 de
1560 266 1708 295 schismate
1717 267 1774 301 jam
1790 268 1876 296 facto

1075 311 1379 347 Constantiuopolitana:
1394 311 1537 343 Ecclesia.
1553 313 1581 340 hi
1597 312 1644 347 qui
1660 313 1734 340 missi
1751 313 1874 341 fuerant

1076 357 1244 384 testabantur
1255 378 1263 388 ,
1279 354 1396 385 maxime
1410 357 1532 385 eamdem
1544 358 1692 386 Ecclesiam
1713 359 1749 387 ab
1770 359 1876 386 leone-

1076 402 1180 429 maehis
1206 401 1351 429 redivivam
1376 402 1575 430 contentionem
1588 402 1770 431 excitantibus
1789 411 1876 431 asse-

1076 447 1173 475 rebant
1182 448 1287 479 vexari,
1302 447 1493 482 Christumque
1503 456 1551 482 per
1562 449 1667 483 singula
1677 450 1874 479 conventicula

1076 492 1256 527 blasphemari
1270 501 1277 520 :
1289 493 1356 521 duos
1365 494 1552 529 episcoporum
1564 495 1609 529 qui
1622 495 1762 523 nobiscum
1773 500 1874 528 erant,

1077 537 1178 572 quique
1193 538 1226 565 ad
1242 538 1294 565 hoc
1308 543 1413 566 tantum
1430 539 1582 567 faciendum
1601 548 1669 575 opus
1684 541 1772 569 idonei
1786 541 1875 569 nobis

1077 592 1137 613 esse
1160 585 1321 613 videbantur
1345 584 1523 620 (Rodoaldum
1537 585 1640 613 scilicet
1651 590 1679 614 et
1693 585 1874 618 Zachariam)

1078 637 1132 657 una
1146 638 1207 657 cum
1220 629 1352 662 Ecclesia,
1368 637 1428 664 qua:
1442 630 1512 664 apud
1526 638 1577 658 nos
1597 634 1659 662 est,
1683 631 1754 658 datis
1768 630 1876 657 litteris

1078 675 1346 710 Constantinopolim,
1364 680 1466 702 tantum
1490 676 1617 702 nimirum
1641 675 1777 710 piaculum
1800 682 1876 704 exe-

1079 725 1196 752 orantes,
1213 726 1240 747 et
1257 722 1340 748 latere
1364 725 1457 747 nostro
1479 721 1727 749 direximusmihil
1753 721 1795 749 eis
1822 721 1876 749 in-

1077 765 1221 800 jungentcs
1233 786 1239 796 ,
1257 766 1307 792 nisi
1323 770 1352 793 ut
1366 766 1552 794 tantummodo
1566 774 1662 794 causas
1690 767 1784 802 [gnatii
1795 786 1804 800 ,
1820 767 1875 803 qui

1080 816 1142 838 ante
1158 811 1190 838 de
1205 811 1324 838 Ecclesia
1349 811 1452 845 pulsus,
1469 819 1548 845 quam
1571 811 1606 838 ab
1620 811 1711 846 aliquo
1724 817 1876 841 accusatus

1081 856 1232 888 exstiterat,
1248 856 1391 890 diligenter
1406 856 1599 891 investigarent
1616 865 1624 883 ε
1639 861 1668 884 et
1679 857 1735 884 sedi
1755 861 1876 892 aposto-

1082 901 1139 928 lica?
1153 901 1229 935 plena
1250 906 1277 927 et
1291 901 1379 928 veraci
1399 902 1530 928 relatione
1543 902 1685 929 referrent.
1701 901 1789 930 Photii
1802 910 1877 930 vero

1081 947 1310 974 consecrationem
1324 955 1375 974 non
1387 947 1473 974 solum
1485 946 1595 974 minime
1605 948 1799 976 admittendam
1808 955 1876 976 esse

1081 992 1259 1023 decrevimus,
1276 1000 1369 1018 verum
1383 992 1464 1019 etiam
1485 992 1550 1027 ipsis
1575 992 1671 1028 legatis
1686 993 1806 1025 nostris,
1832 999 1884 1020 ne-

1081 1047 1141 1066 cum
1156 1039 1218 1070 illo,
1235 1039 1284 1065 nisi
1302 1038 1377 1072 quasi
1399 1045 1461 1065 cum
1487 1038 1556 1065 laico
1568 1057 1576 1070 ,
1592 1045 1677 1072 usque
1695 1038 1729 1065 ad
1745 1038 1872 1066 notitia-

1081 1090 1200 1113 nostraru
1231 1085 1463 1113 communicarent
1487 1084 1622 1119 frequenti
1653 1092 1685 1112 ac
1713 1084 1872 1112 omnimoda

1078 1132 1198 1167 jussione
1214 1131 1383 1166 pra-cipimus
1400 1139 1406 1157 :
1421 1130 1504 1157 solum
1528 1129 1631 1161 scilicet
1641 1129 1743 1157 eisdem
1757 1136 1874 1157 veneno

1080 1177 1178 1204 bilibus
1191 1176 1295 1202 Domini
1309 1175 1392 1202 nostri
1406 1175 1468 1202 Jesu
1482 1174 1593 1207 Christi,
1607 1174 1719 1209 ejusque
1730 1174 1875 1209 genitricis

1081 1229 1188 1256 semper
1200 1221 1313 1255 virginis
1326 1220 1416 1247 Maria:
1428 1240 1436 1252 ,
1459 1227 1491 1246 ac
1506 1224 1660 1247 sanctorum
1678 1219 1762 1254 ipsius
1773 1219 1876 1253 imagi-

1082 1267 1160 1294 nibus
1173 1266 1301 1301 quidquid
1314 1266 1426 1300 quzestio
1439 1264 1556 1296 afferret,
1573 1264 1647 1299 iuste
1656 1272 1689 1292 ac
1699 1264 1743 1299 pie
1753 1263 1873 1291 difﬁnire

1082 1312 1216 1339 licentiam
1246 1312 1351 1339 dantes.
1378 1311 1413 1337 At
1439 1310 1476 1337 illi
1496 1315 1614 1343 euntes,
1638 1310 1737 1345 spretis
1759 1309 1873 1337 monitis

1081 1358 1190 1388 nostris.
1207 1357 1369 1391 contemptis
1383 1356 1503 1391 epistolis
1519 1355 1569 1383 sibi
1583 1363 1599 1383 a
1613 1356 1692 1383 nobis
1705 1362 1798 1383 coram
1812 1359 1872 1383 tota

1081 1403 1199 1430 Ecclesia
1214 1407 1305 1430 nostra
1329 1402 1417 1434 datis,
1444 1402 1497 1429 imo
1526 1402 1674 1437 postposito
1692 1401 1791 1429 timore
1809 1401 1870 1434 Dei,

1083 1449 1164 1476 sicuti
1184 1454 1278 1483 postea
1292 1448 1389 1475 claruit
1400 1468 1407 1479 ,
1431 1448 1457 1474 in
1472 1448 1639 1475 contrarium
1654 1451 1794 1475 verterunt
1812 1454 1871 1474 om-

1082 1495 1142 1526 nia,
1165 1502 1224 1529 qua»
1244 1494 1294 1520 sibi
1318 1493 1424 1520 fuerant
1446 1493 1587 1527 imperata.
1615 1492 1737 1527 Denique
1757 1496 1785 1520 et
1807 1499 1872 1519 cum

1083 1539 1178 1566 Photio
1197 1538 1329 1570 adultero,
1353 1546 1384 1564 ac
1399 1537 1526 1564 Ecclesim
1548 1537 1682 1569 invasore,
1703 1541 1783 1572 atque
1802 1544 1870 1565 neo-

1085 1585 1175 1619 phyto,
1191 1584 1261 1618 quod
1275 1584 1324 1610 sibi
1340 1583 1525 1617 multipliciter
1542 1583 1709 1618 prohibitum
1730 1582 1828 1616 fuerat,
1842 1583 1872 1612 in

1084 1635 1256 1658 sacrosancta
1268 1630 1396 1665 mysteria
1408 1629 1686 1662 eonuuunicavcrunt,
1700 1634 1728 1657 et
1739 1629 1871 1666 lgnatium

1084 1676 1172 1703 virum
1193 1682 1284 1702 senem
1297 1694 1304 1706 ,
1331 1679 1357 1701 et
1375 1679 1510 1706 sanctum,
1523 1681 1554 1701 ac
1565 1681 1614 1709 per
1625 1673 1767 1702 duodecim
1785 1681 1880 1702 annos.

1085 1721 1242 1748 innocenter
1254 1719 1402 1747 Ecclesiam
1420 1720 1466 1746 Dei
1483 1725 1630 1753 regentem,
1646 1723 1674 1747 et
1691 1719 1832 1747 nobiscum
1845 1722 1875 1746 et

1084 1767 1233 1798 vobiscum,
1241 1771 1320 1800 atque
1331 1774 1391 1793 cum
1403 1766 1546 1793 universali
1555 1772 1583 1793 et
1592 1765 1742 1794 orthodoxa
1752 1764 1874 1795 Ecclesia

1085 1811 1340 1842 communicantem,
1350 1810 1503 1838 Grzccorum
1517 1810 1626 1839 factioni
1636 1811 1875 1846 perniciosissima

1085 1857 1277 1884 concinnantes
1290 1857 1495 1888 damnaverunt,
1512 1860 1539 1883 et
1558 1856 1770 1884 sacerdotalibus
1781 1855 1876 1884 infulis

1085 1903 1261 1936 exspoliatum
1284 1903 1318 1929 ab
1338 1902 1464 1929 Ecclesiw
1488 1902 1618 1936 regimine
1640 1902 1728 1930 modis
1746 1902 1875 1930 omnibus

1086 1949 1256 1983 expulerunt.
1271 1948 1335 1982 Quae
1349 1953 1447 1975 sancte
1461 1953 1557 1976 vestrm
1578 1949 1605 1975 in
1620 1948 1728 1976 Christo
1747 1947 1876 1976 fraterni-

1088 1995 1145 2025 lati,
1158 1999 1182 2021 ct
1194 1995 1244 2029 pire
1257 1994 1436 2028 generalitati,
1453 1994 1515 2028 quia
1529 1998 1624 2021 contra
1642 1998 1762 2021 nostram
1773 1992 1882 2025 fuerint.

1087 2046 1161 2074 gesta
1173 2039 1375 2073 dispositionem
1385 2037 1543 2072 jamdudum
1554 2037 1777 2073 signiﬁcavimus.
1787 2034 1875 2064 Porro

1087 2087 1190 2122 prmfati
1207 2086 1281 2113 missi
1306 2085 1391 2112 nostri
1416 2085 1523 2112 tandem
1543 2084 1656 2115 reversi.
1681 2083 1720 2111 nil
1740 2083 1813 2111 aliud
1831 2091 1876 2110 le-

1088 2132 1256 2161 nuutiavere,
1275 2131 1326 2157 nisi
1344 2130 1495 2164 depositum
1516 2129 1648 2164 lgnatium
1662 2132 1690 2157 et
1703 2128 1830 2156 Pbotium
1845 2128 1874 2156 in

1087 2180 1151 2206 sede
1164 2178 1459 2212 Constantinopolitana
1483 2177 1630 2204 firmatum.
1645 2176 1711 2204 Post
1725 2176 1792 2204 duos
1808 2182 1877 2204 vero

1088 2227 1146 2254 dies
1161 2226 1265 2260 legatus
1278 2233 1292 2252 a
1308 2225 1385 2252 nobis
1401 2224 1555 2259 imperialis,
1568 2223 1678 2252 nomine
1691 2222 1748 2251 Leo
1760 2242 1769 2256 ,
1792 2228 1809 2250 ι
1827 2229 1874 2250 so-

1087 2272 1169 2299 cretis
1192 2275 1344 2305 susceptus,
1368 2270 1420 2297 duo
1446 2269 1582 2297 volumina
1610 2269 1708 2297 obtulit
1730 2276 1739 2296 :
1759 2275 1874 2304 quorum

1087 2324 1169 2344 unum
1190 2315 1365 2350 depositionis
1381 2315 1475 2350 lgnatii
1491 2320 1565 2350 gesta
1580 2314 1746 2346 continebat,
1759 2313 1876 2342 alterum

1088 2366 1178 2388 autem
1198 2361 1230 2387 de
1249 2361 1350 2388 sanctis
1367 2359 1483 2387 habebat
1510 2358 1671 2394 imaginibus
1686 2362 1759 2386 acta.
1775 2357 1879 2394 Detulit

1088 2411 1218 2442 pra-terea
1239 2406 1309 2432 idem
1324 2405 1379 2432 Leo
1395 2404 1546 2439 imperiales
1562 2404 1666 2431 litteras
1681 2403 1876 2440 deprecantes,

1088 2456 1220 2487 quatenus
1237 2455 1265 2478 ct
1288 2451 1315 2478 in
1337 2450 1512 2484 dispositione
1530 2448 1635 2483 lguatii,
1650 2447 1719 2475 etin
1734 2447 1878 2488 confirma-

1088 2498 1160 2524 tione
1185 2498 1283 2529 Photii,
1308 2504 1467 2524 consensum
1483 2495 1666 2531 praeberemus
1682 2497 1711 2521 et
1725 2486 1878 2522 subscribe-

1087 2550 1187 2570 remus.
1203 2543 1238 2570 At
1255 2550 1304 2570 nos
1330 2542 1420 2569 divina
1448 2540 1562 2568 docente
1587 2539 1691 2574 gratia,
1716 2539 1780 2578 dum
1805 2537 1878 2566 idem

1088 2590 1194 2617 adesset
1219 2589 1338 2624 legatus,
1367 2591 1514 2615 convocata
1530 2589 1584 2614 tota
1602 2592 1663 2619 qua
1677 2583 1748 2620 apud
1761 2590 1813 2613 nos
1834 2585 1880 2621 ζει

1088 2637 1222 2670 Ecclesia,
1248 2636 1416 2664 decrevimus
1441 2639 1468 2662 et
1481 2633 1635 2663 statuimus,
1657 2626 1739 2666 atque
1763 2627 1880 2666 pmfes‘si

1088 2692 1181 2711 sumus
1193 2691 1284 2711 coram
1301 2683 1369 2718 ipso.
1396 2686 1424 2710 et
1444 2689 1536 2709 coram
1551 2678 1672 2709 Ecclesia
1688 2677 1747 2710 Dei.
1765 2677 1881 2712 εἰωίῆ

1088 2746 1126 2772 ita
1137 2753 1165 2772 se
1178 2744 1332 2771 habentibus
1342 2752 1350 2774 ;
1362 2743 1439 2770 tertia
1453 2741 1588 2769 invenitur
1605 2740 1656 2768 sub
1668 2739 1722 2766 fine
1732 2734 1881 2774 LXXXVII

1089 2782 1121 2808 ad
1136 2781 1193 2807 lucc
1208 2779 1289 2806 verba
1303 2788 1308 2806 :
1327 2779 1383 2806 Ita'c
1395 2778 1510 2812 quidem,
1525 2783 1612 2812 usque
1624 2773 1882 2812 aditiahforcgtl:

1089 2782 1121 2808 ad
1136 2781 1193 2821 lucc
1208 2779 1289 2806 verba
1303 2788 1308 2806 :
1327 2779 1383 2806 Ita'c
1395 2779 1510 2819 quidem,
1519 2783 1612 2818 usque
1624 2779 1658 2802 ad
1673 2779 1730 2806 tua.
1744 2779 1882 2835 [ore

1088 2816 1210 2842 vidimus.
1223 2814 1288 2847 Qum.
1299 2818 1361 2849 sunt
1371 2813 1464 2840 ultima
1481 2813 1560 2849 hu]_us
1572 2809 1702 2845 epistolas.
1721 2804 1801 2836 Eutr.
1875 2847 1878 2849 Δ

1087 2850 1154 2878 Jalfe
1168 2850 1194 2877 iu
1210 2849 1324 2884 Reguli:
1341 2848 1499 2883 Pontificum
1515 2847 1703 2874 Romanorum.
