2030 3169
942 157 1080 187 ΝΙΟΟΙΑΕ
1096 158 1197 188 ΡΛΡΑΕ
1215 160 1225 188 l

1817 162 1900 191 1096

256 220 402 255 Apostolo,
427 227 509 248 omne
532 219 710 255 quodcunque
739 218 883 247 fecerimus
908 217 935 245 in
961 216 1045 245 verbo
1058 216 1083 246 A
1097 219 1154 244 tum
1178 216 1303 245 videlicet
1317 215 1424 244 concilii
1441 215 1500 249 sui.
1521 216 1593 244 sedis
1611 217 1769 252 apostolicae
1787 218 1897 246 vision!

253 270 302 292 aut
313 265 341 292 in
355 272 447 300 opere,
460 262 549 292 omnia
563 264 589 291 in
605 264 714 292 nomine
725 263 832 291 Domini
844 262 907 290 Iesu
919 261 1043 289 facienda

254 310 429 346 pmcipiente
443 309 453 345 (
463 309 519 337 Col.
536 309 604 345 ut),
621 310 690 337 ritus
704 308 904 337 ecclesiasticus
920 308 948 335 in
968 307 1044 335 colli-

254 357 349 392 gendis
374 356 495 385 conciliis
516 356 542 384 id
565 356 706 388 observet,
726 360 754 384 et
776 356 803 383 in
825 355 877 382 hoc
896 354 1042 386 duntaxat,

255 403 346 430 abdito
362 402 532 437 permittente
545 401 637 428 divino
649 401 766 435 judicio,
783 401 864 428 fuerit
880 399 1043 434 prmtermis-

253 456 313 475 sum
328 457 333 474 :
349 452 456 475 constat
475 447 568 481 procul
581 447 662 474 dubio
672 468 679 479 ,
694 455 747 474 non
760 454 806 474 eos
823 446 849 473 in
865 445 972 473 nomine
993 444 1044 471 Do—

254 493 319 519 mini
332 497 510 527 congregatos
521 492 669 524 exstitisse,
684 499 715 519 ac
730 500 778 526 per
790 492 842 518 hoc
857 498 918 518 eum
932 490 1043 517 minitne

254 539 280 565 in
293 538 335 565 sui
346 537 434 564 medio
448 537 635 572 habuisse,qui
649 537 701 565 tale
711 537 853 565 concilium
866 536 919 563 imo
926 542 1043 562 conven-

253 583 334 610 ticula
342 591 390 610 sua
399 584 432 610 de
440 583 613 618 sanguinibus
624 589 717 610 contra
725 583 890 618 psalmistam
897 588 1044 615 congrega-

253 628 443 663 verunt(Psal.
451 629 525 663 xtn),
534 635 559 656 et
570 630 702 663 quoddam
716 629 815 656 animal
823 628 930 658 imitati,
938 626 1043 654 nonnisi

254 675 397 702 exstinctis
412 675 528 709 propriis
539 675 599 702 liliis
610 682 689 709 posse
706 675 855 702 subsistere
870 677 1042 709 putaverunt.

289 718 348 746 Jam
370 727 450 751 vero,
473 719 495 746 si
517 720 587 747 idem
601 720 743 748 concilium
760 720 794 747 ab
812 719 959 755 apostolica
979 718 1043 746 sedc

252 765 336 792 fuisse
357 765 533 799 praetenditur
547 766 741 800 approbatum,
765 765 991 800 quemadmodum
1011 764 1038 791 id

252 815 362 837 versuta
378 809 460 837 fuerit
471 810 644 837 cavillatione
658 810 852 845 ab'apostolica
869 810 933 837 sede
947 816 1042 844 perce-

255 859 329 890 ptum
341 876 348 887 ,
362 855 525 882 fraternitati
543 860 640 883 vestrae
650 855 768 883 breviter
783 856 946 883 intimamus.
963 855 1043 882 Deni-

1095 262 1286 295 subtraxerat,
1297 262 1380 290 etiam
1393 269 1471 289 suam
1484 262 1629 290 audientis:
1644 262 1679 290 ab
1692 269 1725 290 eo
1735 262 1898 299 designate

1094 308 1267 342 praesentiam
1282 307 1447 341 subducens,
1459 308 1583 343 probavit
1597 308 1631 336 dc
1640 315 1671 336 se
1682 308 1728 336 illa
1739 315 1802 344 quae
1813 309 1895 336 dicta

1093 356 1157 379 sunt
1169 361 1176 379 :
1191 352 1315 380 videlicet
1328 353 1399 388 quod
1410 353 1465 380 tale
1479 353 1623 381 concilium
1638 355 1782 386 statuerit,
1804 354 1895 389 quale

1095 398 1219 433 superius
1232 398 1348 426 strictim
1360 403 1540 426 monstratum
1552 403 1603 426 est.
1618 399 1722 426 Interea
1733 406 1767 427 eo
1777 400 1838 427 voti
1851 398 1895 427 ef-

1094 442 1165 470 fectu
1186 444 1331 476 frustrato,
1345 444 1500 479 apostolica.
1521 444 1595 472 sedis
1610 444 1730 479 pontifex
1749 444 1823 477 Leo,
1840 444 1896 480 qui

1093 488 1186 516 fratris
1202 489 1338 517 Hincmari
1359 491 1527 525 propositum
1545 494 1674 523 noverat,
1698 491 1733 518 ah
1754 490 1808 518 hac
1824 490 1896 518 luce

1096 535 1250 563 subtractus
1273 540 1325 565 est.
1351 535 1472 571 Cumque
1494 540 1595 563 sancta:
1612 536 1750 564 memoria:
1768 535 1894 564 Benedi-

1094 585 1169 613 ctus,
1185 581 1227 607 vir
1241 581 1418 615 apostolicus.
1434 581 1458 608 ei
1471 581 1646 609 successisset
1661 581 1687 608 in
1703 580 1802 609 ordine
1810 589 1891 616 pon—

1095 627 1229 657 tiﬁcatus,
1243 635 1340 654 rursus
1355 627 1518 654 reverendus
1536 627 1699 655 Hincmarus
1717 634 1796 655 arma
1810 635 1892 663 pras—

1094 675 1186 706 parat,
1203 676 1230 699 et
1243 672 1331 699 eidem
1353 679 1459 699 sumtno
1479 671 1605 706 praesuli,
1623 676 1753 707 tanquam
1769 679 1890 699 suat-un

1095 717 1236 752 inexperto
1248 718 1444 750 versutiarum,
1462 717 1576 745 latenter
1590 717 1724 753 subripit,
1737 722 1764 745 et
1782 718 1811 744 in
1826 718 1893 753 ipso

1093 764 1306 791 consecrationis
1325 764 1383 798 ejus
1404 764 1536 798 principio
1554 764 1667 796 suadet,
1688 768 1719 791 ut
1736 763 1892 791 concilium

1094 810 1202 845 quidem
1214 810 1247 837 ad
1259 815 1350 837 votum
1362 811 1442 837 unius
1456 810 1572 838 hominis
1586 814 1779 846 congregatum
1792 810 1892 838 ﬁrma—

1095 859 1156 882 ret:
1179 863 1232 883 non
1255 860 1343 882 tamen
1367 856 1391 882 ei
1413 855 1468 882 ttllo
1487 855 1567 883 modo
1582 847 1687 890 ‘subripi
1706 859 1753 883 aut
1773 856 1890 884 suaderi

253 907 306 935 que
333 900 417 927 frater
443 906 470 927 et
492 901 668 935 coepiscopus
691 905 784 928 noster
806 901 985 932 Hincmarus,
1007 900 1041 928 de
1056 896 1077 925 Β
1091 900 1196 934 potuit,
1211 905 1265 927 uta
1277 899 1358 934 iusta:
1369 900 1537 928 dilﬁnitionis
1554 904 1583 928 et
1603 901 1806 928 discretissitna
1825 909 1891 929 no—

252 946 410 974 tnentoratis
426 945 551 978 clericis,
569 946 675 975 Wlfatlo
698 945 802 973 scilicet
823 951 850 973 ct
870 946 979 981 collegis
999 946 1039 981 ip-

251 993 324 1024 sius,
344 992 414 1026 quod
431 992 481 1019 sibi
499 993 584 1019 visum
603 998 659 1024 est,
679 997 866 1019 consummato
886 1000 946 1019 mox
968 1000 1038 1026 pra:-

251 1037 353 1064 cessori
370 1045 430 1064 meo
445 1038 528 1064 beatae
543 1037 738 1064 recordationis
755 1036 836 1064 Leoni
857 1036 965 1072 praesuli
985 1044 1038 1063 non

251 1083 336 1109 semel
356 1082 489 1117 supplices
507 1082 612 1109 litteras
631 1082 722 1114 misit,
734 1086 867 1116 quatenus
883 1081 954 1108 idem
971 1088 1039 1108 con-

251 1128 343 1155 cilium
369 1128 520 1163 approbaus
539 1127 700 1155 auctoritate
719 1127 867 1162 apostolica
889 1127 1038 1153 roboraret.

253 1172 329 1205 Quod
347 1172 391 1199 ille
407 1180 459 1198 non
478 1172 564 1199 solum
585 1172 696 1205 minime
713 1171 824 1205 annuit,
842 1179 936 1199 verum
956 1172 1038 1197 etiam

254 1226 335 1254 agere
352 1218 468 1246 sollicite
488 1219 588 1250 tenuit,
611 1218 703 1245 dicens
725 1218 826 1245 idcirco
847 1225 876 1245 se
896 1217 1039 1253 petitiones

252 1266 309 1300 eius
323 1273 373 1301 pro
385 1266 570 1293 confirmanda
584 1267 703 1302 synodo,
719 1266 745 1293 in
761 1275 813 1302 qua
834 1266 946 1301 depositi
967 1273 1038 1301 pne-

252 1311 300 1339 fali
317 1311 368 1339 viri
386 1311 510 1343 fuerant,
527 1312 715 1346 suspendisse.
732 1320 765 1339 eo
782 1312 853 1346 quod
872 1320 920 1347 per
935 1312 1038 1346 aliquos

257 1365 290 1384 ex
311 1357 354 1384 bis
375 1357 525 1392 episcopis.
541 1357 587 1392 qui
607 1358 710 1392 synodo
724 1358 897 1390 resederant,
914 1362 944 1384 ut
958 1357 1038 1384 dubi-

251 1402 318 1430 tatio
334 1402 404 1430 foret
418 1402 548 1430 radicitus
562 1401 669 1434 evulsa,
685 1407 785 1429 statuta
800 1402 919 1436 ejusdem
942 1401 1036 1437 synodi

249 1447 387 1475 destinare
407 1447 562 1474 debuisset:
586 1447 720 1482 praecipue
743 1455 804 1474 cum
831 1447 930 1474 ibidem
955 1447 1036 1482 legati

237 1493 321 1521 .sedis
344 1493 499 1528 apostolica:
518 1498 667 1528 pnesentes
689 1501 741 1520 non
763 1493 871 1521 fuerint.
896 1493 1037 1521 Postremo

249 1547 283 1565 eo
297 1539 367 1573 quod
383 1539 426 1571 hi,
442 1546 509 1573 quos
531 1539 574 1566 ille
594 1539 756 1567 auctoritate
772 1539 866 1575 synodi
886 1538 1037 1567 afﬁrmabat

1095 945 1244 972 derationis
1265 946 1372 972 tramite
1386 945 1427 972 vel
1443 944 1637 980 aliquantulum
1652 944 1802 973 declinaret
1814 954 1823 972 :
1838 953 1891 974 ve-

1092 996 1261 1024 rumtamen,
1281 992 1353 1018 sicut
1374 991 1466 1019 videre
1485 995 1542 1023 est.
1563 995 1591 1018 et
1614 991 1666 1026 ipsi
1685 991 1742 1026 jam
1766 991 1888 1019 forsitan

1092 1036 1256 1071 agnovislis,
1272 1036 1307 1063 ita
1321 1044 1370 1071 per
1384 1036 1518 1072 quoddam
1535 1036 1560 1064 ei
1578 1036 1749 1073 privilegium
1770 1044 1890 1065 conces-

1091 1089 1150 1109 sum
1164 1081 1235 1109 illius
1248 1082 1355 1109 concilii
1372 1082 1511 1109 roboravit
1525 1082 1678 1109 institutum
1690 1102 1698 1115 ,
1714 1087 1742 1110 ut
1763 1083 1888 1111 auctori-

1092 1127 1156 1154 tatis
1170 1135 1304 1154 summam
1318 1127 1374 1155 sedi
1390 1127 1543 1162 apostolicae
1558 1132 1729 1161 reservaret,
1745 1132 1773 1156 et
1787 1131 1818 1156 ut
1835 1136 1887 1156 vo—

1093 1171 1136 1199 bis
1149 1172 1206 1206 jam
1221 1172 1395 1207 scripsimus,
1417 1173 1454 1199 ita
1476 1173 1570 1200 tribuit
1589 1173 1719 1200 honorem
1737 1173 1834 1207 alteri,
1854 1178 1888 1202 It

1090 1218 1142 1245 sibi
1156 1220 1228 1253 quod
1244 1219 1380 1246 tribuebat
1393 1226 1445 1246 non
1460 1219 1589 1246 demeret.
1612 1217 1691 1247 Unde
1709 1224 1802 1247 actum
1821 1224 1883 1252 est.

1091 1268 1120 1290 ut
1132 1264 1203 1298 quod
1217 1264 1287 1291 male
1299 1264 1411 1299 petitum
1425 1264 1512 1291 fuerat
1522 1284 1529 1296 ,
1541 1264 1660 1299 Spiritu,
1678 1265 1794 1293 doceam
1812 1264 1883 1298 Dei,

1091 1309 1161 1336 bene
1175 1309 1283 1344 sapiens
1298 1309 1394 1344 praesul
1408 1310 1586 1342 concederet,
1605 1314 1634 1337 et
1651 1310 1719 1338 nihil
1737 1310 1886 1345 proliceret

1090 1355 1207 1382 humana
1221 1355 1376 1390 subreptio,
1393 1356 1438 1383 ubi
1454 1360 1547 1391 pectus
1560 1356 1627 1384 tanti
1640 1350 1883 1392 pontiﬁu'sdivin

1091 1400 1210 1436 replebat
1226 1400 1326 1428 infusio
1339 1411 1345 1428 :
1366 1408 1416 1428 nec
1431 1400 1539 1428 obesset
1556 1400 1695 1435 cujusdam
1710 1401 1818 1433 suasit,
1834 1399 1883 1428 ubi

1090 1446 1219 1473 antistitis
1233 1447 1319 1474 sancti
1334 1446 1453 1481 prudens
1466 1446 1586 1474 obviavit
1599 1450 1626 1473 et
1644 1444 1882 1481 providentissima

1090 1491 1242 1518 moderatio
1255 1499 1262 1518 :
1279 1492 1343 1518 dum
1359 1492 1385 1518 in
1401 1492 1460 1526 ipso
1478 1491 1620 1527 privilegio
1634 1495 1755 1519 tenorem
1770 1489 1882 1526 premi-

1090 1536 1172 1569 serit,
1188 1536 1258 1571 quod
1264 1537 1312 1578 \sic
1327 1537 1464 1564 decretum
1479 1540 1521 1564 est
1535 1536 1568 1564 ab
1583 1544 1617 1563 eo
1632 1535 1763 1563 manendo
1785 1535 1883 1562 incon-

249 1585 386 1618 deposilos
396 1604 402 1616 ,
419 1592 468 1619 per
481 1585 604 1620 proprias
624 1585 728 1613 litteras
746 1586 836 1613 sedem
858 1585 1034 1621 apostolicam
1050 1580 1072 1611 C
1089 1582 1162 1608 vulsa
1177 1589 1237 1616 qua:
1250 1582 1420 1616 peteballlur.
1435 1582 1458 1609 si
1474 1582 1510 1609 il-‘I
1524 1585 1614 1608 esse"!
1628 1588 1677 1616 Pe?
1689 1579 1797 1612 omnia.
1817 1587 1882 1616 qua

251 1629 460 1663 appellaverint,
485 1634 514 1657 et
533 1630 633 1656 vellent
654 1638 699 1657 sua
726 1638 754 1657 se
777 1630 924 1664 apostolica
948 1630 1036 1659 audiri

252 1673 411 1707 prazsentia,
426 1678 453 1700 et
474 1679 552 1706 tunc,
567 1675 588 1702 si
611 1675 755 1709 culpabiles
773 1676 969 1707 invenirentur,
985 1684 1036 1703 non

250 1719 403 1746 abnuerent
415 1721 574 1747 canonicam
590 1721 725 1748 sustinere
743 1728 895 1748 censuram.
918 1722 969 1749 Sed
990 1730 1038 1750 ve-

250 1764 378 1792 nerabilis
394 1765 556 1793 Hincmarus
566 1787 573 1798 ,
589 1767 677 1794 sciens
691 1767 782 1801 utique
796 1768 939 1795 concilium
956 1768 1037 1801 illud,

248 1816 279 1838 ut
293 1819 373 1846 supra
388 1816 526 1839 ostensum
540 1816 595 1843 est,
610 1813 865 1847 reprehensionilms
877 1821 930 1841 non
945 1814 1039 1849 paucis

249 1863 421 1890 respersum,
442 1862 501 1883 acta
527 1857 635 1892 quidem
655 1858 725 1884 illius
750 1865 798 1892 per
822 1858 955 1885 neminem
980 1859 1037 1893 epi-

249 1907 410 1935 scoporum,
425 1901 470 1935 qtti
491 1902 533 1928 his
552 1901 747 1934 interfuerunt,
767 1903 910 1930 destinavit
924 1912 930 1929 :
951 1907 980 1930 ιιι
997 1907 1038 1930 ta-

248 1952 310 1973 men
332 1945 514 1978 ﬁrmarentur,
528 1946 617 1973 denuo
634 1948 758 1982 precibus
774 1955 854 1983 agere
874 1956 927 1976 non
948 1956 1039 1976 cessa-

246 1991 297 2018 vit.
321 1991 376 2018 Sed
400 1992 563 2025 deiectorum
589 1993 686 2019 iterato
709 1993 826 2020 clamore
850 1994 1038 2021 crebrescente

249 2035 410 2063 clericorum
422 2056 429 2067 ,
446 2045 496 2063 nec
510 2037 549 2064 sic
564 2038 635 2072 quod
651 2039 791 2072 petebatur
808 2039 951 2067 laudabilis
969 2048 1038 2074 pne-

247 2081 289 2108 sul
313 2080 432 2107 indulsit.
455 2081 586 2117 Praecepit
607 2088 698 2110 autem
713 2092 760 2119 per
776 2084 889 2112 alteram
905 2093 960 2112 suae
974 2093 1037 2112 san-

248 2126 347 2153 ctionis
361 2126 513 2161 epistolam.
530 2133 559 2155 ut
575 2129 644 2156 idem
659 2129 742 2157 frater
756 2129 918 2158 Hincmarus
929 2132 961 2158 ad
973 2139 1038 2159 con-

247 2170 339 2197 cilium
360 2178 423 2197 cum
444 2171 495 2198 illis
509 2179 680 2205 occurreret,
697 2175 731 2201 ad
745 2175 815 2209 quod
831 2183 908 2202 suum
924 2176 982 2210 ipse
995 2177 1035 2204 le-

247 2219 354 2249 gatum,
368 2215 478 2242 Petrum
498 2216 623 2245 videlicet
639 2219 795 2254 episcopum
811 2220 989 2254 Spoletanutn
999 2241 1006 2253 .
1021 2230 1036 2249 e

247 2260 334 2288 latere
346 2268 395 2288 suo
409 2262 563 2294 direxerat,
578 2263 612 2296 ad
627 2265 809 2292 renovandum
826 2266 950 2293 videlicet
964 2267 1036 2301 judi-

246 2307 319 2334 cium
339 2308 398 2335 vice
418 2316 466 2336 sua
477 2329 484 2341 ,
500 2313 528 2336 et
547 2310 716 2344 congregatis
733 2318 842 2343 rursus,
856 2312 989 2346 episcopis
1004 2313 1036 2339 ad

248 2353 431 2388 depositorum
462 2355 692 2387 reclamantiutn,
720 2357 869 2384 auxiliante
898 2358 1034 2390 Domino,

247 2400 433 2427 trutinandum
453 2408 484 2427 ac
498 2400 656 2435 sopiendum
672 2401 818 2435 negotium.
843 2402 880 2428 lta
898 2407 927 2429 ut
943 2402 965 2429 si
980 2403 1035 2430 cis—

248 2443 310 2469 dem
323 2443 435 2477 deiectis
448 2443 555 2471 clericis
570 2444 744 2479 contigisset,
760 2449 789 2471 ut
803 2446 830 2472 in
852 2446 909 2481 ipsa
925 2446 1034 2474 debuis-

247 2492 309 2515 sent
323 2489 490 2522 depositione
504 2489 666 2523 persistere,
689 2494 716 2518 et
736 2491 846 2518 obedire
866 2491 1033 2524 rapuissent,

248 2532 395 2566 sedemque
409 2533 584 2567 apostolicam
599 2534 694 2562 iterum
707 2536 888 2570 expetissent,
910 2544 943 2564 ne
962 2537 1034 2564 sedis

247 2575 402 2612 apostolicae
422 2577 616 2606 dissolveretur
636 2580 821 2615 privilegium,
847 2581 900 2608 illis
916 2581 950 2608 ad
972 2589 1032 2608 eam

245 2621 371 2649 veniendi
386 2630 439 2650 non
455 2628 597 2659 negaretur
610 2624 728 2652 licentia.
742 2625 809 2654 Cum
823 2626 920 2661 quibus
933 2634 1034 2661 praece-

245 2668 287 2703 pit
306 2672 336 2695 ut
352 2668 435 2696 frater
453 2668 627 2703 Hincmarus,
648 2671 690 2698 vel
710 2671 809 2698 missus
823 2670 887 2710 pejus
907 2671 1032 2698 veniret:

246 2719 380 2750 quatenus
394 2721 454 2742 cttm
466 2714 594 2743 fratribus
607 2716 662 2744 suis
677 2716 811 2751 episcopis
823 2724 930 2751 tequum
944 2717 978 2744 de
992 2717 1034 2745 his

243 2759 374 2795 judicium
386 2759 512 2787 conferre
524 2761 691 2796 potuissent,
705 2766 733 2788 et
747 2767 861 2796 utraque
875 2767 953 2797 parte
968 2770 1033 2790 con-

244 2806 370 2833 veniente
382 2813 479 2834 causas
491 2813 585 2834 eorum
598 2807 692 2834 eadem
707 2806 784 2834 sedes
796 2812 888 2834 sancta
901 2808 1032 2836 canonice

243 2849 389 2879 deﬁnisset.
405 2851 506 2879 Verum
528 2851 587 2884 illc,
604 2851 649 2886 qui
670 2851 745 2886 prius
765 2852 936 2887 episcopum,
959 2852 1031 2888 lega-

1089 1627 1122 1655 de
1141 1627 1184 1655 illa
1203 1629 1306 1663 synodo
1320 1627 1371 1655 sibi
1386 1636 1401 1655 a
1418 1627 1502 1655 fratre
1516 1631 1610 1654 nostro
1623 1625 1769 1654 Hincmaro
1781 1624 1882 1654 referteo

1089 1674 1198 1702 bantur.
1215 1674 1379 1709 lnterposuit
1393 1673 1463 1700 enim
1479 1672 1623 1707 ancipitem
1637 1672 1664 1699 in
1674 1679 1707 1699 eo
1716 1671 1880 1699 sententis

1088 1719 1201 1747 dicens:
1220 1719 1248 1747 Si
1267 1719 1304 1746 ita
1323 1723 1365 1746 est
1382 1723 1529 1752 nostroque
1551 1722 1581 1745 ut
1597 1717 1707 1753 scriptis
1722 1716 1881 1752 praeulatui

1089 1765 1230 1798 intimasti,
1246 1770 1273 1792 et
1286 1769 1422 1799 gestorum
1437 1764 1508 1792 serie
1521 1762 1721 1794 demonstrasti,
1735 1767 1810 1791 nias
1819 1770 1882 1790 eas-

1089 1811 1148 1838 dem
1159 1831 1166 1842 ,
1178 1811 1243 1845 quin
1255 1810 1439 1841 diflinitiones,
1451 1809 1599 1844 apostolica
1609 1807 1811 1844 promulgatam:
1820 1807 1883 1836 fore

1089 1857 1260 1883 auctoritate.
1276 1856 1350 1883 Licet
1364 1856 1421 1891 ipse
1437 1856 1516 1890 hujus
1531 1855 1634 1883 tenoris
1646 1854 1880 1888 circumstantiam

1089 1903 1122 1929 de
1134 1901 1224 1929 collati
1237 1901 1368 1936 privilegii
1383 1906 1457 1927 textu
1470 1901 1619 1935 excipiens.
1631 1905 1659 1927 et
1669 1904 1770 1927 nostra:
1781 1899 1880 1928 visioni

1089 1946 1256 1977 subduxerit.
1271 1950 1300 1974 et
1317 1946 1430 1973 aliorum
1455 1946 1558 1973 notioni
1573 1945 1749 1973 subtraxerit.
1763 1944 1882 1978 Ιηωηοτ

1088 1999 1151 2019 rens
1175 1991 1286 2026 insuper
1308 1998 1368 2025 qua:
1388 1990 1459 2018 idem
1474 1998 1595 2018 summtts
1606 1989 1730 2025 pomifex
1751 1993 1797 2017 ant
1807 1997 1882 2018 null-

1089 2044 1186 2072 quam.
1212 2041 1259 2063 aut
1284 2036 1363 2063 aliter
1387 2040 1524 2064 sanxerat.
1548 2036 1607 2071 Ipse
1631 2043 1749 2071 namque
1771 2034 1806 2064 de
1825 2043 1882 2063 III»

1088 2082 1200 2109 moratis
1207 2081 1410 2110 diﬂiuitionibus
1422 2082 1489 2109 dixit
1501 2081 1601 2109 :Ratas
1611 2081 1721 2109 easdem
1732 2080 1879 2116 apostoliu

1087 2127 1289 2162 promulgamus
1316 2127 1373 2154 fore
1396 2126 1568 2157 auctoritate,
1584 2132 1747 2161 semperque
1768 2132 1881 2154 nam

1089 2172 1241 2203 statuimus,
1256 2177 1283 2199 et
1300 2172 1454 2206 sequentia,
1466 2180 1526 2206 quae
1547 2171 1605 2206 ipse
1618 2171 1728 2206 quidem
1741 2170 1820 2199 aliter
1831 2179 1881 2208 po-

1090 2216 1154 2247 suit,
1169 2215 1254 2244 frater
1268 2224 1332 2243 vero
1345 2216 1508 2244 Hincmarus
1524 2216 1648 2252 quaedam
1666 2215 1778 2248 addens,
1799 2215 1879 2253 plura

1052 2251 1076 2281 Ῑ)
1091 2262 1262 2294 subtrahens,
1286 2262 1327 2288 vel
1352 2267 1534 2294 commutans.
1561 2261 1641 2289 aliter
1654 2251 1878 2296 prosocntnsest.

1091 2306 1144 2333 Sed
1157 2306 1245 2333 adhuc
1263 2309 1291 2333 et
1314 2306 1340 2333 in
1355 2306 1408 2333 alio
1419 2307 1488 2334 mira
1510 2306 1603 2334 fratris
1625 2305 1765 2335 Hincmari
1784 2313 1879 2335 rursus

1090 2351 1194 2379 accedit
1206 2352 1315 2383 astutia,
1328 2356 1355 2379 et
1365 2351 1414 2380 soli
1429 2352 1540 2387 proprio
1553 2356 1615 2380 voto
1628 2351 1722 2380 favens
1733 2359 1764 2380 se
1784 2351 1875 2388 intuli-

1089 2402 1146 2425 scet
1158 2397 1309 2432 prudentia.
1324 2398 1445 2433 Denique
1454 2406 1516 2426 cum
1531 2397 1688 2433 apostolum
1702 2401 1730 2425 et
1749 2405 1881 2433 reventu-

1089 2444 1128 2471 dze
1154 2445 1291 2471 memoriae
1311 2444 1436 2472 decessor
1454 2449 1546 2472 noster
1570 2451 1638 2479 papa
1663 2443 1881 2484 Benedictusoi

1089 2489 1268 2524 privilegium.
1282 2489 1316 2517 de
1334 2497 1388 2524 quo
1412 2497 1484 2517 nunc
1506 2490 1636 2523 diximus,
1650 2489 1823 2527 contulisset.
1841 2488 1880 2518 ιιι

1088 2542 1147 2569 qua:
1159 2535 1185 2562 in
1199 2542 1233 2562 eo
1255 2535 1428 2563 continentur
1451 2534 1579 2567 ﬁrmavit,
1594 2539 1797 2571 utsuspensall
1817 2541 1880 2567 Inv

1089 2580 1199 2607 tentiam
1213 2579 1255 2607 his
1265 2579 1402 2615 iungeret,
1415 2584 1442 2607 et
1453 2584 1482 2607 ut
1494 2587 1542 2615 por
1553 2580 1644 2607 omnia

1087 2633 1134 2652 sua
1150 2625 1299 2661 privilegia,
1323 2626 1395 2654 sicut
1406 2625 1462 2660 jam
1479 2626 1528 2653 fati
1541 2634 1644 2659 sumus.
1666 2630 1695 2655 et
1706 2626 1879 2662 auctoritatis

1088 2671 1203 2706 propria!
1212 2671 1274 2706 jura
1290 2672 1381 2708 (quem
1397 2672 1424 2700 in
1443 2672 1495 2700 hoc
1509 2676 1536 2701 et
1547 2680 1597 2701 nos
1609 2680 1719 2709 quoque
1729 2673 1880 2709 necui“:-

1088 2718 1158 2752 mus)
1185 2717 1349 2746 inviolabilia
1364 2723 1517 2747 reservaret
1534 2727 1542 2745 :
1557 2718 1734 2754 interponens

1085 2761 1170 2789 nodos
1184 2763 1366 2791 anathematis
1379 2763 1407 2791 in
1420 2771 1477 2796 eos,
1489 2764 1588 2798 quibus
1605 2762 1802 2798 prohibendum
1813 2769 1879 2793 cc:-

1085 2808 1150 2839 snit,
1163 2816 1198 2836 ne
1221 2809 1334 2844 quilibet
1349 2814 1442 2837 contra
1464 2810 1559 2837 eadem
1573 2808 1705 2853 anoniga
1896 2835 1899 2838 .

1084 2857 1112 2879 ct
1132 2853 1239 2881 decreta
1261 2854 1419 2889 pontiﬁcum
1437 2854 1621 2883 Romanorum
1633 2852 1810 2890 pertinaci»:
1825 2852 1877 2882 ob-
