4060 6338
596 379 620 433 1
630 378 731 434 099

1934 368 2203 427 NlCOLAl
2243 369 2441 427 PApr
2482 373 2504 428 l

3730 377 3885 468 υρυ

593 495 822 552 veritate
846 493 979 550 fulta
1010 494 1190 549 multis
1216 509 1334 550 esse
1362 495 1623 565 probatur
1653 493 1889 558 indiciis,
1919 507 2038 562 qua:
2070 506 2160 547 su-
2191 491 2239 552 A
2268 489 2398 546 bere
2448 491 2672 548 clericos
2701 492 2769 548 ab
2795 493 3076 551 ordinibus
3105 496 3220 552 suis
3245 498 3505 554 canonice
3549 499 3738 555 fuisse
3785 503 3879 557 de-

593 587 776 658 perius
799 588 1105 642 summatim
1147 587 1440 658 tetigimus,
1495 598 1550 641 et
1601 603 1743 641 nunc
1786 602 1848 641 ea
1890 586 1972 639 vel
2009 585 2163 656 plura

592 692 1015 734 commemorare
1069 676 1245 730 studio
1298 676 1582 732 brevitatis
1639 677 1963 731 omittimus.
2028 674 2163 729 Nam

593 768 696 822 nisi
724 767 811 823 ille
833 782 944 831 eos,
976 767 1138 819 etiam
1164 776 1290 820 ante
1311 782 1526 821 omnem
1542 767 1891 832 audientiam,
1913 775 1966 822 ct
1986 767 2165 821 adhuc

592 873 712 912 cum
751 856 817 910 ad
852 861 923 909 ‘se
955 871 1058 909 non
1090 865 1428 918 accusantes,
1469 855 1564 910 sed
1607 855 2037 911 misericordiam
2065 870 2162 925 po-

591 947 855 1002 stulantes
881 947 1210 1002 accesserint
1234 987 1248 1011 ,
1277 949 1343 1000 ab
1374 945 1550 1003 oﬂicio
1574 948 1854 1018 suspendit
1881 966 1894 1002 :
1926 948 2054 1017 quid
2083 955 2165 1002 est

586 1039 730 1109 quod
751 1038 804 1092 in
827 1039 964 1094 actis
986 1039 1198 1094 concilii
1248 1040 1355 1110 sui,
1391 1041 1532 1110 quod
1568 1040 1681 1110 ipse
1721 1041 1788 1095 ad
1818 1041 1999 1096 sedem
2030 1054 2164 1110 apo-

587 1128 834 1182 stolicam
860 1129 1022 1183 misit.
1058 1131 1126 1185 ab
1159 1144 1224 1185 eo
1263 1107 1510 1199 suspensi
1548 1133 1616 1186 ab
1645 1129 1820 1187 officio
1842 1131 2012 1187 fuisse
2049 1146 2162 1186 me-

590 1220 906 1274 morantur?
931 1220 1125 1289 quibus
1145 1237 1266 1276 cum
1298 1231 1479 1277 tacens
1504 1222 1634 1276 nihil
1659 1222 1774 1293 ipse
1804 1221 2161 1293 responderit,

587 1314 716 1384 quid
747 1314 914 1380 aliud,
947 1315 1050 1370 nisi
1082 1331 1205 1370 vera
1229 1331 1322 1372 eos
1346 1325 1681 1386 prosecutos,
1706 1317 1922 1373 silentio
1943 1333 2040 1372 suo
2065 1317 2163 1372 tri-

587 1403 707 1458 buit
742 1411 988 1473 patenter
1035 1405 1294 1477 intelligi?
1323 1407 1390 1460 Et
1435 1422 1465 1462 e
1494 1407 1706 1462 diverso
1759 1406 1834 1462 illi
1865 1423 2026 1477 super
2056 1423 2164 1480 quo

589 1495 838 1564 querelas
863 1510 989 1550 suas
1011 1494 1205 1551 crebro
1245 1497 1390 1552 dicto
1428 1507 1631 1552 sancta:
1681 1499 1953 1553 memoriae
1997 1497 2163 1553 Leoni

586 1600 738 1655 papae
771 1586 1088 1641 mittebant?
1123 1587 1204 1643 vel
1230 1602 1410 1657 quem,
1453 1587 1558 1644 nisi
1606 1603 1750 1654 eum,
1776 1604 1934 1644 suum
1962 1589 2161 1660 impul-

588 1689 766 1729 sorem
793 1691 824 1730 a
854 1677 1105 1747 gradibus
1147 1677 1400 1748 propriis,
1441 1686 1496 1732 et
1545 1677 1802 1733 infestum
1843 1678 1967 1744 sibi,
2003 1694 2165 1748 quem

588 1764 734 1820 circa
750 1781 808 1821 se
827 1767 985 1821 veluti
1005 1777 1210 1836 patrem
1223 1769 1514 1839 benignum
1531 1769 1797 1825 debebant
1813 1785 2160 1841 cognoscere,

2261 581 2472 650 jectos;
2510 583 2580 638 ita
2611 593 2669 638 ut
2697 587 2953 655 quidquid
3003 588 3165 644 habet
3210 589 3639 656 calumniarum,
3673 607 3881 662 prose-

2267 679 2464 748 quendi
2500 688 2552 733 et
2581 681 2907 750 exsequendi
2931 681 3032 736 sibi
3065 681 3136 736 sit
3160 683 3380 738 omnino
3404 682 3666 740 facultas.
3703 683 3876 752 Quod

2266 768 2311 822 si
2353 767 2516 823 totius
2564 767 2721 838 hujus
2763 771 2889 824 anni
2948 771 3178 826 circuitu
3227 771 3456 842 dilapso,
3505 782 3713 828 contra
3775 789 3875 827 eos

2267 858 2463 913 nullam
2485 856 2686 926 justam
2711 860 2848 930 apud
2866 861 3048 916 sedem
3076 861 3432 931 apostolicam
3445 864 3872 932 querirnoniarn

2265 948 2650 1018 composuerit,
2693 963 2792 1004 nec
2841 949 2961 1006 illos
3003 959 3255 1020 appetere
3305 952 3370 1006 de
3407 967 3754 1022 quocunque
3781 953 3870 1006 vel

2264 1039 2631 1111 cujuscunque
2683 1051 2856 1108 reatu,
2906 1045 2988 1099 vel
3040 1060 3290 1110 excessu,
3345 1062 3438 1102 seu
3491 1046 3870 1100 damnatione

2265 1131 2559 1195 studuerit;
2610 1133 2742 1202 ipsis
2765 1133 2982 1203 quidem
3013 1135 3264 1204 deinceps
3306 1135 3358 1189 in
3401 1136 3701 1191 ordinibus
3743 1151 3870 1205 per-

2266 1223 2641 1289 manentibus,
2701 1238 2800 1279 nos
2855 1225 3100 1295 profecto
3150 1226 3280 1280 nulli
3339 1226 3542 1296 torpori
3597 1226 3871 1281 dabimus

2221 1383 2229 1392 ἑ
2265 1326 2508 1383 operam,
2557 1328 2660 1370 nec
2697 1314 2807 1371 ullo
2861 1325 3020 1386 pacto
3058 1332 3086 1370 a
3119 1332 3329 1372 summa
3361 1319 3718 1373 cessabimus
3745 1319 3870 1372 dili-

2266 1401 2464 1472 gentia,
2506 1401 2677 1459 donec
2713 1412 2806 1458 aut
2845 1405 2958 1474 ipse
3006 1421 3149 1460 nunc
3187 1406 3307 1461 illos
3341 1406 3486 1476 juste
3525 1408 3868 1476 comprobet

2268 1491 2567 1558 restitutos,
2596 1501 2690 1547 aut
2708 1491 2856 1561 juste
2877 1508 2974 1564 per
2999 1510 3058 1551 se
3080 1496 3354 1564 quondam
3380 1495 3637 1550 ostendat
3677 1511 3867 1550 remo—

2267 1591 2366 1637 tos.
2401 1582 2651 1652 Alioquin
2697 1599 2793 1639 nos
2819 1584 3212 1654 subsequenter
3233 1586 3493 1642 exhibere
3534 1587 3746 1656 procul
3769 1588 3870 1642 du-

2266 1672 2357 1727 bio
2377 1673 2646 1738 convenit,
2674 1689 2778 1728 non
2802 1674 2976 1729 solum
3005 1690 3146 1744 saepe
3171 1675 3313 1732 fatos
3333 1676 3565 1732 clericos
3595 1678 3868 1749 praeiudi-

2269 1761 2476 1817 cialiter
2503 1764 2705 1833 absque
2725 1779 2930 1820 canone
2954 1765 3219 1821 ab‘oﬂicio
3233 1777 3626 1836 sequestratos,
3659 1784 3869 1824 verum

589 1854 856 1925 frequenti
885 1857 1143 1915 relatione
1173 1861 1510 1930 pandebant?
1551 1861 1830 1918 Postremo
1858 1863 1960 1918 nisi
1991 1862 2080 1919 ille
2112 1863 2165 1918 in

2276 1852 2430 1906 etiam
2477 1853 2841 1908 ordinatorem
2887 1869 3073 1910 eorum
3125 1857 3588 1923 inconvenienter,
3634 1873 3708 1913 ac
3751 1859 3870 1914 sine

590 1945 886 2014 dejectione
909 1947 1144 2016 ipsorum
1166 1950 1507 2019 subscripsit,
1535 1951 1641 2006 imo
1669 1952 1772 2005 nisi
1799 1953 1965 2008 totius
2003 1955 2168 2023 depo-

591 2033 802 2088 sitionis
831 2049 1018 2090 eorum
1064 2037 1260 2092 seriem
1306 2039 1419 2108 ipse
1455 2040 1692 2108 scripsit,
1735 2041 1864 2110 quid
1900 2049 1985 2096 est
2025 2041 2167 2110 quod

589 2124 640 2178 ei
683 2126 734 2179 in
789 2126 1011 2182 subinde
1062 2139 1358 2210 memorato
1405 2130 1701 2200 privilegio,
1752 2133 1895 2202 quod
1943 2133 2044 2188 sibi
2100 2135 2168 2188 ab

590 2217 881 2287 apostolica
903 2220 1030 2274 sede
1062 2219 1305 2274 roborari
1332 2221 1507 2290 petiit,
1549 2223 1720 2276 beatae
1765 2226 2040 2279 memoria:
2071 2225 2165 2278 de-

591 2323 778 2363 cessor
803 2325 953 2366 meus
978 2311 1043 2364 ad
1073 2326 1196 2366 eum
1228 2311 1473 2382 loquens,
1507 2315 1647 2382 quod
1683 2315 1795 2384 ipse
1816 2315 2169 2372 dillinitiones

591 2398 712 2454 illas
736 2399 790 2453 in
817 2402 1023 2470 synodo
1065 2417 1186 2456 cum
1215 2403 1424 2457 caeteris
1447 2405 1716 2474 episcopis
1740 2405 1988 2471 collecta,
2013 2408 2166 2477 juxta

592 2491 909 2549 relationem
935 2495 1122 2565 utique
1147 2510 1300 2551 suam
1325 2495 1562 2566 propriis
1590 2495 1772 2567 digitis
1809 2497 2164 2564 roboraverit,

601 2583 952 2638 manifestat?
980 2583 1132 2652 Quod
1172 2584 1216 2638 si
1268 2585 1417 2649 dicit,
1457 2601 1729 2655 nunquam
1756 2601 1814 2641 se
1852 2587 1902 2640 in
1936 2587 2022 2641 illa
2044 2604 2169 2658 syn-

592 2671 698 2728 odo
744 2673 1319 2746 subscripsisse,'ergo
1386 2690 1484 2730 nec
1533 2676 1784 2731 decessor
1833 2687 2020 2732 noster
2077 2678 2169 2734 ali-

590 2778 749 2833 quam
777 2765 824 2818 ei
862 2755 1145 2835 synodum'
1169 2765 1451 2836 privilegio
1509 2781 1609 2821 suo
1661 2768 1934 2822 firmavit?
1969 2769 2168 2838 quippe

592 2869 714 2908 cum
762 2853 874 2924 ipse
902 2870 1043 2921 eam,
1079 2871 1241 2925 quam
1284 2857 1607 2912 auctoritate
1637 2859 1930 2928 apostolica
1958 2859 2169 2915 stabili-

591 2945 690 3011 vit,
741 2948 974 3017 propriis
1032 2948 1214 3017 digitis
1282 2948 1452 3018 ipsius
1498 2951 1810 3004 roboratam
1866 2949 2171 3020 specialiter

592 3035 759 3091 fuisse
787 3047 1192 3092 commemoret.
1231 3038 1395 3108 Igitur
1445 3038 1643 3094 fratres
1686 3037 2020 3104 charissimi,
2070 3054 2170 3094 nos

598 3127 653 3181 in
678 3127 1027 3197 praefatorum
1075 3128 1393 3183 clericorum
1439 3129 1780 3185 restitutione
1811 3130 2028 3200 gradus,
2055 3144 2192 3197 om:

597 3219 757 3273 nibus
784 3219 1048 3272 hactenus
1073 3220 1407 3288 argumentis
1431 3219 1534 3274 rite
1562 3219 1825 3284 collectis,
1851 3229 1906 3274 et
1929 3220 2168 3275 omnium

595 3317 834 3361 vestrum
864 3308 1078 3361 hortatu
1111 3309 1381 3378 generatis
1419 3307 1681 3363 incitante
1709 3324 2030 3374 consensus,
2059 3325 2175 3364 om-

603 3397 876 3451 nimodam
893 3398 1289 3452 conniventiam
1311 3397 1551 3467 praebere
1575 3398 1815 3468 potuisse
1842 3399 2172 3470 cognoscite.

601 3485 708 3541 Sed
739 3487 994 3556 quoniam
1026 3502 1131 3542 non
1179 3488 1472 3543 secundum
1503 3489 1779 3545 decretum
1812 3497 2056 3545 nostrum
2085 3505 2177 3545 eo-

598 3596 716 3634 rum
747 3581 1075 3636 examinatio
1100 3597 1246 3636 mera
1273 3591 1328 3637 et
1357 3581 1595 3652 perfecta
1617 3582 1880 3638 discussio
1907 3586 2174 3653 provenit,

599 3686 698 3725 nec
723 3670 989 3740 promotio
1026 3671 1108 3725 vel
1139 3669 1372 3740 abjeetio
1412 3672 1653 3742 ipsorum
1683 3673 1737 3727 in
1769 3672 2015 3744 synodali
2042 3689 2174 3728 con-

596 3769 760 3815 ventu
791 3760 966 3831 qualis
998 3759 1183 3827 fuerit,
1213 3762 1415 3833 liquido
1447 3770 1658 3832 reperta
1689 3771 1792 3830 est,
1824 3779 1924 3820 nec
1951 3772 2174 3834 aposto-

599 3851 715 3905 licae
746 3851 856 3907 sedi
900 3851 1188 3908 sufficienti
1238 3853 1406 3908 relatu
1435 3861 1733 3909 monstrata
1771 3871 1784 3907 :
1814 3853 2017 3910 idcirco
2047 3868 2180 3923 pau-

603 3940 769 3995 lulum
795 3957 823 3994 a
853 3943 1277 4016 cpnsummanda
1309 3944 1652 3999 restitutione
1692 3944 1930 4015 ipsorum
1961 3943 2178 3998 interim

602 4037 1010 4092 deliberativum
1063 4053 1388 4094 consensum
1432 4045 1676 4094 nostrum
1705 4053 1959 4094 coercere
1998 4051 2181 4092 neces‘

603 4128 805 4181 sarium
856 4128 1124 4182 duximus.
1160 4128 1358 4184 Verum
1407 4129 1532 4200 quia
1574 4129 1627 4183 in
1677 4126 2020 4184 decernendo
2042 4137 2097 4182 et
2124 4126 2178 4181 in

599 4219 889 4286 judicando
945 4220 1087 4290 quod
1137 4220 1397 4275 canonice
1450 4219 1804 4275 deliberatum
1851 4227 1954 4283 est,
2011 4232 2076 4270 ac
2125 4217 2179 4270 in

601 4310 945 4366 restituendis
971 4325 1113 4383 saepe
1143 4311 1303 4367 dictis
1333 4311 1546 4367 clericis
1570 4351 1586 4375 ,
1628 4321 1792 4380 atque
1820 4311 1872 4364 in
1901 4309 2178 4373 omnibus,

603 4402 714 4457 Deo
761 4402 1028 4471 praeduce,
1061 4402 1202 4457 sicut
1239 4401 1419 4457 decuit
1441 4409 1495 4455 et
1537 4399 1672 4457 ordo
1695 4400 1961 4470 poposcit,
1991 4407 2178 4454 nostra

2270 1944 2656 2012 consequentia
2702 1945 3089 2011 ecclesiastica,
3132 1947 3392 2017 regimine
3429 1947 3726 2017 praesulari
3757 1949 3869 2017 pri-

2269 2041 2473 2087 vatum.
2520 2034 2670 2100 Quod
2704 2034 2859 2105 plane
2909 2044 3106 2106 praeter
3149 2051 3273 2091 eum
3315 2035 3511 2101 nullus,
3551 2045 3615 2090 ut
3644 2051 3864 2100 remur,

2268 2123 2490 2177 omnino
2511 2123 2735 2188 dubitat,
2763 2124 2938 2178 nullus
2963 2123 3209 2195 profecto
3238 2141 3344 2180 non
3372 2125 3653 2194 praedicat,
3680 2142 3868 2195 quan-

2270 2214 2557 2284 doquidem
2606 2225 2660 2270 et
2708 2217 2864 2271 nobis
2913 2217 2985 2271 ita
3025 2217 3213 2282 claret,
3256 2226 3516 2286 quantum
3564 2227 3866 2271 autumare

2269 2317 2575 2372 possumus,
2626 2305 3074 2372 quemadmodum
3110 2307 3194 2361 his
3231 2306 3321 2375 qui
3373 2306 3428 2358 iu
3471 2305 3563 2360 illo
3609 2315 3864 2376 tempore

2269 2404 2466 2464 praesto
2496 2394 2660 2450 fuisse
2689 2405 3088 2451 memorantur.-

2340 2488 2473 2543 lllud
2505 2497 2707 2553 tamen,
2739 2487 3063 2552 charissimi,
3095 2488 3532 2559 praatereundum
3579 2487 3735 2540 inter
3759 2499 3863 2540 ca:-

2271 2586 2386 2631 tera
2412 2576 2526 2632 fore
2553 2592 2657 2630 non
2675 2576 2947 2642 duximus,
2975 2577 3118 2646 quod
3160 2586 3422 2646 quantum
3449 2575 3740 2631 relationis
3775 2590 3863 2629 ve—

2272 2676 2396 2722 strze
2425 2668 2594 2722 series
2621 2667 2817 2733 innuit,
2859 2667 3041 2721 minus
3083 2677 3241 2721 caute
3282 2682 3442 2736 quam
3470 2666 3761 2720 sanximus
3784 2681 3865 2719 re-

2270 2759 2473 2829 gularia
2520 2758 2796 2813 constituti
2855 2759 3026 2814 nostri
3069 2759 3308 2813 exsecuti
3357 2758 3478 2812 sitis
3504 2757 3708 2812 edicta.
3742 2755 3861 2808 Nos

2271 2852 2487 2920 quippe,
2519 2851 2620 2906 etsi
2661 2851 3048 2922 appellantium
3093 2851 3274 2907 sedem
3303 2848 3657 2918 apostolicam
3689 2847 3858 2901 cieri-

2271 2957 2480 3007 corum,
2507 2949 2560 2996 et
2603 2941 2669 2997 ad
2693 2940 2958 3010 judicium
2999 2938 3117 3009 ejus
3155 2939 3564 3010 provocantium
3603 2952 3858 2996 causam.

2272 3040 2490 3102 propter
2517 3033 2871 3087 amovendum
2897 3048 2927 3087 a
2962 3029 3113 3087 vobis
3151 3031 3463 3102 prolixioris
3492 3030 3737 3085 laborem
3768 3029 3858 3083 itio

2273 3122 2442 3187 neris,
2465 3121 2570 3178 illic
2593 3122 2784 3186 audiri,
2818 3122 2901 3176 vel
2936 3123 3099 3176 etiam
3129 3119 3346 3176 difﬁniri
3378 3119 3671 3174 statuimus
3701 3137 3714 3172 :
3749 3133 3860 3172 non

2276 3223 2452 3268 tamen
2473 3229 2799 3283 quemquam
2821 3229 3006 3269 eorum
3031 3215 3479 3284 promovendum,
3506 3213 3590 3266 vel
3613 3213 3685 3267 ad
3713 3213 3859 3267 emi-

2277 3303 2574 3357 nentiorem
2591 3304 2834 3357 ordinem
2861 3305 3266 3373 provehendam
3291 3303 3634 3368 indulsimus,
3661 3317 3859 3372 quem-

2279 3395 2566 3450 admodum
2587 3409 2730 3449 nunc
2753 3394 2952 3449 factum
2981 3411 3101 3450 esse
3123 3403 3305 3450 vestro
3320 3394 3506 3449 favore
3533 3408 3636 3462 per
3649 3393 3861 3461 scripta

2275 3491 2458 3538 vestra
2511 3483 2816 3538 didicimus.
2866 3482 3126 3539 Miramur
3166 3484 3390 3553 insuper
3438 3492 3496 3537 et
3533 3482 3861 3551 quaerimus.

2278 3590 2525 3644 quaenam
2554 3575 2645 3629 illa
2696 3576 2766 3630 sit
2798 3591 3010 3631 summa
3053 3577 3153 3640 rei,
3200 3590 3363 3645 quam
3391 3589 3488 3629 vos
3518 3581 3727 3628 nostra:
3765 3588 3865 3626 au-

2277 3666 2515 3722 ctoritati
2549 3681 2857 3722 reservasse
2899 3666 3255 3737 praetenditis.
3304 3673 3358 3720 et
3416 3665 3562 3719 hanc
3611 3662 3863 3718 invenire

2279 3773 2383 3814 non
2435 3774 2741 3828 possumus.
2792 3759 2965 3826 Quam
2994 3759 3138 3813 enim
3182 3758 3338 3812 nobis
3374 3771 3646 3812 summam
3675 3768 3860 3810 reser-

2279 3847 2447 3901 vastis
2476 3848 2700 3918 negotii,
2725 3849 2878 3918 cujus
2919 3847 3053 3902 adeo
3091 3847 3254 3902 finem
3286 3846 3584 3918 perducere
3609 3853 3858 3899 maturao

2280 3940 2398 4004 stis,
2430 3951 2488 3993 ut
2510 3939 2670 3995 nobis
2698 3939 3038 4004 inconsultis,
3067 3939 3234 3993 etiam
3266 3937 3596 4009 pastoralem
3628 3936 3858 3991 restitu-

2282 4029 2352 4083 tis
2372 4027 2622 4086 conferre
2641 4028 3065 4084 sollicitudinem
3084 4026 3443 4098 pateremini?
3465 4035 3522 4080 et
3549 4025 3643 4094 qui
3670 4024 3742 4079 ad
3770 4039 3864 4080 eos

2280 4118 2511 4190 pristino
2579 4117 2772 4190 gradui
2835 4118 3209 4173 reformandos
3263 4125 3464 4172 nostrae
3509 4115 3865 4170 auctoritatis

2281 4209 2530 4280 eguistis,
2561 4210 2628 4264 ad
2665 4209 3090 4278 promovendum
3132 4220 3450 4278 responsum
3481 4214 3733 4260 nostrum
3774 4219 3864 4259 ne—

2283 4312 2553 4368 quaquam
2598 4296 2892 4367 praestolari
2931 4296 3195 4351 duxistis?
3224 4297 3494 4363 Quantum
3517 4302 3698 4348 autem
3724 4292 3865 4346 ﬁlius

2285 4393 2470 4441 noster
2513 4384 2738 4441 Carolus
2767 4383 3033 4456 gloriosus
3063 4400 3156 4440 rex
3187 4385 3238 4439 id
3262 4399 3294 4438 a
3323 4383 3481 4438 nobis
3500 4382 3719 4451 exegit;
3763 4379 3859 4433 sed

599 4494 876 4563 praecessit
919 4492 1248 4558 auctoritas;
1280 4492 1605 4547 conveniens
1636 4505 1701 4546 ac
1746 4491 2038 4545 honestum
2069 4496 2176 4555 est,
2209 4529 2258 4589 Β
2287 4493 2386 4580 nos
2439 4486 2678 4578 vestram
2707 4477 3029 4579 charitatem
3072 4485 3128 4530 et
3169 4471 3663 4589 honorificentiam.
3686 4485 3863 4589 stilis

604 4595 663 4639 ut
684 4585 838 4654 juxta
867 4583 1280 4654 postulationem
1311 4592 1572 4648 vestram,
1611 4590 1813 4637 nostra:
1849 4581 2176 4636 firmationis

604 4675 843 4744 perfecta
874 4674 1235 4743 subsequatur
1262 4673 1558 4742 integritas,
1595 4687 1661 4727 eo
1687 4670 2175 4734 duntaxatordine,

605 4775 662 4820 ut
709 4766 1045 4836 frequentius
1097 4763 1328 4819 intimati
1379 4761 1582 4826 clerici,
1633 4761 1724 4830 qui
1773 4761 2180 4816 evidentissime

606 4855 980 4926 irregulariter
1015 4853 1083 4908 ab
1123 4852 1299 4908 oﬂicio
1343 4850 1605 4922 graduum
1663 4864 1883 4906 suorum
1934 4848 2181 4919 suspensi

608 4944 776 5000 fuisse
806 4955 1123 5010 noscuntur,
1151 4951 1206 5000 et
1245 4943 1372 4998 hinc
1410 4943 1591 5010 sedem
1619 4941 1970 5014 apostolicam
1995 4941 2184 5010 smpis—

611 5034 745 5088 sime
787 5049 1107 5104 provocasse
1149 5032 1417 5088 nonnullis
1460 5033 1674 5088 indiciis
1721 5030 2183 5102 comprobantur,

612 5133 738 5180 ante
769 5127 948 5181 omnia
1001 5125 1244 5196 p:istinis
1287 5124 1543 5195 gradibus
1588 5132 1642 5179 et
1669 5121 1857 5179 ofﬁciis
1903 5121 2188 5178 reformati

617 5218 936 5282 consistant,
969 5217 1041 5272 ita
1075 5226 1132 5271 ut
1163 5217 1432 5288 prioribus
1454 5215 1647 5270 redditi
1672 5214 1926 5285 gradibus
1957 5225 2013 5268 et
2041 5211 2190 5268 ordi-

616 5307 796 5371 nibus,
834 5317 887 5362 ct
914 5307 1310 5377 quodammodo
1338 5307 1451 5362 suis
1471 5305 1722 5361 omnibus
1753 5303 2019 5368 revestiti,
2046 5303 2191 5357 vires

616 5398 877 5454 adversus
907 5399 1221 5468 impeteutes
1251 5413 1309 5454 se
1337 5398 1571 5469 integras
1596 5397 1850 5451 habeant.
1899 5394 2014 5450 Non
2041 5393 2187 5448 enim

616 5486 840 5542 inermis
882 5502 1002 5542 cum
1031 5496 1242 5543 armato
1286 5487 1387 5542 rite
1431 5485 1739 5541 conflictum
1791 5485 1930 5540 inire
1968 5482 2184 5556 poterit.

617 5577 823 5646 Quibus
849 5577 1097 5632 videlicet
1145 5579 1399 5648 gradibus
1423 5593 1487 5632 ac
1516 5577 1708 5633 ofliciis
1753 5575 2058 5633 fruentibus
2083 5574 2184 5641 eis,

619 5667 774 5722 fratri
805 5677 860 5722 et
903 5669 1219 5739 coepiscopo
1262 5677 1448 5723 nostro
1501 5667 1795 5723 Hincmaro
1849 5668 2066 5724 licentia
2095 5667 2187 5732 sit,

623 5758 762 5812 intra
791 5760 953 5814 totius
979 5759 1138 5829 hujus
1165 5759 1476 5830 capedincm
1509 5760 1656 5825 anni,
1674 5775 1814 5829 saepe
1834 5760 2007 5814 dictos
2031 5758 2186 5813 exhi-

2277 4569 2391 4638 jam
2453 4568 2746 4623 convenire
2787 4567 3158 4636 jusseramus,
3210 4566 3406 4621 merito
3451 4571 3866 4624 conservantes,

2284 4658 2430 4713 nullo
2457 4667 2639 4728 pacto,
2667 4658 2983 4728 priusquam
3015 4671 3196 4712 rerum
3240 4656 3396 4710 nobis
3424 4655 3606 4709 exitus
3645 4668 3741 4722 per
3771 4666 3868 4706 vos

2284 4748 2588 4819 patefieret,
2619 4764 2946 4805 consensum
2986 4749 3038 4802 in
3085 4748 3187 4802 hoc
3219 4746 3545 4817 praebituros
3572 4757 3795 4813 semper
3818 4743 3866 4796 ei

2286 4837 2694 4908 rescripsimus;
2718 4837 2881 4908 quod,
2900 4836 3121 4901 fratres,
3145 4835 3336 4890 saltem
3353 4835 3420 4889 ad
3437 4834 3613 4888 vicem
3645 4832 3867 4886 minime

2287 4929 2672 4994 custodientes,
2733 4929 2893 4983 laudo
2941 4943 3058 4993 vos,
3106 4928 3202 4984 sed
3257 4927 3312 4981 in
3363 4927 3470 4982 hoc
3523 4940 3632 4982 non
3683 4922 3862 4978 laudo.

2287 5017 2456 5074 Porro
2473 5017 2518 5073 si
2549 5016 2814 5088 quispiam
2846 5018 3026 5073 sedem
3061 5017 3448 5088 apostolicam,
3490 5030 3588 5087 per
3614 5013 3862 5085 Sergium

2290 5116 2494 5163 sanctae
2515 5107 2793 5162 memoriae
2821 5122 3036 5178 papam,
3065 5108 3343 5163 Ebbonem
3380 5107 3654 5177 quondam
3692 5105 3866 5160 archi-

2289 5198 2603 5268 episcopum
2627 5198 2906 5268 indignum
2951 5198 3187 5253 clericali
3220 5198 3605 5254 communione
3628 5196 3868 5250 sanxisse

2291 5291 2560 5361 perhibet,
2606 5291 2814 5345 noverit
2852 5291 3106 5360 quoniam
3149 5288 3310 5344 talem
3364 5289 3520 5344 sedes
3571 5287 3865 5358 apostolica

2293 5380 2476 5436 debuit
2505 5380 2800 5445 Ebbonem,
2823 5381 2992 5436 donec
3014 5381 3257 5455 synodali
3283 5378 3404 5449 ejus
3423 5379 3676 5434 examine
3708 5393 3867 5432 causa

2292 5470 2670 5536 discuteretur,
2704 5473 2926 5540 habere,
2955 5472 3167 5542 qualem
3207 5471 3276 5526 ab
3315 5470 3437 5525 aliis
3476 5468 3722 5525 habitum
3764 5481 3869 5520 nou

2293 5561 2593 5634 ignorabat.
2628 5562 2899 5618 Statutum
2929 5563 3126 5632 quippe
3157 5563 3211 5615 in
3255 5575 3449 5630 magna
3480 5567 3536 5614 et
3561 5556 3872 5613 veneranda

2292 5654 2506 5710 Nictena
2540 5655 2746 5725 synodo
2787 5654 3013 5725 legerat,
3047 5663 3106 5707 ut
3139 5653 3207 5707 de
3237 5653 3323 5706 his
3365 5651 3457 5722 qui
3489 5648 3871 5706 communione

2294 5747 2596 5816 privantur,
2629 5763 2720 5804 seu
2745 5764 2812 5803 ex
2834 5747 2999 5816 clero,
3027 5761 3121 5803 seu
3144 5761 3210 5803 ex
3238 5745 3376 5802 laico
3406 5743 3596 5800 ordine
3613 5783 3629 5807 ,
3659 5742 3876 5811 episco-
