4060 6338
262 393 402 490 μοι

1468 392 1830 457 ΕΡῐὸτοιῶ
1858 392 1945 449 ΕΤ
1982 394 2296 454 DECRETA
2311 433 2328 451 .

3379 393 3518 449 “0‘2

264 506 350 578 pis
385 514 482 577 per
501 508 943 578 unamquamque
968 506 1302 578 previnciam
1331 509 1601 564 sententia
1623 505 1828 578 regula;
1859 508 1907 570 Α
1936 506 2309 575 suscipientes,
2367 515 2422 561 et
2471 512 2583 561 tam
2630 519 2698 562 ex
2753 500 2885 575 ipsis
2933 502 3196 574 epistolis,
3243 519 3403 574 quam
3433 520 3500 560 ex

234 654 243 695 1
265 597 345 651 ris
368 597 632 663 obtineat,
654 606 717 652 ut
746 598 801 653 bi
824 598 916 667 qui
943 597 1299 666 'abjicinntur,
1328 599 1399 655 ab
1425 598 1546 654 aliis
1564 614 1671 654 non
1692 598 1832 654 reci-

238 688 485 779 'tpiaritur
513 706 527 743 :
562 691 868 759 requiratur
906 698 1084 746 autem
1103 729 1121 754 ,
1151 705 1220 746 ne
1246 690 1709 761 pusillanimitate,
1738 697 1833 744 aut

264 780 633 846 contentione,
657 789 752 836 aut
769 780 876 836 alio
886 780 1124 851 quolibet
1144 781 1383 851 episcopi
1408 780 1564 846 vitio,
1585 780 1834 835 videatur

264 883 299 923 a
321 871 733 942 congregatione
774 871 1037 928 seclusus.
1087 872 1266 927 Donec
1304 872 1469 941 igitur
1507 870 1831 926 auctoritate

261 974 360 1018 sua
398 960 763 1031 hujuscemodi
806 962 1268 1034 pusillanimitate,
1325 972 1418 1019 aut
1462 961 1828 1026 contentione,

262 1059 360 1106 aut
403 1052 509 1108 alio
543 1052 788 1122 quolibet
830 1052 984 1117 vitio,
1015 1052 1347 1108 examinatio
1390 1051 1477 1107 vel
1513 1050 1828 1120 dijudicatio

260 1143 590 1211 proveniret,
612 1143 907 1213 apostolica
948 1144 1106 1200 sedes
1138 1143 1273 1200 nihil
1294 1157 1453 1214 agere
1481 1142 1688 1208 debuit,
1723 1140 1829 1198 nisi

258 1233 404 1303 quod
430 1233 576 1304 egit;
624 1233 876 1290 videlicet
902 1241 975 1289 .ut
1021 1235 1091 1291 ab
1131 1234 1255 1290 aliis
1286 1232 1556 1304 abjectum
1593 1232 1708 1303 ipsa
1728 1246 1830 1287 ne-

258 1337 527 1394 quaquam
563 1324 863 1381 indiscussa
900 1326 1221 1394 susciperet.
1240 1324 1519 1394 Pmcipue
1545 1338 1669 1380 cum
1686 1337 1831 1393 prae-

257 1411 436 1468 dictus
458 1412 611 1470 Ebbo
626 1427 737 1468 non
761 1414 914 1484 quasi
931 1429 1031 1483 pro
1050 1413 1389 1484 depositione
1403 1428 1501 1469 sua
1522 1411 1826 1483 queritans,

257 1508 316 1557 et
337 1500 576 1571 legitime
611 1503 827 1559 restitui
871 1503 1059 1559 volens
1104 1503 1353 1561 examine
1377 1503 1715 1572 praecedente
1742 1513 1833 1558 se-

256 1590 389 1671 dem.
412 1592 759 1663 apostolicam
807 1593 1161 1664 appellaverit
1200 1612 1215 1649 :
1263 1595 1380 1660 sed,
1419 1601 1481 1650 ut
1506 1594 1681 1650 codex
1711 1592 1825 1663 epi-

256 1682 491 1752 scopalis
531 1683 753 1750 indicat,
812 1700 845 1740 a
895 1687 1307 1742 contumacibus
1362 1700 1594 1750 suasua,
1631 1692 1688 1741 et
1742 1684 1829 1741 his

252 1765 489 1841 junctus,
522 1784 744 1845 repente
769 1785 827 1832 et
856 1778 1195 1834 reconciliari
1223 1780 1291 1835 ad
1317 1794 1405 1845 ea,
1447 1788 1504 1835 et
1536 1778 1702 1849 pallio
1727 1778 1815 1834 dc-

1929 596 2109 652 verbis
2144 595 2381 665 ejusdem
2408 595 2731 652 venerabilis
2767 594 2892 661 viri,
2919 594 3256 650 devotionem
3292 601 3347 649 et
3371 609 3501 665 sup-

1928 685 2123 756 plicem
2152 685 2464 765 parentiam
2495 695 2658 750 tuam,
2689 699 2852 756 quam
2881 698 3009 753 erga
3038 684 3216 739 sedem
3251 684 3502 754 apostoli-

1930 791 2050 835 cam
2095 776 2283 842 babes,
2328 777 2493 832 etiam
2522 791 2667 831 nunc
2701 774 3038 847 agnovimus,
3081 781 3501 844 perpetuamque

1928 867 2355 927 benevolentiam
2393 876 2560 933 tuam,
2590 880 2753 936 quam
2784 865 2928 920 circa
2960 864 3196 935 dejectos
3233 863 3427 920 fratres
3450 874 3507 919 et

1930 958 2070 1015 filios
2098 958 2349 1015 alacriter
2374 959 2685 1015 exhibuisse
2731 965 2785 1013 te
2827 956 2982 1023 dicis,
3010 955 3315 1019 laudamus,
3344 955 3503 1009 nimi-

1929 1063 2051 1104 rum
2074 1047 2166 1117 qni
2217 1055 2273 1104 et
2321 1047 2616 1118 secundum
2677 1045 2980 1117 apostolum
3023 1043 3232 1100 ﬂevisse
3279 1050 3334 1098 te
3375 1057 3497 1098 cum

1928 1135 2179 1193 ﬂentibus
2207 1136 2432 1205 indicas,
2457 1145 2513 1194 et
2533 1151 2677 1191 nunc
2709 1132 2944 1207 gaudere
2984 1149 3107 1189 cum
3148 1132 3511 1204 gaudentibus

1929 1226 2245 1283 manifestas
2273 1225 2452 1297 (Rom.
2493 1226 2617 1299 xu).
2666 1226 2905 1293 Quorum
2952 1232 3007 1281 et
3032 1239 3132 1279 nos
3159 1238 3372 1294 quoque
3400 1222 3510 1279 cla-

1928 1332 2136 1373 morem
2180 1316 2499 1373 clericorum
2539 1330 2796 1387 spernere
2839 1313 2979 1370 ratio
3008 1313 3153 1368 nulla
3179 1313 3323 1377 sivit,
3354 1320 3410 1368 et
3436 1313 3506 1368 ad

1929 1405 2348 1464 vociferationes
2389 1420 2576 1462 eorum
2617 1405 2684 1460 ad
2718 1403 2900 1460 sedem
2951 1400 3299 1473 apostolicam
3340 1401 3506 1457 etiam

1928 1484 2030 1553 sub
2068 1494 2449 1551 decessoribus
2509 1494 2644 1549 meis
2690 1492 3005 1564 frequenter
3052 1492 3297 1555 emissas,
3346 1505 3507 1546 aures

1927 1584 2185 1649 obturare
2217 1593 2444 1657 paterna
2484 1585 2725 1641 cbaritas
2764 1599 2869 1639 non
2916 1583 3180 1655 permisit.
3221 1576 3508 1637 Portamus

1927 1677 2124 1749 quippe
2159 1692 2324 1734 onera
2345 1677 2584 1733 omnium
2624 1677 2716 1747 qui
2754 1684 3050 1748 gravantur
3072 1693 3090 1728 :
3122 1674 3363 1745 quinimo
3393 1673 3507 1728 hanc

1927 1776 2107 1839 portat
2132 1768 2189 1824 in
2217 1760 2370 1824 nobis
2397 1768 2585 1824 beatus
2613 1766 2889 1840 apostolus
2911 1764 3128 1830 Petrus,
3175 1764 3267 1836 qui
3305 1779 3404 1820 nos
3451 1763 3505 1818 in

256 1862 437 1918 corari
465 1844 737 1932 quaerens,
767 1874 827 1920 et
848 1867 1005 1936 quasi
1046 1867 1330 1939 episcopus
1350 1844 1493 1924 inter
1518 1844 1823 1939 episcopos,
1855 1844 1902 1907 Β
1928 1846 2202 1924 omnibus,
2230 1849 2290 1912 ut
2325 1857 2670 1925 confidimus,
2706 1854 3192 1912 administrationis
3238 1870 3348 1910 sum
3377 1869 3504 1924 pro-

254 1948 400 2007 nulla
420 1967 597 2010 eam
624 1955 960 2012 discussione
1007 1960 1388 2028 praeveniente,
1430 1959 1824 2016 communicari
1929 1948 2063 2021 tegit
2107 1962 2174 2004 ac
2203 1956 2382 2005 tuetur
2411 1948 2671 2005 baeredes.
2702 1946 2904 2004 Verum
2943 1963 3066 2003 cum
3096 1946 3349 2001 nonnulla
3377 1946 3509 2001 scri-

252 2046 501 2113 poScens,
531 2046 599 2100 ad
636 2047 884 2102 eamdem
914 2059 1182 2104 summam
1217 2050 1401 2106 aedem
1444 2050 1760 2114 accesserit,
1789 2064 1822 2104 ι
1927 2047 2017 2108 pta
2063 2039 2177 2099 sedi
2224 2038 2532 2110 apostolica:
2560 2038 2789 2095 diversis
2818 2038 3152 2109 tcmppribus
3194 2034 3388 2100 delata,
3424 2034 3507 2090 vel

254 2148 363 2203 qua
408 2133 523 2202 jam
566 2136 886 2205 reprobatus
929 2138 998 2192 ab
1035 2137 1157 2193 aliis
1194 2139 1393 2194 merito
1419 2139 1604 2194 debuit
1630 2152 1822 2208 repro-

251 2222 395 2296 bari,
420 2223 591 2280 donec
634 2226 859 2296 supplex
898 2227 969 2282 ab
1006 2241 1071 2283 ea
1112 2241 1237 2284 sese
1274 2229 1535 2284 canonice
1571 2237 1823 2298 posceret

254 2314 515 2383 adjuvari.
553 2314 687 2371 Nam
718 2326 953 2386 constat,
977 2328 1037 2376 ut
1077 2329 1299 2377 sanctus
1324 2334 1459 2393 papa
1490 2322 1681 2378 scribit
1705 2320 1811 2377 Ge-

255 2404 425 2462 lasius
463 2407 634 2477 (epist.
672 2408 736 2463 ll
790 2411 861 2464 ad
904 2410 1223 2482 Dardanos),
1263 2412 1685 2482 uniuscujusque
1725 2426 1814 2482 sy-

251 2496 377 2551 nodi
397 2497 767 2563 constitutum,
798 2502 942 2570 quod
969 2503 1291 2561 universalis
1329 2505 1583 2561 Ecclesia
1608 2506 1810 2576 proba-

251 2586 331 2641 vit
357 2601 610 2643 assensus
633 2628 648 2653 ,
675 2589 874 2663 nullam
924 2593 1096 2664 magis
1126 2595 1347 2665 exsequi
1380 2596 1562 2651 sedem
1582 2611 1694 2666 pm
1714 2610 1821 2651 caa-

252 2678 385 2735 teris
413 2687 687 2749 oportere,
709 2695 869 2750 quam
889 2683 1141 2752 primam,
1168 2700 1293 2755 qua:
1309 2693 1366 2741 et
1390 2699 1823 2756 unamquamque

250 2770 517 2838 synodum
533 2778 587 2824 et
612 2785 709 2826 sua
732 2774 1058 2831 auctoritate
1083 2768 1393 2843 confirmat,
1425 2784 1483 2832 et
1511 2777 1823 2832 continuata

248 2857 621 2918 moderatione
658 2862 919 2928 custodit,
956 2877 1056 2933 pro
1088 2878 1188 2920 suo
1227 2865 1437 2922 scilicet
1486 2862 1814 2938 principatu,

250 2960 408 3015 quem
444 2948 635 3005 beatus
664 2949 862 3008 Petrus
892 2954 1172 3023 apostolus
1210 2957 1445 3015 Domini
1473 2970 1605 3013 voce
1629 2971 1820 3027 perce-

247 3046 419 3109 ptum,
449 3040 693 3098 Ecclesia
735 3043 1086 3102 nihilominus
1122 3047 1505 3119 subsequente,
1545 3057 1601 3104 et
1646 3031 1821 3105 tenuit

245 3140 461 3199 semper
476 3138 533 3186 et
557 3131 773 3187 retinet.
799 3134 1182 3192 Verumtamen
1208 3138 1600 3209 qualiscunque
1628 3138 1813 3204 fuerit,

1926 2127 2088 2182 etiam
2111 2128 2181 2182 ab
2207 2142 2270 2182 ea
2298 2127 2445 2192 data,
2475 2128 2544 2182 ob
2575 2124 2734 2195 hujus
2760 2126 3133 2197 reperiendam
3170 2125 3247 2181 rei
3277 2124 3505 2180 certitu-

1936 2215 2115 2269 dinem
2161 2215 2445 2283 diligenter
2476 2215 2922 2286 investigaremus
2952 2232 2966 2269 :
3009 2214 3206 2271 accidit
3249 2222 3310 2268 ut
3336 2213 3500 2270 etiam

1926 2302 2037 2359 Deo
2063 2303 2332 2359 rcvelante
2375 2312 2496 2363 acta
2550 2304 2783 2372 concilii,
2825 2304 2969 2374 quod
3019 2313 3243 2359 auctore
3289 2312 3339 2357 te
3361 2319 3501 2374 prae-

1924 2392 2068 2473 fatos
2124 2395 2273 2452 viros
2335 2410 2647 2471 segregasse
2699 2395 3032 2466 dignoscitur
3060 2434 3074 2460 ,
3135 2411 3165 2449 a
3231 2403 3281 2449 te
3335 2393 3493 2448 nobis

1924 2484 2123 2539 dudum
2168 2485 2485 2540 transmissa
2549 2500 2671 2540 cum
2722 2484 3027 2539 actionibus
3093 2498 3191 2554 pro
3247 2481 3498 2537 Rotbado

1923 2574 2223 2630 venerabili
2267 2575 2540 2646 episcopo,
2570 2575 2821 2630 venirent
2858 2575 2926 2630 ad
2959 2589 3172 2630 manus.
3218 2573 3274 2627 In
3307 2574 3501 2644 quibus

1923 2674 2124 2739 quanta
2156 2667 2634 2739 reprehensionum
2662 2665 2967 2722 inveniatur
2994 2664 3295 2737 congeries,
3327 2666 3371 2720 si
3407 2680 3501 2719 vo-

1922 2754 2182 2811 luerimus
2216 2756 2469 2812 exhibere
2491 2771 2589 2826 per
2609 2756 2836 2827 singula,
2866 2754 3077 2811 facilius
3099 2756 3301 2811 chartae
3331 2771 3494 2831 quam

1921 2848 2090 2903 verba
2119 2846 2393 2904 deficient.
2432 2847 2511 2903 lbi
2552 2861 2784 2917 namque
2832 2845 3042 2902 falsitas
3096 2845 3149 2900 in
3199 2845 3315 2916 ipso
3372 2861 3497 2900 mox

1922 2937 2196 2995 actionum
2238 2935 2510 2994 invenitur
2536 2937 2822 3009 principio.
2854 2936 2936 2991 An
2976 2951 3082 2991 non
3114 2934 3339 3001 falsitas,
3371 2938 3497 2990 cun’t

1922 3036 2112 3101 sponte
2150 3027 2464 3099 pervenisse
2504 3027 2741 3099 dejectos
2771 3027 2891 3085 illos
2916 3027 2983 3082 ad
3023 3025 3267 3081 ecclesiae
3297 3023 3494 3093 januas

1919 3133 2020 3189 pro
2033 3132 2129 3173 sua
2147 3119 2467 3174 necessitate
2486 3118 2599 3190 ipse
2614 3118 2909 3185 describas,
2929 3117 3020 3188 qui
3035 3117 3245 3173 venisse
3264 3117 3495 3188 proban-

243 3218 329 3275 νει
353 3192 687 3292 quacunque
722 3225 1005 3295 ρετιηιοιρει
1051 3192 1285 3296 ειη,οῶ
1397 3192 1817 3302 δτδξήέιίε,άηξ
1840 3192 1889 3259 C
1921 3215 2008 3302 tur
2035 3206 2222 3262 inviti?
2245 3207 2514 3302 praecipue
2537 3222 2668 3302 cum.
2686 3205 2936 3302 Wlfadus
2951 3206 3147 3302 ibidem
3180 3222 3286 3302 non
3310 3204 3493 3302 fuerit,

245 3311 380 3366 nihil
417 3323 616 3383 praeter
657 3315 1014 3375 humilitatem
1061 3329 1121 3376 et
1156 3323 1523 3380 obedientiam
1553 3324 1818 3380 exhibue-

196 3402 204 3414 '
244 3412 389 3470 runt,
422 3406 629 3462 nullum
653 3425 878 3480 prorsus
916 3412 1097 3469 intulit
1128 3413 1535 3482 oll'endiculum,
1558 3416 1815 3486 quoniam

241 3500 298 3548 et
316 3494 663 3553 beatissimus
683 3498 793 3555 Leo
816 3500 1126 3558 ad'Maures
1167 3504 1440 3569 scribens,
1463 3505 1537 3560 ita
1572 3505 1640 3560 de
1675 3518 1814 3574 quo-

242 3587 367 3641 dam
402 3584 637 3646 Maximo
664 3594 906 3663 praecipit
926 3594 1108 3651 dicens
1131 3594 1328 3668 (Epist.
1358 3598 1488 3667 9i):
1519 3598 1815 3653 Maximum

241 3671 475 3749 quoque,
509 3679 634 3735 licet
665 3683 1165 3752 reprehensibiliter
1190 3687 1524 3754 ordinatum,
1556 3697 1742 3745 tamen
1767 3689 1814 3745 si

240 3745 518 3822 Donatista
538 3767 652 3839 jam
681 3745 789 3825 non
819 3779 922 3839 est,
951 3780 1005 3827 et
1035 3789 1065 3828 a
1091 3775 1284 3844 spiritu
1305 3745 1668 3833 schismaticae
1688 3793 1816 3849 pra-
1852 3745 1871 3760 κ

237 3853 422 3911 vitatis
448 3856 655 3914 alienus
674 3866 778 3927 est,
805 3862 874 3917 ab
893 3861 1207 3933 episcopali,
1237 3879 1400 3934 quam
1426 3864 1811 3935 quoquomodo

237 3947 466 4017 adeptus
491 3956 599 4016 est,
629 3964 737 4007 non
763 3952 1072 4022 repellimus
1099 3954 1379 4025 dignitate.
1404 3952 1474 4010 Et
1490 3955 1811 4012 Anastasius

237 4035 479 4107 ejusdem
523 4041 830 4109 apostolica:
882 4042 1028 4099 sedis
1064 4044 1293 4113 praesul,
1336 4045 1495 4115 quod.
1510 4045 1639 4101 mali
1667 4046 1812 4102 bona

237 4127 595 4188 ministrando
646 4133 746 4190 sibi
779 4136 1153 4194 tantummodo
1199 4144 1451 4204 noceant,
1494 4153 1599 4194 nec
1636 4138 1814 4195 eccle-

234 4217 333 4274 sia:
361 4231 696 4277 sacramenta
725 4225 1144 4293 commaculent,
1173 4228 1241 4283 ad
1276 4228 1626 4285 Anastasium
1655 4229 1812 4299 prin-

237 4306 414 4379 cipem
456 4312 702 4369 scribens
740 4314 1150 4372 evidentissima
1194 4317 1405 4374 ratione
1450 4318 1808 4376 demonstrat.

234 4399 469 4457 Oramus
495 4414 738 4460 sanctam
784 4405 1186 4465 fraternitatem
1225 4418 1464 4466 vestram
1501 4412 1555 4467 in
1591 4412 1809 4469 Christo

1920 3294 2072 3365 cujus
2094 3311 2289 3353 nomen
2309 3298 2452 3353 inter
2470 3297 2765 3367 petentium
2794 3297 3009 3352 nomina
3036 3295 3299 3352 fallaciter
3326 3297 3492 3351 exsti-

1918 3385 1986 3440 tit
2007 3386 2327 3441 recitatum?
2357 3385 2435 3442 lbi
2477 3395 2603 3442 ante
2631 3392 2839 3459 tempus
2865 3386 3131 3463 examinis
3152 3385 3264 3455 jam
3286 3383 3497 3455 judica-

1919 3483 2053 3547 tum,
2108 3484 2165 3533 et
2220 3485 2346 3532 ante
2390 3476 2689 3548 legitimum
2745 3475 3010 3545 judicium
3044 3472 3491 3532 condemnatum

1919 3565 2088 3622 fuisse
2118 3566 2471 3637 dignoscitur.
2493 3566 2573 3621 lbi
2602 3574 2728 3621 ante
2767 3566 3117 3632 audientiam,
3147 3573 3202 3619 et
3222 3572 3344 3619 ante
3382 3580 3496 3619 cer-

1918 3664 2033 3711 tum
2064 3672 2348 3713 numerum
2380 3656 2732 3713 collectorum
2771 3658 3146 3728 episcoporum
3190 3656 3492 3727 presbyteri

1917 3748 2237 3819 diaconique
2287 3748 2577 3820 privationi
2628 3749 3050 3805 ministeriorum
3090 3762 3331 3802 suorum
3359 3746 3488 3802 sub-

1914 3837 2133 3895 duntur.
2172 3837 2248 3895 lbi
2279 3838 2726 3910 metropolitanus
2764 3841 2989 3895 antistes
3031 3840 3189 3895 modo
3235 3855 3330 3894 sua
3366 3837 3491 3907 jura

1916 3929 2154 4003 deponit,
2186 3931 2346 3986 modo
2375 3931 2603 3986 resumit
2630 3945 2645 3986 :
2679 3931 2838 3987 modo
2872 3930 3056 3988 subest
3082 3931 3304 4003 synodo,
3331 3930 3490 3986 modo

1912 4030 2155 4094 pricest:
2189 4022 2346 4078 modo
2399 4022 2552 4094 quasi
2607 4032 2911 4089 accusatus,
2959 4023 3118 4079 modo
3163 4031 3485 4078 accusator:

1914 4113 2074 4169 modo
2092 4113 2258 4185 judex
2288 4113 2518 4180 accedit,
2560 4122 2616 4170 et
2661 4130 2759 4185 pro
2812 4114 2965 4170 libitu
3011 4114 3229 4186 preprio
3284 4112 3492 4169 vicibus

1914 4207 2309 4267 alternantibus
2363 4216 2560 4264 cuncta
2624 4208 2933 4279 disponens,
2990 4222 3140 4262 more
3207 4206 3488 4278 cujusdam

1911 4298 2221 4364 animantis,
2246 4313 2351 4354 non
2385 4312 2601 4369 semper
2622 4299 2783 4354 unius
2811 4291 3158 4369 ejusdemque
3185 4286 3380 4353 coloris
3401 4310 3489 4366 ap-

1910 4400 2085 4463 paret.
2109 4390 2210 4459 lbi,
2231 4393 2472 4462 inquam,
2506 4392 2749 4449 nolentes
2768 4391 3124 4465 proclamare,
3149 4390 3486 4463 proclamare

234 4500 379 4592 nunc
401 4502 457 4592 et
486 4509 701 4567 semper
739 4499 940 4555 valere.
988 4500 1121 4557 Data
1170 4516 1267 4558 vm
1319 4504 1442 4559 ldus
1473 4501 1806 4572 Decembris,
1833 4531 1889 4592 Β
2229 4488 2574 4592 (“ii-linquam
2614 4490 2958 4592 accusatores

234 4583 529 4641 indictione
548 4600 639 4642 xv.

204 4686 207 4689 ν
297 4664 303 4669 ⁷
928 4662 1103 4721 CVIII.

375 4756 443 4795 ΔΙ)
478 4758 791 4803 ΜΝΩΙΑΒΜ
814 4764 1268 4807 Αιοηιενιδοοιιωι
1299 4767 1638 4809 ΒΗΕΙΕΝΒΕΙ.

823 4838 1004 4905 (Anno
1036 4839 1187 4909 sco.)

229 4895 487 4983 Ejusdem
514 4902 806 4983 argumenti
831 4895 968 4983 :cum
1004 4895 1355 4983 prwce'dente.
1373 4907 1647 4966 Hincmari
1666 4914 1803 4967 enim

299 4966 516 5088 pande:
565 4966 729 5038 operit
799 4976 939 5028 circa
998 4966 1217 5032 'rlericos
1270 4978 1515 5049 dejectos,
1569 4992 1618 5035 et
1659 4966 1801 5037 circa

320 5042 500 5088 alteras
518 5037 785 5088 Benedicti
809 5060 971 5088 nm-
996 5043 1103 5088 Sub
1121 5046 1272 5088 ἂν..
1293 5050 1447 5088 ,ρει-οη
1469 5052 1640 5088 unum
1661 5053 1801 5088 ,νυνι

228 5062 235 5067 τ
299 5037 500 5123 fittfras
517 5037 785 5096 Benedicti
808 5060 971 5123 papae.
995 5043 1103 5123 Suo
1117 5046 1279 5123 ﬂuent
1467 5037 1640 5121 arguit
1660 5053 1801 5123 quod

297 5105 461 5175 pallio
482 5125 781 5171 concessam
805 5105 945 5169 ultra
964 5105 1178 5172 modum
1203 5119 1279 5171 uti
1310 5105 1588 5175 diceretur.

729 5201 906 5275 [Apud
928 5205 1119 5273 Mansi,
1149 5207 1303 5281 ibid.]

296 5284 569 5347 NICOLAUS
608 5291 910 5363 episcopus,
959 5310 1149 5353 servus
1191 5312 1472 5354 servorum
1503 5300 1618 5368 Dei,
1650 5315 1799 5356 reve-

222 5379 539 5437 rentissimo
566 5389 622 5437 et
648 5383 989 5441 sanctissimo
1013 5385 1273 5451 confratri
1298 5398 1484 5447 nostro
1519 5389 1800 5447 HINCIARO

226 5468 630 5541 archiepiscopo
669 5471 980 5533 Rbemensi.

296 5557 591 5627 Epistolam
637 5563 988 5623 beatitudinis
1034 5577 1138 5624 tuac
1179 5585 1303 5626 cum
1341 5571 1564 5643 epistola
1609 5573 1800 5644 synodi

214 5648 448 5707 .missam
472 5667 569 5720 per
599 5653 833 5725 legatum
862 5659 1105 5730 ejusdem
1133 5663 1300 5718 vestri
1345 5664 1539 5719 sacrati
1567 5664 1800 5736 collegii,

208 5736 499 5805 Egilonem
538 5744 787 5805 videlicet
808 5748 1030 5809 fratrem
1053 5762 1107 5811 et
1130 5755 1508 5827 coepiscopum
1530 5767 1796 5823 nostrum,

1864 4572 2169 4629 ’mationis
2234 4573 2510 4645 porrigere
2562 4574 2974 4646 compelluntur,
3046 4572 3171 4628 licet
3243 4581 3484 4627 tenorem

1913 4664 2079 4722 libelli
2099 4664 2253 4733 juxta
2290 4681 2491 4721 morem
2521 4665 2687 4738 gestis
2725 4681 2834 4722 non
2878 4662 3194 4728 inserueris,
3222 4677 3346 4716 cum
3375 4660 3487 4714 eis-

1913 4757 2035 4814 dem
2090 4756 2346 4812 nonnulla
2415 4757 2593 4813 minus
2658 4757 2822 4812 etiam
2883 4751 3189 4831 necessaria
3242 4750 3490 4823 proberis

1912 4844 2224 4901 inseruisse.
2279 4846 2356 4901 lbi
2388 4847 2605 4911 absens,
2632 4855 2687 4900 et
2718 4853 2776 4900 ut
2818 4843 2925 4899 illic
2974 4843 3208 4898 habetur
3253 4848 3489 4911 mgrotus

1913 4937 2198 5003 addicitur,
2238 4946 2292 4992 et
2317 4926 2468 4993 delor
2507 4953 2668 5007 super
2712 4936 2953 4991 dolorem
3006 4932 3320 5006 apponitur;
3360 4933 3487 4988 dum

1912 5025 2107 5081 absens
2156 5023 2406 5081 Wlfadus
2456 5024 2635 5080 libello
2684 5024 2836 5096 quasi
2883 5019 3124 5094 praesens
3177 5018 3484 5088 ascribitur,

1911 5126 1966 5171 et
1995 5116 2046 5170 in
2087 5115 2226 5171 lecto
2254 5116 2440 5187 jacens
2473 5129 2857 5185 nunquamque
2887 5099 3214 5176 reclamans",
3252 5103 3490 5167 "societa-

1912 5213 2021 5261 tem
2052 5202 2253 5261 habere
2278 5220 2401 5260 cum
2445 5203 2803 5275 praesentibus
2853 5200 3301 5257 reclamatoribus
3349 5200 3486 5256 falso

1905 5296 2278 5373 praetenditur.
2311 5293 2369 5349 In
2414 5311 2520 5367 quo
2545 5294 2992 5350 considerandum
3025 5301 3128 5359 est,
3166 5293 3289 5363 quia
3320 5282 3369 5349 si
3415 5291 3489 5348 le-

1910 5401 2005 5456 ges
2027 5386 2209 5441 saeculi
2255 5386 2418 5441 etiam
2461 5386 2527 5441 de
2575 5379 2737 5440 rebus
2772 5383 3119 5456 pecuniariis,
3158 5396 3277 5453 quae
3330 5391 3486 5437 extra

1909 5493 2008 5533 nos
2033 5486 2179 5545 sunt,
2225 5486 2483 5549 aegrotum
2521 5477 2847 5547 respondere
2886 5491 2990 5531 non
3028 5483 3246 5546 cogunt,
3281 5481 3485 5544 quanto

1907 5568 2087 5624 minus
2157 5585 2187 5624 a
2243 5567 2452 5630 Domini
2505 5568 2874 5623 sacerdotibus
2937 5566 3184 5621 infirmus
3251 5564 3482 5633 quilibet

1907 5655 2151 5727 compelli
2178 5657 2243 5713 ad
2263 5657 2655 5727 querimoniam
2707 5657 2890 5714 debuit
2936 5660 3003 5713 de
3048 5655 3284 5726 negotio,
3332 5654 3476 5723 quod

1909 5757 1962 5812 in
1986 5757 2231 5823 eumdem
2286 5757 2457 5827 ipsum
2504 5755 2719 5813 conflari
2764 5750 3198 5828 dignoscebatur,
3248 5759 3300 5806 ct
3338 5749 3481 5820 quod
