4060 6338
603 357 736 414 H03

1928 361 2192 419 NICOLAI
2233 364 2432 422 ΡΑΡᾹΞ
2464 366 2484 421 1

3747 376 3896 432 11ῧῦ

601 483 742 526 nunc
771 469 838 525 ad
877 454 1229 541 depositionis
1262 457 1455 548 easum
1499 467 1772 539 impellere
1809 470 2160 541 probabatur,
2195 476 2240 536 Λ
2271 482 2444 530 torum
2478 477 2884 534 reclamantium
2906 480 3199 537 auxiliante
3227 482 3452 541 Domino
3477 486 3889 543 trutinandum

602 576 708 630 quo
746 559 928 614 dolore
969 560 1023 614 in
1066 559 1167 613 hac
1187 558 1296 612 vita
1322 559 1494 628 major
1521 560 1610 615 ubi
1639 574 1820 629 quaeso
1851 561 1975 615 est?
2017 561 2085 616 Et
2111 569 2170 615 ut

600 651 831 710 strictim
858 664 992 722 pene
1013 648 1191 705 omnia
1215 649 1652 719 complectamur,
1679 650 1753 705 ibi
1777 650 1889 706 sola
1918 652 2173 706 obedien-

600 740 674 796 tia
697 743 1050 805 subditorum,
1079 755 1240 811 quam
1272 741 1561 810 Apostolus
1591 743 1894 812 praepositis
1917 744 2172 800 exhibere

600 831 747 898 iubet
788 829 971 902 (Hebr.
1029 829 1174 900 XIII),
1223 841 1504 901 reputatur
1569 832 1622 886 in
1673 832 1909 902 culpam,
1970 829 2025 888 et
2076 835 2168 902 qui

599 920 801 988 prmlati
825 918 1027 988 judicio
1059 909 1262 975 temere
1277 936 1382 975 non
1413 921 1750 987 restiterunt,
1783 922 1876 977 sed
1896 922 2172 977 humiliter

540 1076 547 1084 ο
597 1008 730 1064 colla
761 1018 1182 1079 supposuerunt,
1214 1011 1554 1066 severissime
1597 1013 1910 1082 puniuntur.
1957 1011 2035 1066 lbi
2079 1013 2167 1082 qui

598 1099 736 1154 nulla
764 1101 980 1170 propria
1004 1116 1143 1156 noxa
1165 1101 1524 1172 deliquerunt,
1552 1104 1931 1160 haereticorum
1948 1104 2170 1160 damna-

596 1190 794 1245 tionem
829 1199 1082 1262 tanquam
1124 1193 1365 1261 haeretici
1398 1192 1722 1257 inciderunt,
1756 1203 1811 1250 et
1857 1195 1950 1265 qui
2000 1195 2167 1250 mise-

594 1278 886 1334 ricordiam
925 1281 1250 1349 petiverunt,
1296 1297 1397 1337 nec
1437 1281 1642 1351 justum
1684 1284 1945 1354 judicium
1987 1285 2166 1354 perci-

594 1383 723 1437 pere
753 1378 1084 1425 meruerunt.
1118 1369 1224 1426 Sed
1250 1372 1379 1440 quid
1411 1373 1604 1426 mirum
1625 1413 1641 1440 ,
1670 1375 1714 1429 si
1756 1383 1932 1431 textus
1963 1384 2016 1429 et
2045 1375 2168 1431 ﬁnis

594 1455 840 1527 ejusdem
859 1461 1072 1517 concilii
1101 1463 1307 1533 accepti
1333 1480 1440 1520 non
1461 1473 1603 1526 sunt,
1637 1467 1850 1534 quando
1874 1467 1928 1521 in
1951 1468 2168 1523 nomine

599 1552 812 1606 Domini
831 1551 982 1622 juxta
1012 1569 1220 1610 morem
1262 1555 1569 1610 inchoatum
1597 1571 1704 1610 non
1737 1557 1854 1611 est?
1880 1556 2015 1612 Nam
2044 1574 2166 1614 cum

593 1645 868 1714 Apostolo,
895 1661 1055 1701 omne
1079 1649 1434 1718 quodcunque
1465 1647 1761 1721 fecerimus
1793 1649 1904 1705 Deo
1926 1651 1978 1704 in
2005 1652 2168 1705 verbo

592 1736 760 1789 autin
785 1751 968 1806 opere,
1002 1738 1180 1792 omnia
1208 1739 1264 1793 in
1293 1739 1509 1795 nomine
1527 1741 1735 1796 Domini
1765 1739 1890 1796 Jesu
1921 1741 2165 1798 facienda

2275 580 2335 619 ac
2351 567 2660 635 sopiendum
2677 569 2971 640 negotium.
2989 571 3067 624 lta
3091 579 3146 626 ut
3166 575 3209 626 si
3234 573 3440 629 eisdem
3459 576 3706 646 dejectis
3719 578 3886 632 cleri-

2272 655 2349 711 cis
2370 658 2705 726 contigisset,
2737 668 2796 713 ut
2823 659 2878 712 in
2903 663 3015 729 ipsa
3037 662 3349 719 debuissent
3369 666 3729 734 depositione
3755 683 3885 740 per-

2272 747 2481 812 sistere,
2513 758 2568 803 et
2584 749 2810 805 obedire
2832 752 3155 818 renuissent,
3180 756 3472 826 sedemque
3493 761 3883 828 apostolicam

2272 839 2466 894 iterum
2495 843 2847 912 expetissent,
2894 860 2962 900 ne
2999 845 3166 914 ipsius
3205 850 3516 917 apostolicae
3560 854 3726 907 sedis
3761 855 3879 907 dis—

2272 930 2570 986 solveretur
2607 933 2971 1004 privilegium,
3021 936 3126 992 illis
3173 939 3241 993 ad
3285 954 3406 994 eam
3442 943 3712 996 veniendi
3770 959 3880 996 non

2272 1029 2563 1090 negaretur
2587 1021 2821 1077 licentia.
2848 1023 2982 1079 Cum
3009 1026 3206 1095 quibus
3235 1030 3486 1100 prmcepit
3516 1039 3578 1085 ut
3617 1041 3724 1086 tua
3759 1032 3879 1085 fra-

2274 1110 2496 1165 ternitas
2550 1111 2635 1165 vel
2684 1113 2887 1169 missus
2935 1113 3052 1184 ejus
3111 1119 3356 1173 veniret:
3411 1131 3702 1190 quatenus
3752 1139 3880 1177 cum

2270 1199 2530 1258 fratribus
2554 1204 2669 1260 suis
2689 1206 2958 1277 episcopis
2985 1221 3198 1278 aequum
3227 1210 3403 1266 dehis
3421 1213 3707 1281 judicium
3741 1230 3876 1270 cou-

2267 1290 2412 1346 ferre
2441 1293 2722 1362 potuisset,
2742 1303 2797 1351 et
2820 1305 3050 1367 utraque
3076 1308 3230 1369 parte
3250 1302 3636 1370 conveniente,
3670 1321 3878 1362 causas

2275 1396 2460 1438 eorum
2486 1385 2674 1442 eadem
2704 1397 2893 1444 sancta
2936 1391 3092 1446 sedes
3119 1394 3378 1448 canonice
3407 1395 3734 1453 deﬁnisset.
3773 1398 3876 1453 Ve-

2271 1489 2391 1528 rum
2425 1476 2515 1544 qui
2545 1477 2694 1547 prius
2718 1479 3054 1550 episcopum,
3101 1481 3334 1551 legatum
3359 1485 3618 1541 videlicet
3640 1489 3876 1542 concilii

2272 1562 2348 1616 tui
2388 1563 2533 1618 sedis
2561 1565 2867 1634 apostolica:
2895 1568 3089 1622 visioni
3116 1571 3484 1639 subtraxeras,
3508 1575 3691 1629 etiam
3724 1586 3873 1630 tuam

2271 1652 2560 1708 audientiae
2585 1653 2653 1709 ab
2676 1668 2740 1708 ea
2785 1654 3079 1726 designatae
3121 1660 3467 1726 praesentiam
3511 1661 3869 1727 subduceris,

2270 1741 2510 1808 probasti
2541 1740 2608 1796 de
2637 1749 2688 1796 te
2715 1741 2804 1796 illa
2846 1759 2966 1812 quae
3007 1745 3148 1800 dicta
3198 1756 3362 1802 sunt:
3410 1750 3676 1805 videlicet
3721 1756 3870 1821 quod

591 1829 931 1899 prrccipiente
953 1830 1090 1902 (Col.
1120 1831 1226 1903 ιιι),
1252 1833 1386 1888 ritus
1415 1835 1813 1891 ecclesiasticUs
1841 1837 1891 1890 in
1915 1837 2170 1907 colligen-
2198 1825 2243 1884 Β
2273 1834 2377 1888 tale
2406 1834 2691 1892 concilium
2719 1838 2991 1902 statueris,
3022 1840 3178 1908 quale
3205 1841 3453 1910 superius
3485 1853 3869 1900 monstratum

590 1923 673 1982 dis
701 1923 942 1978 conciliis
970 1924 1024 1978 id
1051 1925 1323 1992 observet,
1360 1934 1416 1980 et
1443 1928 1508 1981 in
1549 1929 1652 1983 hoc
1678 1928 1958 1994 duntaxat,
1987 1929 2170 1984 abdito

590 2011 935 2078 permittente
981 2013 1160 2068 divino
1202 2013 1426 2082 judicio,
1484 2014 1646 2071 fuerit
1687 2017 2163 2085 praetermissum:

593 2113 807 2160 constat
840 2105 1027 2174 procul
1072 2105 1254 2174 dubio,
1304 2123 1412 2162 non
1456 2122 1549 2163 eos
1598 2109 1651 2162 i‘n
1695 2109 1911 2164 nomine
1957 2109 2168 2164 Domini

589 2205 940 2267 congregatos
979 2195 1285 2264 exstitisse,
1329 2211 1393 2252 ac
1425 2214 1524 2268 per
1549 2199 1651 2253 hoc
1694 2212 1817 2253 eum
1865 2198 2088 2253 minime
2117 2199 2170 2253 in

591 2287 675 2341 sui
715 2288 894 2344 medio
933 2289 1213 2355 habuisse,
1253 2290 1347 2360 qui
1382 2290 1486 2345 tale
1528 2290 1840 2355 concilium,
1882 2291 1992 2346 imo
2038 2306 2168 2347 con—

589 2377 861 2432 venticula
907 2393 1005 2434 sua
1068 2379 1135 2434 de
1181 2379 1531 2450 sanguinibus
1587 2389 1774 2435 contra
1827 2379 2169 2437 Psalmistam

585 2478 1056 2540 congregaverunt
1079 2468 1252 2541 (Ρεσι.
1283 2469 1396 2541 xv),
1422 2479 1478 2526 et
1514 2471 1782 2540 quoddam
1821 2471 2022 2527 animal
2051 2473 2169 2528 imi-

585 2557 706 2622 tati,
748 2558 990 2614 nonnisi
1032 2560 1319 2615 exstinctis
1356 2560 1590 2629 propriis
1631 2558 1756 2615 ﬁliis
1785 2575 1944 2630 posse
1993 2560 2169 2617 subsi-

584 2658 731 2706 stere
759 2659 1103 2721 putaverunt.
1153 2650 1270 2708 3am
1311 2668 1440 2708 vero
1483 2654 1529 2708 si
1580 2653 1724 2709 idem
1770 2653 2060 2710 concilium
2099 2654 2167 2710 ab

584 2741 876 2812 apostolica
935 2743 1064 2798 sede
1125 2742 1480 2814 praetenditur
1540 2741 1706 2799 fuisse
1772 2744 2122 2814 approbatum
2150 2783 2166 2809 ,

584 2833 1044 2903 quemadmodum
1108 2834 1162 2889 id
1218 2843 1436 2902 versuta
1492 2832 1654 2890 fuerit
1709 2834 2047 2890 cavillatione
2097 2833 2166 2889 ab

590 2924 890 2995 apostolica
935 2925 1070 2980 sede
1134 2933 1461 2996 praeceptum
1490 2966 1505 2991 ,
1557 2924 1870 2980 fraternitas
1927 2933 2015 2980 tua
2055 2939 2163 2980 non

584 3013 778 3069 nescit.
820 3013 1064 3084 Denique
1095 3015 1160 3068 de
1187 3014 1501 3070 memoratis
1540 3014 1773 3081 clericis,
1818 3013 2032 3092 Wlfado
2059 3013 2164 3069 sci-

581 3104 708 3159 licet
733 3111 787 3158 et
812 3104 1030 3176 collegis
1059 3105 1244 3173 ipsius,
1277 3104 1420 3175 quod
1448 3105 1543 3161 tibi
1574 3105 1747 3162 visum
1778 3113 1880 3171 est,
1911 3119 2164 3160 consum-

2273 1931 2374 1978 est.
2427 1922 2638 1978 Interea
2691 1933 2744 1980 te
2796 1927 2903 1980 voti
2956 1927 3149 1983 effectu
3203 1928 3480 1996 frustrato,
3533 1935 3869 2002 apostolicae

2274 2013 2421 2067 sedis
2451 2020 2505 2068 et
2527 2014 2700 2070 beatae
2745 2017 3133 2072 recordationis
3175 2019 3414 2088 pontifex
3446 2021 3580 2086 Leo,
3613 2026 3715 2092 qui
3750 2024 3866 2079 fra-

2273 2099 2541 2156 ternitatis"
2570 2109 2676 2157 tuae
2710 2106 3041 2173 propositum
3073 2119 3315 2174 noverat,
3347 2111 3414 2164 ab
3439 2111 3542 2166 hac
3567 2111 3701 2167 luce
3728 2116 3863 2167 sub-

2275 2196 2482 2245 tractus
2509 2200 2612 2246 est.
2665 2192 2908 2263 Cumque
2955 2205 3156 2252 sanctae
3204 2200 3478 2256 memoriae
3521 2200 3862 2258 Benedictus

2271 2279 2356 2333 vir
2385 2282 2711 2351 apostolicus
2731 2285 2781 2339 ei
2809 2287 3159 2342 successisset
3186 2289 3240 2343 in
3263 2291 3449 2345 ordine
3474 2293 3856 2360 pontiﬁcatus,

2272 2386 2462 2429 rursus
2508 2377 2810 2431 reverentia
2869 2386 2959 2433 tua
3017 2395 3167 2435 arma
3225 2393 3514 2453 praeparat,
3563 2395 3622 2438 et
3677 2387 3858 2440 εἰδέω

2271 2476 2484 2518 summo
2507 2465 2745 2532 pmsuli,
2785 2475 3039 2536 tauquam
3067 2484 3287 2524 suarum
3328 2471 3613 2541 inexperto
3654 2489 3854 2529 versu-

2272 2549 2491 2616 tiarum,
2523 2552 2754 2608 latenter
2782 2556 3031 2626 subripit,
3067 2566 3122 2610 et
3169 2558 3221 2612 in
3267 2557 3385 2628 ipso
3421 2562 3856 2616 consecrationis

2270 2640 2438 2710 ipsius
2467 2644 2731 2714 principio
2756 2647 2966 2712 suadet,
2999 2656 3056 2702 ut
3084 2651 3372 2706 concilium
3411 2653 3629 2720 quidem
3661 2654 3730 2707 ad
3753 2669 3854 2709 vo-

2271 2738 2384 2785 tum
2441 2733 2598 2788 unius
2648 2734 2880 2790 hominis
2930 2747 3311 2809 congregatum
3386 2740 3627 2796 ﬁrmaret
3673 2759 3688 2794 :
3742 2758 3855 2796 non

2271 2827 2450 2877 tamen
2481 2821 2529 2877 ei
2558 2823 2666 2877 ullo
2711 2825 2871 2880 modo
2900 2828 3100 2896 subripi
3128 2838 3220 2882 aut
3247 2831 3459 2886 suaderi
3503 2834 3701 2902 potuit,
3733 2842 3852 2887 uta

2263 2914 2423 2985 justze
2457 2915 2786 2974 deﬁnitionis
2805 2928 2859 2974 et
2897 2921 3297 2978 discretissimae
3321 2924 3708 2980 moderationis
3733 2934 3852 2980 tra-

2271 3007 2401 3062 mite
2436 3008 2520 3062 vel
2546 3009 2939 3078 aliquantulum
2968 3011 3285 3068 declinaret.
3317 3013 3452 3067 Nam
3485 3014 3626 3070 sicut
3661 3015 3850 3070 videre

2273 3106 2377 3161 est,
2418 3105 2473 3152 et
2523 3098 2639 3168 ipse
2689 3099 2893 3168 liquido
2941 3101 3106 3168 nosti,
3163 3103 3254 3171 qui
3293 3103 3533 3172 ejusdem
3581 3105 3850 3174 privilegii

583 3204 745 3257 malo,
799 3209 924 3250 mox
950 3165 1287 3264 vprmcessori
1345 3211 1466 3251 meo
1532 3196 1705 3252 beatae
1771 3194 2163 3251 recordationis
2193 3165 2237 3228 Ο
2267 3187 2520 3258 paginam
2552 3202 2721 3258 Penes
2746 3199 2797 3244 le
2841 3190 3038 3245 habere
3066 3192 3356 3260 I‘CDOSilam
3387 3192 3744 3264 ἀίεηοεαθΐὶδ»
3772 3197 3850 3248 ila

581 3287 745 3341 Leoni
775 3288 987 3358 prmsuli
1027 3303 1132 3342 non
1162 3288 1329 3344 semel
1373 3287 1642 3358 supplices
1687 3287 1894 3344 litteras
1943 3286 2160 3353 misisti,

581 3387 852 3449 quatenus
907 3379 1051 3435 idem
1125 3380 1412 3436 concilium
1471 3394 1795 3451 appronans,
1842 3380 2163 3436 auctoritate

582 3468 876 3537 apostolica
903 3468 1204 3525 roboraret.
1252 3469 1405 3538 Quod
1445 3471 1534 3527 ille
1579 3486 1686 3526 non
1719 3471 1891 3527 solum
1943 3471 2166 3527 minime

579 3559 790 3625 annuit,
822 3575 1008 3615 verum
1037 3561 1203 3616 etiam
1232 3576 1395 3634 agere
1439 3563 1671 3618 souicite
1701 3563 1904 3630 renuit,
1932 3563 2119 3619 dicens
2145 3581 2158 3617 :

577 3649 787 3705 Idcirco
825 3667 884 3706 se
907 3652 1195 3722 petitiones
1241 3662 1360 3709 tuas
1393 3668 1491 3724 pro
1521 3652 1888 3709 conﬁrmanda
1933 3655 2161 3726 synodo,

577 3743 632 3796 in
663 3758 767 3812 qua
818 3744 1047 3815 depositi
1093 3745 1300 3816 praefati
1351 3746 1452 3802 viri
1515 3745 1746 3813 fuerant,
1797 3747 2160 3818 suspendisse,

577 3850 646 3892 eo
673 3836 817 3906 quod
853 3852 950 3907 per
985 3838 1198 3909 aliquos
1238 3853 1307 3894 ex
1337 3839 1422 3895 his
1447 3840 1732 3910 episcopis,
1761 3840 1851 3909 qui
1875 3839 1927 3894 in
1959 3841 2164 3911 synodo

511 3929 526 3938 “
581 3930 918 3994 resederant,
950 3939 1010 3985 ut
1050 3931 1316 3988 dubitatio
1343 3929 1485 3986 foret
1528 3930 1787 3986 radicitus
1814 3929 2015 3993 evulsa,
2049 3939 2163 3986 sla-

578 4030 692 4075 tuta
722 4022 962 4091 ejusdem
991 4023 1180 4087 synodi
1225 4023 1500 4079 destinare
1545 4023 1846 4087 debuisses,
1895 4021 2164 4093 praecipue

580 4127 703 4166 cum
751 4112 951 4167 ibidem
1000 4113 1160 4184 legati
1207 4113 1350 4170 sedis
1395 4112 1708 4184 apostolicae
1734 4123 2026 4184 prtescntes
2056 4130 2162 4171 non

580 4203 802 4262 fuerint.
835 4206 1116 4264 Postremo
1145 4210 1289 4280 quod
1317 4209 1392 4277 hi,
1426 4225 1563 4280 quos
1614 4219 1670 4265 tu
1715 4210 2039 4266 auctoritate
2072 4224 2163 4280 sy-

580 4299 709 4352 nodi
759 4296 1066 4354 aliirmabas
1114 4300 1390 4370 depositos
1434 4314 1531 4370 per
1577 4301 1828 4372 proprias
1857 4299 2063 4355 litteras
2094 4298 2159 4353 ad

581 4389 766 4444 sedem
799 4389 1149 4460 apostolicam
1191 4391 1602 4461 appellaverint,
1640 4402 1694 4447 et
1723 4391 1919 4448 vellent
1964 4391 2159 4445 iterum

2266 3292 2364 3346 per
2388 3277 2722 3348 privilegium
2751 3281 2844 3333 tibi
2877 3296 3192 3336 concessum
3242 3282 3384 3338 illius
3427 3282 3644 3339 concilii
3686 3285 3849 3338 robo—

2267 3366 2409 3420 ravit
2435 3366 2756 3431 institutum,
2788 3379 2848 3422 ut
2891 3371 3228 3427 auctoritatis
3261 3387 3530 3428 summam
3571 3373 3688 3427 sedi
3719 3389 3847 3442 apo-

2266 3454 2467 3510 stolicae
2509 3467 2832 3512 reservaret.
2876 3458 3028 3513 Unde
3075 3469 3256 3513 actum
3295 3469 3397 3525 est,-
3429 3469 3490 3516 ut
3529 3461 3674 3531 quod
3704 3462 3847 3517 male

2266 3549 2494 3618 petitum
2544 3548 2742 3614 fuerat,
2784 3549 2985 3620 Spiritu
3018 3551 3243 3606 docente
3284 3552 3398 3617 Dei,
3448 3553 3586 3607 bene
3627 3554 3848 3622 sapiens

2264 3641 2461 3712 praesul
2490 3643 2840 3708 concederet;
2869 3652 2924 3698 et
2967 3643 3097 3696 nihil
3120 3643 3410 3712 proficeret
3450 3645 3686 3698 humana
3717 3644 3847 3699 sub-

2269 3733 2466 3803 reptio,
2498 3733 2588 3788 ubi
2626 3743 2816 3803 peetus
2871 3735 3004 3788 tanti
3049 3735 3324 3804 pontiﬁcis
3366 3735 3546 3790 divina
3601 3734 3848 3804 replebat

2267 3823 2463 3879 infusio
2487 3842 2500 3879 :
2531 3840 2631 3881 nec
2653 3827 2866 3882 obesset
2892 3828 3206 3898 cujusquam
3237 3827 3440 3893 suasio,
3467 3827 3558 3882 ubi
3582 3827 3845 3882 antistitis

2265 3918 2440 3972 sancti
2470 3921 2706 3988 prudens
2734 3923 2970 3976 obviavit
3009 3930 3064 3975 et
3087 3921 3558 3996 providentissima
3594 3921 3845 3976 modera—

2267 4006 2380 4072 tio;
2425 4008 2549 4062 dum
2592 4010 2645 4063 in
2705 4011 2819 4080 ipso
2868 4011 3150 4082 privilegio
3202 4021 3443 4066 tenorem
3493 4011 3842 4081 praemiserit,

2267 4097 2408 4164 quod
2440 4099 2520 4153 sic
2563 4101 2836 4155 decretum
2866 4110 2948 4155 est
2997 4101 3065 4156 ab
3107 4116 3171 4156 eo
3220 4098 3484 4156 manenda
3529 4099 3845 4154 inconvulsa

2264 4215 2384 4269 qua:
2413 4191 2753 4260 petebantur,
2779 4194 2823 4248 si
2853 4194 2925 4247 ita
2947 4201 3129 4248 essent
3155 4207 3250 4261 per
3285 4191 3486 4257 omnia,
3515 4205 3646 4261 qua:
3661 4189 3730 4245 de
3757 4189 3844 4243 illa

2267 4289 2472 4362 synodo
2507 4287 2604 4342 sibi
2639 4303 2668 4339 a
2697 4287 2986 4342 sanctitate
3015 4295 3103 4339 tua
3150 4283 3546 4338 referebantur.
3592 4281 3840 4352 Interpo-

2268 4383 2375 4437 suit
2402 4381 2546 4436 enim
2572 4380 2858 4448 ancipitem
2888 4379 2939 4432 in
2971 4393 3036 4432 eo
3069 4376 3393 4431 sententiam
3416 4375 3609 4430 dicens
3639 4391 3654 4427 :
3685 4372 3746 4428 Si
3775 4373 3844 4426 ita

581 4497 679 4538 sua
707 4496 765 4537 se
793 4481 1086 4552 apostolica
1117 4483 1289 4538 audiri
1317 4485 1620 4555 praesentia,
1653 4493 1708 4539 et
1745 4493 1870 4538 tunc
1899 4483 1943 4537 si
1981 4482 2164 4552 culpa-

2270 4481 2374 4538 est,
2405 4480 2698 4540 nostroque
2740 4479 2797 4523 ut
2827 4469 3042 4537 scriptis
3098 4465 3406 4537 praesulatui
3456 4465 3749 4530 intimasti,
3796 4473 3848 4520 et

577 4572 719 4628 biles
745 4573 1138 4640 invenirentur,
1181 4588 1286 4628 non
1316 4576 1617 4630 abnuerent
1652 4574 1971 4630 catholicam
2004 4574 2163 4627 susti-

578 4678 709 4718 uere
731 4679 1038 4719 censuram.
1071 4663 1176 4719 Sed
1204 4663 1588 4720 venerabilitas
1633 4673 1722 4718 tua
1756 4663 1936 4719 sciens
1975 4663 2162 4732 utique

580 4755 870 4810 concilium
903 4755 1062 4820 istud,
1107 4745 1175 4809 ut
1209 4768 1369 4822 supra
1414 4760 1689 4808 ostensum
1735 4761 1838 4818 est,
1875 4753 2164 4822 reprelieib

579 4845 822 4902 sionibus
851 4862 958 4902 non
991 4845 1176 4916 paucis
1205 4859 1536 4914 respersum,
1582 4853 1699 4901 acta
1749 4844 1963 4916 quidem
2021 4844 2162 4899 illius

581 4949 682 5008 per
735 4937 1007 4992 neminem
1067 4935 1467 5006 episcoporum,
1519 4935 1609 5005 qui
1665 4935 1750 4991 his
1806 4934 2163 4990 interfuerant

581 5025 917 5080 destinavit:
962 5033 1022 5080 ut
1071 5035 1251 5080 tamen
1294 5024 1660 5090 ﬁrmarentur,
1711 5025 1886 5080 denuo
1915 5024 2164 5094 precibus

582 5130 748 5186 agere
778 5132 884 5172 non
915 5117 1168 5172 cessavit.
1203 5115 1309 5172 Sed
1348 5116 1676 5186 dejectorum
1709 5117 1903 5173 iterato
1929 5117 2164 5172 clamore

582 5206 964 5263 crebrescente
1019 5207 1358 5275 clericorum,
1414 5223 1516 5264 nec
1561 5208 1640 5263 sic
1690 5207 1834 5278 quod
1879 5208 2165 5276 petebatur

585 5297 869 5354 laudabilis
894 5299 1090 5367 praesul
1120 5299 1360 5356 indulsit.
1390 5298 1654 5370 Praecepit
1691 5306 1870 5354 autem
1901 5312 1998 5368 per
2023 5296 2161 5352 alte-

586 5409 704 5450 ram
737 5409 844 5448 sua:
874 5395 1167 5452 sanctionis
1207 5397 1508 5468 epistolam,
1558 5404 1618 5451 ut
1645 5395 1759 5466 ipse
1782 5392 1848 5448 ad
1875 5390 2160 5448 concilium

587 5502 712 5544 cum
755 5487 859 5543 illis
884 5503 1221 5555 occurreres,
1273 5491 1340 5544 ad
1379 5490 1522 5561 quod
1565 5503 1720 5544 suum
1758 5488 1870 5558 ipse
1907 5485 2162 5557 legatum,

586 5583 807 5644 Petrum
843 5581 1094 5638 videlicet
1134 5582 1441 5654 episcopum
1498 5581 1866 5654 Spoletanum,
1918 5595 1949 5634 e
1997 5577 2167 5631 latere

587 5691 687 5731 suo
717 5675 994 5733 direxerat
1039 5693 1051 5729 :
1113 5673 1178 5729 ad
1237 5676 1602 5731 renovandum
1658 5673 1866 5732 scilicet
1905 5668 2166 5740 judicium

592 5763 712 5820 vice
754 5781 871 5833 sua,
899 5775 952 5823 et
981 5765 1320 5839 congregatis
1339 5757 1540 5821 rursus
1567 5764 1831 5835 episcopis
1861 5763 1922 5818 ad
1954 5757 2164 5831 deposi—
2185 5821 2200 5835 _

2269 4571 2543 4634 gestorum
2593 4561 2732 4617 serie
2780 4560 3181 4622 demonstrasti,
3235 4569 3381 4612 ratas
3422 4557 3668 4621 easdem,
3716 4555 3849 4623 quin

2268 4651 2633 4717 difiinitiones,
2663 4649 2956 4720 apostolica
2992 4647 3398 4718 promulgamus
3447 4645 3563 4701 fore
3607 4644 3846 4698 auctori-

2269 4755 2396 4803 tate.
2430 4746 2580 4801 Licet
2607 4753 2662 4799 tu
2703 4743 2861 4811 hujus
2887 4742 3089 4798 tenoris
3114 4738 3583 4795 circumstantiam
3623 4736 3696 4790 de
3733 4734 3849 4790 col-

2267 4840 2358 4894 lati
2386 4837 2652 4910 privilegii
2696 4844 2843 4891 textu
2889 4834 3069 4888 minus
3097 4830 3412 4900 simpliciter
3450 4825 3753 4898 excipiens,
3795 4837 3850 4880 et

2267 4939 2468 4985 nostra:
2496 4927 2687 4982 visioni
2733 4924 3074 5002 subduxeris,
3116 4930 3173 4976 et
3201 4920 3428 4975 aliorum
3467 4916 3681 4974 notioni
3721 4916 3847 4972 sub—

2273 5019 2506 5077 traxeris
2532 5037 2545 5072 :
2572 5019 2900 5073 interserens
2923 5016 3142 5085 insuper
3163 5026 3282 5082 quae
3311 5011 3402 5067 ille
3429 5017 3525 5065 aut
3544 5023 3849 5078 nunquam,

2272 5119 2363 5165 aut
2399 5109 2556 5163 aliter
2581 5116 2852 5163 sanxerat.
2883 5105 3000 5175 Ipse
3039 5117 3274 5173 namque
3298 5101 3367 5156 de
3395 5099 3718 5157 memoratis
3751 5099 3845 5153 de-

2273 5199 2605 5255 ﬁnitionibus
2631 5197 2770 5253 dixit
2797 5217 2809 5252 :
2837 5197 3005 5251 [tatas
3025 5195 3242 5251 easdem
3281 5190 3577 5264 apostolica
3603 5187 3844 5260 promat.

2272 5308 2460 5364 gamus
2489 5291 2605 5347 fore
2631 5289 2972 5352 auctoritate,
3028 5298 3348 5356 semperque
3375 5278 3618 5339 manere
3654 5279 3850 5336 statui-

2271 5400 2409 5450 mus,
2439 5391 2494 5438 et
2525 5383 2828 5454 sequentia.
2875 5379 3005 5447 Quae
3031 5380 3144 5450 ipse
3186 5376 3404 5448 quidem
3441 5375 3605 5428 aliter
3627 5371 3846 5443 posuit:

2271 5482 2330 5529 ut
2367 5486 2498 5527 vero
2539 5470 2743 5528 addens
2795 5479 2955 5540 atque
3001 5474 3342 5524 commutans
3392 5468 3718 5536 prosest
3768 5473 3849 5523 es,

2272 5567 2506 5622 dicens:
2558 5566 2726 5622 Ratas
2776 5558 3331 5633 easdem'apostolica
3362 5554 3770 5628 promulgamus
3797 5553 3851 5606 in

2273 5662 2526 5716 omnibus
2573 5660 2689 5717 fore
2726 5658 3070 5722 anctoritate,
3121 5665 3440 5723 semperque
3481 5661 3706 5704 manere
3743 5652 3853 5699 sta-

2277 5749 2497 5820 luimus,
2527 5760 2586 5809 ut
2609 5752 2731 5809 inde
2759 5750 2985 5822 quaestio
3017 5746 3175 5804 nullis
3204 5741 3493 5814 aliquando
3523 5734 3855 5808 temporitus
