4060 6338
308 310 341 365 1
364 312 393 366 ι
405 311 485 367 05
1537 306 1885 368 EPISTOLJE

1987 308 2020 364 ι’
2057 307 2401 364 DECRETA.
3434 309 3573 365 “06

309 429 575 484 oriatur.
618 424 769 493 Quod
799 429 1058 494 quantum
1099 422 1239 478 inter
1262 422 1632 493 sediscrepet,
1658 422 1905 478 videlicet
1932 424 1980 483 Α
2006 434 2133 473 rum
2170 421 2382 488 egimus
2412 417 2748 482 clericorum,
2795 418 2863 472 ad
2911 417 3056 474 sedis
3101 408 3408 487 apostolicos
3454 434 3577 490 per-

311 515 490 586 quod
515 513 602 570 ille
643 513 1019 583 promulgavit,
1047 521 1102 568 et
1139 513 1282 582 quod
1320 520 1378 567 tu
1413 513 1673 578 minuisti,
1705 512 1788 569 vel
1816 513 1911 568 ad—
2010 508 2508 579 tinetvprivilemum
2532 547 2547 573 ,
2597 522 2660 561 ac
2697 521 2793 576 per
2845 507 2945 562 hoc
2985 507 3178 563 merito
3218 508 3340 565 inde
3365 524 3591 574 sumus,

309 606 540 678 jeci'sti,
571 604 655 661 vel
691 605 933 669 mutasti,
962 605 1076 674 ipse
1102 605 1406 675 perpendis.
1435 603 1543 659 Sed
1575 604 1750 658 adhuc
1772 611 1828 657 et
1853 602 1907 656 in
2007 601 2297 657 immunes.
2340 599 2418 654 Tu
2443 615 2570 655 vero
2599 599 2901 655 violationis
2927 598 3166 668 ejusdem
3188 599 3450 669 privilegii
3479 600 3574 659 ha:

313 697 451 751 alio
493 696 630 751 mira
659 694 1011 751 fraternitatis
1057 703 1160 750 tua:
1195 695 1407 751 accedit
1453 695 1670 759 astutia,
1716 702 1772 749 et
1808 693 1908 749 soli
2006 688 2153 744 beris
2194 688 2455 745 obnoxius
2496 703 2513 742 :
2550 688 2655 757 qui
2675 687 2843 757 pulsis
2885 687 2989 743 illis
3029 687 3241 742 clericis
3285 687 3352 757 ad
3391 689 3587 747 sedero.

288 784 562 855 proprio
589 792 714 838 voto
740 782 925 839 favens
947 799 1006 840 se
1029 784 1297 840 immiscet
1337 783 1641 853 prudentia.
1670 782 1911 851 Denique
2007 779 2355 849 apostolicam
2383 779 2803 848 provocantibus
2822 818 2838 844 ,
2870 792 3089 832 manum
3117 778 3326 833 obicem
3355 779 3589 849 subdole

314 887 465 927 cum
517 873 822 943 apostolica:
871 873 1172 928 sanctitatis
1225 880 1388 942 atque
1439 870 1713 926 memoriae
1765 868 1909 924 idem

318 963 597 1017 decessor
634 971 820 1017 noster
861 977 997 1031 papa
1051 960 1372 1016 Benedictus
1411 958 1507 1015 tibi
1548 956 1906 1028 privilegium.

321 1054 404 1107 de
450 1067 558 1121 quo
591 1066 734 1106 nunc
776 1050 1036 1117 diximus,
1084 1048 1422 1108 contulisset.
1468 1046 1543 1101 ita
1575 1059 1696 1115 quae
1740 1046 1796 1101 in
1843 1060 1912 1100 eo

319 1143 687 1197 continentur
725 1140 976 1206 firmavit,
1007 1147 1067 1195 ut
1111 1153 1428 1210 suspensam
1458 1139 1783 1192 sententiam
1825 1135 1911 1201 his

315 1232 606 1301 jungeret,
632 1240 689 1286 et
712 1239 770 1284 ut
790 1244 885 1300 per
923 1230 1103 1285 omnia
1137 1229 1251 1285 sedi
1281 1228 1590 1298 apostolicae
1617 1241 1714 1281 sua
1740 1225 1909 1296 privi-

318 1320 500 1391 l‘egia,
531 1321 669 1374 sicut
698 1317 809 1387 jam
852 1318 944 1372 fati
974 1332 1182 1382 sumus,
1212 1324 1270 1372 et
1306 1312 1645 1372 auctoritatis
1668 1313 1908 1385 proprias

318 1409 459 1479 jura
488 1410 628 1479 (qua:
668 1409 722 1464 in
749 1410 852 1463 hoc
886 1417 941 1464 et
970 1423 1069 1467 nos
1105 1422 1321 1479 quoque
1347 1407 1518 1464 secuti
1557 1407 1786 1478 sumus),
1820 1406 1910 1462 in-

321 1499 607 1554 violabilia
657 1508 975 1555 reservaret.
1026 1498 1380 1569 lnterponens
1431 1495 1690 1568 praterea
1731 1498 1905 1556 nodos

322 1590 700 1644 anathematis
729 1590 785 1644 in
805 1604 920 1655 eos,
944 1589 1139 1659 quibus
1161 1587 1553 1659 prohibendum
1568 1588 1806 1654 censuit,
1837 1603 1908 1646 ne

323 1678 563 1747 quilibet
586 1686 773 1732 contra
799 1677 990 1732 eadem
1018 1678 1278 1733 canonica
1298 1676 1593 1735 constituta
1606 1686 1664 1733 et
1689 1680 1906 1735 decreta

2005 884 2342 940 praeparasse
2380 870 2621 926 cernetis
2643 910 2658 936 ,
2687 884 2751 925 ac
2790 885 2887 940 per
2925 870 3031 925 hoc
3064 868 3266 924 illatam
3304 868 3359 923 in
3388 870 3587 925 eodem.

2009 960 2304 1015 constituto
2347 959 2707 1015 auathematis
2752 974 2973 1030 pinnam
3008 959 3418 1014 convenientius
3447 959 3579 1014 inci-

2010 1050 2153 1105 disse
2194 1049 2449 1105 crederis.
2508 1049 2766 1105 Videlicet
2816 1050 2941 1104 dum
3005 1048 3168 1103 talem
3209 1048 3401 1104 crebro
3449 1048 3583 1107 dicti

2009 1136 2271 1206 privilegii
2317 1144 2521 1191 textum
2563 1144 2619 1201 et
2661 1144 2904 1192 tenorem
2948 1135 3253 1200 additione,
3291 1134 3579 1193 detrunca-

2011 1226 2177 1290 tione,
2200 1239 2263 1283 ac
2286 1226 2580 1281 mutatione
2595 1233 2683 1280 tua
2709 1226 2918 1281 cunctis
2944 1223 3270 1290 ostenderis,
3298 1231 3357 1279 ut
3383 1226 3579 1281 merito

2007 1315 2234 1372 subinde
2260 1316 2572 1372 memoratis
2594 1316 2805 1373 clericis
2828 1325 3029 1371 metum
3056 1324 3109 1371 et
3127 1317 3575 1387 desperationem

2007 1408 2190 1477 posset
2219 1407 2458 1463 incutere
2479 1447 2495 1474 ,
2539 1421 2603 1462 ac
2647 1422 2742 1464 eos
2783 1408 2851 1464 ab
2891 1406 3577 1469 inchoatareclamationis

2008 1512 2138 1553 voce
2164 1512 2385 1568 prorsus
2414 1505 2674 1553 avertere.
2727 1496 2863 1553 Nam
2906 1514 3027 1557 cum
3054 1498 3208 1554 nobis
3229 1539 3244 1565 ,
3274 1514 3409 1568 quos
3433 1500 3575 1554 nosti

2005 1588 2191 1659 utique
2236 1588 2418 1657 prisco
2459 1586 2719 1647 Ecclesia
2753 1588 3023 1655 Romana:
3054 1604 3205 1645 more
3249 1590 3305 1645 in
3349 1589 3575 1657 regestis

2006 1678 2333 1749 exemplaria
2373 1678 2696 1751 scriptorum
2714 1721 2731 1748 ,
2779 1695 2898 1750 qua:
2926 1695 2956 1735 a
2983 1680 3112 1736 sede
3135 1680 3333 1735 dantur
3355 1688 3573 1751 aposto-

322 1768 653 1839 pontificum
703 1767 1069 1823 Romanorum
1115 1766 1463 1837 pertinaciter
1506 1767 1808 1849 obviasset,
1850 1768 1906 1825 id
1932 1755 1981 1816 Β
2009 1767 2131 1835 lica,
2164 1783 2465 1834 reservare,
2493 1779 2548 1825 et
2570 1785 2706 1841 quos
2741 1769 3007 1839 conjicere
3031 1770 3272 1841 potuisti,
3294 1784 3414 1825 cum
3443 1776 3578 1823 tem-.

321 1866 438 1922 est,
478 1872 547 1911 ne
589 1857 709 1927 quis
737 1864 923 1912 contra
967 1856 1057 1912 illa
1106 1870 1225 1926 quae
1269 1857 1367 1912 tibi
1416 1866 1783 1925 concerserat,
1814 1858 1901 1913 vel

219 1962 222 1964 ‘
322 1965 455 2019 quae
477 1950 591 2005 sedi
625 1950 855 2019 propriae
883 1958 1207 2016 reservarat,
1236 1964 1396 2021 agere
1425 1951 1759 2007 tentavisset.
1794 1950 1900 2008 Sed

324 2048 387 2092 tu
424 2053 546 2108 qua:
577 2039 767 2093 borum
810 2046 902 2093 tuo
944 2037 1118 2093 libitui
1165 2038 1346 2094 favere
1393 2039 1744 2108 conspexisti,
1778 2054 1896 2096 om-

321 2130 479 2185 nium
527 2133 730 2186 notitiae
788 2132 1133 2202 patefecisti:
1184 2148 1305 2203 qua:
1354 2141 1537 2189 autem
1586 2133 1732 2190 sedis
1772 2142 1900 2190 sunt

321 2223 637 2292 apostolicae
680 2232 953 2280 reservata
973 2224 1106 2294 juri,
1150 2234 1470 2282 cunctorum
1508 2225 1718 2282 notioni
1760 2228 1896 2291 sub-

322 2314 546 2369 duxisti.
590 2314 883 2370 Tcstantur
913 2314 1017 2372 ltoc
1055 2316 1381 2386 exemplaria
1413 2317 1654 2388 ejusdem
1681 2317 1897 2388 privile-

322 2404 420 2472 gii,
449 2419 569 2473 qum
596 2412 721 2458 sunt
752 2405 819 2458 ad
841 2405 1018 2460 sedem
1046 2406 1394 2476 apostolicam
1420 2407 1633 2481 diverso
1655 2416 1896 2478 tempore

322 2492 512 2547 missa.
565 2492 832 2559 Quantum
870 2508 1014 2549 ‘vero
1063 2495 1186 2550 talis
1220 2497 1541 2567 scriptorum
1585 2498 1903 2566 depravatio

322 2589 420 2634 aut
445 2582 710 2637 mutilatio
736 2593 945 2648 noceat,
970 2585 1085 2654 ipse
1103 2584 1215 2655 jam
1237 2586 1457 2655 potuisti
1484 2602 1607 2642 cum
1636 2585 1893 2643 fratribus

306 2678 380 2745 et
408 2672 738 2742 coepiscOpis
760 2674 865 2728 tuis
908 2674 1214 2741 advertere,
1243 2675 1337 2744 qui
1364 2676 1418 2729 in
1449 2675 1678 2731 concilio
1703 2676 1891 2730 viden-

324 2767 406 2814 tes
435 2763 677 2830 quaedam
723 2762 891 2833 ipsius
919 2765 1214 2829 constituti,
1256 2765 1399 2821 sicut
1440 2765 1609 2820 relatu
1651 2766 1890 2835 ipsorum

324 2850 633 2916 didicimus,
688 2852 932 2920 quaedam
985 2867 1115 2908 vero
1165 2870 1274 2909 non
1322 2854 1590 2918 videntes,
1654 2864 1889 2924 coeptum

324 2943 465 2998 circa
492 2957 776 3014 oppressos
802 2941 946 3014 pium
977 2941 1216 3001 laborem
1258 2942 1498 3002 deterriti
1543 2942 1724 3003 minus
1759 2958 1890 3017 per-

324 3033 521 3087 fectum
561 3034 859 3111 deseruisse
891 3051 1037 3092 nunc
1063 3036 1530 3107 dignoscerentur,
1560 3035 1662 3091 nisi
1688 3035 1887 3091 nostris

2073 1872 2134 1914 re
2177 1859 2479 1915 decessoris
2507 1859 2613 1914 mei
2654 1859 2932 1924 darentur,
2972 1872 3037 1913 ea
3066 1857 3231 1913 etiam
3263 1856 3572 1929 praesentia-

2021 1947 2126 2002 iter
2171 1946 2397 2002 intuitos
2442 1958 2602 2011 esse,
2650 1945 2731 2001 sic
2774 1944 3075 2001 mutilatum
3118 1953 3172 1999 et
3221 1943 3570 2014 depravatum

2000 2034 2145 2091 idem
2186 2035 2747 2091 institutum‘mittere
2793 2050 2901 2090 non
2940 2034 3357 2099 formidaveris,
3400 2048 3561 2102 quam

1999 2125 2348 2195 depravatum
2383 2133 2439 2180 et
2464 2124 2832 2181 defraudatum
2862 2124 3062 2178 nullam
3100 2121 3259 2191 hujus
3286 2122 3570 2193 experien-

2001 2214 2128 2269 tiam
2170 2214 2494 2271 babentibus
2534 2214 2601 2270 ad
2647 2214 3050 2271 subversionem
3094 2215 3202 2270 vim
3247 2214 3565 2284 patientium
3602 2223 3632 2248 't

1996 2302 2222 2359 forsitan
2249 2304 2579 2360 exbibuisti?
2612 2304 2783 2372 Quam
2815 2303 3057 2375 profecto
3080 2319 3196 2363 rem
3220 2318 3564 2376 magnopere,

1995 2392 2163 2450 frater
2190 2395 2525 2459 cbarissime,
2555 2395 2739 2464 fugere
2763 2395 2995 2450 debuisti
3018 2412 3045 2448 ε
3066 2394 3268 2450 veritus
3296 2393 3567 2471 videlicet,

1995 2498 2064 2539 ne
2090 2484 2136 2538 si
2159 2499 2264 2539 non
2290 2486 2712 2555 adversus'smpe
2735 2485 2933 2540 dictum
2956 2485 3050 2540 tibi
3072 2485 3327 2561 collatum
3352 2485 3567 2555 privile-

1993 2572 2137 2642 gium
2162 2613 2179 2639 ,
2236 2573 2323 2629 vel
2372 2584 2558 2629 contra
2602 2574 2897 2645 principale
2943 2575 3087 2630 sedis
3134 2574 3442 2646 apostolicae
3475 2574 3573 2653 jus,

1992 2676 2154 2731 agere
2196 2663 2453 2731 videreris
2471 2671 2501 2730 ,'
2532 2663 2720 2720 saltem
2750 2680 2832 2725 ,ne
2868 2664 2922 2718 in
2951 2665 3131 2735 aliquo
3152 2664 3268 2734 ipse
3291 2649 3579 2740 falsarios,"

1992 2753 2135 2821 quod
2155 2750 2316 2817 absit,
2337 2767 2368 2806 a
2397 2752 2718 2830 sacerdotali
2741 2753 3063 2809 verecundia
3087 2752 3421 2824 reperireris.
3467 2754 3564 2808 Mi-

1991 2841 2109 2895 sisti
2137 2841 2278 2896 enim
2324 2842 2553 2913 egregia:
2592 2843 2983 2900 recordationis
3011 2843 3278 2902 decessori
3316 2859 3439 2899 meo
3464 2859 3562 2914 per

1990 2931 2188 3004 scripta
2221 2939 2333 3000 tua,
2360 2933 2503 3005 quod
2537 2931 2698 2991 iidem
2739 2932 2920 2991 clerici
2953 2936 3020 2990 ad
3056 2936 3262 2992 vicinos
3281 2935 3562 3006 episcopos

1991 3027 2435 3104 provocaverint,
2469 3034 2676 3093 contra
2738 3034 2790 3082 te
2847 3026 3080 3083 libellum
3108 3026 3562 3097 rproclamationis

323 3122 566 3176 ‘mstructi
596 3110 838 3188 monitis,
873 3132 931 3178 et
965 3086 1179 3205 nostris.
1198 3124 1395 3180 ibidem
1429 3086 1717 3179 confortati
1742 3124 1885 3180 iitte-
1917 3086 1962 3149 ί)
1991 3100 2272 3180 dederim.
2311 3114 2519 3183 iudices
2565 3115 2667 3172 sibi
2695 3116 2796 3186 ipsi
2822 3118 3103 3188 eiecerint.
3144 3126 3198 3172 et
3220 3127 3415 3174 caetera
3441 3134 3560 3195 quae

324 3210 399 3266 ris
423 3210 811 3267 invenirentur.
841 3212 1201 3280 Quamobrem
1222 3212 1343 3282 jure
1368 3213 1613 3270 fortassis
1642 3223 1692 3269 te
1733 3214 1880 3269 frau-

324 3301 403 3357 dis
427 3302 628 3373 aliquid
670 3303 725 3357 in
755 3303 951 3359 talibus
994 3304 1329 3359 committere
1372 3302 1529 3359 fateri
1578 3318 1880 3375 possemus,

325 3393 425 3447 nisi
447 3394 756 3448 reverentize
783 3402 906 3460 luat,
946 3394 1089 3463 quod
1114 3395 1229 3465 ipse
1267 3410 1373 3450 non
1411 3409 1622 3466 speras,-
1652 3409 1880 3465 parcere

326 3490 502 3536 nostra
549 3483 849 3537 moderatio
875 3484 1188 3538 studuisset.
1233 3482 1512 3554 Siquidem
1561 3482 1883 3539 relationum

324 3569 670 3635 detruncatio,
714 3585 820 3624 non
861 3569 1033 3625 solum
1062 3571 1427 3641 cognitionem
1468 3571 1536 3627 ab
1570 3571 1881 3627 hominibus

325 3658 602 3726 subtrahit,
627 3674 810 3715 verum
827 3661 990 3717 etiam
1006 3662 1285 3717 audientes
1310 3661 1365 3715 in
1386 3676 1627 3741 errorem
1652 3662 1877 3717 inducti.

326 3752 456 3806 Ecce
495 3751 636 3806 enim
668 3751 934 3806 dicimus:
968 3750 1154 3807 Justus
1183 3750 1445 3806 Deminus
1488 3750 1631 3806 Deus
1674 3761 1879 3819 noster,

326 3850 501 3899 etnon
530 3849 612 3897 est
644 3842 901 3911 iniquitas
933 3842 990 3897 in
1013 3856 1078 3898 eo
1102 3859 1117 3897 :
1143 3841 1285 3898 unde
1313 3841 1361 3897 si
1395 3857 1502 3897 una
1537 3841 1647 3897 sola
1679 3841 1879 3914 syllaba

326 3932 683 3998 subtrahitur,
727 3932 1054 4002 blasphemia
1114 3933 1360 4002 protinus
1423 3932 1478 3988 in
1529 3932 1697 3988 Deum
1763 3934 1879 3989 sine

328 4022 653 4076 cunctatione
677 4019 1048 4077 committitur.
1077 4021 1136 4078 Si
1171 4036 1300 4094 ergo
1322 4023 1480 4079 unius
1520 4023 1736 4096 syllabae
1765 4033 1879 4080 tan-

328 4119 428 4164 tum
476 4111 530 4165 in
577 4110 745 4166 Deum
796 4111 1066 4182 piaculum
1125 4113 1296 4185 gignit
1351 4113 1571 4181 ablatio,
1619 4122 1876 4185 quantum

327 4208 471 4269 putas
500 4209 577 4256 tot
604 4211 782 4272 potest
824 4202 1119 4260 dictionum
1156 4205 1351 4262 recisio
1387 4206 1757 4278 ignorantibus
1785 4222 1878 4278 ge-

327 4304 503 4346 nerare
552 4291 926 4362 dispendium?
977 4294 1233 4361 Quamvis
1280 4296 1352 4350 sit
1379 4296 1434 4350 in
1485 4297 1589 4351 hoc
1634 4297 1778 4352 facto
1823 4306 1878 4352 et

1988 3204 2207 3277 longum
2237 3216 2322 3262 est
2347 3208 2689 3263 dinumerare
2717 3207 3041 3278 signiﬁcans.
3081 3208 3151 3264 At
3184 3209 3275 3265 ille
3305 3209 3560 3267 divinitus

1985 3297 2283 3371 inspiratus
2316 3299 2412 3355 tibi
2455 3299 2793 3355 rescribens:
2821 3300 2916 3366 Si,
2962 3300 3167 3370 inquit,
3214 3301 3289 3356 ita
3311 3310 3431 3368 est,
3459 3317 3559 3356 no-

1984 3399 2203 3461 stroque
2223 3399 2285 3444 ut
2307 3390 2522 3460 scriptis
2541 3390 2849 3459 praesulatui
2872 3390 3134 3447 intimasti
3152 3431 3168 3458 ,
3194 3399 3250 3446 et
3281 3400 3555 3463 gestorum

1984 3479 2126 3534 serie
2153 3479 2529 3535 demonstrasti
2554 3519 2569 3544 ,
2601 3480 2777 3550 (quod
2825 3489 2881 3535 tu
2920 3480 2988 3535 de
3019 3489 3168 3536 textu
3198 3481 3412 3551 penitus
3432 3495 3556 3543 era-

1984 3570 2125 3640 sisti)
2157 3578 2304 3625 ratas
2320 3570 2539 3625 easdem
2569 3571 2911 3642 (subauditur
2937 3570 3305 3641 diﬂinitiones)
3338 3579 3554 3640 apostoe

1983 3657 2085 3715 lica
2104 3660 2531 3731 promulgamus,
2562 3674 2669 3716 non
2696 3662 2751 3716 in
2776 3662 3049 3728 omnibus,
3071 3671 3132 3717 ut
3152 3662 3263 3731 ipse
3279 3661 3554 3729 addidisti,

1982 3748 2100 3805 fore
2124 3751 2467 3819 auctoritate,
2496 3766 2816 3822 semperque
2849 3762 3069 3808 manere
3097 3752 3401 3809 statuimus.
3451 3751 3555 3808 De-

1982 3840 2106 3897 inde
2149 3841 2492 3911 subjunctum
2537 3852 2660 3909 est,
2705 3844 2848 3914 quod
2890 3851 2949 3900 tu
2980 3843 3135 3913 longe
3154 3841 3319 3897 aliter
3338 3845 3554 3898 mutasti

1981 3932 2251 3998 scribens,
2278 3941 2339 3988 ut
2364 3932 2490 3988 inde
2513 3933 2739 4004 quaestio
2781 3932 2942 3988 nullis
2985 3930 3272 4003 aliquando
3302 3932 3556 4001 tempori-

1978 4025 2079 4081 bus
2101 4026 2327 4081 oriatur.
2367 4024 2521 4083 Nunc
2546 4032 2724 4080 autem
2761 4039 2885 4081 cum
2913 4023 2991 4079 ita
3020 4038 3128 4079 non
3149 4021 3345 4090 fuisse,
3376 4031 3483 4080 tam
3518 4039 3549 4078 a

1977 4116 2153 4182 nobis,
2178 4130 2338 4186 quam
2363 4123 2609 4171 a‘sancto
2633 4114 2859 4171 concilio
2888 4112 3265 4171 vestro-fuerit
3298 4128 3548 4184 compro-

1975 4204 2179 4269 batum,
2208 4205 2352 4276 quod
2390 4206 2590 4261 dudum
2633 4220 3010 4278 suggesseras,
3033 4204 3237 4263 merito
3253 4204 3306 4259 in
3333 4205 3549 4262 irritum

1977 4296 2199 4352 ductum
2240 4306 2358 4365 est,
2405 4299 2547 4368 quod
2586 4307 2774 4354 contra
2821 4296 3053 4367 dejectos
3091 4313 3203 4359 non
3237 4296 3551 4367 simpliciter

326 4380 457 4486 aliud
484 4385 723 4486 quoque;
743 4383 1048 4486 subtililiter
1077 4385 1548 4486 considerandum.
1582 4386 1717 4486 Nam
1746 4403 1869 4443 cum
1897 4425 1950 4486 Β
1973 4387 2381 4486 impetraveras.
2439 4389 2568 4486 _Sed-
2586 4390 2654 4486 ad
2680 4389 3012 4486 propositum
3044 4387 3545 4486 redeamuszlgitor

219 4494 229 4502 -
327 4474 666 4528 anatltetnatis
696 4474 1046 4544 interpositio,
1073 4492 1178 4531 non
1218 4478 1391 4532 solum
1435 4477 1578 4545 illos,
1613 4480 1705 4549 qui
1747 4494 1872 4535 con-

328 4569 398 4613 tra
424 4561 679 4616 beneficia
708 4561 802 4617 tibi
831 4578 1085 4619 concessa
1107 4566 1471 4633 committunt,
1494 4581 1680 4623 verum
1708 4568 1872 4623 etiam

327 4658 375 4703 et
399 4649 506 4711 hos,
541 4649 631 4718 qui
658 4649 780 4718 jura
807 4651 953 4706 sedis
988 4654 1296 4722 apostolica:
1321 4662 1524 4711 temere
1551 4656 1869 4723 dissolvunt,

327 4739 710 4807 complectendo
735 4742 1011 4811 percellat,
1034 4753 1089 4799 et
1123 4754 1177 4799 tu
1209 4744 1380 4816 ipsam
1410 4732 1870 4819 interpositionem

329 4830 705 4896 anathematis,
754 4847 875 4902 quae
928 4836 996 4889 ad
1062 4836 1205 4891 sedis
1251 4837 1555 4908 apostolicae
1597 4839 1871 4909 pertinent

327 4920 582 4990 privilegia
640 4932 863 4989 tacens,
921 4935 1044 4994 post
1092 4936 1299 4981 textum
1345 4929 1719 4999 przecéplionis
1772 4930 1866 4986 tibi

329 5024 596 5077 concessae,
647 5013 701 5067 in
753 5027 817 5068 eo
874 5015 1132 5071 duntaxat
1186 5017 1331 5086 quod
1381 5025 1433 5072 te
1479 5017 1675 5072 mulcet
1726 5034 1866 5074 com-

328 5101 708 5168 memoraveris,
752 5113 936 5175 aperte
963 5105 1135 5160 claret
1176 5115 1226 5160 te
1277 5121 1375 5162 nos
1421 5107 1729 5177 liujusmodi
1773 5125 1862 5164 ar-

328 5199 555 5260 gumento
600 5191 789 5247 callide
837 5193 1115 5266 tetigisse:
1171 5211 1293 5250 cum
1336 5196 1581 5266 profecto
1629 5182 1862 5267 liqueat,

328 5281 393 5335 sic
432 5281 559 5337 illud
607 5282 880 5337 vinculum
933 5285 1293 5340 anathematis
1346 5288 1644 5342 decessoris
1696 5291 1864 5344 nostri

326 5369 573 5427 decretum
620 5389 727 5429 non
789 5376 1141 5431 observantes
1204 5377 1528 5447 percellere,
1584 5387 1640 5433 ut
1688 5389 1866 5435 tamen

326 5459 396 5528 jus
432 5465 735 5531 apostolica:
778 5466 924 5521 sedis
963 5481 1176 5538 semper
1216 5477 1431 5523 maneat
1478 5467 1781 5535 illibatum;
1813 5479 1869 5526 et

325 5550 364 5605 si
403 5552 467 5607 ita
514 5571 633 5610 esse
687 5560 830 5626 quod
883 5559 1292 5631 suggerebatur,
1350 5560 1489 5615 foret
1545 5575 1644 5632 per
1685 5563 1864 5616 omnia

298 5646 723 5704 'mmnrobatum.
783 5650 934 5710 Quod
989 5666 1117 5718 ergo
1168 5668 1266 5710 nos
1313 5653 1367 5709 in
1417 5668 1579 5710 causa
1633 5653 1865 5723 dejecto-

1976 4478 2189 4533 tandem
2211 4477 2507 4548 aliquando,
2523 4479 2736 4535 clericis
2755 4494 2897 4551 sape
2921 4477 3253 4538 memoratis.
3281 4476 3372 4546 qui
3406 4490 3546 4530 sem-

1972 4583 2069 4637 per
2096 4568 2163 4623 ad
2187 4569 2742 4639 apostolicamsedem
2783 4569 3218 4641 appellaverunt,
3248 4566 3407 4621 etiam
3454 4582 3548 4619 no-

1974 4657 2060 4712 bis
2101 4656 2300 4714 litteris
2346 4659 2459 4715 suis
2517 4660 2955 4730 prodejectioue
2996 4673 3110 4716 sua:
3152 4655 3544 4727 querimoniam

1971 4750 2397 4817 exponentibus,
2422 4749 2544 4806 'non
2571 4750 2675 4805 fuit
2695 4748 3096 4816 dissimulandi,
3126 4764 3239 4807 non
3268 4746 3368 4802 fuit
3392 4746 3544 4801 nobis

1973 4837 2184 4891 tacendi
2233 4838 2478 4904 libertas,
2521 4839 2716 4906 quibus
2765 4836 2940 4906 major
2976 4835 3544 4901 cunctis,Cbristianaa

1950 4924 2248 4997 religionis
2277 4927 2425 4983 zelus
2464 4927 2742 4982 incumbit.
2792 4928 2870 4982 Ac
2895 4928 3015 4984 ideo
3046 4927 3278 4996 primum
3310 4926 3404 4981 tibi
3435 4927 3537 4980 mi-

1973 5016 2172 5083 simus,
2203 5016 2281 5071 uti
2314 5025 2764 5073 commemoratos
2790 5017 2965 5080 viros,
2995 5015 3265 5071 Wlfadum
3304 5015 3537 5079 scilicet,

1970 5107 2307 5176 collegasque
2348 5106 2549 5177 ipsius,
2600 5106 2848 5162 clementi
2891 5107 3072 5162 animo
3111 5107 3353 5163 studeres
3390 5105 3456 5160 ad
3487 5113 3539 5159 te

1970 5200 2245 5261 revocare,
2278 5195 2627 5265 depositaque
2648 5196 2796 5251 omni
2821 5195 3062 5252 funditus
3087 5196 3449 5260 animositate,
3473 5198 3540 5251 de

1968 5285 2308 5341 restitutione
2330 5285 2566 5355 ipsorum
2596 5294 2773 5340 tecum
2803 5285 3039 5342 fraterne
3069 5296 3346 5353 tractares,
3377 5296 3539 5354 atque

1968 5376 2391 5432 misericorditer
2442 5390 2820 5432 consummare
2852 5377 3251 5442 contenderes,
3298 5375 3535 5443 alioquin

1969 5468 2037 5522 ad
2057 5466 2341 5522 concilium
2371 5482 2494 5522 cum
2531 5468 2739 5526 caeteris
2778 5468 2833 5525 in
2869 5467 2975 5530 illis
3004 5466 3309 5538 regionibus
3334 5462 3535 5526 consti-

1967 5560 2098 5616 tutis
2124 5560 2542 5631 archiepiscopis
2571 5568 2628 5615 et
2649 5560 2948 5631 episcOpis.,
2982 5560 3177 5630 quibus
3207 5564 3265 5611 el
3286 5569 3384 5624 n05
3402 5566 3523 5622 quo-

1966 5666 2070 5720 que
2120 5666 2218 5721 pro
2258 5651 2359 5706 hoc
2416 5651 2530 5721 ipso
2572 5651 2887 5722 scripsimus
2911 5691 2937 5717 ,,
2976 5649 3147 5719 simul
3181 5659 3531 5707 occurreres:
