2030 3169
241 139 307 167 1107
902 138 1025 167 NICOLA

1078 137 1157 166 AP/E
1172 136 1182 164 Ι

1804 131 1885 170 11⁸38

238 201 370 232 quatenus
389 204 484 224 omnes
509 197 534 223 iu
555 204 636 223 unum
658 197 849 223 convenientes
870 203 966 223 causas
978 203 1026 222 eo—
1040 198 1064 225 Α
1078 195 1207 229 loquens,
1222 194 1293 228 quod
1315 199 1341 221 tu
1363 193 1536 222 dilﬁnitiones
1556 194 1614 222 illas
1631 194 1657 221 in
1679 195 1787 228 synodo
1809 202 1884 222 cum

238 241 360 269 rumdem
384 241 544 268 clericorum
572 240 779 272 examinaretis,
809 244 837 267 et
861 248 914 267 non
936 240 1025 274 aliqua

238 290 392 321 emergente
405 285 611 320 disceptatione,
630 285 685 312 Deo
700 292 755 319 pm
773 285 858 312 oculis
871 285 962 311 habito
976 284 1027 311 dif-

244 332 368 360 ﬁniretis.
395 332 422 359 Si
445 339 508 359 vero
523 331 649 366 quaelibet
670 332 739 358 inter
757 336 848 366 partes
869 331 1027 366 disceptatio

240 379 393 413 proveniret
406 399 412 411 ,
429 379 462 404 ad
476 377 566 405 sedem
585 377 757 412 apostolicam
771 398 778 411 ,
799 382 923 405 nostrum
937 385 1027 405 susce-

240 427 326 458 pturze
355 423 469 458 speciale
497 422 628 456 judicium
660 430 781 457 personat
805 423 878 449 vices
906 426 1028 449 tenentes

238 468 380 502 utriusque
399 467 493 494 lateris
513 467 697 494 convenirent.
717 465 776 499 Quo
788 466 834 494 Dei
849 467 941 502 gratia:
951 467 1028 502 juva-

238 513 311 539 mine
323 515 448 547 peracto,
463 512 630 546 suscepimus
651 519 722 539 nunc
741 511 844 538 litteras
864 510 1027 545 amplecten-

236 559 276 585 dm
291 557 444 585 dilectionis
465 558 584 584 onmium
608 561 740 589 vestrum,
760 556 980 584 manifestissime
991 556 1026 583 si-

236 603 414 638 gniﬁcantes,
443 604 539 630 crebro
565 607 728 631 memoratos
756 602 871 630 clericos
903 609 918 629 a
946 601 1026 629 totius

237 656 355 675 consona
378 656 443 676 voce
463 648 569 676 concilii
593 649 687 684 dignos
702 650 832 683 graduum
853 654 962 674 suorum
983 654 1026 674 re-

236 694 360 728 ccptione
380 694 576 728 pronuntiatos.
607 692 658 720 Ubi
679 692 751 719 nulla
762 713 769 719 .
785 692 855 719 sicut
868 692 968 719 eisdem
982 691 1026 718 lit-

238 740 303 766 teris
325 740 423 768 vestris
445 739 609 774 reperimus,
624 737 782 772 disceptatio
796 738 929 772 provenit,
942 737 1024 769 nulla,

237 785 308 812 sicut
320 789 442 820 putatum
457 784 561 816 fuerat,
576 784 694 810 varietas
707 783 757 810 alia
772 786 853 817 atque
866 782 918 808 alia
931 781 1025 809 defen-

237 829 357 856 dentium
379 829 477 856 accidit
494 837 502 861 ;
521 827 610 855 nullus
632 832 782 860 accusator,
798 827 886 855 nullus
900 826 1026 856 coudem-

1077 241 1182 268 cmteris
1193 240 1332 275 episcopis
1353 240 1479 271 collecta,
1498 240 1575 274 juxta
1597 239 1753 268 relationem
1777 241 1886 275 utique

1078 292 1161 318 tuam,
1175 286 1292 321 propriis
1307 286 1398 321 digitis
1412 285 1593 317 roboraveris,
1605 285 1762 313 manifestat
1771 286 1784 312 τ
1794 285 1884 319 Quod

1077 333 1179 361 sidicis
1194 352 1202 366 ,
1223 339 1359 367 nunquam
1382 336 1407 359 te
1428 332 1454 359 in
1478 332 1522 358 illa
1541 332 1643 367 synodo
1659 332 1883 367 subscripsisse.

1076 385 1140 414 ergo
1155 385 1205 405 nec
1217 379 1342 405 decessor
1357 382 1450 405 noster
1464 378 1581 413 aliquam
1600 378 1647 405 tibi
1661 378 1798 414 synodum
1820 379 1884 413 pri-

1078 423 1173 458 vilegio
1193 431 1242 451 suo
1258 423 1384 450 ﬁrmavit.
1414 422 1516 457 Quippe
1535 431 1595 450 cum
1617 424 1673 458 ipse
1695 431 1774 456 eam,
1789 431 1882 458 quam

1077 468 1237 496 auctoritate
1249 467 1395 502 apostolica
1411 467 1558 499 stabilivit,
1576 468 1692 502 propriis
1710 468 1809 503 digitis
1823 469 1883 496 tuis

1078 518 1103 541 te
1114 513 1266 547 specialiter
1277 513 1419 541 roborasse
1432 517 1635 541 commemoret.

1108 556 1169 587 Jam
1192 564 1268 589 vero,
1291 557 1362 591 quod
1383 557 1409 584 in
1434 557 1546 592 epistola
1567 562 1612 584 tua
1632 557 1709 584 nobis
1723 558 1881 593 scripsisti,

1078 602 1170 628 dicens
1184 602 1341 629 eorumdem
1355 603 1514 630 clericorum
1523 602 1658 630 salubrem
1669 611 1701 635 ac
1716 603 1881 638 regularem

1077 652 1175 675 statum
1196 651 1223 674 et
1240 648 1346 682 cupisse
1359 652 1385 675 te
1402 652 1430 675 et
1443 656 1556 683 cupere,
1571 653 1598 675 et
1612 649 1741 683 quaesisse
1758 654 1787 676 et
1801 657 1882 683 qua:-

1078 700 1153 725 rere,
1174 693 1236 727 quis
1253 693 1365 721 audiens
1389 700 1482 721 eorum
1504 694 1550 729 qui
1571 702 1681 721 cursum
1702 695 1805 729 negotii
1835 695 1881 721 vel

1079 738 1269 766 controversia:
1280 738 1359 772 hujus
1373 739 1457 771 novit,
1470 746 1522 766 non
1537 739 1660 771 miretur,
1672 743 1699 766 et
1709 747 1763 767 non
1778 739 1880 766 obstu-

1076 783 1187 818 pescat?
1202 783 1287 810 Porro
1298 783 1320 810 si
1336 783 1444 818 cupisti,
1461 783 1504 810 ubi
1515 786 1558 810 est
1573 787 1720 816 certamen,
1733 784 1808 818 quod
1826 791 1880 818 pro

1078 836 1171 856 eorum
1184 848 1191 861 ,
1210 832 1241 855 ut
1251 833 1314 863 pote
1336 828 1464 860 ﬁliorum,
1485 828 1688 863 recuperatione
1709 829 1879 863 sumpsisti?

237 878 316 901 nalor
340 879 462 909 repertus
476 877 535 901 est:
560 873 606 900 sed
632 876 790 900 cunctorum
810 879 863 899 una
878 872 1026 905 eademque
1042 869 1064 899 Β
1078 872 1112 900 Ει
1125 873 1147 899 si
1160 873 1292 907 quaesisti,
1315 873 1360 900 ubi
1375 873 1503 908 apparet?
1525 873 1571 900 ubi
1589 873 1669 900 datur
1680 872 1776 900 saltem
1793 873 1879 900 intel-

238 920 371 947 senlentia
386 939 393 951 ,
416 924 496 953 atque
516 919 542 946 in
566 918 734 946 restitutioae
760 918 878 952 ipsorum
905 916 1026 943 dilIinitio

238 965 354 998 claruit,
377 965 478 992 eisdem
502 964 618 991 innoxiis
640 971 654 989 a
671 967 828 990 cunctorum
851 962 1027 989 unanimitate

236 1009 323 1036 modis
337 1009 463 1035 omnibus
484 1009 647 1042 approbatis.
669 1008 739 1042 Ergo
757 1007 779 1034 si
794 1007 894 1034 innoxii
910 1011 973 1037 sunt
988 1006 1026 1034 illi

236 1053 372 1088 quondam
384 1052 495 1087 depositi
510 1052 543 1079 ab
556 1052 732 1078 unanimitate
742 1051 860 1078 omnium
874 1050 1024 1085 approbati.

236 1098 282 1132 qul
296 1098 476 1131 deposuerant
491 1097 624 1131 quomodo
647 1096 700 1124 sint
720 1096 820 1123 innoxii
837 1097 913 1131 jure,
937 1096 1025 1123 nesci-

236 1150 306 1170 mus.
326 1142 435 1172 Arridet
455 1145 545 1169 autem
565 1141 643 1175 hujus
660 1141 845 1168 unanimitatis
856 1144 951 1168 vestra:
965 1148 1027 1167 sen-

234 1188 339 1221 tentim,
356 1192 436 1223 atque
458 1187 625 1220 difﬁnitioni,
643 1188 723 1214 etiam
748 1192 808 1220 tua,
831 1187 953 1222 quamvis
974 1193 1026 1213 non

235 1233 347 1267 simplex
357 1253 364 1265 ,
388 1233 520 1260 submissa
534 1237 623 1259 tamen
635 1232 766 1266 professio
775 1251 783 1264 ,
804 1239 856 1266 qua
874 1238 927 1259 non
940 1231 1025 1258 solum

233 1279 340 1306 eosdem
358 1277 455 1305 fratres
468 1298 474 1310 ,
502 1282 529 1305 et
554 1281 631 1304 antea
645 1281 671 1304 te
687 1277 796 1304 minimc
812 1277 846 1304 ab
859 1276 945 1304 oﬁicio
962 1283 1023 1303 sus-

235 1323 370 1357 pendisse,
384 1323 425 1349 vel
437 1323 589 1357 iudicasse,
604 1326 650 1348 aut
667 1329 682 1349 a
702 1321 830 1356 gradibus
844 1321 954 1356 eiecisse
969 1321 1026 1348 sive

236 1367 262 1393 in
279 1367 432 1402 repulsione
443 1368 563 1402 ipsorum
576 1366 779 1401 subscripsisse,
795 1373 888 1393 verum
902 1366 983 1393 etiam
1000 1370 1027 1393 et

235 1420 306 1438 nunc
317 1412 349 1439 ad
363 1412 505 1448 synodum,
522 1412 591 1440 sicut
604 1419 653 1439 nos
663 1412 848 1447 praecepimus,
858 1412 1026 1445 convenisse,

238 1461 266 1483 et
287 1457 329 1484 bis
351 1464 410 1492 quae
431 1457 463 1484 de
484 1456 653 1484 restitutione
668 1456 774 1483 illorum
790 1457 881 1483 caeteri
892 1456 1026 1483 antistites

238 1508 442 1535 consenserunl,
458 1504 629 1538 paratissime
643 1503 769 1531 annuisse
778 1523 785 1536 ,
798 1507 825 1530 et
839 1503 1028 1537 obtemperare

1078 918 1143 953 ligi?
1156 919 1255 947 Verum
1273 920 1384 947 ostende
1402 924 1429 947 tu
1447 920 1526 948 nobis
1540 921 1647 955 quando
1662 925 1762 948 statum
1775 928 1879 947 eorum

1077 964 1222 999 cupiveris,
1236 964 1278 992 vel
1292 965 1448 999 quaesieris,
1462 969 1489 993 et
1499 973 1550 993 nos
1560 966 1732 994 ostendemus
1746 966 1795 992 tibi
1811 973 1878 1000 pro-

1077 1008 1181 1037 lixitate
1201 1008 1311 1036 dimissa
1332 1009 1459 1042 breviter,
1477 1010 1547 1043 quod
1566 1017 1620 1037 non
1632 1013 1731 1036 statum
1742 1029 1749 1041 ,
1765 1009 1813 1036 sed
1828 1017 1878 1036 ca-

1077 1061 1137 1080 sum
1159 1061 1265 1088 semper
1285 1062 1379 1082 eorum
1399 1054 1532 1089 cupiveris
1553 1059 1581 1082 et
1603 1055 1770 1090 quassu-eris.
1801 1054 1878 1082 Nam

1077 1097 1141 1132 quid
1154 1103 1196 1125 est
1215 1098 1285 1132 quod
1301 1097 1424 1126 obtinere
1443 1099 1522 1126 modo
1538 1098 1641 1134 legatis.
1664 1099 1743 1125 modo
1760 1098 1877 1131 litteris,

1078 1142 1147 1176 apud
1168 1142 1324 1170 deccssores
1345 1150 1438 1175 meos,
1459 1143 1575 1170 Leonem
1599 1142 1701 1170 scilicet
1718 1147 1745 1169 et
1758 1142 1877 1169 Benedi-

1078 1190 1151 1214 ctum
1176 1186 1261 1214 beala:
1285 1186 1480 1214 recordationis
1503 1187 1645 1221 pontiﬁces
1674 1191 1698 1213 te
1720 1194 1819 1221 cupere
1846 1192 1876 1214 cl

1077 1238 1199 1265 quaerere
1214 1230 1350 1266 signiﬁcas
1363 1251 1370 1263 ,
1394 1231 1444 1258 nisi
1462 1235 1491 1258 ut
1511 1239 1605 1258 eorum
1626 1231 1733 1266 quidem
1755 1231 1875 1265 dejectio

1079 1276 1211 1309 ﬁrmetur,
1234 1276 1369 1304 restitutio
1393 1284 1457 1304 vero
1480 1284 1616 1311 nunquam
1633 1281 1764 1312 speretur,
1789 1283 1877 1304 casus

1078 1326 1207 1357 perpetuo
1222 1322 1373 1354 roboretur,
1397 1326 1483 1349 status
1496 1322 1640 1357 aliquando
1654 1322 1763 1349 minime
1783 1321 1874 1348 refor-

1078 1366 1183 1393 metur?
1198 1365 1267 1393 Ecce
1278 1366 1411 1400 quomodo
1429 1370 1528 1393 statum
1545 1374 1639 1393 eorum
1655 1365 1790 1400 cupivisti,
1805 1373 1875 1392 ecce

1078 1410 1211 1445 quomodo
1227 1414 1325 1437 statum
1338 1410 1467 1444 quaesisti.
1489 1410 1542 1437 Sed
1555 1410 1621 1437 dicis
1635 1410 1758 1442 fortasse,
1775 1415 1801 1437 te
1815 1418 1874 1441 non.

1078 1455 1290 1490 qualemcunt‘lue
1301 1459 1400 1482 statum
1412 1455 1570 1488 eorum,sed
1580 1455 1714 1483 salubrem
1723 1463 1754 1482 ac
1767 1455 1871 1489 regula-

1079 1507 1136 1526 rem
1148 1500 1281 1535 cupivisse
1296 1505 1376 1534 atque
1389 1500 1527 1535 quaesisse.
1559 1500 1659 1528 Verum
1677 1500 1718 1527 vel
1737 1500 1788 1527 hoc
1808 1500 1871 1534 qui-

238 1555 349 1576 curasse
364 1537 482 1575 testaris.
494 1547 575 1582 Cujus
589 1548 670 1575 etiam
683 1554 780 1574 nomen
793 1548 820 1575 in
835 1547 947 1582 epistola
960 1554 1024 1582 syn~
1040 1537 1063 1569 (ἶ
1079 1543 1171 1572 ὶιυενὶε
1193 1545 1290 1572 exhibe
1312 1545 1423 1572 leslibus
1435 1566 1442 1577 ,
1471 1549 1517 1572 aut
1540 1545 1637 1580 quibus
1658 1545 1733 1580 cupis
1756 1545 1871 1573 Ostende

237 1593 326 1624 odica,
354 1592 423 1619 sicut
443 1599 501 1626 ejus
519 1592 613 1619 relatio
633 1592 747 1623 indicat,
766 1599 819 1619 una
832 1599 892 1618 cum
906 1599 1024 1620 conven-

236 1637 368 1664 nientium
381 1636 494 1663 fratrum
509 1640 537 1663 et
548 1636 768 1664 consacerdotum
781 1636 933 1663 nominibus
952 1636 1025 1671 pari-

237 1686 279 1709 ter
292 1682 439 1717 ascriptum
454 1682 591 1709 inventum
606 1685 656 1708 est.

270 1728 337 1755 illud
360 1733 451 1755 tamen
475 1727 564 1755 ridere
585 1727 683 1760 libuit,
708 1728 778 1762 quod
803 1728 956 1756 fraternitas
980 1733 1024 1756 tua

236 1773 332 1800 crebro
347 1776 510 1800 memoratos
525 1772 638 1799 clericos
652 1773 685 1799 ab
698 1772 785 1800 otiicio
796 1780 827 1800 se
840 1774 950 1801 minime
964 1782 1024 1802 sus-

235 1817 370 1852 pendisse,
386 1817 427 1844 vel
441 1816 588 1851 iudicasse,
604 1821 649 1844 aut
662 1825 677 1843 a
688 1817 816 1852 gradibus
831 1818 945 1852 ejecisse
958 1819 1025 1846 fate-

237 1868 281 1890 tur
295 1872 301 1890 :
315 1863 466 1898 prmserlim
482 1870 543 1890 cum
563 1862 618 1890 tunc
640 1870 693 1890 non
714 1863 829 1890 veritate
852 1863 916 1891 fulta
936 1864 1026 1892 multis

237 1909 318 1936 etiam
344 1910 493 1944 probentur
523 1908 638 1936 indiciis.
674 1907 727 1935 Sed
753 1909 878 1943 quamvis
903 1909 1026 1943 superius

236 1954 392 1983 summatim
417 1953 598 1988 tetigissemus
620 1960 680 1986 quae
704 1956 780 1988 gesta
802 1957 881 1985 sunt,
903 1953 1026 1981 nolumus

235 2005 326 2027 tamen
350 2000 409 2027 haec
431 1999 546 2033 pleniter
567 2006 732 2034 exaggerare
747 2019 754 2031 ,
777 2007 811 2032 ne
834 1999 1026 2034 compellamur

236 2051 296 2079 quas
318 2044 398 2078 digna
421 2048 482 2070 sunt
494 2043 625 2077 judicare.
646 2043 713 2071 Nam
731 2044 783 2072 nisi
800 2048 826 2071 tu
849 2044 919 2076 illos,
942 2044 1024 2071 etiam

236 2094 298 2117 ante
320 2096 427 2117 omnem
451 2090 612 2117 audientiam
626 2110 634 2123 ,
660 2094 686 2117 et
705 2090 793 2117 adhuc
810 2097 872 2117 cum
888 2090 920 2117 ad
935 2094 961 2117 te
972 2097 1025 2125 non

235 2138 411 2166 accusantes.
441 2134 487 2161 scd
512 2135 722 2162 miscricordiam
745 2135 911 2170 postulantes
934 2142 1026 2163 acccc.

1077 1589 1290 1624 probationibus.
1316 1589 1382 1616 Nam
1399 1594 1462 1622 tua,
1487 1597 1537 1617 nec
1559 1589 1610 1617 alia
1633 1598 1692 1624 qua:
1713 1597 1796 1625 penes
1817 1597 1868 1618 nos

1077 1634 1198 1669 rejacent
1210 1655 1218 1668 ,
1240 1635 1273 1662 de
1289 1639 1314 1662 te
1333 1635 1385 1662 tale
1409 1635 1472 1670 quid
1486 1635 1604 1663 iudicant
1616 1636 1731 1671 scripta;
1746 1644 1807 1663 cum
1819 1644 1865 1671 po-

1078 1680 1131 1707 tius
1153 1680 1186 1707 ad
1201 1680 1381 1707 omnimodam
1399 1681 1504 1708 ruinam
1520 1681 1637 1716 ipsorum
1649 1681 1775 1709 allectum
1790 1686 1866 1709 tuum

1074 1726 1174 1761 iugiter
1196 1726 1327 1754 intentum
1345 1726 1429 1754 fuisse
1448 1731 1571 1762 patenter
1592 1727 1737 1756 insinuent.
1765 1727 1807 1755 Ad
1820 1734 1868 1754 ex-

1080 1776 1207 1804 tremum,
1220 1772 1242 1798 si
1259 1776 1287 1799 tu
1307 1779 1354 1799 eos
1365 1780 1418 1799 non
1431 1772 1550 1807 dejecisti
1561 1793 1568 1805 ,
1588 1779 1670 1807 quare
1684 1779 1736 1800 non
1752 1780 1813 1800 cum
1827 1772 1868 1799 tui

1078 1817 1178 1844 fuerint
1191 1817 1302 1844 erexisti
1312 1818 1323 1843 ?
1335 1817 1394 1844 Jam
1408 1825 1482 1850 vero,
1501 1818 1525 1846 si
1539 1822 1566 1846 et
1579 1818 1606 1845 id
1620 1822 1665 1845 tua
1679 1817 1736 1845 sola
1752 1817 1869 1846 auctori-

1080 1866 1133 1889 tate
1147 1869 1227 1897 agere
1239 1863 1381 1897 ncquivisti
1391 1883 1398 1896 ,
1412 1871 1496 1898 quare
1509 1871 1557 1899 pro
1573 1864 1613 1892 eis
1625 1863 1778 1899 apostolica:
1794 1863 1869 1891 sedis

1078 1907 1267 1934 auctoritatem
1291 1915 1344 1935 non
1370 1909 1505 1943 petivisti?
1531 1917 1613 1943 quam
1642 1909 1682 1937 sie
1704 1913 1799 1937 contra
1819 1917 1868 1937 eos

1079 1953 1182 1980 utinam
1196 1960 1250 1980 non
1261 1953 1385 1988 petisses.
1407 1953 1435 1981 Si
1447 1955 1557 1991 quidem
1572 1955 1616 1983 ubi
1628 1960 1670 1983 est
1683 1955 1770 1988 dolor,
1784 1963 1866 1990 quem

1078 2006 1126 2035 pro
1140 1999 1191 2032 eis,
1207 2003 1235 2025 ut
1248 2003 1308 2033 pote
1319 2006 1367 2034 pro
1388 1999 1449 2026 ﬁliis
1459 2020 1467 2033 ,
1484 2000 1640 2028 incurristi’
1661 2001 1705 2028 ubi
1720 2005 1761 2028 est
1771 2000 1867 2028 saltem

1079 2043 1199 2071 modicus
1212 2042 1286 2071 labor
1295 2063 1302 2076 ,
1316 2051 1394 2078 quem
1408 2052 1457 2080 pro
1469 2044 1640 2072 restituendis
1652 2045 1705 2073 illis
1719 2045 1868 2073 clementer

1078 2088 1234 2123 arripuisti?
1256 2087 1384 2121 Quamvis
1406 2089 1476 2117 forte
1494 2097 1586 2117 verum
1604 2090 1654 2122 sit,
1674 2090 1745 2125 quod
1758 2094 1784 2117 te
1795 2090 1868 2124 deje-

1078 2134 1161 2162 ctioni
1175 2141 1267 2162 eorum
1285 2134 1454 2162 condoluisse
1469 2139 1497 2163 et
1514 2135 1595 2163 statui
1609 2137 1726 2171 gaudere
1738 2136 1865 2163 testaris:

237 2180 330 2211 serint,
344 2180 378 2206 ab
392 2179 480 2206 cilicio
500 2180 659 2213 suspendisti
672 2189 678 2213 ;
700 2179 762 2215 quid
781 2184 822 2207 est
835 2181 905 2214 quod
919 2180 944 2207 in
958 2180 1026 2208 actis
1039 2190 1065 2221 Β
1079 2179 1130 2207 lioc
1142 2180 1272 2207 duntaxat
1285 2180 1365 2207 modo
1376 2201 1383 2213 ,
1399 2185 1429 2207 ut
1450 2180 1519 2207 sicut
1533 2182 1567 2208 de
1580 2180 1729 2215 dejectione
1746 2181 1866 2215 ipsorum

237 2225 344 2252 concilii
359 2225 406 2257 tui,
420 2224 490 2259 quod
504 2224 563 2258 ipse
576 2225 609 2252 ad
624 2225 715 2252 sedem
730 2225 903 2259 apostolicam
914 2226 1022 2259 misisti,

237 2279 251 2297 a
267 2275 292 2297 te
307 2271 429 2305 suspensi
443 2270 476 2297 ab
489 2269 577 2297 ollicio
598 2269 680 2297 fuisse
698 2271 898 2300 memorantur?
921 2270 1024 2304 Quibus

236 2323 298 2343 cum
314 2319 406 2342 tacens
427 2315 494 2343 nihil
517 2315 574 2350 ipse
600 2314 782 2349 responderis,
805 2315 869 2349 quid
883 2315 956 2342 aliud
972 2316 1023 2343 nisi

234 2368 300 2388 vera
324 2368 371 2388 eos
390 2365 549 2395 prosecutus
561 2359 669 2387 silentio
691 2363 736 2386 tuo
759 2359 877 2387 tribuisti
901 2364 1024 2394 patenter

234 2405 368 2441 intelligi?
392 2405 422 2432 Et
444 2412 460 2432 e
473 2404 579 2432 diverso
599 2403 635 2430 illi
656 2411 736 2438 super
756 2411 810 2438 quo
824 2404 947 2438 querelas
961 2411 1024 2432 suas

235 2450 332 2478 crebro
356 2451 433 2478 dieue
455 2455 555 2478 sancta:
579 2449 715 2476 memoriae
737 2449 818 2477 Leoni
840 2457 915 2485 papa:
939 2451 1025 2479 mitte-

237 2497 315 2527 bant,
331 2495 372 2522 vel
389 2503 468 2530 quem
480 2495 532 2522 nisi
547 2500 573 2523 te
589 2502 666 2522 suum
684 2495 854 2530 impulsorem
870 2504 884 2523 a
899 2497 1024 2532 gradibus

236 2541 363 2576 propriis,
381 2541 507 2568 infestum
523 2541 584 2574 sibi,
601 2548 679 2575 quem
697 2542 768 2569 circa
785 2549 813 2569 sc
829 2543 909 2570 veluti
920 2549 1024 2578 patrem

235 2586 379 2619 benignum
399 2586 533 2613 debebant
555 2594 718 2621 cognoscere
728 2608 734 2619 ,
749 2587 880 2622 frequenti
896 2588 1025 2616 relatione

236 2631 406 2666 pandebant?
421 2631 568 2663 Postremo,
583 2633 635 2660 nisi
653 2638 679 2660 tu
700 2633 726 2660 in
741 2634 889 2667 dejectione
905 2634 1022 2669 ipsorum

236 2676 419 2711 subscripsisti
430 2697 436 2709 ,
453 2678 506 2704 imo
519 2678 570 2705 nisi
589 2679 671 2706 totius
684 2679 858 2713 depositionis
872 2686 964 2706 eorum
980 2687 1022 2706 se-

236 2723 303 2749 riem
320 2723 377 2758 ipsc
399 2723 546 2758 scripsisti;
569 2724 632 2758 quid
654 2728 696 2752 est
713 2725 782 2760 quod
801 2725 827 2752 in
841 2725 954 2752 subinde
969 2733 1024 2752 me-

237 2773 341 2795 tuorato
355 2768 503 2804 privilegio,
520 2770 590 2803 quod
607 2769 653 2796 tibi
668 2770 702 2796 ab
711 2770 856 2805 apostolica
868 2770 931 2798 sede
947 2771 1023 2797 robo-

236 2815 288 2847 rari
314 2816 421 2849 pctisti,
447 2816 532 2843 beatae
558 2817 693 2844 memoriae
709 2816 836 2845 decessor
858 2825 934 2845 meus
950 2816 981 2844 ad
998 2822 1023 2844 te

1078 2224 1270 2256 coudolueras,
1296 2226 1332 2252 ita
1352 2233 1423 2253 nunc
1447 2226 1480 2253 de
1498 2230 1570 2253 statu
1592 2227 1779 2261 congaudens,
1802 2226 1866 2260 quia
1907 2256 1914 2260 _

1077 2270 1202 2297 videlicet
1215 2278 1265 2297 nec
1279 2275 1341 2298 tunc
1351 2271 1424 2299 casui
1438 2278 1531 2298 eorum
1544 2271 1714 2304 condoluisti,
1729 2279 1778 2298 nec
1794 2278 1866 2298 nunc

1078 2316 1159 2343 statui
1181 2317 1297 2343 fortasse
1318 2317 1480 2352 congaudes.
1511 2317 1563 2344 Sed
1586 2318 1657 2344 inter
1677 2318 1734 2344 lucc
1754 2317 1819 2344 libet
1831 2317 1864 2344 ad

1078 2361 1199 2396 epistola:
1221 2366 1272 2388 tuze
1288 2361 1369 2388 verba
1394 2362 1518 2388 intuitum
1542 2362 1639 2389 mentis
1660 2362 1815 2394 inﬂectere,
1837 2366 1865 2389 et

1078 2414 1157 2441 quarti
1166 2406 1242 2433 nobis
1256 2414 1306 2433 non
1319 2407 1476 2441 simpliciter
1487 2407 1634 2441 scripseris,
1648 2407 1762 2434 strictim
1776 2409 1866 2433 osten-

1077 2453 1150 2479 dere.
1171 2452 1299 2479 llldCCt'llS
1313 2453 1410 2486 quippe
1429 2457 1478 2483 est,
1497 2452 1558 2479 licet
1576 2458 1600 2479 te
1613 2461 1664 2479 non
1677 2452 1786 2487 pudeat,
1807 2452 1864 2479 sedi

1077 2497 1229 2532 apostolica:
1243 2498 1354 2524 subdole
1371 2499 1489 2525 scribere
1501 2518 1507 2529 ,
1532 2498 1581 2524 nisi
1597 2498 1702 2525 astutiae
1718 2503 1770 2524 tua:
1787 2506 1866 2531 argu-

1077 2547 1165 2570 menta
1180 2543 1236 2577 ipsa
1261 2542 1347 2569 valeat
1367 2543 1602 2577 t‘Ollipl‘CllCllthl'C.
1633 2542 1662 2570 lu
1686 2542 1728 2569 illa
1749 2550 1865 2576 namque

1075 2587 1194 2621 epistola:
1210 2592 1260 2613 tino
1274 2588 1424 2613 constantia
1435 2608 1441 2619 ,
1458 2588 1522 2614 nihil
1537 2588 1570 2614 de
1588 2587 1739 2621 abjcctione
1751 2587 1864 2615 clerico-

1077 2641 1135 2659 rum
1147 2641 1240 2660 eorum
1254 2634 1486 2665 t'onnut‘mm‘asli;
1504 2640 1530 2660 ct
1550 2642 1628 2669 quam
1651 2634 1749 2669 injuste
1767 2634 1867 2661 fuerint

1077 2679 1190 2713 depositi
1205 2700 1211 2711 ,
1233 2679 1298 2705 nihil
1322 2680 1427 2713 penitus
1443 2680 1649 2707 demonstrasti:
1663 2688 1723 2708 cum
1745 2685 1771 2707 te
1784 2687 1866 2714 opor-

1078 2725 1159 2751 tuerit
1180 2726 1287 2752 eosdcm
1311 2725 1429 2758 profiteri
1446 2726 1573 2757 clericos,
1595 2734 1643 2761 pro
1662 2726 1868 2753 consecratione

1077 2770 1126 2797 sibi
1143 2777 1192 2805 per
1213 2770 1349 2797 libbont-ui
1373 2770 1484 2801 collata,
1512 2771 1609 2797 nullam
1629 2771 1669 2798 sui
1690 2772 1790 2805 gradus
1810 2771 1866 2804 pati

1077 2815 1202 2843 debuisse
1223 2820 1367 2850 jactur-ain.
1399 2816 1550 2843 Praesertim
1571 2824 1631 2844 cum
1653 2817 1709 2855 ipse
1733 2824 1794 2844 cum
1816 2824 1869 2850 etc;
