4060 6338
851 204 940 217 ραι-κ-
957 207 1032 218 ι-οη*
1049 205 1070 213 ι.

327 286 470 342 “09
1565 272 1924 331 EPISTOLAS
1961 270 2049 326 ET
2088 267 2428 324 DECRETA.
3435 272 3570 361 me

326 398 464 457 teris
492 396 748 451 [rati-mus
796 401 850 448 et
888 389 1219 460 coepiscopis
1263 389 1369 443 tuis
1412 389 1465 442 in
1503 388 1756 458 synodica
1783 386 1896 456 epi-
1925 388 1970 447 Α
1999 397 2098 437 nec
2134 382 2402 452 promotio
2432 381 2510 438 vel
2536 382 2765 454 abjectio
2793 384 3029 453 ipsorum
3068 383 3120 439 in
3167 383 3408 455 synodali
3435 399 3567 440 con-

323 489 466 548 stola
484 531 498 554 ,
527 501 687 558 quam
723 490 792 540 ad
820 485 1001 540 sedem
1037 481 1384 552 apostolicam
1413 480 1772 536 communiter
1796 478 1894 532 mi-
1996 481 2158 526 ventu
2183 472 2358 541 qualis
2384 471 2544 526 fuerit
2583 473 2786 542 liquido
2814 481 3020 542 reperta
3046 481 3129 528 est
3150 514 3163 539 ,
3212 488 3313 528 nec
3355 481 3570 544 aposto-

323 579 512 644 sistis,
548 577 820 632 Ebbonem
862 573 1030 630 solam
1060 572 1216 644 [forte
1240 611 1257 636 ,
1304 569 1497 636 solum,
1524 566 1721 640 Hum]
1759 569 1894 622 iram
1995 563 2114 618 lica:
2138 562 2251 618 sedi
2278 561 2559 618 sufﬁcienti
2587 562 2760 618 relatu
2797 571 3132 629 monstrata,
3157 562 3360 618 idcirco
3382 562 3570 632 paulu-

323 667 615 739 principis‘
639 667 694 721 in
724 681 822 722 sua
851 664 1210 736 qualicunque
1243 660 1390 717 dicta
1427 660 1772 716 damnatione
1817 659 1897 714 in-
1996 653 2106 708 lum
2162 668 2194 708 a
2232 652 2650 708 consummanda
2691 653 3026 708 restitutione
3069 653 3305 722 ipsorum
3353 652 3569 707 interim

324 757 567 813 currisse
592 755 916 825 profitearis.
971 752 1173 808 Verum
1221 751 1268 806 si
1317 749 1390 805 ita
1436 763 1620 805 sacros
1665 762 1898 802 canones
1998 743 2404 801 deliberativum
2449 758 2768 798 consensum
2802 750 3044 798 nostrum
3091 757 3341 798 coercere
3378 757 3568 798 neces-

322 845 677 912 intellexisti,
723 859 847 900 cum
888 843 1008 898 illos
1042 840 1321 910 iudicasti,
1367 839 1560 894 saltem
1592 838 1695 892 hoc
1724 837 1899 907 ipsum
1999 834 2202 890 sarium
2227 832 2498 888 duximus.
2555 831 2752 886 Verum
2782 832 2907 902 quia
2940 832 2994 885 in
3032 833 3389 897 decernendo,
3418 840 3474 888 et
3514 831 3567 886 in

323 936 558 1002 diceres,
583 945 639 992 et
659 935 804 1006 quod
827 934 951 991 hine
979 932 1514 993 noseensuissemus,
1543 936 1603 984 ut
1629 936 1754 996 pote
1779 941 1897 981 ma—
1991 924 2285 996 judicaudo
2306 926 2448 996 quod
2487 925 2744 981 canonice
2773 925 3127 980 deliberatum
3155 934 3270 992 est,
3301 942 3363 982 ac
3403 927 3455 980 in
3482 941 3570 982 re-

316 1026 460 1094 joris
497 1025 832 1082 auctoritatis
854 1064 870 1090 ,
910 1022 1156 1093 amplecti
1194 1019 1565 1077 contenderes.
1609 1017 1715 1072 Per
1737 1016 1900 1072 talem
1999 1017 2286 1074 stituendis
2300 1031 2441 1086 saepe
2466 1015 2626 1071 dictis
2645 1015 2872 1080 clericis,
2901 1023 3063 1086 atque
3087 1016 3141 1070 in
3166 1016 3570 1082 omnibus,Deo

323 1116 474 1171 enim
500 1115 889 1172 confessionem
909 1153 924 1180 ,
948 1126 1110 1182 quam
1137 1109 1286 1166 Ebbo
1313 1108 1503 1165 fecisse
1532 1106 1899 1180 praetenditur,
2000 1109 2265 1179 praeduee,
2293 1109 2432 1164 sicut
2455 1107 2664 1172 decuit,
2691 1115 2746 1162 et
2770 1109 2902 1162 ordo
2931 1107 3195 1178 poposcit,
3229 1115 3408 1162 nostra
3430 1121 3568 1176 prae-

322 1225 488 1265 nemo
533 1209 806 1265 canonica;
857 1205 1187 1263 damnationi
1227 1202 1527 1273 subjicitur.
1581 1201 1734 1268 Quod
1772 1201 1818 1256 si
1846 1208 1902 1254 tu
2000 1199 2164 1254 cessit
2207 1198 2891 1253 auctoritas:conveuiens
2923 1213 2986 1252 ac
3016 1198 3302 1253 honestum
3349 1205 3466 1261 est,
3512 1207 3572 1252 ut

325 1307 498 1362 taces,
540 1312 639 1352 nos
681 1296 841 1352 silere
867 1309 972 1350 non
998 1307 1312 1364 possumus,
1341 1289 1570 1362 etquod
1599 1304 1788 1346 omnes
1815 1289 1900 1344 in-
1996 1291 2149 1362 juxta
2195 1290 2606 1360 postulationem
2661 1299 2893 1345 vestram
2918 1330 2934 1355 ,
3004 1296 3200 1344 nostrae
3250 1288 3570 1343 firmationis

316 1387 525 1460 justum
575 1388 831 1453 fatentur,
891 1387 1005 1458 ipse
1038 1384 1278 1456 justum,
1341 1382 1689 1454 quantislibet
1729 1381 1903 1437 utaris
2003 1385 2242 1457 perfecta
2267 1386 2627 1455 subsequatur
2650 1382 2969 1454 integritas:
2999 1382 3338 1437 eoduntaxat
3358 1379 3567 1446 ordine,

322 1481 658 1552 argumentis
677 1521 692 1544 ,
720 1481 951 1550 probare
981 1493 1086 1534 non
1123 1477 1345 1549 poteris.
1382 1476 1533 1543 Quod
1567 1477 1612 1532 si
1648 1475 1904 1530 formidao
2003 1482 2062 1529 ut
2084 1474 2420 1544 frequentius
2449 1472 2682 1528 intimati
2709 1472 2924 1538 clerici,
2952 1471 3043 1542 qui
3071 1470 3470 1527 evidentissime
3500 1470 3572 1523 ir-

323 1579 442 1625 tum
467 1580 586 1635 est,
621 1587 688 1627 ne
733 1570 931 1639 iniusta
974 1569 1247 1625 damnatio
1289 1582 1474 1623 eorum
1518 1566 1570 1621 in
1611 1565 1902 1621 discrimen
2003 1564 2320 1634 regulariter
2379 1562 2447 1617 ab
2507 1561 2678 1619 ofﬁcio
2733 1562 2998 1634 graduum
3051 1575 3272 1616 suorum
3325 1559 3571 1627 suspensi

323 1661 656 1716 redundaret
683 1661 946 1725 auctoris,
973 1670 1030 1715 et
1057 1660 1178 1716 ideo
1205 1659 1346 1729 quod
1375 1659 1569 1727 injuste
1596 1657 1760 1713 fuerit
1777 1671 1904 1728 pro-
1931 1723 1970 1729 _
2005 1653 2170 1711 fuisse
2213 1661 2526 1719 noscuntur,
2574 1661 2628 1708 et
2652 1653 2778 1707 hinc
2803 1653 2984 1707 sedem
3018 1650 3363 1721 apostolicam
3391 1649 3570 1720 saepis-

323 1754 435 1808 lata
468 1763 731 1818 taceatur,
775 1767 1206 1824 noneongruum
1259 1751 1423 1806 initur
1468 1749 1770 1806 consilium.
1805 1748 1904 1803 Fa-
1931 1723 1978 1783 Β
2005 1745 2141 1800 sime
2180 1757 2504 1815 provocasse
2548 1741 2818 1798 nonnullis
2861 1741 3072 1796 indiciis
3113 1740 3568 1810 comprobantur;

325 1845 485 1901 cilius
523 1846 718 1915 quippe
746 1845 958 1898 veniam
987 1843 1108 1914 quis
1144 1842 1404 1906 veritate,
1435 1854 1593 1910 quam
1621 1838 1902 1909 exquisitis
2003 1841 2128 1889 ante
2171 1834 2352 1889 omnia
2395 1832 2638 1903 pristinis
2678 1833 2933 1902 gradibus
2981 1840 3036 1886 et
3068 1829 3254 1886 officiis
3295 1829 3571 1885 reformati

325 1944 383 1990 et
412 1935 588 1989 minus
620 1934 758 2002 aptis
781 1920 1245 1988 adiuventionibus
1285 1933 1552 2002 impetrat.
1594 1930 1901 1990 Prasertim
2002 1921 2334 1977 consistant:
2370 1921 2444 1975 ita
2489 1929 2550 1975 ut
2575 1921 2843 1991 prioribus
2885 1920 3077 1976 redditi
3110 1919 3365 1990 gradibus
3397 1928 3451 1975 et
3475 1933 3570 1974 or-

324 2037 447 2078 cum
508 2023 712 2077 veritas
776 2021 1005 2084 liberet,
1075 2022 1414 2076 mendacium
1493 2036 1621 2076 vero
1678 2018 1901 2090 perdat,

2003 2008 2254 2074 dinibus,
2304 2017 2359 2064 et
2401 2009 2633 2079 quodam
2679 2008 2836 2064 modo
2874 2010 2984 2064 suis
3027 2009 3278 2065 omnibus
3309 2008 3568 2073 revesliti,

323 2112 562 2166 maxime
592 2127 712 2166 cum
745 2127 852 2166 non
882 2111 953 2166 sit
977 2111 1300 2176 timendum,
1327 2111 1416 2165 ubi
1447 2111 1609 2164 timor
1641 2127 1745 2166 non
1771 2120 1856 2166 est
1883 2128 1896 2165 :

2002 2098 2147 2153 vires
2173 2099 2432 2154 adversus
2460 2099 2774 2169 impetentes
2801 2114 2859 2154 se
2884 2100 3120 2168 integras
3148 2099 3400 2154 habeant.
3454 2097 3568 2156 Non

325 2215 427 2256 nec
463 2201 748 2270 agnoveris
777 2215 885 2255 nos.
924 2200 1084 2254 talem
1133 2199 1278 2254 circa
1331 2207 1382 2255 te
1419 2207 1629 2269 gestare
1661 2198 1901 2254 dilectio-
2001 2188 2145 2243 enim
2192 2187 2415 2242 inermis
2455 2203 2575 2242 cum
2605 2198 2812 2243 armato
2843 2189 2946 2242 rile
2985 2187 3289 2244 conﬂictum
3317 2189 3453 2244 inire
3480 2204 3573 2260 po-

323 2289 412 2343 nis
445 2288 729 2354 affectum,
780 2297 839 2341 ut
885 2287 1012 2356 quid
1061 2293 1113 2342 te
1154 2286 1383 2342 velimus
1423 2287 1700 2341 incurrere
1737 2287 1900 2342 detri~
2002 2285 2126 2335 test.
2170 2277 2374 2346 Quibus
2400 2277 2650 2335 videlicet
2677 2277 2931 2350 gradibus
2960 2294 3023 2335 ac
3053 2277 3244 2334 officiis
3271 2277 3574 2336 fruentibus

325 2377 532 2442 menti,
567 2391 690 2432 cum
721 2376 901 2445 potius
927 2376 1004 2431 tui
1049 2389 1262 2444 semper
1305 2375 1444 2429 avidi
1485 2373 1746 2430 fuerimus
1773 2391 1900 2444 aug-
1999 2370 2080 2426 eis
2123 2369 2443 2426 fraternitati
2487 2380 2590 2426 tute
2633 2371 2844 2426 licentia
2888 2372 2993 2436 sit,
3045 2371 3183 2424 intra
3215 2371 3377 2425 totius
3417 2371 3576 2440 hujus

323 2468 517 2522 menti.
555 2466 687 2521 Nam
709 2475 764 2521 et
789 2466 1026 2522 Ebbonis
1044 2481 1226 2530 causa,
1250 2474 1304 2520 et
1328 2466 1550 2521 Istorum
1579 2465 1899 2521 clericorum
1998 2462 2313 2532 capediuem
2344 2461 2470 2516 anni
2501 2477 2641 2532 saepe
2675 2462 2846 2516 dictos
2870 2462 3122 2517 exhibere
3149 2461 3374 2518 clericos
3399 2463 3466 2517 ab
3491 2477 3578 2517 or-

325 2559 598 2628 negotium
619 2598 633 2622 ,
675 2571 794 2626 qua:
834 2556 1006 2625 prima
1044 2556 1389 2618 transierunt,
1422 2563 1480 2609 ut
1507 2555 1602 2610 tibi
1638 2554 1900 2610 cautelam
2000 2551 2214 2606 dinibus
2243 2552 2353 2608 suis
2381 2552 2637 2607 canonice
2658 2550 2821 2607 fuisse
2841 2550 3077 2620 dejectos
3103 2570 3115 2605 :
3144 2552 3215 2606 ita
3240 2560 3297 2606 ut
3319 2552 3573 2622 quidquid

329 2662 434 2700 non
462 2645 749 2700 discrimen
782 2645 1048 2710 tribuant,
1092 2643 1422 2698 anhelamus.
1461 2642 1681 2712 Regiam
1703 2644 1900 2713 quippe
2000 2641 2169 2695 habes
2191 2640 2450 2696 adversus
2477 2656 2571 2696 eos
2595 2641 2982 2696 calumniarum
3011 2643 3364 2712 prosequendi
3398 2651 3453 2696 et
3478 2658 3574 2696 ex—

330 2735 471 2789 viam
497 2742 761 2799 tenentes,
789 2734 866 2788 sic
892 2733 996 2789 illis
1023 2733 1276 2803 prodesse
1298 2733 1668 2799 decrevimus,
1699 2742 1757 2787 ut
1797 2744 1901 2788 tua:
2001 2729 2261 2799 sequendi
2294 2730 2386 2784 tibi
2415 2731 2484 2785 sit
2507 2731 2727 2785 omnino
2751 2730 2997 2786 facultas.
3039 2730 3190 2798 Quod
3219 2731 3264 2787 si
3295 2732 3456 2786 totius
3482 2733 3575 2786 hu-

324 2825 597 2879 sanctilati
661 2823 851 2878 obesse
911 2822 1056 2876 nullo
1106 2823 1264 2877 modo
1307 2822 1611 2877 videremur
1651 2839 1664 2875 ε
1716 2821 1900 2892 sicque
1992 2820 2081 2890 jus
2119 2822 2243 2876 anni
2275 2822 2502 2877 circuitu
2531 2822 2755 2892 dilapso,
2797 2831 2984 2878 contra
3023 2838 3118 2878 eos
3145 2822 3345 2877 nullam
3373 2824 3575 2894 justam

325 2928 541 2968 rursum
591 2912 935 2968 securitatem
981 2910 1076 2966 tibi
1123 2926 1286 2980 super
1326 2913 1430 2966 hoc
1469 2911 1790 2982 prtebemus,
1840 2920 1901 2966 ut
1999 2917 2140 2987 apud
2186 2916 2367 2972 sedem
2414 2916 2758 2986 apostolicam
2809 2916 3215 2986 qumrimoniam
3263 2931 3576 2986 composue-

325 3002 540 3058 clericis
561 3003 752 3057 crebro
774 3001 936 3056 dictis
960 3001 1099 3056 hanc
1124 3001 1426 3061 nullatenus
1449 3000 1766 3058 adimamus.
1812 3002 1894 3057 Ad
1930 3066 1968 3078 Α
1999 3005 2099 3070 ris,
2130 3019 2230 3060 nec
2263 3004 2382 3061 illos
2423 3014 2678 3076 appetere
2724 3006 2791 3061 de
2817 3022 3135 3078 quocunque
3175 3006 3258 3062 vel
3287 3005 3573 3074 cujuscun-

321 3092 571 3146 ultimum
607 3107 758 3158 vero,
790 3091 1015 3161 epistola
1033 3131 1050 3153 ,
1080 3106 1201 3161 quae
1223 3091 1380 3146 nobis
1407 3105 1437 3145 a
1468 3099 1522 3145 te
1549 3105 1692 3146 nunc
1731 3091 1898 3146 missa
1924 3066 1970 3129 Ο
2000 3107 2106 3162 que
2131 3101 2286 3149 reatu
2310 3093 2638 3151 velexcessu
2659 3109 2751 3150 seu
2776 3066 3115 3152 damnatione
3135 3095 3424 3161 studueris,
3451 3095 3575 3164 ipsis

328 3182 542 3247 dicitur,
574 3191 751 3237 utrum
781 3190 869 3236 tua
915 3181 1112 3247 fuerit,
1155 3181 1536 3237 convenienter
1579 3181 1896 3252 ambigitur;
2000 3181 2216 3252 quidem
2241 3181 2492 3252 deinceps
2528 3183 2640 3238 suis
2663 3183 2940 3239 ordinibus
2968 3183 3438 3254 permanentibus,
3471 3198 3574 3238 non

325 3286 448 3327 cum
479 3286 578 3326 nec
604 3271 837 3341 legatum
869 3280 1017 3326 tuum
1037 3310 1053 3337 ,
1092 3271 1184 3341 qui
1229 3271 1367 3326 hanc
1403 3286 1435 3326 a
1465 3279 1518 3326 te
1545 3269 1699 3326 nobis
1725 3279 1898 3333 trans.-
2002 3271 2244 3343 profecto
2276 3272 2406 3327 nulli
2432 3275 2634 3344 torpori
2662 3274 2908 3330 dabimus
2937 3289 3188 3345 operam,
3218 3289 3317 3329 nec
3341 3273 3448 3329 ullo
3477 3288 3574 3344 pa-

324 3362 544 3416 missam
573 3361 810 3416 ediceret
834 3400 848 3427 ,
881 3362 1180 3426 direxeris,
1213 3375 1314 3416 nec
1335 3375 1454 3416 eam
1493 3361 1665 3430 sigillo
1691 3369 1781 3418 tuo
1808 3375 1897 3417 se-
1999 3367 2086 3415 cto
2130 3375 2159 3414 a
2202 3375 2409 3417 summa
2448 3363 2780 3418 cessabimus
2819 3362 3094 3434 diligentia
3120 3403 3134 3428 ,
3173 3363 3344 3418 donec
3387 3371 3481 3416 aut
3521 3371 3574 3416 tu

325 3450 558 3504 cundum
600 3464 803 3504 morem
842 3450 1053 3520 signare
1089 3451 1374 3504 studueris.
1418 3448 1568 3506 Unde
1594 3451 1896 3506 mirandum
1992 3447 2138 3517 juste
2165 3465 2306 3504 nunc
2331 3449 2450 3505 illos
2480 3452 2799 3520 comprobes
2822 3453 3101 3506 restitutos
3125 3491 3140 3516 ,
3181 3461 3274 3505 aut
3306 3450 3451 3518 juste
3482 3467 3574 3520 per

323 3548 430 3603 est,
465 3554 585 3594 cum
625 3539 678 3592 in
707 3539 1058 3608 dejectionem
1103 3539 1338 3607 ipsorum
1379 3539 1697 3594 clericorum
1734 3541 1897 3595 etiam
2001 3545 2053 3592 te
2072 3538 2341 3606 quondam
2383 3541 2634 3594 ostendas
2664 3548 2919 3595 remotos.
2975 3539 3222 3608 Alioquin
3264 3555 3361 3595 nos
3385 3541 3572 3594 subse-

323 3630 572 3685 volumen
621 3643 730 3687 non,
772 3629 936 3685 breve
986 3629 1390 3698 composueris,
1448 3629 1795 3696 quamobrem
1841 3628 1897 3684 in
1999 3635 2228 3697 quenter
2262 3629 2517 3683 exhibere
2553 3628 2738 3700 procul
2773 3629 2932 3683 dubio
2960 3629 3234 3694 convenit,
3266 3644 3370 3683 non
3402 3628 3573 3683 solum

326 3717 718 3774 restitutionem
746 3717 936 3773 saltem
965 3732 1125 3771 unam
1165 3717 1446 3787 epistolam
1472 3715 1766 3786 simplicem
1791 3730 1895 3770 non
2000 3731 2141 3786 saepe
2171 3716 2308 3772 fatos
2335 3716 2562 3772 clericos
2589 3717 3020 3788 praéjudicialitcr
3046 3719 3248 3787 absque
3277 3733 3482 3774 canone
3508 3719 3581 3773 ab

324 3809 576 3865 edideris.
628 3808 687 3863 In
722 3823 830 3878 quo
859 3817 1082 3879 apparet
1107 3849 1122 3874 ,
1167 3816 1424 3879 quantum
1467 3808 1538 3863 ibi
1582 3808 1896 3876 alacritatis,
1999 3805 2172 3862 oflicio
2193 3816 2579 3878 sequestratos,
2605 3825 2789 3866 verum
2813 3810 2974 3865 etiam
3003 3810 3365 3866 ordiuatorem
3386 3825 3575 3866 eorum

326 3907 582 3968 quantum
624 3899 711 3953 hic
748 3898 967 3953 desidiae
998 3899 1234 3954 studium
1259 3897 1438 3953 fuerit.
1495 3898 1751 3966 Quamvis
1783 3897 1898 3952 haec
2000 3899 2438 3956 inconvenienter
2482 3915 2547 3956 ac
2605 3902 2721 3957 sine
2772 3901 3152 3972 consequentia
3208 3902 3577 3958 ecclesiastica

327 4003 396 4042 ne
422 4003 520 4043 nos
545 3987 830 4044 arbitreris
863 3988 929 4043 ad
957 3988 1242 4043 discrimen
1270 3985 1544 4057 quodlibet
1570 3995 1674 4041 tua:
1701 3986 1898 4042 sancti-
2001 3991 2264 4062 regimine
2282 3993 2562 4062 prtesulari
2596 3993 2862 4066 privatum
2889 4012 2902 4048 :
2933 3992 3075 4063 quod
3107 3991 3264 4063 plane
3299 3999 3496 4064 praeter
3524 4000 3577 4047 te

326 4081 450 4134 tatis
473 4078 556 4134 vel
603 4078 880 4150 dignitatis
926 4092 1275 4148 exaggerasse
1297 4116 1312 4142 ,
1361 4093 1482 4133 cum
1521 4077 1743 4132 meliora
1776 4090 1896 4132 esse
1999 4082 2176 4138 nullus
2199 4123 2213 4148 ,
2263 4093 2322 4138 ut
2351 4099 2556 4150 remur,
2598 4083 2817 4146 omnino
2846 4084 3053 4140 dubitat
3079 4123 3104 4150 ι
3134 4083 3309 4140 nullus
3333 4081 3573 4153 profecto

324 4171 546 4225 vulnera
570 4169 860 4242 diligentis,
891 4183 1053 4241 quam
1080 4167 1420 4224 fraudulenta
1450 4169 1558 4224 odii
1583 4167 1764 4224 oscula
1790 4183 1893 4224 non
1999 4187 2104 4228 non
2150 4175 2444 4244 pmdicat,
2492 4176 2923 4247 quandoquidem
2965 4185 3021 4232 et
3062 4175 3214 4231 nobis
3262 4176 3342 4233 ita
3383 4174 3577 4238 claret,

325 4259 575 4314 nescias:
611 4260 704 4316 sed
752 4274 818 4314 ne
847 4260 982 4314 adeo
1027 4260 1080 4315 in
1125 4258 1524 4330 privilegiorum
1557 4267 1768 4314 tuorum
1805 4257 1895 4312 de-
1998 4271 2255 4334 quantum
2295 4273 2576 4323 autumare
2619 4281 2901 4339 possumus
2930 4307 2945 4334 ,
2989 4266 3453 4338 quemadmodum
3488 4265 3574 4322 his

324 4347 617 4402 fensionem
643 4348 728 4403 vel
769 4348 1061 4403 elationem
1108 4348 1511 4403 immoderatius
1547 4345 1804 4416 erigaris,
1834 4354 1894 4399 ut
1925 4417 1961 4426 _
1999 4352 2090 4420 qui
2118 4351 2209 4407 illo
2235 4353 2289 4407 in
2319 4361 2558 4424 tempore
2601 4363 2796 4426 praesto
2840 4355 3004 4413 fuisse
3048 4363 3432 4412 memorantur.
3472 4354 3573 4409 Po-

323 4436 630 4504 apostolica:
671 4436 813 4492 sedis
848 4435 971 4504 jura
1019 4436 1395 4508 quoquomodo
1425 4443 1626 4491 temere
1655 4434 1894 4505 tetigisse
1923 4417 1970 4477 D
1998 4449 2205 4497 stremo
2227 4443 2368 4498 scire
2395 4451 2448 4498 te
2472 4417 2750 4512 volumus,
2795 4447 2996 4502 nostris
3019 4445 3238 4507 auribus
3257 4443 3567 4501 intimatum

326 4525 559 4580 videaris
590 4524 736 4596 (dist.
760 4526 832 4582 8:
863 4525 1009 4580 Mala
1039 4523 1396 4596 consuetudo).
1434 4524 1567 4579 Nam
1595 4523 1736 4579 mala
1765 4539 1893 4579 con-
1995 4547 2134 4598 esse,
2165 4530 2560 4590 fraternitatem
2595 4543 2738 4593 tuam
2783 4551 2895 4597 non.
2930 4536 3091 4596 certis
3121 4534 3484 4604 temporibus,
3517 4543 3572 4589 et

326 4616 549 4668 δυϐιυάο
573 4653 588 4678 ,
640 4628 760 4682 quae
805 4629 912 4669 non
965 4617 1173 4679 minus,
1228 4630 1388 4684 quam
1433 4615 1732 4685 perniciosa
1772 4630 1892 4670 cor-
1987 4619 2141 4690 juxta
2175 4637 2381 4681 morem
2421 4623 2542 4686 aliis
2568 4625 2992 4694 metropolitanis
3019 4623 3347 4678 antistitibus
3377 4619 3567 4677 defini—

324 4704 526 4776 ruptela
551 4705 768 4760 vitanda
797 4713 912 4770 est,
939 4707 1037 4761 nisi
1068 4707 1226 4760 citius
1255 4705 1509 4760 radicitus
1528 4706 1804 4772 evellatur,
1836 4706 1896 4765 in
1998 4712 2082 4775 tis,
2105 4711 2270 4782 pallio
2296 4727 2324 4766 a
2353 4713 2480 4767 sede
2505 4712 2796 4783 apostolica
2820 4726 3077 4768 concesso
3105 4713 3202 4767 uti.
3231 4711 3383 4778 Quod
3417 4710 3568 4764 valde

322 4794 720 4868 privilegiorum
755 4794 845 4864 jus
887 4796 954 4850 ab
1002 4795 1259 4865 improbis
1303 4795 1633 4850 assamitut‘:
1664 4803 1717 4849 cl
1751 4795 1888 4851 inCi-
1995 4802 2262 4872 displicet,
2295 4804 2339 4857 si
2366 4803 2418 4857 id
2456 4819 2483 4856 a
2515 4789 2800 4858 sanctitate
2831 4810 2920 4857 tua
2946 4802 3107 4857 fuerit
3137 4801 3274 4856 elate
3311 4801 3564 4858 eorumis—

322 4883 473 4952 piunt
509 4884 975 4952 praevaricationes
1020 4891 1075 4939 et
1118 4883 1279 4938 variae
1305 4883 1764 4955 ριἐιξδυηιριὶοηεε,
1797 4899 1888 4940 ce-
1996 4905 2137 4956 sum,
2167 4903 2228 4948 ut.
2250 4891 2568 4947 humilitatis
2589 4892 2752 4947 oblita
2784 4892 2996 4947 cmteris
3031 4891 3286 4946 fratribus
3311 4891 3421 4946 suis
3449 4899 3564 4946 stu-

322 4974 537 5030 lerrime
583 4990 689 5030 non
747 4989 1068 5044 compressae
1121 4991 1217 5045 pro
1261 4974 1466 5044 legibus
1508 4977 1790 5042 venerari,
1835 4985 1890 5030 et
1994 4981 2118 5037 deat
2146 4981 2661 5043 viderisublimior:
2695 4982 2939 5051 quamvis
2971 4983 3071 5038 hoc
3105 4997 3210 5037 non
3247 4982 3314 5036 ad
3350 4981 3563 5036 inanem

321 5064 720 5136 privilegiorum
766 5078 913 5118 more
959 5073 1218 5135 perpetuo
1253 5065 1530 5120 celebrari.
1587 5065 1753 5135 Igitur
1793 5083 1890 5123 nos
1992 5070 2216 5145 gloriam
2241 5069 2495 5125 utendum
2525 5071 2614 5135 sit,
2647 5070 2740 5126 sed
2764 5071 2830 5126 ad
2852 5079 3101 5127 ornatum
3120 5078 3431 5125 cunctarum
3458 5069 3564 5124 vir-

319 5154 370 5208 in
398 5151 743 5224 praefatorum
780 5153 1098 5208 clericorum
1144 5154 1480 5210 restitutione
1510 5155 1736 5226 gradus,
1773 5171 1887 5211 om-
1993 5170 2170 5216 tutum
2210 5162 2547 5234 gestandum.
2585 5161 2738 5230 Quod
2780 5162 2916 5217 bene
2964 5170 3202 5233 tempore
3248 5177 3354 5232 quo
3398 5162 3564 5233 ipsius

321 5246 474 5302 nibus
505 5245 763 5300 hactenus
792 5247 1121 5315 argumentis
1143 5247 1244 5301 rite
1269 5246 1536 5312 collectis,
1567 5256 1622 5302 et
1647 5248 1884 5303 omnium
1996 5252 2138 5323 pallii
2169 5267 2323 5308 usum
2355 5267 2384 5306 a
2419 5252 2546 5306 sede
2571 5252 2862 5322 apostolica
2902 5253 3208 5323 percepisti,
3239 5251 3441 5321 scripto
3466 5263 3570 5320 pa-.

318 5343 554 5390 vestrum
579 5336 793 5391 hortatu
818 5335 1084 5405 generalis
1111 5335 1368 5390 incitante
1395 5350 1722 5400 consensus,
1765 5351 1882 5392 om-
1993 5345 2130 5412 gince
2184 5358 2332 5398 more
2377 5343 2535 5397 solito
2582 5343 2676 5398 tibi
2720 5353 2992 5400 ostensum
3031 5353 3193 5413 atque
3239 5351 3568 5414 przeceptum

319 5424 583 5479 nimodam
622 5426 1016 5481 conniventiam
1061 5427 1302 5497 praebere
1331 5427 1568 5497 potuisse
1603 5443 1882 5498 cognosce.
1993 5444 2095 5489 est.
2132 5433 2294 5503 Cujus
2320 5449 2450 5489 usus
2479 5434 2521 5488 si
2555 5434 2877 5490 fraternitati
2915 5444 3018 5490 tuae
3053 5450 3081 5488 a
3111 5433 3238 5493 sede
3271 5431 3568 5502 apostolica

311 5514 420 5572 Sed
467 5518 718 5587 quoniam
757 5535 862 5574 non
891 5520 1183 5574 secundum
1221 5519 1494 5574 decretum
1527 5506 1768 5574 nostrum
1795 5535 1884 5575 eo-
1994 5527 2138 5581 omni
2171 5535 2410 5596 tempore
2439 5541 2729 5582 concessus
2767 5539 2876 5593 est,
2905 5527 3030 5582 licet
3057 5527 3128 5582 sit
3153 5533 3346 5596 praeter
3378 5521 3563 5577 Eccle-

321 5627 431 5676 rum
459 5613 786 5670 examinatio
812 5631 960 5672 mera
995 5624 1048 5673 ct
1076 5615 1312 5686 perfecta
1337 5616 1596 5672 discussio
1619 5617 1879 5686 provenit,
1994 5617 2084 5671 size
2111 5619 2547 5674 consuetudinem
2579 5628 2860 5689 perceptus
2880 5660 2893 5686 ,
2931 5635 2994 5675 ac
3024 5633 3118 5688 per
3144 5616 3244 5672 hoc
3272 5611 3564 5670 rationabi~
