4060 6338
550 336 677 390 HH

1887 336 2153 399 NICOLAI
2190 335 2389 393 ΡΑΡίΕ
2426 334 2446 404 ι

3683 343 3855 401 Hi!

552 443 679 516 liter
707 445 1035 502 amtttendus
1073 447 1216 516 (nam
1243 443 1581 517 privilegium
1627 453 1884 509 meretur,
1915 453 1972 498 ut
2004 459 2126 512 san-
2151 455 2202 512 Α
2228 441 2343 498 licae
2393 444 2672 511 institutis,
2708 443 2792 501 vel
2843 445 2910 501 ab
2951 444 3254 504 obedientia
3303 461 3463 520 quam
3517 452 3846 524 exigimus,

553 543 673 602 ctus
694 549 831 604 papa
857 534 1163 605 Simplicius
1191 535 1408 604 scribit,
1437 535 1715 599 amittere,
1743 535 1833 605 qui
1863 548 2121 594 concessa

551 623 652 678 sibi
684 623 919 678 abutitur
937 625 1244 693 potestate),
1281 634 1458 680 tamen
1485 625 1569 679 his
1595 623 1795 679 nostris
1817 625 2123 680 admonitus

553 725 920 788 competenter
947 716 1214 781 affatibus,
1247 718 1402 772 stude
1437 717 1513 772 ita
1544 718 1783 772 modeste
1807 716 1908 772 hoc
1938 717 2036 782 uti,
2063 724 2123 772 ut

554 822 654 861 nec
692 805 852 860 elatio
895 805 1092 860 mentis
1128 806 1373 871 invadat,
1406 822 1503 862 nec
1521 803 1781 874 jactantia
1818 803 1992 872 inﬂet,
2022 819 2122 861 nec

550 911 688 950 vana
718 894 886 964 gloria
910 894 1173 960 vulneret,
1203 911 1306 950 nec
1337 897 1555 972 modum
1587 896 1816 966 propria:
1848 895 2123 966 dignitatis

549 985 796 1050 excedat,
836 999 935 1039 nec
968 986 1320 1055 temperantia
1339 1027 1352 1050 ,
1380 986 1494 1041 sine
1518 1000 1623 1056 qua
1667 995 1874 1040 creterra
1898 985 2123 1042 virtutes

455 1097 458 1101 -
545 1071 875 1142 imperfecta:
901 1073 1236 1140 consistunt,
1262 1073 1514 1129 oblivioni
1560 1074 1822 1128 tradatur.
1864 1071 2127 1145 Optamus

544 1164 940 1218 fraternitatem
980 1175 1215 1220 vestram
1249 1181 1394 1221 nunc
1427 1174 1481 1222 et
1511 1182 1724 1238 semper
1749 1167 1885 1224 bene
1920 1168 2114 1224 valere.

542 1251 675 1308 Data
699 1268 793 1310 vui
817 1253 939 1311 ldus
963 1255 1297 1328 Decembris,
1329 1257 1620 1325 indictione
1645 1272 1730 1311 xv.

1264 1355 1397 1424 cut.

1047 1463 1116 1501 AD
1141 1463 1383 1503 CABOLUM
1415 1464 1608 1503 REGI-1M.

1157 1541 1333 1612 (Anno
1374 1542 1522 1611 866.)

540 1629 833 1701 Respondet
855 1633 923 1685 ad
941 1633 1230 1757 superioges
1244 1632 1355 1712 ejus
1377 1631 1574 1712 litteras
1595 1633 1658 1686 de
1679 1633 1834 1702 gestis
1855 1633 1907 1686 in
1921 1633 2118 1702 synodo

1191 1718 1524 1756 uesstonenst.

1191 1718 1524 1756 αεδδιοηεηδι.

1029 1793 1222 1865 {[Apud
1256 1793 1448 1858 Mansi,
1481 1794 1633 1865 ibid]

608 1881 872 1940 Nrcoucs
899 1884 1206 1955 episcopus,
1242 1898 1430 1940 servus
1456 1898 1735 1939 servorum
1765 1885 1881 1951 Dei,
1920 1885 2111 1941 dilecte

536 1971 646 2027 lilio
678 1972 893 2030 Canono
925 1975 1158 2046 glorioso
1186 1976 1317 2046 regi.

607 2063 740 2116 Cum
770 2064 928 2118 talem
957 2079 1016 2119 se
1040 2065 1207 2135 gloria
1234 2074 1411 2120 vestra
1435 2067 1577 2121 circa
1603 2082 1699 2122 nos
1731 2081 1944 2138 semper
1962 2068 2114 2122 exhi-

538 2153 680 2221 Lcat,
723 2163 778 2208 et
818 2153 1190 2225 frequentibus
1234 2156 1317 2211 vel
1358 2156 1550 2212 litteris
1588 2157 1672 2212 vel
1711 2157 1899 2228 legatis
1933 2158 2113 2213 missis

533 2262 662 2317 erga
689 2246 1022 2318 pontiﬁcium
1055 2257 1300 2302 nostrum
1332 2249 1536 2304 devotae
1563 2248 1888 2304 visitatiouis
1910 2249 2109 2304 cultum

533 2340 827 2408 impendat,
867 2350 922 2398 et
968 2341 1202 2400 decretis
1246 2342 1445 2396 nostris
1497 2341 1813 2396 obedientize
1860 2340 2110 2396 sublimia

531 2431 668 2488 colla
719 2433 952 2503 gratanti
989 2431 1250 2487 facilitate
1292 2432 1572 2486 submittat
1602 2445 1616 2485 :
1647 2431 1860 2487 nonnisi
1893 2431 2109 2486 beatum

531 2522 746 2575 Petrum
796 2522 1098 2592 apostolum
1146 2522 1459 2576 dilectorem
1500 2536 1687 2586 suum,
1741 2521 1893 2591 cujus
1931 2520 2106 2576 locum

533 2614 740 2669 meritis
787 2615 982 2684 oppido
1029 2613 1807 2684 discrepantesobservamus,
1850 2612 1904 2666 in
1954 2612 2108 2668 nobis

531 2716 798 2760 honorare
825 2719 883 2760 se
909 2705 1065 2784 debet
1093 2720 1190 2776 pro
1220 2715 1369 2760 certo
1411 2717 1769 2776 cognoscere:
1801 2703 1909 2757 imo
1936 2702 2105 2756 Deum

528 2813 581 2848 ιιι
611 2811 708 2850 suo
735 2795 974 2865 apostolo
1003 2795 1272 2860 venerari,
1314 2795 1402 2864 qui
1431 2803 1485 2848 et
1528 2794 1732 2849 sanctis
1757 2793 1868 2849 suis
1899 2800 2104 2846 tantam

527 2886 750 2958 gloriam
787 2886 971 2952 tribui,
998 2895 1054 2952 et
1081 2901 1178 2940 nos
1206 2885 1584 2941 sollicitudinis
1629 2897 1818 2938 eorum
1864 2881 2105 2937 haeredes

525 2992 588 3031 ac
616 2991 956 3032 successores
982 2991 1102 3032 esse
1129 2975 1428 3030 constituit.
1463 2973 1567 3029 Sed
1595 2983 1649 3029 et
1674 2989 1772 3029 nos
1808 2972 2104 3044 gratiarum

523 3069 766 3125 actiones
807 3068 1103 3140 condignas
1144 3075 1404 3139 promptae
1431 3066 1702 3123 devotioni
1731 3075 1924 3120 vestrae
1961 3061 2102 3117 refe-

523 3172 720 3226 rentes,
755 3161 923 3217 multo
955 3162 1124 3232 magis
1149 3162 1265 3232 ejus
1291 3160 1712 3230 omnipotentite,
1741 3173 1837 3230 per
1858 3173 2016 3227 quem
2050 3156 2103 3211 et

523 3266 620 3321 pro
635 3250 789 3319 cujus
801 3253 1016 3306 nomine
1031 3251 1156 3304 talia
1177 3258 1450 3319 gerantur,
1464 3249 1649 3304 laudes
1664 3249 1875 3304 assidue
1899 3245 2101 3316 persol-

525 3356 651 3396 vere
674 3357 779 3405 non
803 3356 1099 3396 cessamus.
1124 3341 1200 3394 De
1225 3348 1446 3406 cratere,
1469 3339 1896 3405 filicbarissimc,
1920 3346 2102 3408 grates

521 3431 625 3502 piae
661 3431 980 3502 benignitati
1019 3439 1211 3487 vestrae
1237 3429 1598 3500 rependimus,
1631 3427 1886 3500 quoniam
1927 3435 2100 3482 totum

520 3523 844 3578 desiderium
881 3538 1036 3578 suum
1064 3522 1320 3593 colligens
1343 3523 1396 3576 in
1421 3521 1749 3593 dejectorum
1780 3519 2100 3575 clericorum

517 3614 888 3684 recuperando
913 3623 1078 3680 statu,
1111 3613 1317 3669 studuit
1358 3613 1538 3668 delere
1587 3626 1804 3677 noxam,
1837 3626 1999 3681 quam
2045 3609 2098 3663 in

516 3703 851 3774 depositione
884 3705 1122 3776 ipsorum
1153 3718 1476 3760 consensum
1503 3700 1790 3773 praebendo
1815 3709 2100 3755 contraxe-

516 3803 622 3848 rat.
674 3794 741 3848 Et
782 3795 1056 3849 credimus
1081 3795 1222 3865 quod
1267 3800 1484 3862 superet
1534 3807 1738 3846 merces
1778 3789 2094 3852 alacritatis,

518 3899 680 3953 quam
712 3900 857 3940 nunc
892 3885 1158 3939 habuistis
1203 3884 1254 3938 in
1305 3882 1632 3953 receptionc,
1664 3881 1914 3936 delictum
1949 3873 2098 3950 quod

508 3971 912 4030 'commiseratis
937 3974 992 4028 in
1023 3987 1208 4027 eorum
1237 3973 1437 4026 dudum
1470 3971 1771 4042 repulsione
1796 3987 1810 4024 :
1841 3971 2096 4042 quoniam

513 4065 659 4120 istud
693 4065 784 4118 Dei
809 4081 1009 4129 amore,
1046 4065 1171 4120 illud
1196 4064 1430 4120 hominis
1457 4062 1804 4134 subreptione
1823 4071 2095 4132 patratum

514 4163 618 4210 est.
654 4154 1037 4212 Verumtamen
1067 4157 1368 4223 hortamur,
1397 4165 1453 4212 et
1481 4155 1619 4210 sicut
1647 4154 1900 4210 dilectum
1926 4153 2093 4208 filium

514 4247 888 4319 admonemus,
924 4264 1114 4310 cavere
1137 4265 1234 4306 vos
1263 4264 1328 4304 ne
1357 4249 1550 4304 talibus
1589 4247 1655 4303 de
1685 4257 1879 4302 caetero
1908 4247 2094 4301 conni-

513 4338 750 4410 ventiam
785 4336 942 4393 facile
969 4338 1254 4396 tribuatis:
1288 4338 1540 4409 quoniam
1567 4337 1709 4408 quod
1755 4336 1912 4391 hodie
1947 4351 2093 4392 com-

515 4429 770 4495 mittitur,
804 4436 985 4484 utrum
1035 4429 1100 4483 ad
1131 4431 1561 4486 emendationem
1602 4427 1886 4498 pervenire
1923 4442 2092 4497 quan-

514 4521 690 4589 doque
710 4519 884 4574 valeat
909 4521 1205 4590 ignoratur.
1230 4520 1359 4575 lllud
1381 4529 1642 4590 prieterea
1668 4532 2091 4573 commemorare

511 4611 666 4675 libet,
711 4610 854 4678 quod
904 4611 1044 4665 inter
1089 4609 1191 4662 alia
1222 4609 1461 4678 epistolae
1494 4618 1684 4664 vestra:
1719 4610 1785 4664 de
1829 4609 1998 4662 fratre
2039 4617 2092 4664 et

511 4699 832 4768 coepiscopo
862 4707 1045 4755 nostro
1078 4699 1367 4756 llincmaro
1409 4707 1584 4762 textus
1611 4699 1877 4764 enuntiat,
1908 4699 2094 4754 dicens

511 4790 793 4856 videlicet,
823 4792 965 4862 quod
1012 4793 1230 4850 omnino
1273 4797 1668 4860 consequenter
1705 4805 1827 4844 cum
1873 4790 2095 4862 reliquis

512 4882 992 4937 consacerdotibus
1037 4882 1258 4935 omnino
1302 4879 1519 4949 explere
1573 4878 1938 4947 acceleraret,
1989 4882 2092 4937 nisi

503 4971 657 5038 juxta
682 4973 1016 5041 privilegium
1046 4974 1344 5028 decessoris
1377 4973 1548 5027 nostri
1592 4973 1771 5029 domni
1796 4973 2091 5039 Benedicti,

509 5067 565 5111 et
595 5067 860 5125 nostrum,
893 5077 1158 5115 summam
1209 5063 1364 5117 nobis
1413 5064 1791 5118 reservandum
1823 5064 1986 5134 coepti
2027 5064 2093 5118 de

512 5148 851 5204 restitutione
882 5151 1140 5206 docerent
1165 5153 1381 5223 negotii.
1415 5153 1650 5219 Quorum
1687 5154 1891 5208 scilicet
1929 5155 2093 5223 privi-

506 5235 775 5309 legiorum
811 5249 1049 5294 tenorem
1090 5242 1135 5294 si
1179 5259 1283 5297 non
1328 5244 1522 5297 sualim
1570 5243 1740 5298 frater
1770 5242 2092 5299 iliucmarus

511 5331 710 5402 partim
743 5330 990 5395 celasset,
1021 5341 1074 5386 et
1104 5336 1366 5402 quaedam,
1409 5350 1526 5403 qum
1559 5334 1664 5388 illic
1710 5333 1976 5389 habentur
2004 5335 2087 5388 in-

507 5430 680 5485 serta,
705 5423 935 5490 quadam
971 5423 1165 5477 astutia
1196 5424 1487 5493 cognitioni
1516 5424 1783 5479 communi
1819 5433 2088 5495 negasset,

509 5512 782 5568 neminem
821 5523 1070 5582 putamus
1100 5515 1371 5585 privilegia
1417 5524 1597 5569 nostra
1633 5531 1684 5568 a-
1708 5516 1850 5570 sedis
1873 5526 2087 5586 aposto—

584 5639 608 5665 ε
627 5625 706 5678 At!
722 5626 1053 5694 i-i'lfudnmct
1073 5629 1260 5683 socios.
1282 5628 1478 5683 Wlfadi
1499 5629 1734 5683 vicissim
1751 5637 1803 5682 et
1817 5629 2087 5683 sociorum

514 5696 565 5754 in
600 5698 781 5750 codice
811 5695 1146 5774 Lapduitensi
1194 5709 1366 5753 mstat
1412 5699 1632 5764 epistola
1678 5697 1741 5752 ad
1790 5699 2085 5762 Nicolaum,

2124 4561 2172 4619 D

2231 534 2568 593 avertissent.
2609 534 2725 590 Non
2763 535 2906 590 enim
2947 551 3046 592 nos
3090 538 3502 595 inobedientiam
3550 543 3849 611 praedica-

2223 626 2422 688 vimus,
2454 622 2534 679 vel
2565 639 2632 678 ne
2655 624 3120 694 obtemperaretur
3149 627 3379 684 decretis
3408 630 3554 686 sedis
3583 642 3842 701 aposto—

2221 715 2340 771 lica:
2393 713 2733 771 definivimus
2776 733 2789 769 :
2837 730 2958 770 cum
3001 718 3179 787 potius
3227 719 3428 774 eisdem
3481 725 3840 781 testantibus

2223 804 2536 876 privilegiis,
2584 803 2732 860 salvo
2779 804 3036 860 Romanae
3082 809 3225 863 sedis
3270 809 3322 862 in
3364 812 3618 868 omnibus
3654 813 3836 883 jussu

2223 906 2384 965 atque
2419 895 2646 966 judicio,
2696 897 2989 968 synodum,
3028 910 3191 967 quam
3223 898 3314 953 ille
3351 915 3449 970 pro
3476 901 3831 959 clericorum

2222 985 2525 1056 dejectione
2569 995 2991 1043 memoratorunt
3031 989 3343 1060 collegerat,
3382 992 3654 1048 stabiliter
3690 1009 3830 1050 esse

2221 1077 2540 1131 manendam
2587 1077 2955 1132 censuerimus
3001 1096 3014 1132 :
3063 1088 3118 1134 et
3167 1094 3231 1134 ea
3276 1081 3582 1137 conditione
3633 1084 3828 1154 ipsius

2221 1164 2486 1236 privilegii
2520 1173 2762 1220 tenorem
2791 1167 2840 1221 ei
2868 1167 3280 1234 ﬁrmaverimus,
3307 1171 3355 1224 si
3390 1187 3674 1242 nunquam
3727 1174 3827 1228 ille

2221 1267 2250 1307 a
2289 1254 2431 1308 sedis
2470 1255 2779 1323 apostolicae
2811 1246 3285 1328 praeceptionibus
3333 1260 3510 1331 aliquo
3557 1271 3825 1333 tempore

2220 1345 2596 1415 discrepasset.
2629 1344 2852 1402 Frustra
2875 1362 3004 1418 ergo
3034 1349 3313 1418 privilegia
3337 1366 3367 1404 a
3389 1352 3516 1406 sede
3539 1353 3647 1407 sibi
3681 1368 3824 1424 apo-

2220 1435 2408 1492 stolica
2439 1451 2718 1502 concessa,
2745 1453 2814 1493 ne
2837 1441 3387 1512 sanctionesmxplere
3408 1452 3625 1499 nostras
3649 1460 3823 1500 acce-

2218 1525 2439 1592 leraret,
2467 1536 2746 1581 asseverat
2773 1527 3062 1604 impedisse
3087 1547 3102 1584 :
3131 1545 3255 1586 cum
3279 1541 3487 1587 constet
3511 1535 3732 1603 potius,
3760 1546 3823 1590 ut

2219 1615 2454 1683 ipsorum
2497 1624 2675 1670 textus
2715 1616 2966 1685 insinuat,
2995 1635 3104 1688 quo
3143 1621 3317 1691 magis
3346 1623 3414 1678 ad
3440 1625 3822 1681 obedientium

2217 1705 2372 1760 nobis
2396 1706 2746 1774 acceleraret,
2775 1724 2840 1764 ea
2862 1711 3007 1765 hunc
3027 1711 3394 1782 muitipliciter
3419 1716 3814 1772 admonuisse:

2141 1803 2375 1878 Batque
2430 1798 2476 1852 si
2526 1806 2665 1865 rata,
2704 1815 2825 1870 qua:
2872 1801 2976 1855 sibi
3023 1801 3217 1858 collata
3266 1801 3502 1871 fuerant,
3547 1806 3704 1860 circa
3755 1823 3819 1864 se

2216 1887 2421 1943 sentire
2446 1888 2726 1956 voluisset,
2776 1891 2845 1948 ad
2892 1891 3373 1962 obtemperandum
3407 1897 3666 1954 institutis
3712 1915 3818 1955 no-

2214 1977 2344 2032 stris
2372 1993 2431 2034 se
2472 1979 2562 2034 illa
2591 1980 2802 2051 plenius
2843 1996 2907 2037 ac
2950 1973 3312 2040 abundantius
3345 1987 3618 2042 incitasse.
3667 1986 3813 2044 Glo-

2215 2066 2522 2122 riosissimae
2551 2079 2808 2140 praeterea
2834 2072 3085 2127 charitati
3126 2081 3317 2128 vestra:
3341 2075 3517 2131 denuo
3545 2091 3644 2145 pro
3674 2076 3810 2130 Bal-

2213 2159 2378 2214 duino
2418 2162 2621 2229 gratias
2656 2161 2886 2232 agimus,
2937 2164 3111 2218 denuo
3140 2165 3284 2220 circa
3329 2181 3452 2220 eum
3492 2167 3811 2222 exhibitum

2214 2255 2416 2302 tantum
2435 2249 2684 2306 inclinem
2699 2260 2892 2306 vestrae
2907 2253 3206 2309 devotionis
3219 2252 3466 2310 affectum
3487 2256 3804 2319 laudamus,

2211 2337 2386 2391 denuo
2411 2340 2552 2408 quod
2576 2340 2746 2406 deest,
2770 2341 2965 2397 oblatis
2985 2359 3082 2413 pro
3101 2359 3166 2398 eo
3194 2345 3546 2414 petitionibus
3569 2349 3807 2413 nostris,

2213 2429 2446 2498 suppleri
2477 2445 2574 2500 per
2609 2432 2827 2501 pietatis
2855 2442 3046 2489 vestra:
3075 2436 3496 2490 munificentiam
3540 2438 3809 2507 depreca-

2211 2534 2352 2573 mur.
2390 2519 2602 2576 Justum
2630 2524 2774 2578 enim
2807 2533 2908 2589 est,
2940 2533 2998 2579 ut
3045 2527 3266 2590 bonum,
3298 2529 3442 2596 quod
3469 2543 3566 2597 pro
3593 2529 3805 2583 divini-

2213 2611 2339 2666 tatis
2397 2622 2643 2682 respectu
2684 2615 2840 2670 nobis
2891 2616 3381 2673 intervenientibus
3421 2619 3686 2688 cmpistis,
3739 2629 3804 2673 ut

2210 2701 2527 2756 obedientia:
2572 2719 2636 2759 ac
2679 2705 3000 2774 dapsilitatis
3043 2717 3255 2773 vestrae,
3289 2719 3452 2777 atque
3493 2708 3804 2764 clementia:

2211 2805 2418 2846 merces
2443 2793 2679 2863 perfecta
2711 2795 2782 2850 sit
2811 2812 3186 2854 consummare
3218 2799 3475 2854 benevole
3507 2801 3795 2868 satagatis.

2212 2879 2286 2934 De
2307 2889 2520 2947 caetero,
2548 2882 2886 2949 charissime,
2916 2885 3042 2953 vigil
3064 2895 3198 2953 esto,
3223 2895 3278 2941 et
3302 2886 3528 2941 solerter
3549 2888 3795 2942 intentus

2210 2968 2352 3022 circa
2393 2979 2632 3025 sanctam
2661 2971 2958 3027 Romanam
2991 2973 3308 3041 Ecclesiam,
3353 2985 3408 3030 et
3453 2991 3577 3046 erga
3605 2976 3796 3031 sedem

2211 3061 2579 3131 apostolicam,
2631 3065 3082 3133 quemadmodum
3131 3065 3223 3120 Dei
3262 3065 3496 3122 cultores
3535 3075 3795 3136 parentes

2151 3203 2176 3226 Ἴ
2213 3161 2422 3208 vestros
2447 3154 2720 3209 exstitisse
2744 3155 2996 3209 nonnulla
3026 3155 3226 3226 scripta
3257 3165 3313 3212 et
3341 3156 3646 3227 probabiles
3685 3158 3792 3211 viri

2209 3248 2472 3295 testantur
2500 3258 2515 3296 :
2542 3245 2795 3312 quoniam
2838 3243 2942 3299 illa:
2970 3245 3186 3314 penitus
3220 3245 3410 3311 vestri,
3442 3245 3792 3301 dilectorem-

2205 3346 2313 3399 que
2362 3341 2701 3399 vestrorum,
2757 3349 2924 3404 penes
2988 3334 3352 3404 apostolorum
3417 3333 3788 3390 confessiones

2205 3421 2350 3477 nullo
2392 3423 2551 3477 modo
2595 3424 2846 3494 poterunt
2895 3424 3161 3480 oblivisci.
3215 3426 3291 3480 De
3336 3425 3602 3480 restitutis
3653 3440 3786 3480 vero

2203 3511 2416 3566 clericis
2449 3513 2576 3581 quid
2610 3513 3026 3581 decreverimus,
3057 3515 3283 3586 epistola
3314 3524 3498 3572 nostra
3527 3516 3684 3571 fratri
3725 3528 3783 3572 et

2203 3602 2517 3672 coepiscopo
2547 3612 2732 3658 nostro
2754 3604 3044 3660 llincmaro
3069 3606 3232 3660 missa
3259 3606 3485 3664 recitata
3507 3606 3788 3676 sapientia:

2201 3702 2390 3746 vestrae
2405 3693 2623 3747 auribus
2635 3696 2832 3764 poterit
2847 3697 3114 3750 intimare.
3135 3697 3394 3767 Optamus
3405 3697 3788 3753 excellentiam

2199 3791 2433 3836 vestram
2449 3783 2499 3836 in
2515 3783 2730 3839 Christo
2749 3802 2888 3842 nunc
2901 3797 2952 3841 et
2969 3802 3178 3856 semper
3189 3789 3326 3844 bene
3335 3787 3533 3852 valere,
3547 3787 3788 3845 dilectis-

2199 3874 2334 3929 sime
2384 3876 2475 3928 fili.
2511 3877 2645 3930 Data
2677 3893 2769 3930 vm
2812 3877 2932 3932 ldus
2963 3878 3290 3942 Decembris,
3347 3876 3642 3931 indictione
3688 3891 3781 3930 xv.

2937 3967 3050 4023 CX.

2294 4049 2320 4077 ⁸
2348 4052 2415 4090 AD
2446 4053 2706 4093 WLFADUI
2733 4053 2998 4094 ειειιιεωι
3029 4052 3364 4103 ιιιιειιεΝεειι,
3389 4053 3459 4095 ετ
3490 4052 3683 4095 SOCIOS.

2197 4195 2510 4252 Gratulatnr
2532 4215 2594 4252 ae
2615 4129 3210 4268 ipsormitArlelz‘titsggiL,
3232 4181 3388 4269 quam
3412 4209 3580 4269 ratam
3605 4201 3781 4263 habet,

2266 4278 2536 4338 monetque
2561 4286 2622 4323 ne
2663 4269 2889 4338 injurias
2930 4267 3272 4335 ulciscantur,
3306 4279 3354 4322 et
3388 4279 3444 4322 ut
3488 4267 3782 4322 llincmaro

2265 4339 2551 4405 pra’serlim
2583 4340 2918 4392 reverentiam
2943 4339 3238 4392 exhibeant.

2692 4428 2873 4501 [Apud
2899 4428 3090 4492 Mansi,
3122 4427 3278 4500 ibid.]

2269 4518 2537 4574 NICOLMIS
2567 4519 2849 4591 cpiscopus
2871 4561 2886 4584 ,
2931 4535 3120 4575 ser-vus
3149 4534 3431 4574 servorum
3474 4520 3586 4584 Dei,
3617 4533 3781 4572 vene-

2200 4609 2455 4664 rabilibus
2485 4608 2695 4664 clericis
2731 4609 2943 4664 Wlfado
2968 4609 3174 4664 scilicet
3201 4617 3256 4664 et
3280 4610 3490 4664 caeteris
3525 4608 3615 4679 qui
3650 4623 3778 4663 eum

2197 4712 2263 4753 co
2291 4699 2488 4754 dudum
2521 4699 2772 4768 depositi,
2804 4715 2949 4755 nunc
2971 4715 3101 4755 vero
3137 4699 3356 4754 decreto
3387 4699 3531 4754 sedis
3566 4709 3780 4767 aposto-

2197 4786 2311 4843 licae
2334 4803 2396 4842 ac
2427 4788 2670 4860 synodali
2701 4789 3132 4858 promulgatione
3162 4789 3397 4844 restituti
3426 4789 3534 4844 Deo
3555 4797 3780 4843 auctore

2199 4880 2516 4935 consistunt.
3729 4921 3737 4928 .

2269 4971 2472 5025 Divina:
2516 4971 2881 5027 miserationis
2912 4971 3299 5041 plenitudinem
3337 4972 3606 5028 neminem
3638 4969 3778 5026 velle

2195 5061 2394 5131 perire,
2424 5077 2524 5118 nec
2549 5063 2615 5117 de
2644 5072 2854 5117 sacrato
2883 5078 3108 5117 numero
3136 5062 3312 5134 gregis
3336 5062 3419 5117 sui
3451 5077 3582 5118 casu
3607 5061 3773 5132 quoli-

2193 5151 2284 5206 bet
2315 5153 2578 5217 decidere,
2626 5153 2820 5218 nullus,
2844 5153 2933 5222 qui
2965 5152 3181 5207 divitias
3207 5153 3466 5207 bonitatis
3494 5153 3610 5224 ejus
3640 5167 3773 5206 con-

2193 5243 2414 5309 siderat,
2460 5258 2681 5314 prorsus
2727 5243 2960 5314 ignorat,
3009 5259 3132 5298 cum
3175 5242 3340 5297 etiam
3386 5241 3605 5312 proprio
3633 5240 3775 5294 Filio

2193 5351 2298 5389 non
2334 5335 2672 5404 pepercerit,
2717 5336 2810 5390 sed
2855 5351 2954 5405 pro
3005 5336 3158 5391 nobis
3201 5335 3450 5390 omnibus
3491 5333 3772 5389 tradiderit

2194 5426 2340 5480 illum
2371 5425 2541 5495 (Rom.
2570 5429 2687 5497 vui)
2730 5446 2740 5480 :
2776 5427 2930 5495 cujus
2957 5428 3094 5491 ovis,
3129 5443 3248 5498 quae
3275 5427 3533 5496 perierat,
3558 5426 3776 5496 pietatis

2194 5517 2434 5572 humeris
2461 5528 2766 5587 reportatur
2803 5518 2868 5572 ad
2905 5534 3120 5589 gregem
3145 5534 3159 5584 ;
3189 5517 3447 5587 cujusque
3473 5513 3774 5571 clementiae

2193 5633 2244 5684 in
2293 5647 2396 5699 qua
2441 5631 2640 5698 gratias
2684 5640 2847 5699 agunt
2883 5631 2946 5684 dc
2963 5645 3060 5686 sua
3085 5628 3452 5696 restitutione,
3464 5633 3770 5750 petuntque

2193 5710 2246 5750 ut
2283 5701 2381 5750 sibi
2410 5699 2625 5750 altiores
2659 5702 2856 5750 gradus
2887 5700 3107 5750 m‘ovelii
3157 5699 3332 5750 liceat.
3498 5711 3581 5750 ac.
3613 5695 3753 5750 Sttut

2191 5710 2246 5753 ut
2283 5695 2381 5755 sibi
2410 5695 2625 5755 altiores
2659 5695 2856 5769 gradus
2887 5700 3107 5766 provehi
3157 5699 3332 5752 liceat.
3464 5695 3581 5750 Jac.
3613 5695 3753 5750 Situ!
