4060 6338
293 412 431 475 ill?)

1523 405 1877 463 EPISTOLE
1912 405 2001 460 ΕΤ
2036 404 2377 461 DECRETA.

3398 410 3536 467 HM

291 529 499 589 viscera
544 539 642 583 nos
691 538 905 595 quoque
946 537 1044 594 pro
1085 522 1301 579 modulo
1340 532 1527 578 nostro
1570 530 1862 586 sectantes,
1890 523 1939 582 Α
1967 518 2069 572 hoe
2097 533 2194 586 pro
2222 516 2385 572 vestri
2416 517 2731 585 munimine,
2758 532 2822 574 ac
2855 518 3113 591 graduum
3150 518 3544 590 stabilimenta;

291 632 400 674 non
448 615 591 687 passi
637 630 823 670 sumus
873 629 1032 670 voces
1078 622 1289 669 vestras
1334 613 1425 666 diu
1475 622 1860 676 contemnere,

291 721 395 763 nec
418 696 581 776 super
609 704 930 760 contritione
953 719 1017 759 ac
1046 704 1243 775 gemitu
1272 712 1453 766 vestro
1478 700 1864 771 compassionis

291 810 452 851 aures
479 797 782 860 obstruere,
810 810 909 849 nec
943 794 1317 865 dejectionem,
1360 808 1521 862 quam
1552 808 1583 846 a
1611 790 1782 847 fratre
1808 799 1864 846 et

292 889 608 957 coepiscopo
644 896 828 941 nostro
861 886 1168 950 liincmaro,
1200 901 1293 940 seu
1332 885 1543 940 cmteris
1572 883 1859 954 episcOpis,

291 979 490 1033 nullius
534 977 804 1048 tequitatis
846 992 1074 1032 censura
1122 976 1443 1047 pertulistts,
1494 975 1612 1030 sine
1658 974 1863 1029 iterata:

292 1068 655 1124 ventilationis
700 1068 948 1124 examine
993 1067 1288 1137 praeterire.
1331 1065 1560 1135 ideoque
1603 1064 1864 1135 jussimus

290 1159 520 1215 fratrum
547 1168 601 1216 et
632 1160 1068 1231 coepiscoporum
1112 1168 1415 1214 nostrorum
1459 1158 1663 1223 Galliae,
1713 1159 1861 1214 Neu-

289 1250 458 1317 striae,
486 1249 569 1304 vel
611 1248 912 1304 Germaniae
952 1248 1215 1321 synodum
1246 1247 1530 1314 celebrari,
1555 1257 1611 1303 et
1643 1262 1862 1304 causam

288 1348 524 1400 vestram
551 1340 605 1394 in
634 1340 823 1395 eodem
853 1340 1159 1396 venerando
1198 1340 1429 1395 concilio
1463 1323 1758 1394 examinari
1810 1347 1866 1395 et

289 1446 397 1493 non
422 1429 600 1499 aliqua
628 1444 837 1487 emersa
863 1429 1267 1501 disceptatione,
1305 1430 1414 1486 Deo
1438 1445 1548 1501 prae
1576 1428 1746 1485 oculis
1769 1430 1865 1484 ha-

288 1516 421 1584 bito,
461 1517 690 1574 definiri.
723 1519 839 1586 Quo
868 1519 959 1574 Dei
986 1519 1468 1591 gratitejuvamine
1510 1528 1730 1590 peracto
1769 1536 1863 1576 su-

287 1609 559 1680 scepimus
596 1624 739 1665 nunc
785 1609 993 1666 litteras
1022 1611 1232 1683 synodi,
1271 1612 1586 1668 relationem
1622 1612 1860 1666 omnium

288 1698 623 1757 continentes
667 1699 1061 1771 episcoporum,
1110 1717 1206 1757 vos
1252 1702 1499 1757 innoxios
1541 1709 1861 1758 cunctorum

290 1790 643 1853 unanimitate
678 1792 1073 1861 comprobatos,
1100 1800 1156 1846 et
1184 1805 1212 1844 a
1255 1791 1416 1846 totius
1459 1806 1694 1846 consona
1730 1780 1863 1845 voce

289 1880 499 1933 concilii
537 1879 728 1952 dignos
774 1881 1037 1952 graduum
1066 1889 1367 1936 vestrorum
1408 1882 1713 1951 receptione
1739 1896 1862 1952 pro-
1892 1872 1939 1932 Β

292 1971 584 2037 nuntiatos,
630 1971 1070 2031 manifestissime
1111 1971 1425 2027 referentes.
1462 1972 1566 2028 Ubi
1605 1972 1749 2027 nulla
1788 1972 1867 2027 di-

291 2059 575 2130 sceptatio,
599 2060 744 2116 nulla
769 2061 1001 2116 varietas
1015 2060 1119 2115 alia
1141 2072 1300 2130 atque
1315 2061 1417 2116 alia
1440 2061 1864 2128 defendentium,

288 2149 465 2205 nullus
490 2162 771 2205 accusator
806 2150 888 2203 vel
916 2150 1303 2205 condemnator
1338 2150 1589 2205 inventus
1624 2158 1738 2215 est;
1771 2149 1866 2205 sed

286 2243 623 2302 cunctorum,
655 2251 760 2290 una
789 2252 911 2291 cum
934 2234 1047 2305 jam
1088 2237 1218 2291 dicti
1260 2236 1445 2291 fratris
1476 2245 1530 2291 et
1561 2236 1863 2306 coepiscopi

183 2317 190 2323 ”
287 2327 455 2382 nostri
487 2325 759 2382 llincmari
789 2342 1078 2394 consensu,
1106 2343 1211 2383 una
1246 2330 1545 2398 eademque
1564 2328 1863 2395 sententia,

286 2425 448 2487 atque
494 2417 546 2471 in
577 2418 916 2473 restitutione
946 2427 1125 2473 vestra
1153 2433 1252 2488 par
1278 2418 1518 2473 omnium
1559 2432 1864 2473 consonan-

289 2507 385 2570 tia,
401 2506 695 2576 similisque
709 2494 1055 2577 pronuntiata
1070 2507 1312 2565 definitio
1335 2508 1547 2564 claruit.
1571 2505 1864 2577 Pmpterea

286 2604 342 2651 et
387 2612 483 2652 nos
521 2612 733 2667 quoque
778 2597 831 2652 in
874 2597 1212 2661 restitutione
1253 2606 1435 2656 vestra
1475 2607 1529 2653 et
1561 2597 1865 2670 receptio:.e

286 2685 546 2756 graduum
575 2696 875 2741 vestrorum
906 2687 1301 2744 conniventiam
1339 2685 1633 2758 prmbuisse
1669 2700 1864 2756 cogno-

287 2780 443 2847 scite,
471 2789 525 2836 et
549 2779 909 2851 congratulari
943 2780 1093 2837 vobis
1117 2796 1215 2851 pro
1244 2789 1385 2835 statu
1426 2790 1624 2848 vestro,
1669 2795 1862 2851 quem-

288 2871 575 2926 admodum
621 2872 686 2927 de
709 2872 1008 2942 ahjeetione
1048 2872 1440 2939 condoluimus,
1483 2873 1668 2943 procul
1702 2872 1863 2928 dubio

287 2962 511 3019 credite.
566 2961 733 3034 igitur
777 2964 1031 3033 quoniam
1080 2965 1133 3019 in
1179 2965 1515 3020 decernendo
1544 2972 1597 3021 et
1639 2965 1692 3019 in
1716 2964 1863 3034 judi-

288 3053 456 3107 cando
496 3054 636 3124 quod
685 3055 943 3109 canonice
976 3054 1331 3110 deliberatum
1363 3066 1466 3121 est,
1510 3063 1565 3111 et
1601 3055 1656 3111 in
1704 3055 1861 3110 resti-

287 3144 499 3198 tuendis
544 3144 694 3200 vobis
740 3143 850 3200 Dco
903 3145 1151 3216 praeduce
1200 3147 1339 3201 sicut
1393 3145 1572 3201 decuit
1625 3154 1678 3200 et
1726 3146 1857 3202 ordo

1967 620 2155 664 contra
2183 624 2371 663 omnes
2400 608 2813 664 calumniatores
2842 617 3049 664 vestros
3074 609 3282 665 utimini
3309 626 3322 664 :
3351 612 3536 667 vobis-

1966 715 2069 770 que
2099 714 2314 768 semper
2336 699 2533 755 existat
2561 697 2784 753 facultas
2837 700 2892 754 in
2938 700 3427 769 opportunitatibus
3465 701 3535 756 ad

1965 792 2145 844 sedem
2177 790 2524 859 apostolicam
2554 804 2868 860 provocare,
2904 799 2958 845 et
3004 790 3122 860 ejus
3160 789 3534 859 judicium-sec

1964 881 2195 936 cundum
2246 895 2481 936 canones
2534 880 2852 952 praestolari.
2913 879 3172 936 Nolumus
3212 891 3390 937 tamen
3439 897 3537 937 vos

1963 970 2231 1041 ignorare,
2270 985 2369 1025 nos
2396 969 2551 1025 fratri
2590 978 2645 1024 et
2673 970 2991 1041 coepiscopo
3021 979 3207 1025 nostro
3247 970 3536 1027 Hincmaro

1964 1060 2176 1114 dedisse
2217 1059 2481 1125 inducias,
2510 1070 2568 1113 ut
2600 1060 2739 1114 intra
2766 1060 2995 1128 spatium
3029 1059 3153 1113 anni
3185 1059 3343 1129 hujus
3366 1058 3534 1114 lieen—

1964 1147 2095 1203 tium
2122 1149 2315 1203 habeat
2335 1158 2522 1204 contra
2550 1165 2644 1204 vos
2676 1148 2742 1204 de
2771 1149 3066 1221 dejectione
3092 1149 3173 1204 vel
3198 1148 3538 1204 restitutione

1962 1248 2167 1305 vestra,
2192 1240 2237 1296 si
2258 1240 2405 1306 velit,
2429 1241 2568 1312 apud
2589 1257 2686 1295 nos
2707 1241 2978 1312 negotium
3000 1238 3352 1308 exsequendi.
3381 1238 3537 1305 Quod

1965 1332 2166 1389 idcirco
2194 1332 2440 1398 dicimus,
2464 1340 2525 1387 ut
2562 1332 2818 1388 sollicitos
2856 1346 2951 1386 vos
2986 1330 3295 1393 reddamus,
3323 1337 3377 1384 et
3403 1344 3537 1399 qua-

1964 1419 2089 1476 liter
2122 1422 2169 1476 si
2217 1436 2436 1477 necesse
2470 1420 2629 1476 fuerit
2657 1422 2707 1477 ei
2740 1420 3028 1486 resistatis,
3059 1428 3184 1474 ante
3211 1416 3538 1489 praeseiatis,

1964 1522 2023 1569 ut
2050 1513 2165 1583 ejus
2191 1514 2311 1570 telis
2336 1528 2483 1571 arma
2501 1515 2723 1586 iustitiae
2747 1521 2941 1569 vestra:
2960 1526 3268 1582 praeparare
3294 1509 3536 1564 valeatis.

1965 1604 2227 1676 Optamus
2248 1622 2346 1662 vos
2374 1607 2427 1661 in
2463 1606 2680 1662 Christo
2718 1607 2856 1661 bene
2893 1604 3092 1658 valere.
3134 1602 3268 1658 Data
3298 1614 3391 1657 vin
3418 1599 3542 1656 ldus

1965 1699 2296 1766 Decembris,
2326 1697 2616 1754 indictione
2643 1697 2848 1754 decima
2876 1695 3085 1765 quinta.

2685 1807 2817 1864 CXI.

2416 1917 2481 1957 AD
2520 1915 2739 1958 NOBILES
2774 1915 3093 1966 AQUITANOS.

2579 2014 2755 2087 (Anno
2780 2015 2930 2095 866.)

1968 2105 2036 2163 Ul
2064 2122 2146 2162 res
2166 2105 2524 2177 ecclesiarum,
2552 2123 2682 2177 quas
2710 2103 3281 2177 iniustequoquomodo
3304 2101 3541 2177 retinent,

2035 2177 2147 2233 sine
2191 2191 2338 2229 mora
2394 2169 2647 2240 reddunt,
2684 2190 2746 2229 ac
2781 2169 3124 2243 deinceps—ab
3166 2170 3351 2225 iisdem
3384 2169 3545 2223 absti-

2016 2307 2018 2310 ν
2036 2254 2213 2300 neunt.
2592 2294 2598 2301 .

2458 2330 2636 2405 [Apud
2664 2318 2867 2399 Mansi,
2896 2331 3050 2404 ωτι]

2032 2424 2299 2481 Νιοοιλυε
2327 2424 2632 2495 episcopus,
2662 2438 2850 2479 servus
2878 2437 3157 2478 servorum
3192 2420 3308 2484 Dei,
3338 2418 3546 2474 dilectis

1963 2516 2213 2576 omnibus
2266 2514 2534 2570 nobilibus
2578 2523 2742 2583 atque
2789 2511 3117 2583 primoribus
3194 2526 3288 2566 seu
3335 2510 3545 2565 cunctis

1962 2606 2265 2675 Aquitanim
2292 2604 2705 2660 habitatoribus.

1976 2692 1981 2695 ⁷
2036 2696 2442 2760 Sollicitudinis,
2473 2710 2634 2767 quam
2671 2710 2768 2766 pro
2796 2694 3062 2750 universis
3093 2692 3336 2749 ecclesiis
3367 2692 3543 2747 Domi-

1962 2786 2101 2842 nicis
2120 2785 2469 2850 sustinemus,
2498 2786 2792 2841 necessitas
2814 2801 2912 2839 nos
2928 2782 3199 2854 compellit
3218 2783 3284 2837 de
3305 2781 3545 2837 omnium:

1964 2876 2202 2932 fidelium
2234 2885 2378 2932 statu
2409 2876 2693 2947 impigram
2723 2892 2910 2947 gerere
2947 2876 3358 2946 providentiam.
3399 2874 3543 2943 Qua-

1961 2977 2182 3037 propter
2210 2966 2274 3020 de
2302 2964 2454 3021 vobis
2481 2966 2642 3021 etiam
2676 2965 2926 3020 solertem
2955 2980 3140 3019 curam
3163 2962 3537 3020 circumferen-

1966 3069 2063 3124 tes,
2114 3058 2361 3114 audimus
2398 3057 2659 3128 quosdam
2702 3068 3025 3122 vestrorum,
3066 3054 3209 3127 quod
3251 3071 3356 3110 non
3389 3062 3535 3125 opta-

1966 3168 2105 3216 mus,
2151 3150 2225 3204 ita
2259 3159 2445 3204 contra
2480 3148 2647 3203 Deum
2693 3146 2890 3213 efferri,
2942 3156 3002 3202 ut
3039 3147 3299 3203 ecclesias
3334 3144 3453 3215 ejus
3495 3154 3545 3201 et

285 3232 748 3309 wposcitmostra
778 3235 1054 3304 praecessit
1080 3237 1404 3305 auctoritas,
1437 3237 1764 3293 conveniens
1795 3252 1860 3292 ac
1887 3198 1932 3261 Ο
1965 3239 2175 3295 diversa
2210 3237 2298 3307 pia
2343 3237 2458 3292 loca
2494 3237 2790 3307 deprzedari
2832 3252 2936 3290 non
2978 3237 3220 3300 timeant,
3260 3243 3315 3290 et
3356 3249 3442 3290 res
3470 3234 3545 3289 eis

288 3319 568 3396 honestum
598 3330 701 3389 est,
734 3331 792 3378 ut
830 3332 1027 3379 nostra:
1073 3324 1343 3380 firmitatis
1386 3323 1622 3397 perfecta
1668 3326 1859 3380 subse-

288 3402 486 3493 quatur
520 3413 821 3485 integritas.
850 3413 925 3469 Ea
953 3430 1050 3486 pro
1079 3431 1135 3471 re
1160 3416 1557 3488 congaudemus
1583 3416 1756 3482 vobis,
1779 3422 1857 3481 et,

260 3514 348 3562 'ut
370 3507 482 3576 jam
508 3507 635 3563 fassi
671 3525 874 3573 sumus,
916 3510 1372 3580 congratulamur,
1411 3518 1464 3565 et
1492 3525 1611 3583 quae
1644 3508 1859 3565 decreta

285 3604 412 3677 sunt
439 3611 600 3667 super
633 3606 804 3651 status
834 3599 998 3653 vestri
1030 3601 1457 3674 recuperatione,
1489 3598 1584 3653 Dei
1615 3599 1858 3672 omnipo-

287 3689 452 3743 tentis
490 3695 545 3743 et
571 3686 851 3769 beatorum
893 3690 1255 3769 apostolorum
1294 3691 1594 3769 principum
1623 3688 1766 3745 Petri
1796 3705 1860 3745 ac

287 3779 463 3846 Pauli,
492 3790 655 3852 atque
682 3767 777 3852 per
798 3776 895 3837 eos
916 3766 1521 3838 nostrae’medioeritatis
1542 3781 1860 3837 auctoritate

287 3872 629 3938 roboramus,
677 3882 818 3929 etut
860 3874 1153 3938 secundum
1207 3872 1599 3945 beneplacitum
1645 3870 1857 3927 Domini

281 3962 396 4034 jugi
426 3963 716 4020 stabilitate
747 3964 975 4019 faciente
1017 3965 1125 4021 Deo
1167 3973 1424 4020 maneant
1465 3964 1693 4020 libenter
1730 3978 1857 4017 ora-

287 4068 426 4107 mus.
462 4052 725 4108 Prteterea
774 4053 1016 4110 volumus
1048 4065 1103 4110 et
1148 4055 1430 4110 hortamur
1467 4070 1597 4121 vos,
1628 4062 1687 4110 ut
1728 4053 1861 4111 tales

285 4139 354 4196 de
394 4149 589 4197 caetero
630 4141 684 4196 in
732 4142 981 4198 omnibus
1023 4158 1116 4198 vos
1145 4143 1468 4209 exhibeatis,
1514 4151 1575 4198 ut
1620 4144 1674 4199 in
1715 4142 1861 4213 mullo

286 4230 484 4301 ingrati
515 4232 658 4288 circa
686 4231 944 4288 beneficia
980 4233 1193 4290 Domini
1221 4234 1370 4311 vobis
1403 4232 1596 4289 collata
1626 4232 1861 4303 reperia-

287 4320 442 4375 mini.
478 4320 710 4377 Proinde
752 4323 1138 4379 misericordiae
1162 4323 1332 4393 ipsius
1368 4324 1570 4395 gratias
1599 4322 1761 4393 agite,
1804 4330 1861 4379 et

288 4412 542 4480 quoniam
561 4428 656 4480 vos
673 4412 728 4467 in
749 4412 911 4469 finem
933 4429 1038 4469 non
1055 4413 1293 4470 deseruit
1314 4427 1528 4485 semper
1550 4412 1605 4469 in
1624 4421 1859 4469 mentem

288 4501 548 4569 reducite,
582 4502 938 4567 humilitatem
985 4521 1095 4577 prae
1131 4504 1299 4561 oculis
1336 4520 1553 4580 semper
1598 4504 1859 4560 habentes

285 4600 340 4645 et
367 4606 461 4645 cor
506 4602 739 4647 vestrmu
789 4594 856 4649 ad
902 4596 1265 4667 meditandum
1315 4611 1433 4666 quae
1472 4604 1674 4651 aeterna
1711 4603 1855 4661 sunt,

288 4681 688 4751 infatigabiliter
732 4684 1038 4755 erigentes:
1071 4695 1196 4746 ante
1235 4686 1415 4741 omnia
1466 4703 1594 4742 vero
1631 4685 1859 4742 sollicite

288 4779 673 4838 praecaventes,
723 4786 789 4835 ne
835 4788 1105 4828 memores
1147 4782 1445 4829 vestrarum
1483 4775 1603 4830 sitis
1639 4776 1859 4845 iniuria-

289 4852 427 4925 rum,
462 4876 636 4929 neque
667 4864 1028 4918 succenseatis
1054 4863 1313 4918 adversus
1341 4880 1433 4919 eos
1466 4865 1555 4935 qui
1587 4865 1683 4920 has
1708 4865 1859 4921 vobis

291 4949 535 5006 intulisse
581 4953 893 5022 probantur.
958 4953 1135 5009 Fratri
1189 4964 1367 5011 autem
1424 4965 1479 5011 et
1541 4959 1857 5030 coepiscopo

289 5046 473 5091 nostro
494 5032 785 5094 llincmaro
816 5042 1050 5098 debitam
1080 5044 1435 5100 humilitatem
1474 5055 1528 5102 et
1556 5058 1860 5117 counpeten-

291 5138 396 5182 tem
434 5131 792 5185 reverentiam
832 5132 1122 5191 exhibete:
1153 5151 1251 5193 nec
1281 5137 1352 5203 sit
1390 5136 1571 5206 aliquo
1618 5146 1859 5209 tempore

288 5218 440 5274 vobis
470 5219 682 5276 licentia
711 5231 898 5278 contra
935 5239 1081 5291 eum,
1117 5242 1215 5296 pro
1247 5242 1311 5287 eo
1337 5229 1479 5297 quod
1508 5228 1576 5282 ab
1602 5242 1667 5284 eo
1697 5228 1859 5285 fueri-

292 5307 357 5365 tis
402 5309 470 5364 ab
513 5310 686 5367 oflicio
730 5314 997 5384 suspensi,
1048 5317 1436 5385 querimoniam
1480 5320 1855 5389 componendi,

286 5399 370 5454 vel
418 5401 689 5457 sinistram
746 5401 1164 5465 vicissitudinem
1197 5407 1546 5462 retribuendi.
1593 5407 1855 5474 Quoniam

287 5503 387 5544 nos
415 5489 467 5545 in
495 5493 766 5551 erectione
809 5503 984 5550 vestra
1013 5495 1209 5552 nullius
1235 5498 1445 5552 ruinam
1489 5499 1853 5568 quaesivimus,

285 5592 385 5633 nec
412 5578 490 5634 sic
521 5595 684 5637 unam
711 5596 916 5653 partem
943 5583 1184 5641 stabilire
1213 5570 1479 5654 volumus,
1509 5596 1566 5642 ut
1592 5588 1762 5659 partis
1781 5588 1857 5644 al-

290 5666 457 5759 terius
512 5668 789 5741 dignitatis
854 5674 937 5729 vel
996 5673 1137 5744 juris
1185 5675 1509 5749 detrimenta
1564 5678 1851 5759 patiamur.

287 5758 546 5827 Fruimini
580 5779 708 5825 ergo
738 5765 892 5827 huius
918 5777 1113 5824 nostra:
1138 5770 1510 5837 prmceptionis
1535 5758 1771 5840 decreto,
1802 5783 1854 5831 et

1962 3330 2293 3402 pertinentes
2323 3328 2625 3385 distrahere
2671 3343 2778 3383 non
2822 3336 3091 3383 recusent.
3123 3326 3252 3394 Quae
3285 3342 3370 3382 res
3394 3326 3545 3381 valde

1961 3414 2060 3473 nos
2091 3418 2453 3484 contristavit,
2485 3425 2539 3472 et
2572 3417 2711 3473 ultra
2741 3432 2903 3489 quam
2931 3416 3036 3472 dici
3063 3417 3235 3486 possit
3263 3416 3428 3470 menti
3459 3430 3544 3470 no-

1961 3519 2087 3566 strae
2129 3510 2440 3565 mmstitiam
2488 3509 2786 3583 generavit.
2845 3509 2914 3564 Et
2963 3508 3120 3572 ideo,
3153 3507 3246 3561 fllii
3292 3507 3541 3563 charissi-

1962 3599 2059 3663 mi,
2093 3613 2236 3653 curae
2275 3597 2431 3652 nobis
2479 3596 2600 3660 fuit,
2641 3604 2702 3650 ut
2732 3596 2817 3651 his
2860 3609 2953 3650 vos
3000 3595 3171 3657 nostri
3201 3595 3543 3664 pontiﬁcatus

1961 3690 2304 3749 hortaremur
2345 3685 2618 3751 affatibus,
2660 3695 2722 3740 ut
2763 3684 2923 3742 saluti
2970 3692 3164 3739 vestrae
3202 3684 3543 3755 providentes

1960 3778 2189 3835 solerter
2233 3792 2262 3833 a
2297 3787 2447 3835 tanta
2493 3777 2810 3833 crudelitate
2849 3762 3094 3842 cessetis,
3133 3776 3376 3847 quinimo
3425 3792 3543 3846 qua-

1961 3866 2222 3922 violenter
2243 3874 2335 3921 aut
2354 3852 2728 3936 quoquomodo
2749 3852 2865 3921 sine
2885 3854 3002 3936 lege
3021 3863 3235 3928 tulistis,
3254 3859 3542 3922 reddentes

1960 3965 2169 4013 tantum
2196 3958 2467 4029 corrigere
2497 3957 2722 4012 curetis.
2768 3954 2903 4012 Nam
2938 3956 3186 4028 quamvis
3219 3957 3430 4013 Domini
3471 3958 3542 4013 sit

1964 4059 2128 4115 terra,
2157 4056 2211 4105 et
2235 4049 2511 4125 plenitudo
2542 4050 2661 4120 ejus
2689 4047 2860 4123 (Psal.
2893 4053 3073 4118 mn),
3099 4050 3201 4106 illa:
3227 4061 3405 4107 tamen
3433 4066 3542 4119 res,

1961 4154 2080 4212 quae
2116 4154 2146 4192 a
2190 4139 2294 4208 piis
2338 4139 2691 4209 principibus,
2740 4147 2902 4210 atque
2950 4140 3197 4197 fidelibus
3243 4143 3541 4215 quibusque

1960 4227 2291 4295 hominibus,
2335 4229 2563 4282 sacratis
2607 4228 2739 4285 locis
2782 4229 2987 4285 collatas
3043 4240 3189 4298 sunt,
3235 4235 3540 4305 specialiter

1961 4332 2081 4376 esse
2110 4318 2320 4374 Domini
2350 4319 2468 4376 sine
2492 4322 2835 4377 cunctatione
2857 4322 3168 4389 creduntur,
3193 4325 3319 4379 dum
3346 4318 3541 4383 divinis

1956 4396 2191 4465 cultibus
2218 4410 2428 4477 dieatm,
2464 4425 2528 4466 ac
2553 4411 2665 4466 Deo
2693 4410 3062 4468 famulantium
3095 4414 3282 4470 usibus
3308 4416 3541 4472 existere

1962 4499 2230 4569 deputata:
2283 4507 2598 4558 cernuntur.
2632 4498 2785 4556 Unde
2833 4501 2886 4556 in
2931 4502 3099 4558 Deum
3147 4504 3335 4573 procul
3380 4505 3542 4560 dubio

1962 4586 2329 4657 committunt,
2359 4599 2414 4647 et
2454 4592 2554 4663 ipsi
2588 4592 2953 4664 praejudiciurn
2986 4594 3185 4650 infbrre
3224 4595 3540 4664 probantur,

1960 4682 2266 4753 quicunque
2294 4682 2392 4738 bas
2419 4698 2707 4754 usurpare,
2745 4693 2799 4740 et
2835 4684 2936 4740 sibi
2968 4700 3072 4739 non
3108 4683 3345 4755 legitime
3368 4686 3541 4742 vindi-

1961 4787 2086 4828 care
2127 4788 2234 4828 non
2276 4782 2542 4830 metuunt.
2594 4773 2857 4829 Nimirum
2901 4775 3155 4845 quoniam
3200 4790 3323 4831 cum
3369 4791 3400 4831 a
3436 4776 3541 4847 piis

1961 4863 2261 4940 quibusque
2316 4863 2449 4921 locis
2487 4880 2577 4921 res
2617 4864 2869 4921 auferunt
2914 4867 3023 4921 Deo
3062 4867 3405 4924 militantium
3444 4871 3540 4927 sti-

1948 4946 2154 5023 ‘pendia
2184 4955 2509 5010 subtrahunt
2540 4975 2554 5011 :
2584 4965 2639 5011 et
2663 4957 2787 5013 dum
2822 4956 3118 5011 subsidium
3161 4957 3344 5014 divino
3373 4960 3539 5018 cultui
3566 4956 3571 4960 ’

1953 5046 2159 5120 jugiter
2183 5044 2567 5105 famulantibus
2586 5049 2845 5115 adimunt,
2866 5048 3051 5104 laudes
3075 5050 3380 5107 Dominieas
3408 5067 3541 5123 quo—

1962 5141 2251 5199 dannnodo
2307 5140 2376 5196 ab
2421 5142 2549 5212 ipsis
2588 5142 2865 5197 hominum
2910 5140 3156 5198 faucibus
3198 5143 3537 5201 abstrahunt.

1962 5230 2321 5298 Quamobrem
2367 5246 2462 5286 vos
2503 5246 2773 5302 rogamus,
2813 5240 2871 5285 ut
2911 5231 2979 5285 ab
3011 5231 3113 5286 ista
3146 5233 3425 5304 tyrannide
3456 5250 3540 5291 re-

1950 5321 2115 5387 moti,
2158 5336 2257 5376 sua
2294 5321 2517 5393 singulis
2559 5322 2669 5377 Deo
2714 5322 2943 5377 sacratis
2974 5320 3108 5378 locis
3136 5321 3252 5378 sine
3287 5323 3540 5378 dilatione

1964 5411 2201 5469 reddatis
2235 5428 2247 5466 :
2282 5410 2357 5466 ita
2404 5421 2461 5467 ut
2507 5411 2638 5466 nihil
2683 5427 2750 5468 ex
2789 5409 2873 5468 bis
2914 5413 3054 5483 apud
3097 5427 3192 5469 vos
3235 5413 3539 5478 retineatis,

1962 5502 2066 5565 nisi
2110 5517 2231 5571 qua:
2276 5501 2414 5558 forte
2455 5519 2551 5574 per
2590 5504 2863 5575 prepriam
2900 5504 3227 5561 voluntatem
3265 5511 3537 5559 rectorum

1962 5592 2318 5662 quorumdam
2360 5609 2637 5650 sacrorum
2669 5594 2909 5652 locorum
2945 5595 3187 5668 legaliter
3212 5593 3535 5665 aequisistis.

1941 5682 2036 5763 ~Ita
2067 5692 2127 5738 ut
2144 5684 2305 5739 etiam
2336 5684 2424 5739 illa
2445 5686 2545 5741 sub
2569 5687 2715 5743 omni
2741 5686 3051 5758 integritate
3074 5684 3391 5748 restituatis,
3417 5699 3537 5753 qua:

1954 5775 2305 5852 .simplicitate
2335 5776 2417 5834 vel
2457 5776 2659 5834 desidia
2687 5778 2917 5835 faciente
2955 5785 3222 5838 rectorum
3252 5774 3535 5831 venerabi-
