4060 6338
590 338 734 395 1115
1929 333 2140 391 Νιϐυιι

2238 333 2433 389 ΡΔΡΔΕ
2473 335 2495 389 ι
3734 342 3885 396 ίηϐ

586 451 717 507 lium
751 451 952 516 locum,
978 449 1046 506 de
1077 424 1314 514 salariis,
1336 464 1457 518 qua:
1482 455 1609 503 sunt
1633 460 1843 517 semper
1882 445 1935 499 in
1973 461 2073 500 usu
2110 452 2166 499 et
2193 448 2242 508 Α
2267 443 2602 498 mitteremus
2629 443 2822 500 litteris
2844 444 3070 511 monita,
3091 453 3148 499 et
3168 448 3341 514 vobis,
3368 448 3748 504 dilectissime
3773 449 3881 505 ﬁli.

585 540 705 613 jure
732 538 952 608 perenni
981 537 1204 593 sacratis
1229 536 1365 591 locis
1386 534 1602 599 collata,
1628 548 1724 588 vos
1748 540 1959 588 constat
1978 531 2171 588 ordine
2273 531 2533 603 fratrique
2579 542 2760 590 vestro
2807 534 3078 591 Ludovico
3122 538 3578 597 excellentissimo
3618 543 3747 611 regi
3776 559 3881 600 no—

586 643 694 684 non
741 629 885 684 bono
916 626 1117 691 tulisse,
1156 634 1211 681 et
1239 625 1499 679 hactenus
1536 630 1723 677 contra
1763 620 1857 676 Dei
1888 620 2033 689 leges
2079 620 2168 674 illa
2271 630 2439 676 stram
2461 623 2813 695 dirigeremus
2831 624 3115 694 epistolam
3138 644 3151 681 :
3175 632 3616 699 quatenusvobis
3635 647 3885 689 succor.

586 721 868 788 possidere
903 714 1222 786 probamini.
1255 713 1514 768 Similiter
1541 719 1719 767 autem
1760 718 1816 765 et
1839 711 1906 765 de
1934 710 2020 765 his
2044 710 2170 763 hor--
2270 711 2512 768 rentibus
2546 721 2708 783 atque
2747 715 3054 772 foventibus
3095 718 3209 787 ipsa
3252 719 3438 789 procul
3478 721 3657 777 dubio
3700 722 3887 787 vidua

588 801 764 867 lamur
801 825 832 863 a
878 807 1032 862 vobis
1074 805 1225 869 ﬁeri,
1282 818 1402 875 quae
1445 802 1588 873 regis
1628 799 2105 872 quomodocunque
2136 814 2167 853 a

584 902 787 958 sanctis
825 900 956 954 locis
996 897 1175 967 aliquo
1202 904 1443 966 tempore
1474 893 1827 958 abstulerunt,
1855 901 1907 947 et
1932 893 2085 948 vobis
2111 893 2165 948 in

583 995 901 1052 beneficium
933 988 1294 1048 contulerunt.
1331 987 1485 1055 Quod
1521 986 1728 1056 justum
1768 1001 1875 1042 non
1911 984 2033 1050 fuit,
2064 1000 2164 1040 nec

583 1097 702 1144 est:
737 1095 794 1141 et
832 1085 1076 1155 quisquis
1116 1080 1234 1138 hare
1265 1081 1365 1138 sibi
1400 1081 1657 1145 vindicat,
1686 1080 1852 1135 Deum
1891 1078 2017 1133 inde
2044 1078 2160 1133 sine

583 1178 746 1232 dubio
783 1174 1258 1244 habebitjudicem
1297 1181 1353 1227 et
1378 1171 1629 1225 ultorem.
1668 1169 1930 1238 Quoniam
1957 1167 2003 1221 si
2030 1181 2163 1236 qua-

582 1268 874 1337 lescunque
923 1279 1145 1334 rapaces
1195 1270 1251 1318 et
1296 1262 1536 1326 violenti,
1581 1261 1683 1316 nisi
1724 1259 2083 1328 corrigantur,
2112 1255 2159 1311 si

583 1376 690 1417 non
729 1352 966 1417 humano
1004 1373 1170 1424 nunc,
1207 1365 1356 1413 certe
1389 1357 1709 1427 quandoque
1752 1354 1933 1409 divino
1954 1352 2159 1425 judicio

583 1452 980 1509 districtissime
1035 1451 1371 1522 punientur:
1416 1464 1520 1521 qua
1569 1448 1770 1519 putatis
1816 1460 1975 1517 pana
2016 1443 2157 1500 mul-

582 1543 761 1598 ctandi
786 1551 932 1608 sunt,
963 1541 1053 1612 qui
1080 1547 1268 1597 contra
1295 1538 1461 1596 Deum
1487 1541 1661 1610 ipsum
1690 1537 1932 1607 rapinam
1961 1545 2016 1591 et
2038 1534 2153 1589 vio-

581 1636 799 1690 lentiam
847 1640 1156 1704 perpetrare
1214 1631 1646 1688 manifestissime
1693 1623 2156 1698 comprobantur?

580 1725 820 1793 Denique
871 1725 1293 1799 praedecessores
1342 1721 1538 1785 vestri,
1590 1718 1796 1788 antiqui
1840 1717 2111 1786 principes
2135 1756 2150 1782 ,

2266 803 2333 858 ad
2385 805 2674 874 perfectam
2716 806 2783 861 de
2822 807 2936 862 suis
2977 808 3136 864 rebus
3180 810 3486 879 perveniret
3523 812 3827 882 justitiam
3856 831 3881 878 ι

2264 896 2519 964 quoniam
2563 910 2670 951 non
2709 896 2880 953 solum
2909 898 3107 968 prtedia
3133 914 3163 953 a
3191 900 3431 969 genitore
3458 916 3560 957 suo
3589 901 3874 958 Lothario

2264 983 2587 1055 imperatore
2606 1001 2702 1057 per
2727 996 3051 1060 praeceptum
3077 988 3266 1060 largita
3289 991 3526 1058 sustulit,
3554 992 3663 1048 sed
3692 995 3869 1049 etiam

2260 1075 2616 1145 proprietates
2636 1073 2754 1144 ejus
2785 1091 2815 1129 a
2834 1078 3159 1145 parentibus
3187 1078 3300 1135 suis
3321 1081 3424 1135 sibi
3448 1082 3707 1150 praefata:
3740 1081 3869 1135 Hel-

2260 1165 2455 1221 letrudi
2482 1165 2730 1221 dimissas
2751 1166 3042 1224 eolludiose
3062 1169 3345 1239 subripuit,
3373 1170 3707 1240 eisdemque
3736 1187 3869 1226 san-

2259 1263 2359 1310 ctae
2378 1254 2474 1310 Dei
2500 1255 2752 1311 Ecclesiae
2778 1256 3015 1313 infideles
3041 1257 3168 1313 Nort
3177 1273 3402 1315 mannos
3420 1275 3676 1332 paganos
3692 1261 3867 1318 bene-

2259 1343 2418 1401 ficiali
2449 1360 2599 1402 more
2616 1361 2749 1402 sane
2775 1348 3011 1403 donavit.
3043 1348 3153 1405 Nos
3180 1365 3307 1406 vero
3327 1348 3441 1419 jam
3463 1353 3619 1407 dicto
3652 1351 3843 1408 Lotha

2256 1436 2340 1492 rio
2366 1437 2546 1509 nepoti
2587 1445 2768 1492 vestro
2803 1440 3123 1508 apostolicas
3162 1439 3369 1496 litteras
3404 1442 3632 1497 mittere
3658 1445 3865 1514 nequi-

2254 1528 2431 1583 vimus
2460 1547 2474 1584 :
2503 1530 2628 1600 quia
2664 1545 2763 1600 pro
2803 1531 3027 1587 nefariis
3060 1541 3115 1588 et
3154 1533 3353 1589 illicitis
3381 1535 3619 1606 negotiis
3659 1536 3736 1592 ab
3766 1536 3871 1593 illo.

2255 1617 2550 1681 abolendis,
2578 1619 2729 1674 vobis
2756 1620 2914 1690 plane
2940 1620 3156 1686 auditis,
3180 1625 3725 1679 excommunicatum
3758 1625 3859 1681 ba-

2252 1707 2459 1764 bemus.
2516 1707 2621 1766 Sed
2668 1710 2999 1766 excellentia:
3032 1720 3222 1767 vestra:
3253 1711 3505 1768 inellabili
3546 1714 3871 1771 dilectione-

579 1792 752 1868 adhne
778 1825 831 1867 et
856 1792 1124 1877 moderni,
1155 1826 1262 1866 non
1289 1810 1459 1866 solum
1486 1809 1706 1863 minime
1732 1823 1763 1862 a
1793 1807 1897 1878 piis
1920 1806 2149 1861 Domino
2179 1792 2223 1853 Β
2250 1803 2505 1869 colendae,
2531 1804 2801 1874 poscendo
2824 1804 3167 1861 dilectissime
3195 1806 3290 1872 ﬁli,
3321 1808 3631 1877 dirigimus,
3661 1819 3730 1864 ut
3754 1824 3857 1879 pro

578 1904 768 1958 dicatis
787 1902 918 1958 locis
940 1902 1281 1972 diripiebant,
1305 1914 1492 1955 verum
1513 1899 1675 1954 etiam
1698 1912 1766 1952 ex
1785 1896 1898 1951 suis
1918 1895 2149 1966 propriis

578 1995 857 2048 innumera
881 1991 1270 2047 conferebant:
1310 1990 1444 2044 adeo
1485 1997 1545 2043 ut
1589 1988 1776 2043 eadem
1816 1993 2003 2041 sancta
2032 1984 2147 2039 loca

576 2098 762 2137 eorum
800 2082 1102 2150 sumptibus
1130 2095 1253 2134 cum
1286 2080 1380 2133 Dei
1411 2077 1613 2132 auxilio
1647 2076 1887 2132 dedicata
1922 2075 2049 2138 sint,
2091 2082 2149 2129 et

575 2184 763 2224 eorum
791 2169 983 2239 opibus
1002 2168 1281 2237 ampliata;
1311 2181 1447 2236 quos
1476 2166 1521 2221 si
1551 2166 1603 2219 in
1631 2164 2004 2234 largitionibus
2029 2163 2149 2217 imi-

577 2258 678 2313 tari
704 2274 807 2313 non
828 2258 1006 2321 vultis,
1037 2256 1228 2311 saltem
1255 2269 1373 2326 qua:
1398 2254 1496 2309 Dei
1532 2262 1658 2309 sunt
1694 2252 1861 2322 ipsius
1889 2250 2148 2305 violenter

572 2351 787 2406 auferre
821 2351 1005 2406 nolite.
1040 2348 1097 2404 Si
1130 2348 1272 2403 enim
1307 2347 1398 2417 qui
1428 2347 1502 2400 de’
1536 2344 1737 2414 palatio
1780 2342 1922 2413 regis
1948 2340 2147 2411 aliquid

570 2443 878 2515 przesumit,
929 2457 1033 2495 non
1085 2438 1260 2493 evadit
1304 2435 1547 2504 legaliter
1583 2433 1907 2503 impunitus,
1945 2438 2145 2501 quanto

571 2533 747 2587 minus
766 2532 857 2601 qui
886 2531 954 2585 ab
979 2529 1181 2584 aedibus
1210 2526 1321 2592 Dei,
1349 2524 1439 2595 qui
1474 2531 1556 2580 est
1584 2537 1677 2578 rex
1716 2537 1923 2594 regum,
1952 2528 2007 2576 et
2041 2520 2146 2576 Do-

569 2621 746 2676 minus
790 2617 1200 2683 dominantium,
1245 2629 1308 2670 ea
1359 2628 1480 2685 quae
1519 2611 1685 2683 ipsius
1728 2619 1854 2666 sunt
1885 2609 2144 2666 violenter

567 2716 812 2778 usurpat,
843 2707 959 2777 ejus
1000 2705 1197 2761 valebit
1229 2702 1461 2775 eﬂ‘ugere
1490 2716 1594 2756 non
1632 2700 1992 2770 subsequente
2017 2712 2139 2752 cor-

567 2800 807 2854 rectione
845 2796 1130 2867 judicium,
1173 2794 1256 2850 vel
1294 2794 1411 2848 sine
1446 2806 1605 2864 paena
1651 2791 1847 2861 poterit
1884 2786 2142 2845 exsilire?

566 2891 752 2960 Itaque
797 2888 1051 2959 quoniam
1091 2884 1417 2941 horrendum
1458 2890 1542 2938 est
1586 2881 1824 2936 incidere
1864 2879 1919 2935 in
1950 2893 2141 2934 manus

566 2980 664 3036 Dei
707 2979 956 3044 viventis,
992 2978 1342 3032 admonemus
1381 2988 1478 3029 vos
1509 2981 1565 3028 et
1595 2973 1892 3038 hortamur,
1930 2980 1985 3027 et
2021 2977 2141 3026 tan-

563 3091 725 3145 quam
751 3073 927 3129 divina
953 3070 1237 3143 prtesentia
1265 3076 1646 3142 protestamur,
1677 3076 1734 3122 ut
1770 3082 1858 3123 res
1884 3067 2140 3123 ecclesia-

2249 1895 2549 1950 reverentia
2590 1894 2951 1964 apostolorum
2993 1896 3321 1966 principum,
3368 1897 3436 1951 ad
3478 1914 3623 1967 quos
3684 1901 3861 1970 quasi

2249 1982 2512 2054 relugium
2554 1982 2779 2049 faciens,
2818 1984 3025 2055 rogavit
3055 1985 3142 2039 illa
3183 1986 3398 2057 scriptis
3432 1986 3752 2054 justitiam,
3796 1999 3859 2045 et

2246 2087 2345 2143 pro
2363 2087 2429 2127 eo
2456 2070 2731 2143 quodjure
2759 2073 3082 2144 agnationis,
3106 2074 3220 2128 sive
3246 2072 3466 2142 maioris
3498 2084 3660 2141 natu,
3686 2091 3795 2131 vos
3818 2092 3849 2130 a

2246 2162 2445 2218 talibus
2472 2162 2620 2217 illum
2657 2162 2812 2218 decet
2845 2177 3098 2218 coercere
3140 2162 3365 2230 illicitis,
3404 2179 3570 2234 super
3608 2166 3707 2221 his
3749 2182 3850 2238 per

2245 2259 2484 2308 vestrum
2514 2253 2758 2317 missum,
2783 2260 2875 2306 aut
2898 2252 3204 2322 epistolam,
3232 2261 3339 2307 tam
3371 2268 3439 2309 ex
3478 2264 3675 2310 nostra
3714 2272 3848 2315 san-

2246 2340 2423 2395 ctione
2451 2339 2709 2408 jubendo,
2754 2356 2915 2411 quam
2946 2354 3012 2395 ex
3049 2349 3226 2396 vestra
3261 2354 3411 2411 parte
3441 2345 3713 2415 rogando,
3745 2362 3849 2401 seu

2245 2428 2423 2499 legum
2475 2431 2796 2485 auctoritate
2853 2431 3153 2497 monendo,
3207 2431 3320 2500 jam
3367 2435 3660 2503 stepedieto
3723 2438 3847 2507 regi

2230 2505 2461 2573 mittere
2498 2518 2782 2574 studentis.
2826 2518 2894 2574 Et
2942 2520 2988 2575 si
3030 2534 3127 2574 vos
3170 2519 3325 2587 forte,
3361 2538 3466 2576 una
3496 2538 3620 2578 cum
3659 2505 3846 2581 fratre

2242 2618 2426 2666 vestro
2469 2608 2741 2667 Ludovico
2782 2612 3018 2691 glorioso
3063 2628 3189 2683 rege
3235 2613 3528 2681 conjuncti,
3571 2618 3838 2671 eumdem

2243 2708 2493 2770 nepotem
2528 2709 2762 2757 vestrum
2790 2716 3016 2772 quaeque
3043 2718 3142 2774 pro
3166 2718 3330 2758 causa
3358 2705 3560 2760 sororis
3601 2721 3743 2772 suae,
3781 2717 3845 2762 ut

2242 2792 2537 2859 credimus,
2555 2788 2782 2848 ‘fueritis
2815 2793 3117 2857 allocuturi,
3160 2808 3469 2863 quaesumus
3506 2794 3741 2862 affatim,
3777 2805 3851 2867 ut_

2241 2885 2401 2955 hujus
2437 2886 2629 2942 crebro
2670 2884 2794 2941 fata:
2840 2887 3014 2941 vidua:
3059 2885 3387 2941 Ilelletrudis
3419 2901 3665 2954 causam,
3709 2896 3831 2943 tam

2241 2975 2308 3031 de
2344 2976 2577 3046 propriis
2617 2992 2781 3046 quam
2812 2977 2878 3031 de
2917 2976 3194 3032 beneflciis
3227 2991 3327 3047 per
3366 2984 3757 3033 testamentum
3795 2995 3841 3039 ι

2237 3065 2346 3135 jam
2402 3067 2546 3122 dicto
2593 3066 2849 3121 Lothario
2900 3066 3145 3137 Augusto
3195 3066 3466 3136 quondam
3504 3067 3827 3133 concessis,

563 3128 707 3229 num,
732 3179 868 3235 quas
897 3128 1091 3231 injuste
1116 3128 1381 3224 retinetis,
1413 3158 1616 3214 eisdem
1638 3156 1841 3211 sanctis
1866 3156 1998 3211 locis
2020 3157 2137 3212 sine
2165 3128 2209 3193 ο
2237 3128 2383 3213 nulla
2422 3158 2695 3214 efﬁciente
2731 3158 2936 3213 ratione
2966 3128 3134 3228 usque
3172 3128 3240 3211 ad
3269 3157 3433 3212 linem
3457 3128 3823 3229 perducatisa

563 3262 848 3324 procurata
882 3265 1032 3307 mora
1080 3246 1318 3303 reddatis
1349 3263 1363 3301 :
1392 3253 1446 3300 et
1475 3245 1728 3314 deinceps
1765 3258 1866 3297 nec
1894 3258 2008 3309 eas,
2036 3258 2135 3299 nec

560 3345 697 3400 alias
721 3360 749 3399 a
770 3343 874 3413 piis
893 3341 1027 3397 locis
1050 3338 1327 3407 subripere
1352 3336 1710 3407 praesumatis.
1734 3332 1793 3389 Si
1814 3333 1935 3403 quis
1954 3342 2133 3388 autem

559 3443 799 3492 vestrum
828 3437 936 3487 nos
970 3430 1154 3485 audire
1183 3424 1588 3497 contempserit,
1620 3431 1674 3479 et
1701 3438 1820 3494 quae
1849 3422 2137 3478 salubriter

555 3523 786 3581 suadere
815 3521 967 3575 vobis
1005 3518 1245 3582 nitimur,
1276 3515 1589 3573 obedienter
1615 3513 1894 3583 perlicere,
1926 3527 1991 3567 ac
2020 3513 2135 3567 sine

555 3609 831 3667 dilationis
863 3594 1042 3663 studio
1072 3606 1294 3661 minime
1317 3605 1607 3660 observare
1632 3604 1930 3663 curaverit,
1963 3602 2134 3656 enmi-

553 3700 790 3774 potentis
847 3697 944 3753 Dei
989 3706 1046 3753 et
1089 3696 1368 3752 beatorum
1417 3691 1780 3763 apostolorum
1831 3692 2132 3763 principum

551 3796 696 3853 Petri
727 3802 783 3851 et
822 3790 973 3847 Pauli
1006 3790 1348 3854 auctoritate,
1377 3801 1512 3857 quos
1546 3787 1600 3841 in
1638 3786 1791 3841 nobis
1815 3786 2129 3851 contemnit,

550 3887 708 3944 simul
737 3902 833 3957 per
864 3900 960 3941 eos
984 3892 1040 3940 et
1068 3890 1266 3938 nostra:
1296 3878 1681 3935 mediocritatis
1710 3876 2001 3941 sententia,
2039 3891 2130 3931 ve-

550 3977 775 4034 nerandi
803 3975 1046 4045 corporis
1074 3982 1130 4029 et
1157 3970 1383 4043 pretiosi
1407 3968 1686 4039 sanguinis
1714 3965 1925 4022 Domini
1956 3965 2129 4021 nostri

548 4065 676 4121 Jesu
720 4064 917 4119 Christi
954 4062 1331 4119 communione
1373 4059 1589 4130 penitus
1629 4057 1872 4127 privatus
1908 4056 2124 4111 existat.

551 4156 612 4212 Si
658 4162 838 4209 autem
882 4154 1187 4235 resipuerit,
1217 4160 1275 4209 et
1314 4152 1401 4207 his
1431 4164 1551 4221 quae
1580 4164 1677 4220 per
1704 4148 1862 4218 hujus
1889 4146 2129 4218 epistolae

2237 3258 2296 3304 ut
2322 3263 2466 3314 cum,
2498 3249 2607 3305 Deo
2634 3246 2866 3314 favente,
2891 3265 2920 3303 a
2943 3249 3122 3319 priore
3148 3263 3300 3304 naevo
3324 3246 3488 3305 fuerit
3513 3257 3827 3319 correctis,

2236 3342 2379 3398 illius
2401 3341 2614 3398 feminae
2642 3359 2836 3399 causas
2870 3344 3136 3409 restituat,
3164 3351 3222 3399 et
3253 3351 3313 3398 ut
3352 3358 3423 3400 ne
3466 3343 3688 3416 adjiciat
3713 3344 3823 3401 ini-

2234 3432 2493 3501 quitatem
2528 3447 2691 3502 super
2719 3433 3055 3507 iniquitatem
3085 3432 3139 3490 in
3175 3447 3342 3503 regno
3378 3448 3499 3500 suo,
3522 3433 3620 3491 sed
3648 3432 3829 3498 faciat.

2227 3519 2490 3589 justitiam
2520 3537 2674 3577 suam
2702 3523 3054 3581 abundanter.
3082 3522 3595 3593 Quoniam'quidem
3622 3538 3829 3595 regula

2232 3610 2481 3667 examina
2506 3611 2659 3666 decet
2682 3611 2932 3667 omnibus
2967 3611 3271 3677 subvenire,
3306 3611 3581 3682 pracipr
3608 3611 3819 3679 viduis.

2232 3714 2460 3770 quarum
2482 3700 2648 3768 judex
2678 3700 2923 3757 Christus
2950 3709 3050 3756 est.
3084 3700 3273 3771 Itaque
3302 3699 3466 3771 hujus

2231 3791 2380 3847 stolae
2398 3791 2679 3861 epistolam
2699 3792 2765 3846 de
2782 3792 2884 3847 hac
2899 3806 3059 3847 causa
3078 3806 3223 3847 nunc
3235 3806 3336 3848 ceu
3350 3790 3523 3859 vobis,
3552 3788 3701 3848 haud
3723 3804 3817 3849 so-

2230 3897 2326 3938 cus
2339 3881 2608 3939 Ludovico
2627 3881 2779 3936 fratri
2805 3888 2984 3937 vestro
3003 3882 3318 3937 direximus.
3341 3880 3596 3937 Doletnus
3612 3879 3825 3953 oppido.

2228 3986 2327 4042 pro
2357 3970 2573 4035 talibus,
2604 3970 3033 4026 eminentissime
3062 3985 3179 4036 rex,
3210 3964 3413 4040 praedia
3435 3968 3640 4027 Christi
3667 3967 3811 4027 ωε.

2228 4061 2356 4119 lium
2376 4062 2751 4132 quoquomodo
2780 4060 3112 4125 tollentibus,
3142 4068 3198 4114 et
3219 4059 3433 4115 Christi.
3449 4057 3597 4131 regis
3610 4057 3809 4133 inﬁde-

2227 4150 2366 4206 libus
2392 4147 2688 4205 beneﬂciali
2716 4164 2865 4205 more
2904 4148 3248 4204 donantibus.
3284 4146 3494 4204 Interea
3549 4161 3809 4220 rogant

551 4255 756 4305 textum
782 4222 1011 4301 dicimus
1046 4245 1265 4300 obedire
1301 4241 1585 4306 studuerit,
1615 4247 1671 4297 et
1694 4238 2123 4295 communionem
2223 4248 2285 4295 ut
2317 4240 2575 4310 quidquid
2611 4239 2961 4309 perfectionis
2999 4237 3242 4295 consulta
3281 4251 3445 4308 super
3490 4236 3579 4293 bis
3602 4222 3815 4294 vestra

549 4340 749 4398 Christi
779 4337 1180 4410 mysteriorum,
1212 4343 1268 4391 et
1304 4331 1652 4390 beatitudinis
1674 4330 1927 4402 gratiam,
1961 4336 2016 4383 et
2041 4341 2125 4383 sa-

534 4432 714 4486 lutem
737 4432 1098 4495 consequatur
1121 4432 1397 4478 aeternam.
1427 4420 1687 4492 Optamus
1706 4431 1801 4473 vos
1828 4416 1882 4472 in
1909 4415 2124 4473 Christo

548 4521 687 4575 bene
709 4517 907 4572 valere.
941 4515 1071 4569 Data
1101 4527 1281 4568 mense
1302 4510 1602 4575 Decembri,
1630 4508 1817 4563 indict.
1835 4523 1944 4588 sv.

1258 4616 1413 4671 CXII.

1040 4731 1106 4769 AD
1135 4724 1380 4767 CAROLUI
1410 4721 1605 4761 REGEI.

1161 4801 1338 4872 (Anno
1364 4796 1512 4870 866.)

548 4895 617 4951 Ut
640 4907 782 4951 curet
808 4912 839 4949 α
859 4894 1108 4950 Lat/tario
1129 4890 1330 4946 restitui
1349 4892 1549 4961 eu‘qua;
1564 4904 1597 4943 a
1619 4886 1922 4961 IIeIletrude
1941 4904 2118 4946 sorore

864 4981 961 5018 sua
990 4961 1291 5030 Berengart'i
1313 4957 1467 5013 viduo
1497 4957 1799 5013 abstulerat.

1034 5049 1214 5122 [Apud
1237 5048 1404 5104 Mansi
1422 5088 1437 5114 ,
1466 5046 1618 5121 ibid.]

617 5143 882 5217 Nicasius
907 5142 1210 5211 episcopus,
1240 5154 1428 5193 servus
1455 5152 1732 5192 servorum
1765 5137 1883 5202 Dei,
1919 5136 2115 5193 dilecto

545 5236 656 5291 lilio
676 5232 891 5288 Canem
911 5230 1142 5302 glorioso
1171 5228 1302 5299 regi.

612 5320 830 5377 Litteris
863 5319 1067 5375 scilicet
1107 5318 1219 5374 suis
1247 5317 1313 5373 de
1350 5315 1656 5372 IIeIletrude
1684 5314 1990 5386 Bercngarii
2017 5329 2111 5369 co-

543 5413 690 5468 mitis
714 5411 982 5481 quondam
1008 5409 1189 5464 relicta
1214 5408 1367 5464 nobis
1388 5407 1679 5480 pernotuit,
1701 5405 1938 5460 Lotharii
1969 5404 2113 5460 vide-

538 5504 664 5565 licet
704 5501 847 5571 regis
880 5499 1147 5569 pressuris
1180 5500 1553 5565 annihilatam,
1588 5498 1934 5567 ejusdemque
1971 5512 2108 5567 pra:-

533 5592 734 5662 judicia
758 5590 872 5647 fore
899 5604 1229 5663 perpessam,
1257 5590 1578 5662 apostolatui
1602 5598 1787 5647 nostro
1809 5589 1921 5644 haec
1949 5595 2111 5657 atque

542 5684 643 5739 alia
669 5682 954 5741 ςιιεαθειδίι,
979 5694 1086 5740 ouo
1113 5681 1287 5737 eidem
1312 5680 1577 5749 Lothario.
1591 5678 1894 5750 apostolicis
1919 5677 2112 5734 eximie

2224 4329 2511 4402 perfecerit
2535 4329 2847 4385 excellentia
2859 4370 2875 4395 ,
2896 4329 3114 4399 Scriptis
3130 4342 3228 4400 per
3244 4326 3453 4398 singula
3475 4312 3804 4400 apostolum

2226 4430 2411 4476 nostro
2448 4436 2553 4475 non
2597 4419 2914 4490 dedignetur
2943 4426 3124 4474 vestra
3163 4417 3416 4474 intimare
3452 4415 3650 4488 regalis
3685 4430 3802 4471 ma-

2225 4510 2462 4581 gnitudo.
2494 4508 2873 4565 Excellentiam
2897 4516 3132 4563 vestram
3160 4521 3305 4562 nunc
3329 4513 3386 4562 et
3418 4519 3631 4577 semper
3659 4504 3810 4570 bene

2225 4601 2404 4657 valere
2428 4610 2675 4671 optamus
2704 4599 2756 4653 in
2788 4596 3024 4654 Christo.

2919 4707 3096 4764 CXIII.

2362 4816 2700 4859 ῐιιιινιιεςιωι
2747 4816 2848 4856 PRO
2877 4815 3223 4854 PARTHENONB
3269 4813 3653 4856 νιηιιιωα.

2812 4911 3000 4983 (Anno
3042 4909 3201 4981 867.)

2430 5025 2606 5098 [Apud
2637 5023 2948 5089 Acherium,
2983 5021 3272 5093 Spicilegii,
3320 5031 3452 5080 tum.
3482 5021 3573 5095 IL]

2286 5134 2554 5193 NICOLAUS
2609 5135 2914 5206 episcopus,
2945 5146 3135 5187 servus
3190 5145 3469 5187 servorum
3510 5130 3631 5195 Dei,
3663 5132 3791 5185 reli-

2215 5226 2376 5298 giosa:
2418 5234 2473 5281 et
2512 5225 2621 5281 Deo
2656 5224 2862 5287 dicatae,
2916 5238 3038 5293 qua:
3095 5222 3274 5277 divino
3326 5230 3457 5276 nutu
3501 5220 3798 5290 divinaque

2213 5317 2544 5388 providentia
2593 5317 2646 5370 in
2697 5315 3026 5369 monasterio
3058 5313 3218 5367 fuerit
3247 5312 3557 5374 constituta,
3588 5310 3733 5381 quod
3760 5327 3793 5365 a

2212 5408 2363 5463 vobis
2387 5407 2627 5462 Gerardo
2651 5404 2855 5461 scilicet
2879 5403 3179 5458 clarissimo
3202 5400 3310 5455 filio
3332 5408 3519 5455 nostro
3536 5400 3796 5456 illustris-

2212 5495 2348 5550 simo
2379 5494 2590 5559 comite,
2644 5501 2700 5548 et
2750 5491 3085 5548 nobilissima
3134 5490 3241 5544 tilia
3275 5489 3433 5544 Berta
3481 5491 3535 5542 in
3554 5489 3805 5545 nomine

2214 5585 2423 5641 Domini
2447 5583 2612 5639 nostri
2643 5581 2766 5638 .Iesu
2796 5581 3022 5646 Christi,
3057 5589 3114 5638 et
3143 5579 3490 5636 veneratione
3524 5577 3789 5633 beatissi-

2214 5692 2314 5734 ma:
2345 5674 2577 5747 Virginis
2639 5672 2818 5728 Maria:
2875 5672 3149 5742 genitricis
3177 5668 3419 5740 ejusdem
3460 5670 3552 5726 Dei
3588 5678 3643 5725 et
3675 5662 3797 5733 Du...
