4060 6338
235 383 393 439 1117

231 583 576 644 Vizeliacus,
609 581 662 634 in
695 595 830 650 pago
856 578 1106 634 Avalensi
1151 577 1202 631 in
1248 577 1442 632 ﬁnibus
1490 576 1826 646 Burgundize,

231 681 619 732 constructum
669 681 770 735 est,
824 671 1122 740 opibusque
1183 669 1432 733 ditatum,
1485 676 1536 722 et
1581 667 1830 722 omnibus

234 777 372 842 qua:
395 768 515 830 post
539 775 656 814 eam
687 760 739 814 in
771 760 958 815 eodem
985 759 1314 813 monasterio
1356 757 1646 812 abbatissa:
1687 757 1829 827 regi-

233 867 374 906 men
432 851 700 905 tenuerint
755 851 808 906 in
861 859 1178 920 perpetuum
1211 865 1223 902 :
1253 849 1320 904 de
1365 863 1472 919 quo
1501 848 1828 902 monasterio

232 957 370 996 cum
409 942 657 996 omnibus
680 940 802 1010 jure
828 942 896 996 ad
917 957 976 997 se
1006 940 1397 1012 pertinentibus
1443 955 1542 1010 pro
1589 940 1827 996 remedio

232 1040 300 1086 et
355 1031 534 1086 futura
587 1031 942 1087 retributione
990 1031 1290 1086 animarum
1336 1038 1638 1084 vestrarum
1688 1031 1827 1084 hanc

233 1130 493 1175 sanctam
508 1121 770 1175 lueredem
787 1120 1082 1175 Romanam
1104 1120 1307 1176 fecistis
1331 1119 1646 1184 Ecclesium,
1672 1118 1828 1173 illud-

232 1226 350 1280 que
378 1228 473 1281 per
493 1212 796 1270 donationis
839 1211 1110 1280 paginam,
1140 1211 1300 1265 beato
1349 1209 1509 1264 Petro
1558 1210 1828 1279 apostolo-

232 1319 366 1366 rum
390 1303 616 1372 principi
656 1301 979 1356 contulistis.

313 1394 540 1459 Quando
567 1408 628 1447 ea
661 1392 775 1465 [ad]
803 1408 922 1461 qnte
945 1393 1336 1449 catholicorum
1383 1395 1626 1450 virorum
1663 1395 1825 1450 corda

199 1479 556 1552 -pontiﬁcum
581 1491 707 1536 sunt
730 1481 946 1537 monitis
971 1484 1326 1551 provocanda,
1362 1483 1434 1538 ita
1482 1484 1689 1539 ardenti
1733 1485 1826 1539 de—

232 1570 464 1633 siderio,
497 1570 674 1626 divina
727 1572 1090 1640 praeveniente
1138 1572 1444 1639 clementia,
1485 1575 1823 1631 succenduno

236 1670 348 1724 tur,
383 1670 441 1717 ut
469 1662 536 1716 ah
558 1663 636 1716 eis
660 1662 801 1718 ultro
849 1674 1162 1734 poscantur,
1209 1665 1378 1720 alacri
1427 1674 1481 1720 et
1533 1666 1656 1722 laeto
1699 1675 1825 1722 sunt

235 1751 423 1805 animo
447 1752 810 1816 concedenda,
841 1762 1042 1822 quanto
1087 1768 1150 1810 ea
1201 1755 1317 1826 ipsa
1366 1771 1485 1825 quae
1519 1757 1742 1826 cupiunt
1779 1759 1823 1814 si

905 440 908 442 γ
1505 370 1861 431 ΕΡΙΞΤΟΙΛΕ
1899 377 1988 432 ΕΤ
2028 379 2361 438 DECRETA.

230 495 385 551 mini
416 492 582 547 nostri
607 490 731 545 Jesu
759 488 980 551 Christi,
1017 489 1070 543 in
1099 487 1218 543 loco
1241 486 1326 541 vel
1354 501 1485 557 agro
1507 487 1599 556 qui
1631 485 1830 540 dicitur
1859 491 1905 550 Α
2004 487 2115 545 Hoc
2141 505 2358 560 quoque
2379 491 2615 562 capitulo
2643 495 2894 563 praesenti
2921 496 3313 568 subjuugimus,
3343 511 3403 557 ut
3429 503 3509 560 lo-

3374 392 3514 452 1113

1933 595 2054 635 cum
2085 582 2324 637 avaritia
2377 584 2736 649 secludamus,
2775 585 2977 640 nullum
3023 589 3089 643 de
3118 592 3509 660 sacerdotibus,

1931 669 2137 724 nullum
2170 671 2235 725 de
2256 671 2488 741 regibus,
2516 672 2599 726 vel
2625 688 2998 744 quemcunque
3049 677 3284 733 ﬁdelium
3326 696 3424 750 per
3453 700 3511 740 se

1931 761 2330 831 suppositamve
2399 779 2684 833 personam
2737 765 2805 820 de
2868 767 3208 825 ordinatione
3262 771 3506 841 ejusdem

1931 851 2235 915 abbatissae,
2271 851 2354 906 vel
2377 853 2692 909 clericorum
2724 864 2887 924 atque
2935 857 3395 927 presbyterorum,
3427 878 3512 918 ve-

1931 941 1997 996 de
2023 941 2306 1011 largitione
2333 943 2640 998 chrismatis
2667 951 2760 998 aut
2787 946 3196 1002 consecratione
3246 951 3504 1020 basilicae,

1930 1039 2025 1086 aut
2065 1031 2131 1086 de
2178 1047 2499 1102 quacunque
2524 1034 2902 1109 commoditate
2929 1037 3178 1105 specialis
3201 1051 3225 1078 ο
3249 1048 3343 1093 aut
3373 1049 3507 1096 tem-

1930 1123 2128 1192 poralis
2152 1122 2419 1193 obsequii,
2467 1123 2579 1178 sive
2624 1124 3029 1195 quibuscunque
3066 1128 3244 1183 causis
3270 1131 3337 1183 ad
3366 1131 3506 1186 idem

1933 1214 2323 1268 monasterium
2352 1214 2768 1282 pertinentibus,
2795 1216 2996 1270 audere
3038 1217 3091 1270 in
3121 1234 3256 1274 auro
3284 1219 3368 1274 vel
3395 1221 3502 1277 alia

1928 1305 2167 1374 qualibet
2195 1306 2372 1375 specie
2396 1307 2663 1361 commodi
2706 1306 2790 1360 vel
2830 1307 3003 1360 exenii
3047 1307 3166 1364 loco
3214 1311 3507 1381 quidquam

1929 1395 2196 1463 accipere,
2230 1409 2405 1463 neque
2434 1395 2680 1449 eamdem
2708 1394 3110 1449 abbatissimam
3149 1397 3507 1454 ordinationis

1928 1500 2040 1540 sua:
2060 1501 2221 1541 causa
2251 1487 2539 1556 quidquam
2571 1488 2702 1542 dare
2726 1501 3080 1556 praesumere;
3111 1503 3177 1542 ne
3225 1488 3326 1543 hac
3349 1505 3508 1545 occa-

1928 1577 2080 1632 sione
2105 1592 2169 1633 ea
2205 1593 2324 1647 quze
2347 1594 2378 1632 a
2403 1578 2649 1633 ﬁdelibus
2676 1578 2765 1648 pio
2794 1577 2912 1632 loco
2935 1577 3250 1640 oﬁ‘eruntur,
3281 1587 3374 1633 aut
3394 1579 3506 1647 jam

1926 1666 2104 1722 oblata
2134 1678 2282 1732 sunt,
2316 1675 2720 1723 consumantur.
2753 1665 2937 1736 Neque
2965 1667 3249 1736 episcopus
3273 1668 3508 1724 civitatis

1927 1757 2095 1827 ipsius
2121 1760 2409 1828 parochias,
2445 1758 2546 1813 nisi
2575 1760 2642 1814 ab
2684 1759 2953 1814 abbatissa
2991 1757 3158 1828 ipsius
3190 1761 3502 1814 monasterii

236 1842 445 1896 nollent
472 1843 668 1908 facere,
691 1845 798 1913 peti
825 1845 1146 1901 debuerant:
1169 1849 1558 1918 proindejuxta
1589 1858 1819 1904 vestram
1855 1843 1896 1901 B
1925 1848 2207 1914 invitatus,
2233 1848 2431 1904 ibidem
2459 1849 2698 1918 publicas
2747 1850 2938 1903 missas
2974 1856 3117 1918 agat,
3177 1865 3350 1920 neque
3397 1859 3504 1904 sta-

237 1934 557 2004 pctitionem
583 1937 979 1991 monasterioin
1004 1939 1206 1993 honore
1231 1940 1439 1994 Domini
1489 1940 1656 1995 nostri
1693 1939 1820 1996 Jesu

237 2026 442 2082 Christi
473 2028 614 2097 quod
662 2028 716 2082 in
764 2030 1018 2098 parochia
1047 2032 1196 2088 urbis
1233 2032 1736 2102 Augustedunensis
1765 2033 1820 2087 in

237 2116 362 2170 loco
387 2125 440 2170 et
473 2133 636 2186 regno
665 2122 1056 2188 praenominato
1083 2139 1112 2175 a
1145 2123 1296 2177 vobis
1349 2123 1596 2194 religiosa
1656 2124 1820 2178 devo-

238 2207 388 2260 tione
425 2208 704 2262 fundatum
754 2221 854 2273 est,
909 2211 1214 2278 hujusmodi
1258 2213 1534 2283 privilegia
1569 2215 1819 2282 przesenti

242 2305 446 2350 nostrae
493 2299 801 2366 apostolica:
850 2301 1190 2356 auctoritatis
1220 2303 1435 2358 decreto
1487 2303 1820 2372 indulgentes

238 2389 606 2453 concedimus,
655 2391 1040 2448 conﬁrmamus
1067 2402 1228 2462 atque
1255 2397 1566 2462 statuimus,
1599 2407 1661 2452 ut
1687 2398 1818 2454 nulli

239 2495 454 2549 regum,
512 2481 641 2534 nulli
685 2482 1007 2547 antistitum,
1054 2484 1182 2538 nulli
1231 2501 1550 2555 quacunque
1595 2487 1820 2556 przedito

239 2571 522 2640 dignitate,
551 2571 632 2628 vel
665 2573 916 2640 cuiquam
944 2573 1032 2626 alii
1061 2574 1127 2627 de
1152 2570 1237 2630 his
1264 2591 1383 2643 quae
1431 2576 1605 2630 eidem
1635 2591 1820 2630 mona-

240 2660 408 2716 sterio
433 2674 462 2712 a
486 2661 659 2725 vobis,
692 2660 777 2714 vel
803 2677 833 2714 a
866 2661 1200 2730 quibuslibet
1223 2663 1344 2719 aliis
1373 2664 1438 2718 de
1460 2665 1676 2732 proprio
1703 2663 1819 2718 fuco

242 2749 485 2817 rintjure
506 2750 722 2814 collata,
756 2751 857 2805 sub
879 2751 1162 2817 cujuslibet
1212 2768 1408 2818 causze,
1455 2753 1820 2808 occasionisve

243 2842 418 2910 Specie
448 2842 714 2905 minuere,
741 2842 826 2896 vel
851 2843 1085 2906 auferre,
1111 2843 1225 2897 sive
1254 2844 1366 2898 suis
1409 2843 1596 2898 usibus
1645 2844 1817 2913 appli-

242 2944 386 2993 care,
416 2929 497 2982 vel
524 2929 641 2983 aliis
666 2930 817 2998 quasi
842 2931 945 3000 piis
971 2933 1147 2986 causis
1173 2947 1270 3001 pro
1321 2947 1430 2988 suae
1457 2933 1698 2987 avaritia:
1725 2948 1821 2986 ex-

243 3019 520 3072 cusatioue
576 3019 735 3073 liceat
782 3035 1104 3090 quocunque
1151 3023 1311 3076 modo
1353 3023 1672 3087 concedere,
1723 3023 1817 3078 sed

241 3117 432 3164 cuncta
457 3124 577 3178 qua:
603 3109 675 3173 ibi
701 3109 877 3165 oblata
897 3119 1042 3176 sunt,
1067 3111 1150 3164 vel
1173 3112 1354 3166 oﬁ'erri
1377 3112 1682 3181 contigerit,
1707 3120 1814 3167 tam

1926 1938 2098 1993 tiones
2131 1940 2183 1993 in
2206 1940 2454 1994 coenobio
2482 1939 2669 1994 eodem
2691 1939 2911 2004 indicat,
2939 1955 3008 1992 ne
3039 1940 3354 1994 ancillarum
3379 1941 3500 1994 'Dei

1923 2029 2076 2097 quies
2102 2029 2487 2098 quoquomodo
2506 2027 2748 2098 populari
2777 2038 3044 2083 conventu
3089 2029 3260 2084 valeat
3286 2039 3505 2100 pertur-

1923 2120 2060 2184 bari,
2091 2135 2263 2190 neque
2293 2132 2528 2188 paratas,
2560 2129 2651 2173 aut
2679 2119 3100 2174 mansionatieos
3145 2121 3339 2175 exinde
3360 2137 3498 2192 prte-

1923 2217 2100 2264 sumat
2123 2210 2357 2280 exigere.
2394 2207 2799 2277 Susceptionem
2828 2215 3006 2262 autem
3031 2208 3288 2272 ﬁdelium,
3317 2218 3373 2263 et
3421 2226 3508 2266 re-

1922 2298 2254 2367 ligiosorum,
2313 2314 2378 2353 ac
2426 2298 2826 2369 religiosorum,
2870 2306 3033 2367 atque
3087 2298 3497 2354 beneﬁcentiam

1922 2403 2082 2456 quam
2105 2387 2258 2457 jubet
2284 2387 2571 2456 Apostolus
2601 2388 2810 2442 cunctis
2835 2387 3195 2443 exhibendam
3245 2405 3342 2458 pro
3379 2407 3503 2459 pos-

1922 2477 2179 2532 sibilitate
2201 2478 2303 2532 loci
2327 2489 2380 2532 et
2411 2477 2746 2542 facultatum,
2775 2493 2882 2532 non
2914 2479 3074 2533 nwdo
3111 2479 3307 2534 ibidem
3332 2483 3503 2550 gratis

1923 2566 2040 2620 ﬁeri
2067 2565 2219 2636 [non]
2249 2566 2599 2635 denegamus,
2632 2581 2816 2620 verum
2865 2566 3026 2620 etiam
3057 2567 3365 2622 suademus.
3397 2567 3504 2624 Sed

1921 2667 1974 2712 et
2001 2659 2190 2713 modus
2218 2659 2273 2712 in
2303 2674 2528 2713 numero
2575 2658 3006 2728 congregationis
3051 2660 3186 2715 adeo
3215 2676 3504 2717 conserve-

1920 2756 2030 2811 tur,
2054 2755 2111 2800 ut
2139 2746 2416 2816 pluralilas
2439 2747 2746 2815 penuriam,
2775 2762 2877 2802 nec
2923 2749 3168 2816 paucitas
3196 2750 3498 2804 inhabitan-

1922 2837 2053 2892 tium
2083 2837 2488 2892 destitutionem
2530 2838 2633 2892 loci
2660 2838 2911 2892 inducere
2941 2839 3136 2894 valeat.
3164 2838 3289 2895 Hzec
3334 2842 3500 2911 igitur

1918 2926 2096 2980 omnia
2126 2942 2244 2996 qua:
2269 2924 2426 2995 hujus
2449 2928 2698 2996 praecepti
2730 2928 3036 2997 decretique
3072 2929 3242 2984 nostri
3295 2931 3490 3001 pagina

1919 3018 2178 3082 continet,
2231 3019 2442 3074 cunctis
2483 3027 2603 3088 post
2651 3034 2748 3073 vos
2775 3021 3205 3087 succedentibus,
3233 3022 3324 3091 qui
3355 3022 3493 3076 idem

1919 3106 2308 3160 monasterium
2329 3121 2360 3160 a
2386 3107 2538 3162 vobis
2564 3114 2920 3173 exstructum,
2954 3116 3006 3162 et
3051 3107 3109 3162 S.
3145 3110 3208 3163 Β.
3239 3109 3497 3165 Ecclesia:

243 3215 273 3254 a
305 3200 454 3254 vobis
500 3214 659 3269 quam
714 3200 782 3254 ab
833 3200 913 3255 eis
965 3215 1084 3270 quae
1125 3201 1178 3255 in
1205 3201 1391 3256 eodem
1417 3201 1536 3256 loco
1563 3201 1614 3255 in
1641 3201 1816 3257 omcio
1845 3194 1888 3256 (Ξ
1923 3195 2174 3250 traditum
2204 3196 2305 3250 sub
2333 3195 2732 3251 usufructuario
2757 3198 3020 3262 retinetis,
3050 3197 3132 3253 vel
3157 3199 3237 3252 eis
3265 3215 3496 3269 quorum

242 3289 526 3344 abbatissa:
555 3289 636 3344 vel
658 3289 1068 3345 conversatione
1125 3290 1376 3362 religiosa
1430 3291 1815 3356 successerint,

243 3396 336 3435 seu
379 3381 468 3450 qui
506 3396 603 3451 pro
625 3381 822 3436 anima:
850 3397 960 3437 sua:
990 3383 1230 3438 remedio
1279 3382 1476 3438 ibidem
1517 3382 1817 3438 oblationes

244 3483 368 3523 suas
391 3470 704 3531 obtulerint,
734 3486 763 3522 a
792 3471 1042 3539 praesenti
1091 3480 1332 3540 tempore
1377 3471 1581 3526 illibata
1621 3480 1677 3527 et
1700 3473 1819 3528 sine

244 3557 610 3626 inquietudine
635 3557 898 3624 volumus,
928 3568 982 3613 et
1007 3561 1300 3628 apostolica
1329 3561 1653 3615 auctoritate
1679 3575 1818 3628 prte-

242 3649 469 3719 cipimns
495 3649 776 3718 possideri,
800 3665 984 3703 earum
1009 3659 1214 3704 tantum
1236 3651 1441 3715 usibus,
1471 3667 1569 3721 pro
1591 3667 1818 3720 quarum

244 3737 632 3792 sustentatione
659 3753 720 3792 ac
751 3738 1137 3807 gubernatione
1159 3753 1413 3793 concessa
1441 3748 1568 3793 sunt
1591 3739 1819 3795 fuerint-

244 3843 368 3898 que,
401 3829 576 3883 modis
599 3828 848 3882 omnibus
876 3829 1177 3898 profutura,
1206 3843 1268 3884 ea
1290 3831 1597 3884 conditione
1621 3841 1680 3884 ut
1703 3831 1821 3885 nul-

245 3917 324 3972 lus
353 3932 728 3972 successorum
777 3925 1083 3972 nostrorum
1112 3919 1165 3972 in
1211 3926 1398 3972 sancta
1426 3919 1526 3974 hac
1553 3921 1698 3984 sede,
1731 3920 1817 3975 cui

245 4015 463 4062 auctore
513 4007 738 4062 Domino
785 4006 1142 4072 deservimus,
1179 4022 1414 4077 unquam
1456 4008 1538 4064 vel
1571 4023 1818 4079 'usqnam

246 4097 496 4166 quiddam
523 4096 591 4151 de
615 4096 819 4150 eisdem
846 4096 1006 4151 rebus
1033 4097 1285 4166 cuiquam
1312 4097 1654 4160 beneﬁciare,
1673 4114 1820 4154 com-

246 4196 469 4252 mutare,
497 4194 592 4240 aut
615 4187 714 4242 sub
744 4201 908 4242 censu
939 4188 1254 4250 concedere,
1304 4187 1387 4242 vel
1420 4189 1672 4253 retinere,
1721 4204 1820 4260 per

245 4278 417 4332 futura
449 4287 684 4348 tempora
710 4278 965 4348 patiatur.
1013 4277 1121 4334 Sed
1169 4293 1388 4334 censum
1447 4281 1820 4336 tantummodo

247 4369 296 4423 in
323 4377 644 4424 testamento
686 4368 991 4444 traditionis
1019 4377 1232 4434 vestrae,
1262 4384 1369 4439 quo
1393 4384 1460 4423 ex
1489 4370 1678 4425 eodem
1705 4385 1818 4426 mo-

247 4459 476 4527 nasterio
501 4459 768 4515 bteredem
797 4461 936 4515 hanc
966 4468 1209 4515 sanctam
1236 4459 1442 4516 fecistis
1466 4469 1691 4516 matrem
1715 4461 1816 4518 Ec-

1918 3283 2178 3340 interesse
2199 3285 2417 3354 poterit,
2437 3286 2489 3338 in
2509 3294 2826 3354 perpetuum
2848 3289 3112 3342 servanda
3130 3289 3493 3345 decernimus.

1987 3372 2046 3429 Si
2073 3374 2192 3443 quis
2219 3390 2348 3430 vero
2374 3377 2735 3443 sacerdotum,
2767 3375 3028 3446 judicum,
3071 3388 3233 3450 atque
3278 3381 3498 3435 saecula-

1916 3467 2056 3522 rium
2106 3483 2460 3538 personarum
2505 3470 2642 3526 hanc
2680 3473 3079 3527 constitutionis
3109 3482 3306 3528 nostra:
3349 3475 3498 3544 pagi-

1917 3574 2041 3613 nam
2069 3575 2382 3628 agnoscens,
2413 3569 2602 3614 contra
2631 3576 2750 3615 eam
2775 3563 2961 3617 venire
3008 3565 3319 3628 tentaverit,
3346 3575 3500 3633 pote-

1917 3650 2072 3704 statis
2117 3649 2404 3704 honorisve
2431 3651 2514 3705 sui
2547 3651 2826 3722 dignitate,
2874 3668 3161 3723 percussus
3199 3656 3495 3725 apostolico

1917 3741 2278 3804 anathemate,
2313 3748 2517 3806 careat,
2542 3756 2801 3810 renmqne
2835 3758 2893 3797 se
2917 3743 3100 3798 divino
3123 3743 3326 3811 judicio
3376 3745 3508 3810 exi-V

1918 3838 2068 3883 stere
2088 3829 2154 3883 de
2180 3839 2492 3898 perpetrata
2541 3831 2826 3901 iniquitate
2855 3843 3171 3903 cognoscat,
3196 3842 3251 3887 et
3280 3833 3382 3888 nisi
3410 3835 3496 3889 vel

1918 3935 1980 3975 ea
2007 3935 2127 3990 quae
2151 3921 2218 3974 ab
2255 3920 2345 3974 illo
2385 3930 2510 3975 sunt
2535 3921 2671 3977 male
2697 3921 2873 3977 ablata
2900 3924 3216 3988 restituerit,
3247 3924 3330 3977 vel
3354 3939 3495 3993 prte-

1919 4020 2130 4080 sumpta
2157 4012 2476 4077 correxerit,
2503 4013 2586 4068 vel
2613 4012 2770 4083 digna
2793 4015 3109 4083 ptenitentia
3138 4015 3321 4070 illicite
3372 4025 3492 4071 acta

1919 4101 2211 4166 deﬁeverit,
2235 4117 2266 4156 a
2290 4103 2653 4159 sacratissimo
2679 4119 2906 4175 corpore
2941 4105 3034 4160 Dei
3072 4115 3126 4160 et
3173 4107 3382 4162 Domini
3429 4121 3496 4163 ac

1919 4190 2295 4261 Redemptoris
2346 4192 2515 4247 nostri
2545 4190 2669 4247 Jesu
2699 4193 2898 4249 Christi
2931 4195 3140 4251 alienus
3171 4196 3282 4262 ﬁat,
3332 4205 3498 4266 atque

1920 4281 1974 4336 in
2003 4290 2208 4338 esterno
2231 4283 2484 4338 examine
2522 4283 2780 4340 districtte
2803 4285 2992 4340 ultioni
3024 4285 3322 4355 subjaceat.
3351 4289 3495 4344 Cun-

1919 4373 2022 4428 ctis
2047 4381 2226 4428 autem
2253 4374 2428 4429 eidem
2457 4374 2576 4429 loco
2598 4375 2745 4446 justa
2767 4378 3104 4432 servantibus
3128 4379 3203 4431 sit
3251 4392 3353 4448 pax
3390 4379 3496 4432 Da-

1920 4462 2053 4516 mini
2085 4464 2255 4517 nostri
2284 4463 2412 4518 Jesu
2437 4462 2678 4528 Christi,
2710 4475 2990 4536 quatenus.
3021 4476 3073 4522 et
3123 4468 3210 4521 hic
3259 4467 3492 4521 fructum

246 4549 478 4616 clesiam,
505 4567 668 4606 unam
691 4552 939 4607 videlicet
965 4551 1157 4608 libram
1177 4553 1382 4636 argenti
1406 4553 1562 4609 annis
1589 4553 1813 4625 singulis
1841 4530 1891 4591 D
1916 4551 2072 4608 bonte
2100 4554 2327 4610 actionis
2357 4555 2638 4626 recipiant,
2667 4530 2886 4626 et'apud
2913 4558 3218 4614 districtum
3254 4557 3493 4639 judicent

246 4654 578 4695 successores
619 4641 788 4694 nostri
826 4641 1173 4709 accipientes,
1204 4643 1307 4709 pite
1334 4641 1678 4710 paternitatis
1701 4641 1812 4698 suf-

245 4727 465 4797 fragium
506 4728 680 4782 eidem
729 4729 1080 4791 monasterio,
1109 4736 1164 4783 et
1187 4729 1497 4795 abbatissae,
1527 4739 1582 4785 et
1629 4746 1815 4786 mona-

246 4821 356 4875 cluis
385 4820 486 4874 sub
516 4819 714 4888 Regula
739 4819 914 4879 sancti
961 4818 1136 4873 Patris
1194 4817 1469 4875 Benedicti
1494 4820 1690 4876 ibidem
1718 4822 1814 4877 de-

245 4910 504 4982 gentibus,
555 4911 918 4967 sollicitudine
967 4912 1222 4982 pastorali
1286 4912 1574 4983 vigilanter
1625 4922 1812 4970 contra

247 5016 426 5056 omnes
448 5000 766 5056 infestantes
791 5001 1099 5072 impendere
1123 5003 1397 5058 studeant.
1453 5003 1585 5058 Item
1614 5004 1815 5059 consti-

249 5093 440 5147 tuimus
477 5102 554 5158 ut,
602 5094 836 5148 obeunte
862 5095 1130 5150 abbatissa
1184 5095 1426 5165 praedicti
1477 5096 1809 5161 monasterii,

249 5203 344 5244 non
369 5187 470 5242 alia
501 5187 571 5242 ibi
593 5202 912 5258 quacunque
936 5188 1266 5257 obreptionis
1288 5189 1484 5244 astutia
1506 5188 1806 5253 ordinetur,

249 5279 340 5333 nisi
368 5295 527 5348 quam
565 5295 862 5334 consensus
906 5279 1292 5338 monachorum
1325 5279 1620 5335 secundum
1653 5279 1810 5333 timo-

251 5385 350 5422 rem
383 5369 477 5424 Dei
513 5378 567 5424 et
619 5369 1009 5425 institutionem
1062 5370 1281 5441 Regulae
1337 5370 1481 5425 beati
1531 5369 1808 5425 Benedicti

249 5459 480 5529 elegerit,
509 5471 562 5515 et
590 5460 746 5529 hujus
767 5461 1074 5531 apostolicae
1093 5463 1236 5522 sedis
1265 5459 1508 5531 pontifex
1537 5461 1808 5530 praevide.

251 5549 313 5604 rit
355 5549 728 5617 ordinandam,
751 5559 844 5607 aut
891 5553 1229 5624 suggestione
1253 5551 1639 5607 monachorum
1678 5566 1810 5607 con-

252 5637 468 5706 senserit
489 5640 811 5699 ordinatam.

1917 4647 2137 4717 prtemia
2165 4655 2380 4703 atteram
2402 4648 2552 4717 pacis
2582 4649 2875 4704 inveniant.

1991 4740 2262 4813 Scriptum
2291 4757 2386 4812 per
2415 4758 2636 4798 manum
2663 4742 2922 4808 Sofronii,
2948 4742 3236 4812 regionarii
3267 4751 3321 4798 et
3350 4743 3458 4798 scri

1917 4830 2056 4885 uarii
2082 4830 2339 4887 Romana:
2365 4831 2636 4896 Ecclesiae,
2664 4832 2717 4885 in
2747 4846 2932 4886 mense
2959 4830 3118 4884 Maio.
3150 4829 3343 4884 Datum
3365 4846 3496 4909 vero
3521 4864 3523 4866 -

1915 4935 2014 4995 per
2041 4936 2258 4977 manum
2287 4921 2509 4987 Tiberii,
2539 4921 2836 4991 primicerii
2875 4921 3020 4976 sedis
3057 4920 3383 4992 apostolicw.

2606 5032 2787 5088 CXIV.

2109 5139 2360 5180 EPISTOLA
2396 5139 2464 5177 AD
2494 5137 2796 5179 ιυυονιοωί
2825 5138 2864 5176 ll
2894 5138 3294 5178 IIPERATOREII.

2230 5215 2631 5284 Fragmentum.
2673 5243 2738 5254 —-
2783 5212 2959 5283 (Anno
3003 5212 3162 5284 867.)

2274 5323 2354 5378 Ad
2375 5339 2554 5394 pacem
2581 5321 2861 5376 ineundum
2881 5323 3139 5376 hortatur.

2415 5436 2592 5509 [Apud
2620 5435 2816 5500 Mansi,
2839 5434 2992 5508 una]

1989 5540 2254 5606 Nicouus
2279 5549 2550 5605 Luoovtco
2575 5545 2906 5618 imperatori.

1989 5640 2314 5696 Christianae
2349 5637 2594 5710 religioni
2640 5636 2774 5692 nihil
2809 5635 2994 5702 oﬁicit,
3021 5636 3130 5690 imo
3180 5633 3412 5719 proﬁcit,
3443 5632 3491 5692 si

313 5764 336 5790 ιι
380 5748 630 5810 Snecialis
699 5751 814 5805 iege
839 5753 1110 5810 sniritalis.
1140 5755 1212 5814 ita
1235 5769 1376 5808 enim
1410 5752 1641 5814 nostulat
1665 5764 1875 5814 sensus.
1911 5751 2212 5813 Librarium
2246 5749 2436 5806 fefellit
2462 5747 2837 5806 compendium
2865 5746 3134 5803 scribendi
3158 5736 3338 5799 Julia.
