4060 6338
599 352 736 408 uta
1750 390 1755 396 .
1893 316 1903 329 ’
1951 351 2222 411 meum
2257 350 2458 409 pars:
2494 353 2516 408 ι
3770 358 3916 419 uie

596 469 863 526 cbarilate
887 466 1145 540 magistra
1171 465 1354 523 divino
1379 466 1577 522 intuitu
1633 481 1757 522 cum
1808 466 2009 522 exteris
2052 467 2171 537 qui-
2203 468 2247 529 Α
2512 460 2544 509 ἐ
2962 466 3175 523 CXVII.
3228 472 3235 477 ’

591 562 803 632 busque
847 575 945 631 pro
994 550 1245 614 remediis
1288 564 1345 611 et
1397 554 1689 612 securitate
1742 551 2173 611 Christianorum
2368 571 2435 610 an
2472 570 2751 611 episcopos
2789 572 2844 611 IN
2881 572 3054 615 eraso
3090 573 3342 617 LUDO‘VICI‘
3373 568 3811 619 ωκῠτιτυτοε.

592 650 848 721 placitum
874 647 1120 712 inicritis,
1148 661 1270 701 eum
1301 654 1512 701 constet
1541 660 1646 700 non
1672 645 1743 700 ob
1766 644 1913 700 aliud
1951 645 2005 700 id
2055 644 2172 699 fieri
2889 648 3069 721 (Anno
3096 650 3250 723 867.)

592 743 698 798 nisi
723 748 782 796 ut
808 741 922 796 fera
954 738 1156 793 sazvitia
1186 752 1376 792 eorum
1401 752 1523 808 qua:
1547 737 1601 791 in
1629 735 1815 791 fideles
1843 734 2174 790 unanimiter
2276 736 2738 794 Monasterialibus
2775 740 3069 810 disciplinis
3096 740 3276 796 nullus
3303 742 3633 812 subjiciatur
3659 745 3897 802 inim.

593 831 916 895 exardescit,
944 828 1125 898 aliquo
1156 827 1315 883 modo
1335 827 1662 883 refrenetur.
1694 822 1832 880 Nam
1856 840 1978 880 cum
2018 823 2173 879 Salo-
2484 829 2779 903 [Gratian.,
2818 831 2973 887 Decr.
3006 849 3078 899 ιι,
3106 848 3156 888 c.
3186 833 3279 899 20,
3303 849 3357 904 q.
3382 835 3447 898 5,
3470 850 3525 889 c.
3556 834 3651 908 4.]

592 935 806 976 nionem
830 934 951 973 cum
982 917 1300 988 alienigenis
1327 917 1393 971 ad
1421 924 1666 971 sanctam
1708 910 1937 985 gloriam
1990 914 2173 968 multi-
2344 925 2591 981 Ρνωεεηε
2612 927 2845 982 clericus
2874 929 3091 982 nomine
3114 943 3214 983 suo
3233 927 3578 996 Lamberms,
3606 946 3731 986 una
3764 946 3896 987 ω

588 1009 892 1082 plicandam
912 1017 969 1063 et
990 1008 1056 1062 ad
1080 1006 1337 1078 templum
1369 1005 1596 1060 Domino
1619 1005 1829 1060 facilius
1854 1014 2171 1059 construen-
2274 1026 2430 1087 parre
2456 1032 2574 1084 suo,
2605 1018 2822 1072 nomine
2852 1020 3041 1085 Αιιιιο⁹
3072 1020 3342 1088 quondam
3365 1021 3626 1077 videlicet
3650 1025 3894 1089 ωωξιε,

588 1087 994 1156 (Ιιιηὶθωὶρὶιίω
1043 1098 1249 1153 foedera
1296 1097 1551 1152 habuisse
1618 1096 1898 1150 Dominica
1935 1095 2172 1151 sciamus
2270 1125 2415 1165 nunc
2453 1116 2633 1164 autem
2661 1110 2879 1176 clerico,
2912 1110 2980 1164 ad
3022 1110 3206 1165 limina
3250 1113 3627 1182 apostolorum
3674 1128 3892 1184 prope-

588 1178 857 1247 referente
887 1191 1136 1255 historia,
1166 1188 1294 1259 quid
1326 1188 1519 1243 mirum
1547 1188 1590 1242 si
1615 1188 1738 1257 pius
1783 1187 2079 1256 imperator
2100 1185 2170 1241 ad
2270 1215 2399 1254 rans
2445 1199 2578 1253 adiit
2620 1200 2961 1270 prmsentiam
3010 1208 3252 1255 nostram
3273 1178 3299 1268 ξ
3335 1216 3588 1259 asserens
3639 1178 3894 1274 gnati-rer

589 1282 818 1353 gloriam
848 1282 945 1337 Dei
975 1290 1030 1335 et
1057 1281 1123 1335 ad
1146 1280 1715 1363 securitatemsanctae
1738 1277 2012 1341 Ecclesim,
2045 1291 2166 1346 qua:
2270 1290 2413 1345 idem
2438 1301 2593 1362 pater
2634 1289 2751 1359 eius
2796 1292 2851 1346 in
2892 1291 3069 1346 laicaii
3105 1288 3284 1347 adhuc
3328 1293 3519 1350 ordine
3558 1294 3619 1348 in
3652 1295 3891 1364 prium;

587 1388 717 1428 rere
771 1373 1009 1449 divinum
1063 1380 1147 1428 est
1190 1371 1466 1441 templum,
1496 1386 1619 1426 cum
1675 1370 1878 1425 exteris
1921 1370 2170 1440 gentibus
2267 1379 2503 1449 propriis
2564 1378 2888 1434 aediﬁcasset
2940 1376 3046 1435 duo
3104 1383 3466 1447 monasteria,
3526 1381 3888 1438 γοιιιιιιιια.

585 1448 1196 1534 νιωείιυιηόοιιίὶτωεη
1228 1464 1461 1518 maxime
1489 1478 1611 1518 cum
1641 1463 1741 1532 piae
1763 1463 2038 1518 memoriae
2061 1461 2167 1516 Ca-
2268 1448 2551 1537 gerens‘ut
2589 1475 2712 1537 post
2756 1469 3037 1523 decessum
3072 1464 3239 1523 suum
3279 1484 3519 1539 praesens
3554 1470 3689 1539 ejus
3736 1472 3897 1530 ﬁlius

590 1554 783 1629 rolus,‘
810 1556 1014 1611 abavus
1059 1565 1262 1621 vester,
1294 1555 1505 1609 nonnisi
1535 1554 1603 1608 ad
1625 1553 1922 1608 remedium
1949 1559 2009 1607 et
2025 1551 2167 1607 sola-
2269 1560 2589 1616 Lambertus
2632 1560 2686 1614 in
2729 1560 2906 1617 locum
2950 1560 3071 1631 ejus
3115 1554 3431 1619 succederet
3462 1581 3477 1617 :
3508 1579 3688 1635 quem
3740 1565 3895 1622 intra

587 1646 725 1703 tium
748 1626 1179 1703 Christianorum
1201 1646 1364 1717 quiin
1381 1644 1756 1701 diversis‘locis
1778 1645 2026 1700 intereos
2044 1654 2164 1697 tan-
2267 1656 2512 1704 teneram
2539 1642 2755 1705 aetatem
2799 1650 2942 1705 inter
2982 1660 3233 1706 octavum
3260 1660 3317 1707 et
3341 1652 3614 1708 decimum
3650 1669 3883 1733 [annm

589 1752 751 1806 quam
780 1752 947 1808 grana
980 1737 1121 1791 inter
1139 1737 1321 1806 paleas
1352 1736 1733 1802 tundebantur,
1760 1735 2014 1805 placitum
2040 1748 2165 1789 cum
2201 1819 2216 1820 ί
2270 1743 2617 1797 constitutum
2638 1752 2968 1799 memoratus
2991 1753 3147 1815 pater
3165 1747 3384 1816 proprio
3403 1747 3639 1803 arbitrio
3663 1749 3886 1820 absque

595 1842 781 1883 eorum
808 1828 1052 1899 principe
1099 1828 1343 1883 noscitur
1363 1826 1552 1898 procul
1581 1826 1746 1882 dubio
1789 1823 2166 1897 perpetrasse?
2195 1819 2241 1878 Β
2269 1834 2502 1904 regulari
2532 1826 2870 1891 institutione
2898 1845 3053 1892 extra
3097 1853 3316 1893 omnem
3348 1839 3493 1895 illius
3519 1819 3881 1899 voluntatem

1290 1936 1449 1993 CXV.
1808 1930 1813 1931 “
2271 1923 2535 1978 cucullam
2581 1918 2772 1980 induit.
2823 1925 2991 1996 Igitur
3029 1937 3151 1998 post
3196 1924 3466 1998 quoddam
3506 1930 3690 1999 ipsius
3744 1942 3886 1989 tem-

798 2045 865 2083 Αι)
901 2005 1145 2084 cinctum
1182 2027 1451 2099 [c.tno'wtt
1489 2024 1723 2097 curua]
1756 2040 1952 2081 ascen.

2268 2016 2416 2085 poris
2445 2016 2701 2086 spatium,
2723 2025 2781 2071 ul
2808 2017 2925 2085 ipse
2952 2017 3082 2072 dicit
3109 2017 3367 2074 Salomon
3392 2020 3719 2091 episcOpus,
3751 2038 3877 2078 cum

939 2118 1342 2188 Fragmeiimm,
1366 2143 1440 2156 -
1458 2116 1635 2187 (Amm
1662 2116 1810 2186 367,)
2265 2105 2587 2174 quibusdam
2612 2104 2732 2160 aliis
2762 2106 2966 2177 absque
3003 2108 3173 2177 patris
3200 2108 3491 2172 oblatione,
3526 2111 3616 2166 rel
3650 2114 3881 2172 abbatis

584 2207 665 2265 De
711 2183 918 2264 Joanne
973 2183 1166 2272 Scoto,
1220 2205 1359 2276 quod
1415 2183 1476 2259 in
1523 2183 1836 2274 quibusdam
1888 2202 2012 2257 bene
2061 2219 2162 2256 non
2265 2203 2519 2265 percepta
2546 2195 2942 2259 benedictione,
2972 2198 3222 2253 eumdem
3260 2197 3625 2254 'Lambcrtum
3672 2217 3875 2259 mona—

957 2301 960 2304 ~
1060 2301 1069 2309 ν
1194 2304 1197 2307 -
1251 2276 1488 2330 senserit.
1590 2320 1595 2327 ι
1667 2324 1671 2331 .
2265 2286 2463 2341 sticum
2504 2286 2745 2341 habitum
2792 2286 3018 2342 induere
3064 2285 3229 2353 fecit,
3258 2296 3317 2342 ut
3347 2286 3550 2351 ferunt,
3579 2289 3872 2348 invitum:

1081 2364 1258 2437 [Apud
1289 2364 1478 2431 Mansi,
1508 2363 1664 2437 ibido]
2265 2385 2321 2429 et
2343 2374 2444 2430 sub
2481 2375 2584 2429 hac
2606 2375 2914 2439 occasione,
2950 2386 3177 2445 paterna
3226 2391 3322 2432 seu
3358 2386 3605 2434 materna
3630 2381 3874 2437 haeredi-

653 2458 901 2514 ltelatum
945 2464 1027 2511 est
1072 2454 1394 2525 apostolatui
1439 2462 1626 2509 nostro
1663 2454 1806 2523 quod
1839 2469 1976 2524 opus
2017 2453 2162 2509 beati
2267 2473 2375 2519 me
2403 2479 2435 2519 ει
2472 2463 2732 2520 fratribus
2778 2466 2890 2520 suis
2929 2465 3199 2537 privatum
3245 2481 3398 2533 esse,
3448 2476 3617 2538 alque,
3665 2482 3872 2529 ωηιη

579 2549 821 2620 Dionysii
863 2547 1229 2616 Areopagitae,
1279 2545 1421 2615 quod
1476 2544 1542 2599 de
1588 2544 1784 2600 divinis
1832 2545 2161 2610 nominibus,
2263 2560 2498 2620 Omnem,
2528 2563 2589 2610 ut
2611 2556 2815 2611 dictum
2842 2564 2956 2622 est,
2988 2555 3320 2613 voluntatem
3350 2574 3542 2625 suam,
3572 2564 3747 2631 quasi
3783 2580 3869 2619 re-

579 2640 665 2695 vel
692 2640 1004 2695 coelestibus
1032 2639 1346 2703 ordinibus,
1385 2637 1577 2694 Graeco
1609 2638 1897 2707 descripsit
1926 2638 2157 2707 eloquio,
2263 2642 2505 2715 gutarem
2536 2643 2687 2699 illum
2717 2646 3039 2701 monachum
3078 2661 3401 2716 permanere
3427 2649 3634 2704 volunt.
3679 2650 3869 2723 Super

578 2731 798 2800 quidam
828 2718 910 2784 vir
938 2729 1193 2793 Joannes,
1207 2733 1415 2800 genere
1449 2729 1666 2794 Scotus,
1695 2743 1869 2799 nuper
1911 2729 1962 2783 in
2008 2728 2161 2784 Lati-
2263 2747 2371 2802 qua
2401 2747 2460 2787 re
2485 2732 2731 2803 diligenti
2775 2748 2905 2788 oura
2948 2734 3337 2806 investigantes
3373 2737 3539 2792 etiam
3567 2739 3676 2794 sub
3700 2718 3867 2810 abju-

577 2814 708 2874 num
741 2820 1096 2874 transtulerit.
1125 2819 1277 2886 Quod
1309 2816 1464 2886 juxta
1497 2833 1703 2873 morem
1732 2818 1889 2873 nobis
1917 2819 2055 2873 mitti
2108 2828 2162 2873 et
2263 2821 2473 2876 ratione
2506 2829 2717 2891 patrem
2765 2821 2965 2891 ipsius,
2996 2824 3041 2877 si
3074 2836 3262 2879 verum
3289 2826 3517 2890 diceret,
3547 2827 3866 2901 interroga,

578 2925 768 2970 nostro
812 2914 997 2971 debuit
1040 2913 1245 2984 judicio
1291 2912 1580 2983 approbari
1620 2927 1636 2965 :
1686 2912 1984 2982 praesertim
2036 2927 2161 2967 cum
2261 2908 2477 2965 vimus:
2511 2910 2608 2965 sed
2651 2911 2796 2966 idem
2838 2919 2992 2980 pater
3035 2912 3202 2968 Attbo
3254 2918 3533 2985 respondit
3579 2933 3642 2974 se
3689 2920 3863 2977 talem

577 3006 721 3062 idem
748 3005 1002 3071 Joannes,
1035 3006 1158 3060 licet
1190 3005 1373 3059 multa:
1404 3003 1646 3077 scientia:
1669 3018 1790 3058 esse
1816 3003 2160 3073 praedicetur,

577 3093 706 3147 olim
749 3109 855 3148 non
903 3108 1035 3149 sane
1079 3108 1268 3162 sapere
1306 3092 1360 3146 in
1404 3092 1725 3162 quibusdam
1758 3092 2027 3161 frequenti
2066 3109 2158 3147 ru-

2262 3000 2516 3056 babuisse
2543 3010 2600 3056 et
2630 3001 2832 3058 habere
2867 3004 3196 3059 voluntatem
3213 3046 3232 3072 ,
3260 2998 3322 3060 ut
3356 3006 3501 3064 filius
3526 3006 3662 3065 suus
3689 3027 3863 3069 verus

2260 3091 2558 3146 monachus
2585 3090 2759 3157 ﬂeret,
2802 3099 2860 3147 et
2902 3092 2956 3146 in
3004 3093 3184 3149 locum
3222 3093 3340 3163 ejus
3365 3100 3704 3156 succederet.
3739 3103 3859 3161 Sub

578 3196 732 3237 more
759 3183 1049 3238 diceretur.
1082 3183 1268 3252 Itaque
1299 3183 1442 3252 quod
1470 3182 1732 3238 hactenus
1759 3183 2020 3239 omissum
2050 3193 2155 3250 est,
2185 3194 2230 3257 ο
2263 3177 2639 3236 testiﬁcatiOne
2691 3188 2874 3235 autem
2928 3180 3282 3252 jurejurando
3342 3186 3582 3243 firmavit
3639 3208 3655 3244 :
3706 3194 3859 3262 quod

578 3281 762 3325 vestra
810 3271 1075 3324 industria
1104 3271 1367 3342 suppleat,
1400 3278 1457 3325 et
1499 3272 1653 3326 nobis
1706 3271 1986 3342 przefatum
2027 3289 2162 3343 opus

580 3362 700 3418 sine
729 3360 835 3415 ulla
866 3363 1213 3418 cunctatione
1242 3363 1423 3417 mittat
1448 3380 1461 3416 :
1486 3372 1751 3432 quatenus
1776 3364 1902 3418 dum
1934 3379 1963 3417 a
1992 3366 2161 3419 nostri

579 3452 913 3524 apostolatus
946 3451 1151 3522 judicio
1199 3453 1364 3509 fuerit
1404 3455 1780 3524 approbatum,
1808 3454 1877 3508 ab
1913 3455 2162 3509 omnibus

579 3541 960 3598 incunctanter
987 3551 1172 3599 nostra
1199 3543 1527 3599 auctoritate
1565 3545 1839 3615 acceptius
1875 3544 2158 3599 habeatur.

1279 3628 1462 3711 CXVI.

1034 3783 1101 3823 ΔΙ)
1146 3784 1358 3824 DONNUM
1398 3784 1706 3824 EPISCOPUI.

1187 3859 1364 3929 (Anno
1403 3846 1556 3929 867.)

772 3949 851 4004 De
876 3949 1105 4020 quodam
1129 3950 1219 4019 qui
1243 3948 1462 4019 fratrem
1496 3965 1648 4003 suum
1676 3950 1957 4005 occiderat.

1154 4037 1302 4110 [Ivo,
1336 4054 1401 4106 κ,
1434 4038 1592 4110 184.]

646 4144 912 4201 Nmouus
940 4145 1124 4202 Domo
1149 4147 1401 4217 episcopo
1428 4157 1482 4203 et
1506 4148 1724 4205 Canono
1751 4150 1885 4221 regi.

622 4233 876 4303 .Quidam
902 4244 1093 4290 vestrae
1119 4237 1418 4294 diteceseos
1455 4238 1537 4294 vir
1558 4238 1713 4310 Hugo
1746 4226 1964 4296 nomine
1991 4241 2156 4308 venit,

572 4328 666 4397 qui
695 4324 1003 4399 lacrymosu
1023 4326 1186 4383 aifatu
1210 4340 1397 4386 nostro
1419 4331 1696 4402 pontificio
1716 4333 1903 4388 retulit
1923 4333 2159 4403 qualiter

572 4414 954 4484 fratricidium,
983 4418 1205 4489 antiquo
1230 4421 1386 4477 hoste
1413 4431 1664 4494 cogente,
1689 4423 1908 4491 fecerat,
1935 4434 1992 4481 et
2016 4439 2154 4498 qua-

2262 3270 2478 3338 quando
2506 3270 2754 3340 primitus
2778 3271 2831 3326 ei
2852 3272 3117 3328 'cucullam
3142 3275 3338 3342 induit,
3361 3277 3505 3334 idem
3528 3280 3859 3340 Lambertus

2261 3372 2476 3429 semper
2504 3360 2725 3428 restitit,
2754 3370 2812 3416 et
2837 3377 3111 3432 nunquam
3138 3379 3198 3420 se
3227 3363 3345 3421 fieri
3370 3371 3697 3426 monachum
3724 3387 3859 3429 con-

2260 3450 2431 3505 sensit
2477 3466 2495 3508 :
2540 3452 2635 3506 sed
2687 3452 2906 3507 demum
2961 3454 3031 3509 ab
3080 3454 3489 3526 insequentibus
3549 3464 3859 3520 monastico

2261 3539 2446 3594 habitu
2475 3540 2740 3597 violenter
2762 3551 2847 3599 est
2867 3542 3104 3613 indutus,
3127 3560 3379 3603 asserens
3406 3551 3552 3619 quod
3575 3562 3858 3623 nunquam

2260 3626 2503 3697 regulam
2546 3628 2780 3699 aliquam
2824 3633 3102 3701 premisit,
3150 3640 3328 3707 neque
3352 3653 3477 3710 ego
3528 3649 3693 3709 pater
3735 3643 3859 3712 ejus

2261 3715 2421 3785 pallio
2449 3716 2637 3773 altaris
2666 3718 2910 3775 indutum
2938 3722 3087 3778 illum
3116 3724 3305 3793 obtuli,
3339 3743 3518 3791 mque
3543 3733 3577 3784 a
3609 3746 3857 3800 quocun-

2263 3820 2366 3874 que
2395 3806 2675 3862 sacerdote
2692 3808 2779 3863 vel
2794 3808 3007 3877 abbate,
3037 3820 3096 3867 ut
3116 3829 3234 3870 mos
3254 3819 3447 3885 poscit,-
3469 3818 3856 3879 benedictione

2258 3904 2513 3966 percepta
2557 3898 2757 3969 regulae
2803 3908 3132 3970 unquamse
3177 3908 3504 3964 monachum
3546 3911 3853 3981 subjectum

2258 3988 2499 4048 futurum
2542 3990 2814 4060 promisit.
2841 3992 3017 4063 Super
3053 3995 3140 4052 his
3168 3998 3419 4055 omnibus
3451 4001 3619 4055 etiam
3662 4014 3849 4072 prole.

2258 4088 2434 4136 status
2459 4089 2544 4138 est
2566 4080 2825 4152 praefatus
2855 4082 3087 4140 clericus
3105 4086 3273 4142 Attbo
3293 4089 3417 4158 quia
3444 4090 3491 4144 si
3511 4104 3579 4146 eo
3604 4100 3854 4163 tempore

2250 4177 2369 4224 tam
2394 4170 2546 4225 durae
2560 4170 2919 4229 observantia:
2936 4176 3290 4232 monasticam
3312 4177 3669 4237 intellexisset
3692 4197 3853 4252 regu.

2256 4259 2387 4326 iam,
2420 4274 2695 4332 nunquam
2718 4265 2970 4321 eumdem
3005 4265 3174 4323 lilium
3204 4267 3554 4326 Lambertum
3582 4274 3863 4345 coegisset.

2257 4351 2788 4421 portare'cucullam.
2811 4355 3154 4429 Quapropter
3171 4360 3415 4416 consulte
3438 4361 3849 4435 Psalmograptu'

2258 4440 2421 4498 véiba
2471 4443 2791 4512 recolentes,
2822 4447 3021 4517 quibus
3046 4448 3350 4506 voluntarie
3384 4466 3446 4507 se
3485 4453 3596 4509 Deo
3640 4456 3851 4511 sacriﬁ-

570 4506 697 4564 liter
724 4507 823 4563 sub
842 4508 1321 4583 pmnitentiaejugo
1344 4527 1442 4582 pro
1471 4521 1622 4570 tanto
1646 4513 1889 4573 facinore
1915 4531 1946 4570 a
1976 4524 2154 4571 vestra

2257 4536 2385 4588 care
2423 4506 2857 4603 pronuntiatret’,
2876 4535 3181 4594 voluntaria
3220 4541 3336 4596 oris
3379 4542 3465 4598 sui
3508 4542 3851 4614 beneplacita

572 4594 750 4651 fuerat
795 4599 1126 4654 constitutus
1176 4598 1531 4657 beatitudine.
1596 4602 1704 4658 Nos
1756 4614 2154 4667 autem‘tantte

569 4690 919 4751 adversitatis
936 4692 1229 4762 piaculum,
1257 4701 1312 4749 et
1330 4693 1558 4750 fraterni
1579 4697 1857 4769 sanguinis
1876 4699 2154 4757 audientes

570 4779 893 4838 effusionem
935 4800 1043 4839 non
1075 4798 1279 4854 paucas
1328 4784 1612 4842 fundentes
1650 4774 2155 4860 lacrymasjcontri-

569 4875 695 4927 stati
722 4890 929 4930 sumus.
965 4875 1168 4932 Tamen
1196 4877 1356 4946 quia,
1396 4884 1455 4931 ut
1495 4878 1711 4945 aiebat,
1742 4888 1906 4938 tantm
1932 4884 2154 4941 maculae

570 4962 783 5032 culpam
830 4965 1190 5037 lacrymarum
1224 4966 1373 5024 fonte
1400 4968 1619 5026 abluere
1661 4970 1900 5028 fraterna
1929 4957 2155 5043 jubente

570 5054 741 5121 gratia
769 5054 944 5120 malit,
975 5056 1247 5113 sancimus
1270 5068 1329 5114 ut
1361 5062 1609 5131 proprias
1637 5066 2005 5135 possessiones
2032 5081 2153 5136 qua:

571 5141 640 5195 ab
659 5156 724 5196 eo
743 5157 839 5212 pro
860 5142 961 5199 hoc
982 5143 1123 5201 facto
1142 5146 1332 5204 ablatae
1348 5158 1495 5217 sunt,
1516 5151 1890 5210 incunctanter
1906 5156 2152 5226 recipiat,

570 5246 639 5284 nc
687 5236 1020 5303 paupertatis
1066 5237 1247 5310 in0pia
1277 5242 1607 5299 constrictus
1641 5244 1708 5299 ad
1752 5246 1937 5317 pejora
1978 5248 2152 5303 dedu-

570 5330 747 5375 catur.
779 5321 914 5378 Nam
940 5334 993 5380 et
1016 5329 1233 5400 propria
1260 5329 1607 5404 legitimaque
1630 5350 1774 5390 uxor
1800 5337 1942 5393 illius
1974 5354 2005 5391 a
2044 5353 2151 5410 qua

566 5422 850 5484 separatus
878 5425 981 5483 est,
1008 5428 1185 5475 vestra
1211 5425 1471 5480 sanctitas
1500 5425 1575 5481 illi
1604 5435 1663 5482 ut
1687 5429 1870 5484 statim
1895 5429 2152 5487 reddatur

566 5512 798 5576 satagat,
815 5521 883 5561 ne
902 5507 957 5562 in
974 5507 1342 5571 fornicationis
1352 5518 1687 5588 voraginem,
1699 5519 1844 5588 quod
1858 5520 2148 5591 noluimus,

566 5597 807 5654 incidere
827 5598 1092 5656 videatur.
1106 5602 1163 5656 ln
1187 5604 1408 5677 reliquis
1425 5623 1556 5665 vero
1574 5610 1867 5667 secundum
1883 5614 2149 5683 pmniten-

566 5688 655 5743 tia:
685 5690 901 5749 modum
925 5706 1086 5763 quam
1127 5695 1203 5752 illi
1240 5696 1572 5760 instruxistis
1607 5718 1865 5776 peragere
1907 5716 2141 5764 maneat.

2256 4622 2374 4678 fieri
2420 4623 2476 4679 in
2504 4635 2797 4696 conspectu
2840 4627 2937 4684 Dei
2984 4629 3268 4700 obsecrat;
3299 4644 3646 4704 praesentem,
3678 4646 3740 4692 ut
3771 4639 3850 4693 di»

2254 4719 2402 4768 ctum
2430 4722 2545 4778 est,
2572 4713 2829 4771 clericum
2865 4719 3084 4775 nomine
3115 4720 3464 4780 Lambertum
3493 4726 3721 4783 minime
3755 4728 3850 4784 de—

2248 4801 2384 4857 bere
2404 4801 2835 4861 existituavimus
2850 4807 2955 4862 sub
2972 4807 3067 4864 tali
3084 4809 3341 4868 violentia
3358 4813 3477 4869 ﬁeri
3494 4817 3843 4873 monachum.

2255 4894 2579 4961 Quodrenim
2604 4896 2730 4967 quis
2770 4913 2878 4954 non
2916 4900 3069 4973 eligit
3110 4917 3211 4959 nec
3254 4913 3438 4974 optat,
3466 4905 3715 4977 profecto
3740 4925 3859 4965 non

2256 4982 2441 5055 diligit.
2474 5003 2488 5041 :
2534 4987 2680 5056 quod
2721 4996 2902 5044 autem
2932 5005 3040 5047 non
3078 4991 3285 5064 diligit,
3326 4993 3485 5051 facile
3526 4997 3844 5052 contemnit.

2246 5072 2472 5130 Nullum
2517 5076 2718 5148 quippe
2760 5078 2992 5147 bonum,
3020 5081 3151 5137 ‘nisi
3201 5082 3586 5140 voluntarium.
3640 5085 3847 5141 idcirco

2253 5166 2516 5223 Dominus
2560 5183 2668 5224 non
2709 5168 2990 5226 ferendam
3036 5172 3094 5227 in
3144 5172 3231 5228 via
3268 5172 3511 5246 virgam,
3552 5191 3651 5245 per
3681 5193 3844 5247 quam

2258 5260 2514 5315 violentia
2550 5261 2643 5316 uili
2694 5262 2978 5329 inferatur,
3024 5265 3301 5338 pmcepit.
3342 5267 3685 5339 Quapmpter
3717 5284 3846 5325 eon-

2255 5349 2447 5405 sultius
2471 5354 2665 5421 agetur
2682 5351 2729 5407 si
2753 5351 2857 5421 piis
2881 5352 3227 5420 suasionibus
3243 5362 3614 5426 contemptum
3636 5357 3846 5422 mundi,

2255 5445 2312 5494 et
2361 5439 2726 5511 amorem‘Dei
2770 5440 3143 5510 praedicando,
3173 5456 3340 5511 quam
3367 5442 3676 5500 violentiam
3707 5444 3850 5502 infe-

2256 5529 2456 5596 rendo,
2513 5529 2582 5585 ad
2630 5529 2911 5589 caelestem
2965 5547 3206 5589 amorem
3256 5534 3408 5591 illum
3464 5535 3850 5593 aceenderitis.

2258 5619 2410 5677 Unde
2435 5621 2678 5677 omnium
2703 5633 2943 5678 vestrum
2973 5622 3226 5679 cbaritati
3253 5624 3393 5680 hanc
3418 5626 3595 5681 nostri
3627 5635 3852 5695 aposto-

2253 5709 2393 5767 latus
2418 5711 2677 5771 mandare
2700 5712 3038 5772 decrevimus
3058 5713 3361 5787 epistolam,
3376 5725 3665 5774 monentes
3685 5726 3857 5787 atque
