4060 6338
170 699 181 706 ⁸
266 632 427 684 tum
472 629 752 702 subjacere
779 638 1099 708 compellat,
1128 658 1301 712 neque
1344 645 1453 703 ullo
1495 651 1654 706 modo
1693 652 1891 709 fratres

265 248 301 303 ι
326 249 448 306 tat
1508 265 1868 345 Episrout:
1900 272 1989 329 ET
2027 275 2369 334 occasu.

259 358 685 474 prmeipien'tes
728 372 1015 469 quatenus,
1039 367 1088 426 si
1116 368 1189 425 ita
1221 385 1408 429 verum
1451 385 1535 432 est
1578 387 1638 433 ut
1683 379 1768 438 isti
1804 381 1891 437 di-
1917 387 1969 446 Α
1994 387 2277 445 sollicitius
2316 399 2373 447 et
2394 352 2584 451 melius
2610 397 2963 470 recorrigant.
2998 400 3102 474 Ipsi

254 460 464 519 'cunt,
494 453 674 510 nullus
699 456 1016 529 episcopus,
1045 461 1128 516 vel
1160 461 1325 539 abbas
1371 481 1464 523 seu
1505 474 1889 529 monachorum

266 540 643 611 reliquorum
684 555 977 603 conventus
1002 553 1309 609 monasticis
1336 554 1482 610 illum
1519 560 1719 629 regulis
1748 562 1889 617 invi-

3430 296 3569 356 “22

3147 418 3363 477 quoque
3384 412 3566 466 archi-

1992 479 2231 553 episcopi
2254 494 2311 539 et
2335 484 2571 557 episcopi
2596 489 2943 559 cupiditatem
2975 509 3127 550 suam
3162 498 3474 567 eohibeant,
3507 512 3568 557 ut

1993 570 2175 629 laieos.
2200 573 2543 645 postmodum
2570 581 2639 635 ab
2667 581 2853 651 illicita
2880 589 3299 658 prtesumptione
3346 590 3570 649 liberius

1991 663 2258 734 castigare
2298 666 2545 735 valeant;
2577 685 2752 740 neque
2779 673 2917 727 sicut
2948 674 3210 731 hactenus
3239 676 3439 735 factum
3481 690 3568 737 est

1991 754 2061 811 ad
2090 757 2403 813 scandalum
2443 767 2500 814 et
2523 762 2735 817 ruinam
2767 764 3056 821 multorum
3088 767 3263 823 aliena
3289 779 3568 840 appetant,

1991 855 2049 903 et
2071 847 2205 903 locis
2233 847 2301 903 ad
2334 848 2427 920 jus
2450 867 2606 906 suum
2646 861 2701 908 et
2723 853 3090 925 episcopatum
3118 872 3224 912 non
3251 860 3570 928 pertinenti-

1991 938 2093 994 bus
2113 939 2380 995 dominari
2405 957 2515 998 non
2536 945 2911 1015 expostulent;
2939 947 3032 1001 sed
3057 950 3295 1004 contenti
3327 952 3570 1008 terminis

1992 1030 2106 1085 suis
2134 1048 2148 1085 :
2184 1030 2369 1100 sicque
2415 1035 2762 1102 potentialius
2794 1036 3052 1094 laicorum
3093 1040 3376 1094 avaritiam
3405 1049 3460 1097 et
3487 1031 3585 1096 in?

1990 1119 2256 1176 cautelam
2282 1121 2578 1191 reprimere
2604 1133 2876 1193 poterunt.

2062 1210 2150 1265 Vl.
2191 1209 2268 1265 De
2297 1213 2780 1269 excommunicatis
2809 1214 3019 1285 publice
3046 1226 3268 1286 propter
3295 1217 3566 1287 publicum

1991 1300 2223 1366 crimen,
2249 1309 2311 1355 ut
2351 1316 2449 1370 per
2475 1303 2741 1373 publicam
2789 1305 3163 1375 paenitentiam
3212 1306 3566 1375 recipiantur,

1987 1399 2045 1448 et
2071 1393 2368 1449 secundum
2399 1395 2615 1450 modum
2656 1395 2779 1450 facti
2810 1397 3069 1452 canonica
3113 1398 3435 1454 auctoritate
3460 1397 3571 1453 sin—

1990 1483 2128 1554 gulis
2155 1485 2471 1554 paenitentia
2496 1484 2862 1556 prolongetur.
3330 1540 3331 1543 η

2060 1570 2169 1627 Vli.
2208 1572 2281 1628 Ut
2329 1590 2436 1629 non
2469 1582 2672 1630 temere
2715 1574 3303 1631 exeommunicationcs
3330 1574 3460 1628 ﬁant
3506 1587 3572 1628 ne

272 721 427 791 ejus
456 737 554 793 per
578 725 719 781 hanc
751 729 1088 785 occasionem
1111 731 1384 789 licentiam
1409 737 1641 794 habeant
1665 750 1891 810 paterna

273 822 399 868 seu
457 824 699 872 materna
745 817 897 873 illum
926 819 1239 879 haareditate
1284 826 1497 895 privare
1537 814 1891 901 :sed_usque

277 902 441 958 dum
471 906 652 962 divina
679 908 1031 979 inspiratione
1059 924 1412 984 compunctus
1442 919 1659 988 propria
1700 920 1891 975 volun—

276 1002 422 1052 tate
470 999 693 1070 regulas-
710 1014 771 1056 se
809 1003 1026 1071 subdat,
1059 1005 1221 1069 liceat
1262 1023 1385 1063 eum
1430 1024 1461 1064 a
1508 1012 1795 1068 mundanis
1838 1022 1892 1067 et

278 1085 592 1146 laicalibus
632 1101 900 1149 remotum
943 1098 1318 1156 vacationibus
1350 1100 1434 1156 vel
1474 1105 1705 1175 negotiis
1751 1105 1892 1161 inter

281 1177 591 1251 religiosos
622 1191 679 1239 et
703 1184 1104 1244 ecclesiasticos
1132 1189 1278 1246 viros
1318 1191 1373 1247 in
1409 1195 1667 1251 canonica
1696 1197 1891 1269 degere

283 1269 440 1324 vita.
469 1270 585 1327 Non
614 1274 758 1330 enim
789 1283 1061 1347 putamus,
1093 1281 1233 1349 quod
1260 1283 1421 1349 absit,
1446 1286 1735 1343 canonicos
1764 1289 1891 1343 reli-

284 1358 489 1431 giosos
507 1377 539 1417 a
558 1374 867 1421 sanctorum
885 1369 1270 1427 monachorum
1287 1372 1391 1427 vita
1408 1378 1749 1433 etconsortio
1762 1394 1894 1437 com

277 1448 540 1519 iunctos,
556 1454 682 1524 quia
701 1458 1095 1529 unusquisque,
1110 1464 1404 1518 secundum
1422 1464 1757 1534 Apostolum,
1772 1485 1892 1540 pro-

285 1542 482 1613 priam
518 1549 827 1604 mercedem
863 1550 1091 1621 accipiet
1119 1553 1413 1610 secundum
1444 1555 1683 1615 laborem
1708 1575 1886 1616 suum.

977 1680 1184 1740 CXVI“
1586 1668 1593 1677 ’
1993 1666 2289 1721 auctoritas
2329 1667 2623 1737 epicopalis
2665 1668 2929 1733 vilescat,
2974 1684 3152 1739 neque
3203 1667 3571 1723 absolutiones

710 1744 817 1828 ’Νη
860 1807 1305 1828 nmmmmmm
1341 1814 1670 1828 “nmmum
1914 1745 1964 1805 B
1992 1755 2315 1821 inordinate,
2347 1757 2448 1811 nisi
2479 1756 2777 1813 satisfactio
2813 1757 3188 1813 ordinabiliter
3236 1757 3434 1828 regulis
3475 1773 3570 1827 pa-

501 1802 570 1842 AD
606 1804 817 1845 About-zu
853 1807 1305 1853 mentemscoruu
1341 1814 1692 1857 VIENNENSBII.
1916 1802 1954 1805 ”

906 1908 1084 1974 (Anno
1120 1909 1271 1976 867.)

2061 1933 2195 1989 Vill.
2237 1934 2346 2004 (25,
2372 1950 2427 2006 q.
2452 1935 2507 1988 2.
2548 1935 2608 1990 Si
2634 1937 2752 2006 quis
2772 1937 2853 2005 τί.)
2884 1936 2941 1991 Si
2968 1937 3090 2006 quis
3116 1938 3386 2008 dogmata,
3416 1952 3568 1991 man-

293 2008 377 2071 De
410 2018 681 2074 sententiis
716 2028 873 2090 atque
908 2012 1196 2096 interdictis
1223 2023 1361 2089 sedis
1403 2028 1729 2096 apostolica,
1753 2031 1890 2085 inter
1991 2022 2136 2087 data,
2169 2022 2477 2089 interdicta,
2506 2025 2832 2083 sanctiones.
2864 2026 2946 2079 vel
2993 2027 3207 2081 decreta
3238 2042 3336 2094 pro
3381 2026 3570 2079 catho-

1041 2093 1169 2147 alia.

899 2180 1113 2255 [Mansi,
1141 2184 1295 2251 ibid.)

365 2287 410 2344 1.
452 2288 524 2346 Ut
563 2291 954 2363 archiepiscopi
1002 2296 1293 2353 canonicos
1330 2306 1628 2356 conventus
1667 2300 1723 2356 in
1761 2315 1886 2372 pro-

290 2376 493 2433 vinciis
519 2379 623 2434 sibi
668 2383 977 2440 commissis
1002 2399 1123 2439 cum
1155 2387 1349 2441 timore
1388 2387 1485 2444 Dei
1521 2389 1750 2456 faciant;
1792 2390 1883 2445 ubi

293 2476 489 2523 Omnes
529 2483 653 2523 eum
701 2472 1102 2530 venerabilibus
1131 2476 1399 2547 episcopis
1437 2480 1731 2535 nobiliores
1761 2497 1884 2551 pro-

1988 2111 2090 2167 lica
2119 2113 2245 2177 ﬁde,
2268 2129 2367 2178 pro
2389 2114 2751 2170 ecclesiastica
2777 2115 3079 2184 disciplina,
3104 2131 3204 2185 pro
3227 2117 3569 2171 correctione

1988 2200 2251 2267 ﬁdelium,
2282 2211 2340 2258 et
2381 2220 2481 2274 pro
2511 2205 2890 2261 emendatione
2920 2206 3325 2271 sceleratorum,
3351 2206 3436 2260 vel
3484 2206 3568 2260 iu~

1988 2292 2306 2347 terdictione
2334 2293 2757 2360 imminentium,
2787 2296 2871 2351 vel
2900 2294 3204 2351 futurorum
3237 2295 3501 2349 malorum
3529 2310 3562 2350 a

1986 2380 2131 2435 sedis
2155 2381 2465 2450 apostolica:
2496 2382 2725 2452 prresule
2752 2383 3044 2438 salubriter
3070 2385 3406 2455 promulgata
3434 2400 3565 2439 con-

1987 2470 2299 2539 tempserit;
2332 2473 2616 2543 anathema
2647 2475 2736 2528 sit.
2784 2474 2924 2546 (Hoc
2973 2491 3090 2529 vero
3122 2486 3436 2544 postremum
3467 2475 3564 2530 de-

293 2556 489 2612 vincim
513 2561 865 2628 conveniant;
894 2562 1075 2634 ibique
1102 2566 1463 2637 integritatem
1493 2569 1614 2624 ﬁdei
1643 2579 1699 2625 et
1724 2586 1880 2626 eano-

1983 2571 2179 2615 cretum
2201 2563 2529 2642 desuntptum
2555 2574 2629 2618 est
2658 2581 2722 2619 ea:
2746 2565 2975 2635 capitulo
2997 2566 3177 2635 quinto
3209 2565 3416 2619 concilii
3456 2565 3563 2620 Ro-

298 2646 543 2703 nicarum
603 2650 910 2721 regularum
955 2654 1353 2712 observantiam
1402 2659 1668 2727 audiant,
1713 2670 1769 2717 et
1815 2662 1880 2717 ad

1984 2652 2127 2706 mani
2140 2651 2246 2723 :sub
2268 2652 2445 2706 eodem
2461 2655 2703 2729 pontiﬁce
2722 2655 2774 2709 Ν
2777 2655 2945 2712 icolao
2967 2672 3105 2710 anno
3133 2655 3237 2711 863
3272 2655 3562 2728 celebrati.)

298 2742 590 2795 tenendum
615 2757 683 2796 ne
701 2747 947 2801 excusari
964 2748 1191 2826 possint,
1211 2750 1551 2809 subscribere
1567 2757 1879 2811 doceantur.

372 2827 437 2883 ll.
482 2829 550 2886 Ut
579 2835 977 2903 metropolitani
1007 2838 1244 2909 vigorem
1272 2843 1701 2901 ecclesiasticum
1733 2863 1881 2905 reve—

301 2919 508 2975 rentius
535 2931 774 2989 servent,
806 2932 862 2980 et
886 2926 1002 2982 sive
1028 2927 1083 2983 in
1109 2930 1242 2998 vita,
1271 2933 1386 2989 sive
1419 2934 1471 2988 in
1499 2936 1743 2993 doctrina
1772 2939 1881 2994 sino

301 3005 468 3076 gulari
503 3012 823 3068 auctoritate
864 3018 1179 3085 praecellant
1212 3039 1228 3087 ;
1268 3023 1562 3081 smeulares
1608 3027 1882 3085 discursus

302 3105 356 3149 et
392 3098 600 3169 negotia
627 3101 836 3169 vitent;
873 3106 990 3162 zelo
1014 3109 1233 3177 pietatis
1277 3111 1592 3170 inﬂammati
1621 3118 1881 3176 adversus

302 3191 645 3247 mundialium
680 3194 959 3253 hominum
990 3202 1249 3259 malitiam
1280 3203 1474 3264 fortius
1500 3218 1565 3273 et,
1585 3211 1766 3267 verius
1795 3212 1880 3268 in-

304 3292 551 3352 surgant;
583 3286 858 3375 principes
899 3294 1050 3363 regni
1090 3295 1358 3353 adulando
1405 3314 1512 3356 non
1543 3302 1875 3375 decipiant,

301 3368 944 3443 provinciarum'suarum
974 3400 1199 3445 munere
1223 3389 1404 3447 divino
1434 3391 1535 3447 sibi
1563 3396 1879 3451 commissa-

303 3470 418 3520 rum
447 3467 497 3521 in
527 3472 779 3527 omnibus
803 3489 992 3529 curam
1028 3477 1281 3535 habeant.

373 3555 452 3609 ΙΙΙ.
494 3555 563 3612 Ut
607 3560 932 3646 suffraganei
987 3569 1345 3623 reverentiam
1403 3580 1458 3626 et
1512 3573 1875 3632 obedientiam

306 3646 616 3720 condignam
643 3653 1071 3722 metropolitanis
1096 3658 1211 3712 suis
1238 3659 1559 3729 exhibeant;
1589 3667 1657 3719 ad
1679 3674 1879 3722 metro-

304 3738 585 3806 politanam
611 3743 795 3797 sedem
819 3742 1130 3800 obedientes
1151 3757 1469 3815 occurrant;
1486 3750 1692 3808 causas
1710 3754 1882 3811 eccle-

308 3833 543 3889 siasticas
565 3850 687 3889 cum
709 3836 1125 3906 metropolitano
1150 3855 1247 3895 suo
1272 3839 1501 3897 ﬁdeliter
1521 3854 1875 3914 pertracteut,

306 3934 356 3979 et
383 3926 587 4007 abipso
615 3926 842 3983 formam
873 3928 1106 3998 qualiter
1132 3930 1233 4003 ipsi
1266 3931 1573 3999 in'iecclesia
1596 3950 1693 3990 sua
1716 3947 1881 4007 agant

310 3997 590 4066 accipiant.

372 4087 454 4144 ιν.
498 4088 568 4144 Ut
599 4090 989 4161 archiepiscopi
1019 4101 1073 4148 et
1096 4092 1547 4179 episcbpijplebes
1569 4097 1655 4153 vel
1682 4096 1881 4179 hamis;

309 4179 462 4235 males
508 4179 767 4236 ecclesias
814 4180 868 4237 in
920 4182 1248 4239 dimcesibus
1291 4176 1424 4242 suis
1458 4200 1611 4242 more
1655 4177 1879 4259 antiquo

312 4272 648 4333 constituant,
682 4279 739 4326 et
776 4271 899 4328 laici
932 4287 962 4327 a
991 4274 1187 4330 talibus
1212 4290 1408 4331 cavere
1434 4277 1765 4345 doceantur;
1808 4279 1878 4335 ad

309 4373 431 4432 quos
482 4361 810 4431 reliquarum
851 4358 1204 4445 ecclesiarum
1246 4363 1385 4420 tituli
1431 4367 1772 4438 pertineant;
1817 4374 1876 4422 ut

2684 2766 2872 2824 CXIX.

2136 2872 2203 2911 AD
2236 2872 2545 2914 HINCIARUI
2583 2874 3032 2917 ARCHIEPISCOPUI
3079 2876 3414 2915 RHEIIENSEM.

2584 2971 2764 3040 (Anno
2806 2970 2956 3044 867.)

1907 3086 1953 3149 ο
2012 3079 2324 3137 Ρωηὶιεηιία
2358 3083 2594 3152 injuncta
2625 3083 2704 3137 illi
2722 3086 2810 3166 qui
2838 3086 3148 3139 monac/mm
3181 3060 3534 3156 presbyterum

2634 3156 2913 3209 occiderat.

2483 3261 2661 3334 [Apud
2688 3261 2880 3328 Mansi,
2907 3261 3062 3334 ibid.]

2052 3369 2322 3428 NICOLAUS
2368 3370 2671 3441 episcopus,
2693 3385 2887 3426 servus
2930 3385 3210 3425 servorum
3237 3370 3353 3435 Dei,
3409 3386 3559 3425 reve-

1983 3462 2294 3519 rentissimo
2322 3470 2379 3515 et
2407 3461 2748 3515 sanctissimo
2770 3460 3032 3515 confratri
3067 3469 3252 3515 nostro
3278 3460 3561 3515 llmcuauo

1981 3550 2408 3620 archiepiscopo.

2051 3640 2256 3707 Quibus
2290 3639 2578 3710 gemitibus
2606 3649 2658 3704 ι,
2688 3639 3013 3709 quantisque
3046 3636 3298 3707 lacrymis
3325 3635 3556 3691 ﬁliorum

1982 3729 2297 3785 discrimina
2327 3737 2587 3798 paternus
2625 3726 2850 3782 affectus
2893 3725 3180 3782 condolere
3230 3725 3420 3791 soleat,
3466 3741 3558 3781 ve-

1984 3835 2103 3876 rum
2132 3820 2296 3875 etiam
2321 3826 2589 3889 oporteat,
2616 3826 2852 3873 vestram
2883 3817 3015 3872 satis
3045 3816 3292 3872 novimus
3320 3816 3561 3886 experiri

1979 3910 2340 3982 prudentiam.
2401 3909 2740 3979 Quapropter
2802 3907 3089 3963 infulatum
3135 3906 3303 3962 vestri
3328 3909 3562 3975 ardoris,

1980 4001 2352 4058 ecclesiastico
2378 3999 2519 4056 lacte
2558 4000 2767 4066 nutriti,
2801 4008 2856 4056 et
2895 4000 2962 4055 ad
2992 3998 3194 4055 solidos
3221 3999 3561 4070 praedicatio-

1979 4092 2066 4149 nis
2107 4090 2383 4163 profectus
2425 4089 2711 4161 perducti,
2769 4089 3019 4144 volumus
3063 4102 3224 4145 nosse
3265 4088 3408 4158 quod
3461 4088 3565 4143 iste

1980 4186 2170 4242 Eriath
2207 4185 2274 4240 ad
2301 4182 2663 4253 apostolorum
2711 4181 2894 4236 limina
2923 4179 3245 4251 confugerit,
3275 4178 3556 4251 indulgen-

1982 4276 2113 4332 tiam
2143 4274 2464 4346 postulando
2508 4287 2669 4342 super
2700 4286 2766 4326 ea
2809 4286 2970 4341 quam
3014 4269 3240 4325 incurrit
3279 4267 3559 4323 homicidii

1980 4380 2202 4422 noxam.
2253 4364 2487 4420 Ferebat
2529 4378 2589 4417 se
2634 4361 2818 4431 utique
2850 4359 3136 4430 quemdam
3182 4358 3557 4445 presbyterum

310 4430 377 4507 ibi
404 4430 696 4508 conventus
722 4437 989 4511 celebrior
1028 4433 1351 4527 populorum
1396 4430 1512 4527 ﬁat,
1538 4468 1596 4516 et
1622 4430 1868 4516 doctrina
1899 4430 2145 4524 Datque
2204 4453 2531 4510 monachum
2592 4451 2724 4507 nihil
2770 4466 2894 4507 eum
2940 4457 3117 4505 morte
3155 4441 3375 4519 dignum
3419 4446 3563 4503 occi-

312 4539 419 4596 ﬁdei
443 4556 509 4596 ac
532 4542 957 4600 Christianitatis
996 4544 1052 4600 in
1080 4562 1246 4603 unum
1283 4551 1623 4622 congregatis
1650 4549 1873 4608 liberius

311 4632 637 4701 praedicetur.
1748 4654 1753 4655 ί

373 4721 430 4777 ν.
467 4718 538 4775 Ut
566 4722 957 4794 archiepiscopi
984 4739 1108 4780 cum
1137 4728 1471 4799 coepiscopis
1498 4730 1615 4787 suis
1634 4733 1871 4788 auctori-

313 4818 408 4865 tate
443 4818 656 4881 patrum
687 4821 999 4868 nostrorum
1033 4816 1227 4871 muniti
1255 4826 1568 4894 procurent,
1597 4828 1659 4875 ut
1697 4820 1872 4877 sacris

311 4901 426 4957 locis
477 4901 651 4973 dignae
697 4917 942 4973 personae
986 4904 1384 4975 praeferantur,
1430 4915 1487 4964 et
1531 4909 1871 4967 sacularium

312 4992 596 5048 habitacula
643 4993 758 5051 loca
806 4995 918 5052 Deo
957 4997 1137 5052 dicata
1181 4999 1265 5054 vel
1307 4988 1522 5055 sacrata
1567 4991 1673 5058 nun
1716 5002 1871 5058 ﬁant.

318 5082 450 5140 Unde
475 5092 530 5140 et
556 5099 656 5141 nos
684 5085 802 5155 pios
830 5086 1104 5157 principes
1126 5087 1216 5143 ubi
1244 5098 1605 5159 opportunum
1627 5091 1728 5146 fuit
1752 5107 1871 5148 mo.

314 5181 526 5247 nulmus,
555 5189 610 5237 et
640 5190 861 5252 propter
890 5182 1150 5238 honorem
1193 5183 1395 5240 Christi
1422 5186 1706 5243 charitatis
1737 5203 1868 5256 suae,

313 5273 435 5343 quod
473 5273 661 5330 diebus
685 5273 898 5329 illorum
930 5274 1281 5345 depravatum
1306 5285 1363 5331 et
1389 5277 1723 5334 destructum
1763 5287 1868 5345 est,

373 5438 395 5467 ι
418 5427 614 5500 Quibus
655 5428 949 5500 gemitibus.
999 5426 1339 5500 Flodoardus
1370 5428 1472 5485 lib.
1499 5445 1581 5495 ιιι,
1629 5443 1751 5499 cap.
1795 5430 1869 5485 25

316 5492 677 5570 illncmariad
720 5499 963 5570 diversos
1010 5496 1293 5570 episcopos
1344 5492 1598 5570 epistolas
1646 5492 1871 5557 enume-

319 5579 423 5619 rans
463 5565 849 5641 :_Hilmerado,
893 5565 1085 5639 inquii,
1109 5565 1466 5635 Anibianensi,
1507 5586 1601 5641 pro
1640 5571 1869 5640 quodam

317 5636 562 5698 monacho.
595 5639 686 5699 qui
712 5636 1065 5705 presbyterum
1102 5650 1153 5695 et
1184 5636 1587 5696 monac/amrin
1613 5636 1871 5696 monaste-

1981 4548 2165 4604 disse:
2191 4546 2333 4602 unde
2376 4554 2432 4602 et
2475 4543 2749 4599 humiliter
2791 4541 3109 4598 ostendebat
3140 4554 3198 4595 se
3226 4538 3559 4609 paenitentia:

1964 4637 2113 4699 ,velle
2140 4636 2280 4697 colla
2314 4635 2651 4692 submittere.
2701 4633 2931 4703 Ideoque
2978 4646 3079 4686 nos
3103 4630 3155 4685 ei
3190 4628 3547 4703 injunximus,

1973 4734 2038 4782 ut
2080 4725 2362 4783 duodecim
2405 4739 2669 4789 annorum
2711 4731 2854 4776 meta
2894 4720 3182 4775 terminum
3224 4718 3554 4790 poenitentia!

1974 4819 2076 4875 sibi
2124 4818 2381 4888 iniunctae
2427 4814 2746 4871 includeret.
2778 4811 3019 4878 Quorum
3058 4811 3229 4866 tribus
3257 4807 3549 4879 prioribus,

1973 4917 2101 4965 ante
2137 4907 2283 4963 fores
2310 4905 2552 4967 ecclesiae
2594 4901 3146 4974 lugendo,_singultus
3187 4900 3419 4966 edendo,
3451 4900 3557 4956 mi-

1972 5001 2324 5062 sericordiam
2384 5013 2416 5053 a
2448 4997 2676 5053 Domino
2710 4995 2967 5065 consequi
2994 4992 3253 5050 festinare
3274 5000 3553 5065 procuret.

1954 5093 2179 5162 .Quarto
2206 5092 2420 5156 deinde,
2453 5100 2617 5161 atque
2642 5088 2860 5160 quinto,
2908 5087 3048 5142 inter
3075 5086 3347 5141 auditores
3378 5084 3552 5139 omni-

1973 5194 2248 5257 potentem
2277 5197 2504 5240 cxorare
2547 5182 2783 5245 studeat,
2814 5180 3020 5248 absque
3054 5177 3299 5259 corporis
3327 5186 3384 5230 et
3430 5190 3553 5230 san-

1974 5276 2153 5349 guinis
2199 5273 2413 5332 Domini
2458 5270 2819 5342 susceptione.
2869 5268 3119 5325 Residuis
3162 5275 3423 5338 praeterea
3470 5280 3557 5320 se-

1973 5438 2052 5492 rio
2078 5436 2244 5490 sancti
2274 5433 2509 5489 Richarii
2550 5432 2737 5488 occidit
2758 5445 2777 5484 .'
2794 5448 2891 5555 Ero
2912 5448 3014 5502 quo
3039 5430 3260 5512 daturin:
3286 5442 3424 5497 papa
3451 5424 3552 5506 Ni-

1974 5506 2153 5555 colam
2171 5507 2372 5555 litteras
2391 5504 2557 5555 eidem
2578 5503 2769 5555 domno
2847 5517 3081 5555 mcmaro
3106 5503 3370 5555 derexerat
3390 5509 3552 5555 ment-

1974 5506 2153 5561 colaus
2171 5507 2372 5560 litteras
2391 5504 2557 5559 eidem
2578 5503 2769 5556 domno
2794 5503 3081 5557 Hincmaro
3106 5503 3370 5555 direxerat
3390 5503 3554 5566 ptent-

1971 5578 2147 5633 tentite
2174 5587 2403 5632 tenorem
2425 5575 2768 5631 continentes.
