  <div class='ocr_page' id='page_1' title='image "/cluster/home/n/w/nwhite01/storage/ocr_20150623/119/hvd.32044015466915/567.png"; bbox 0 0 4060 6338; ppageno 0'>
   <div class='ocr_carea' id='block_1_1' title="bbox 443 264 3797 347">
    <p class='ocr_par' dir='ltr' id='par_1_1' title="bbox 443 264 3797 347">
     <span class='ocr_line' id='line_1_1' title="bbox 443 264 3797 347; baseline -0.007 -1"><span class='ocrx_word' id='word_1_1' title='bbox 443 288 585 347; x_wconf 70' lang='lat' dir='ltr'><strong>nas</strong></span> <span class='ocrx_word' id='word_1_2' title='bbox 1718 264 1725 271; x_wconf 84' lang='lat'>&#39;</span> <span class='ocrx_word' id='word_1_3' title='bbox 1794 276 2065 334; x_wconf 82' lang='lat' dir='ltr'><strong>NlCOLAl</strong></span> <span class='ocrx_word' id='word_1_4' title='bbox 2102 274 2303 332; x_wconf 64' lang='lat' dir='ltr'><strong>eam</strong></span> <span class='ocrx_word' id='word_1_5' title='bbox 2338 276 2361 332; x_wconf 88' lang='grc' dir='ltr'><strong>ι</strong></span> <span class='ocrx_word' id='word_1_6' title='bbox 3596 264 3797 324; x_wconf 64' lang='lat'><strong>“24</strong></span> 
     </span>
    </p>
   </div>
   <div class='ocr_carea' id='block_1_2' title="bbox 441 383 3791 475">
    <p class='ocr_par' dir='ltr' id='par_1_2' title="bbox 441 383 3791 475">
     <span class='ocr_line' id='line_1_2' title="bbox 441 383 3791 475; baseline -0.007 -16"><span class='ocrx_word' id='word_1_7' title='bbox 441 412 590 475; x_wconf 82' lang='lat' dir='ltr'><strong>ptem</strong></span> <span class='ocrx_word' id='word_1_8' title='bbox 636 413 899 456; x_wconf 89' lang='lat' dir='ltr'><strong>annorum</strong></span> <span class='ocrx_word' id='word_1_9' title='bbox 942 397 1250 463; x_wconf 89' lang='lat' dir='ltr'><strong>curriculis,</strong></span> <span class='ocrx_word' id='word_1_10' title='bbox 1297 395 1729 452; x_wconf 91' lang='lat' dir='ltr'><strong>communionem</strong></span> <span class='ocrx_word' id='word_1_11' title='bbox 1758 388 2022 447; x_wconf 84' lang='lat' dir='ltr'><strong>Dominici</strong></span> <span class='ocrx_word' id='word_1_12' title='bbox 2053 391 2100 450; x_wconf 83' lang='grc' dir='ltr'>Α</span> <span class='ocrx_word' id='word_1_13' title='bbox 2127 390 2423 459; x_wconf 93' lang='lat' dir='ltr'><strong>cupiditate</strong></span> <span class='ocrx_word' id='word_1_14' title='bbox 2467 393 2683 458; x_wconf 89' lang='lat' dir='ltr'><strong>peracta</strong></span> <span class='ocrx_word' id='word_1_15' title='bbox 2726 399 2849 441; x_wconf 89' lang='lat' dir='ltr'><strong>esse</strong></span> <span class='ocrx_word' id='word_1_16' title='bbox 2894 384 3164 450; x_wconf 89' lang='lat' dir='ltr'><strong>videntur,</strong></span> <span class='ocrx_word' id='word_1_17' title='bbox 3204 392 3310 440; x_wconf 72' lang='lat' dir='ltr'><strong>tuae</strong></span> <span class='ocrx_word' id='word_1_18' title='bbox 3358 383 3791 475; x_wconf 77' lang='lat' dir='ltr'><strong>fraternitatis</strong></span> 
     </span>
    </p>
   </div>
   <div class='ocr_carea' id='block_1_3' title="bbox 444 474 3781 563">
    <p class='ocr_par' dir='ltr' id='par_1_3' title="bbox 444 474 3781 563">
     <span class='ocr_line' id='line_1_3' title="bbox 444 474 3781 563; baseline -0.008 -10"><span class='ocrx_word' id='word_1_19' title='bbox 444 474 769 553; x_wconf 80' lang='lat' dir='ltr'><strong>sacramenti</strong></span> <span class='ocrx_word' id='word_1_20' title='bbox 791 493 1064 563; x_wconf 84' lang='lat' dir='ltr'><strong>suscipere</strong></span> <span class='ocrx_word' id='word_1_21' title='bbox 1088 492 1249 547; x_wconf 87' lang='lat' dir='ltr'><strong>liceat</strong></span> <span class='ocrx_word' id='word_1_22' title='bbox 1274 489 1642 547; x_wconf 85' lang='lat' dir='ltr'><strong>celeberrimis</strong></span> <span class='ocrx_word' id='word_1_23' title='bbox 1668 486 2023 543; x_wconf 87' lang='lat' dir='ltr'><strong>festivitatum</strong></span> <span class='ocrx_word' id='word_1_24' title='bbox 2124 495 2352 536; x_wconf 78' lang='lat' dir='ltr'><strong>censura</strong></span> <span class='ocrx_word' id='word_1_25' title='bbox 2384 479 2546 535; x_wconf 88' lang='lat' dir='ltr'><strong>celeri</strong></span> <span class='ocrx_word' id='word_1_26' title='bbox 2585 476 2966 533; x_wconf 91' lang='lat' dir='ltr'><strong>emendatione</strong></span> <span class='ocrx_word' id='word_1_27' title='bbox 2993 475 3355 547; x_wconf 85' lang='lat' dir='ltr'><strong>corrigantur.</strong></span> <span class='ocrx_word' id='word_1_28' title='bbox 3385 474 3635 531; x_wconf 83' lang='lat' dir='ltr'><strong>Scilicet</strong></span> <span class='ocrx_word' id='word_1_29' title='bbox 3669 488 3781 527; x_wconf 81' lang='lat' dir='ltr'><strong>re—</strong></span> 
     </span>
    </p>
   </div>
   <div class='ocr_carea' id='block_1_4' title="bbox 446 567 3773 652">
    <p class='ocr_par' dir='ltr' id='par_1_4' title="bbox 446 567 3773 652">
     <span class='ocr_line' id='line_1_4' title="bbox 446 567 3773 652; baseline -0.007 -9"><span class='ocrx_word' id='word_1_30' title='bbox 446 586 656 649; x_wconf 85' lang='lat' dir='ltr'><strong>diebus,</strong></span> <span class='ocrx_word' id='word_1_31' title='bbox 716 584 1016 641; x_wconf 72' lang='lat' dir='ltr'><strong>oblationes</strong></span> <span class='ocrx_word' id='word_1_32' title='bbox 1076 582 1292 652; x_wconf 83' lang='lat' dir='ltr'><strong>quidem</strong></span> <span class='ocrx_word' id='word_1_33' title='bbox 1355 579 1663 635; x_wconf 76' lang='lat' dir='ltr'><strong>nullatenus</strong></span> <span class='ocrx_word' id='word_1_34' title='bbox 1719 574 2017 632; x_wconf 82' lang='lat' dir='ltr'><strong>offerendo.</strong></span> <span class='ocrx_word' id='word_1_35' title='bbox 2125 572 2399 630; x_wconf 89' lang='lat' dir='ltr'><strong>stituendo</strong></span> <span class='ocrx_word' id='word_1_36' title='bbox 2429 570 2673 627; x_wconf 75' lang='lat' dir='ltr'><strong>ecclesia:</strong></span> <span class='ocrx_word' id='word_1_37' title='bbox 2699 568 2932 640; x_wconf 66' lang='lat' dir='ltr'><strong>propriae</strong></span> <span class='ocrx_word' id='word_1_38' title='bbox 2965 567 3078 637; x_wconf 88' lang='lat' dir='ltr'><strong>jam</strong></span> <span class='ocrx_word' id='word_1_39' title='bbox 3111 567 3316 622; x_wconf 89' lang='lat' dir='ltr'><strong>dictum</strong></span> <span class='ocrx_word' id='word_1_40' title='bbox 3344 568 3773 632; x_wconf 74' lang='lat' dir='ltr'><strong>sacerdotem,</strong></span> 
     </span>
    </p>
   </div>
   <div class='ocr_carea' id='block_1_5' title="bbox 446 658 3767 742">
    <p class='ocr_par' dir='ltr' id='par_1_5' title="bbox 446 658 3767 742">
     <span class='ocr_line' id='line_1_5' title="bbox 446 658 3767 742; baseline -0.006 -8"><span class='ocrx_word' id='word_1_41' title='bbox 446 676 855 734; x_wconf 78' lang='lat' dir='ltr'><strong>Verumtamen.</strong></span> <span class='ocrx_word' id='word_1_42' title='bbox 881 674 1131 730; x_wconf 90' lang='lat' dir='ltr'><strong>omnibus</strong></span> <span class='ocrx_word' id='word_1_43' title='bbox 1170 671 1446 742; x_wconf 65' lang='lat' dir='ltr'><strong>praedictis</strong></span> <span class='ocrx_word' id='word_1_44' title='bbox 1490 669 1844 740; x_wconf 85' lang='lat' dir='ltr'><strong>temporibus,</strong></span> <span class='ocrx_word' id='word_1_45' title='bbox 1872 678 2026 721; x_wconf 81' lang='lat' dir='ltr'><strong>exce—</strong></span> <span class='ocrx_word' id='word_1_46' title='bbox 2126 673 2289 733; x_wconf 88' lang='lat' dir='ltr'><strong>atque</strong></span> <span class='ocrx_word' id='word_1_47' title='bbox 2328 664 2379 719; x_wconf 91' lang='lat' dir='ltr'><strong>ei</strong></span> <span class='ocrx_word' id='word_1_48' title='bbox 2410 660 2686 717; x_wconf 89' lang='lat' dir='ltr'><strong>reddendo</strong></span> <span class='ocrx_word' id='word_1_49' title='bbox 2719 668 2808 714; x_wconf 88' lang='lat' dir='ltr'><strong>ttta</strong></span> <span class='ocrx_word' id='word_1_50' title='bbox 2846 659 3049 730; x_wconf 86' lang='lat' dir='ltr'><strong>pietate</strong></span> <span class='ocrx_word' id='word_1_51' title='bbox 3085 658 3375 729; x_wconf 90' lang='lat' dir='ltr'><strong>pristinum</strong></span> <span class='ocrx_word' id='word_1_52' title='bbox 3405 661 3581 729; x_wconf 80' lang='lat' dir='ltr'><strong>qnem</strong></span> <span class='ocrx_word' id='word_1_53' title='bbox 3612 675 3767 729; x_wconf 64' lang='lat' dir='ltr'><strong>pert-</strong></span> 
     </span>
    </p>
   </div>
   <div class='ocr_carea' id='block_1_6' title="bbox 446 751 3764 839">
    <p class='ocr_par' dir='ltr' id='par_1_6' title="bbox 446 751 3764 839">
     <span class='ocr_line' id='line_1_6' title="bbox 446 751 3764 839; baseline -0.006 -15"><span class='ocrx_word' id='word_1_54' title='bbox 446 776 540 839; x_wconf 92' lang='lat' dir='ltr'><strong>pto</strong></span> <span class='ocrx_word' id='word_1_55' title='bbox 580 767 929 835; x_wconf 80' lang='lat' dir='ltr'><strong>festivitatum</strong></span> <span class='ocrx_word' id='word_1_56' title='bbox 971 766 1181 829; x_wconf 88' lang='lat' dir='ltr'><strong>diebus,</strong></span> <span class='ocrx_word' id='word_1_57' title='bbox 1213 773 1268 819; x_wconf 91' lang='lat' dir='ltr'><strong>et</strong></span> <span class='ocrx_word' id='word_1_58' title='bbox 1296 762 1696 820; x_wconf 86' lang='lat' dir='ltr'><strong>resurrectione</strong></span> <span class='ocrx_word' id='word_1_59' title='bbox 1721 759 2024 824; x_wconf 86' lang='lat' dir='ltr'><strong>Dominica,</strong></span> <span class='ocrx_word' id='word_1_60' title='bbox 2133 755 2268 811; x_wconf 87' lang='lat' dir='ltr'><strong>didit</strong></span> <span class='ocrx_word' id='word_1_61' title='bbox 2293 754 2574 818; x_wconf 92' lang='lat' dir='ltr'><strong>honorem,</strong></span> <span class='ocrx_word' id='word_1_62' title='bbox 2601 761 2656 807; x_wconf 92' lang='lat' dir='ltr'><strong>et</strong></span> <span class='ocrx_word' id='word_1_63' title='bbox 2682 751 2986 806; x_wconf 88' lang='lat' dir='ltr'><strong>nullatenus</strong></span> <span class='ocrx_word' id='word_1_64' title='bbox 3023 752 3281 807; x_wconf 88' lang='lat' dir='ltr'><strong>canonica</strong></span> <span class='ocrx_word' id='word_1_65' title='bbox 3320 752 3583 807; x_wconf 87' lang='lat' dir='ltr'><strong>instituta</strong></span> <span class='ocrx_word' id='word_1_66' title='bbox 3635 751 3764 805; x_wconf 81' lang='lat' dir='ltr'><strong>ali-</strong></span> 
     </span>
    </p>
   </div>
   <div class='ocr_carea' id='block_1_7' title="bbox 448 842 3757 929">
    <p class='ocr_par' dir='ltr' id='par_1_7' title="bbox 448 842 3757 929">
     <span class='ocr_line' id='line_1_7' title="bbox 448 842 3757 929; baseline -0.004 -20"><span class='ocrx_word' id='word_1_67' title='bbox 448 859 703 917; x_wconf 73' lang='lat' dir='ltr'><strong>continue</strong></span> <span class='ocrx_word' id='word_1_68' title='bbox 740 855 1189 929; x_wconf 88' lang='lat' dir='ltr'><strong>quadragesimali</strong></span> <span class='ocrx_word' id='word_1_69' title='bbox 1233 871 1385 911; x_wconf 91' lang='lat' dir='ltr'><strong>more</strong></span> <span class='ocrx_word' id='word_1_70' title='bbox 1428 870 1600 926; x_wconf 89' lang='lat' dir='ltr'><strong>usque</strong></span> <span class='ocrx_word' id='word_1_71' title='bbox 1635 854 1701 909; x_wconf 87' lang='lat' dir='ltr'><strong>ad</strong></span> <span class='ocrx_word' id='word_1_72' title='bbox 1743 865 2024 921; x_wconf 82' lang='lat' dir='ltr'><strong>vesperam</strong></span> <span class='ocrx_word' id='word_1_73' title='bbox 2127 843 2288 914; x_wconf 85' lang='lat' dir='ltr'><strong>cujus</strong></span> <span class='ocrx_word' id='word_1_74' title='bbox 2306 843 2607 898; x_wconf 82' lang='lat' dir='ltr'><strong>temeritate</strong></span> <span class='ocrx_word' id='word_1_75' title='bbox 2633 842 2904 898; x_wconf 88' lang='lat' dir='ltr'><strong>contemni</strong></span> <span class='ocrx_word' id='word_1_76' title='bbox 2938 842 3243 913; x_wconf 87' lang='lat' dir='ltr'><strong>permittas,</strong></span> <span class='ocrx_word' id='word_1_77' title='bbox 3268 842 3396 914; x_wconf 86' lang='lat' dir='ltr'><strong>quia</strong></span> <span class='ocrx_word' id='word_1_78' title='bbox 3427 842 3757 899; x_wconf 79' lang='lat' dir='ltr'><strong>facientem</strong></span> 
     </span>
    </p>
   </div>
   <div class='ocr_carea' id='block_1_8' title="bbox 448 933 3312 1020">
    <p class='ocr_par' dir='ltr' id='par_1_8' title="bbox 448 933 3312 1020">
     <span class='ocr_line' id='line_1_8' title="bbox 448 933 3312 1020; baseline -0.005 -16"><span class='ocrx_word' id='word_1_79' title='bbox 448 946 667 1020; x_wconf 79' lang='lat' dir='ltr'><strong>jejunus</strong></span> <span class='ocrx_word' id='word_1_80' title='bbox 700 956 1030 1019; x_wconf 75' lang='lat' dir='ltr'><strong>perseveret.</strong></span> <span class='ocrx_word' id='word_1_81' title='bbox 1062 946 1130 1003; x_wconf 83' lang='lat' dir='ltr'><strong>Et</strong></span> <span class='ocrx_word' id='word_1_82' title='bbox 1155 946 1202 1001; x_wconf 90' lang='lat' dir='ltr'><strong>si</strong></span> <span class='ocrx_word' id='word_1_83' title='bbox 1233 944 1443 1012; x_wconf 75' lang='lat' dir='ltr'><strong>alicubi</strong></span> <span class='ocrx_word' id='word_1_84' title='bbox 1463 952 1796 1014; x_wconf 89' lang='lat' dir='ltr'><strong>opportunus</strong></span> <span class='ocrx_word' id='word_1_85' title='bbox 1832 939 2029 995; x_wconf 85' lang='lat' dir='ltr'><strong>habue-</strong></span> <span class='ocrx_word' id='word_1_86' title='bbox 2128 943 2188 990; x_wconf 89' lang='lat' dir='ltr'><strong>et</strong></span> <span class='ocrx_word' id='word_1_87' title='bbox 2210 934 2639 993; x_wconf 86' lang='lat' dir='ltr'><strong>consentientem</strong></span> <span class='ocrx_word' id='word_1_88' title='bbox 2668 949 2767 1004; x_wconf 89' lang='lat' dir='ltr'><strong>par</strong></span> <span class='ocrx_word' id='word_1_89' title='bbox 2790 946 2949 1005; x_wconf 81' lang='lat' dir='ltr'><strong>poena</strong></span> <span class='ocrx_word' id='word_1_90' title='bbox 2979 933 3312 1005; x_wconf 82' lang='lat' dir='ltr'><strong>perstringit.</strong></span> 
     </span>
    </p>
   </div>
   <div class='ocr_carea' id='block_1_9' title="bbox 447 1024 2033 1103">
    <p class='ocr_par' dir='ltr' id='par_1_9' title="bbox 447 1024 2033 1103">
     <span class='ocr_line' id='line_1_9' title="bbox 447 1024 2033 1103; baseline -0.008 -8"><span class='ocrx_word' id='word_1_91' title='bbox 447 1040 520 1095; x_wconf 87' lang='lat' dir='ltr'><strong>rit</strong></span> <span class='ocrx_word' id='word_1_92' title='bbox 567 1039 688 1103; x_wconf 90' lang='lat' dir='ltr'><strong>iter,</strong></span> <span class='ocrx_word' id='word_1_93' title='bbox 729 1037 876 1093; x_wconf 86' lang='lat' dir='ltr'><strong>nullo</strong></span> <span class='ocrx_word' id='word_1_94' title='bbox 902 1035 1148 1092; x_wconf 90' lang='lat' dir='ltr'><strong>vehiculo</strong></span> <span class='ocrx_word' id='word_1_95' title='bbox 1185 1035 1499 1099; x_wconf 89' lang='lat' dir='ltr'><strong>deducatur,</strong></span> <span class='ocrx_word' id='word_1_96' title='bbox 1542 1034 1634 1090; x_wconf 88' lang='lat' dir='ltr'><strong>sed</strong></span> <span class='ocrx_word' id='word_1_97' title='bbox 1675 1024 1911 1103; x_wconf 86' lang='lat' dir='ltr'><strong>pedestri</strong></span> <span class='ocrx_word' id='word_1_98' title='bbox 1941 1028 2033 1084; x_wconf 87' lang='lat' dir='ltr'><strong>iti-</strong></span> 
     </span>
    </p>
   </div>
   <div class='ocr_carea' id='block_1_10' title="bbox 450 1119 2031 1197">
    <p class='ocr_par' dir='ltr' id='par_1_10' title="bbox 450 1119 2031 1197">
     <span class='ocr_line' id='line_1_10' title="bbox 450 1119 2031 1197; baseline -0.008 -13"><span class='ocrx_word' id='word_1_99' title='bbox 450 1143 582 1184; x_wconf 85' lang='lat' dir='ltr'><strong>nere</strong></span> <span class='ocrx_word' id='word_1_100' title='bbox 612 1136 813 1182; x_wconf 88' lang='lat' dir='ltr'><strong>utatur.</strong></span> <span class='ocrx_word' id='word_1_101' title='bbox 856 1125 1040 1196; x_wconf 88' lang='lat' dir='ltr'><strong>Usque</strong></span> <span class='ocrx_word' id='word_1_102' title='bbox 1078 1125 1145 1197; x_wconf 86' lang='lat' dir='ltr'><strong>ad</strong></span> <span class='ocrx_word' id='word_1_103' title='bbox 1171 1132 1400 1179; x_wconf 91' lang='lat' dir='ltr'><strong>mortem</strong></span> <span class='ocrx_word' id='word_1_104' title='bbox 1438 1122 1669 1193; x_wconf 85' lang='lat' dir='ltr'><strong>denique</strong></span> <span class='ocrx_word' id='word_1_105' title='bbox 1704 1119 2031 1192; x_wconf 66' lang='lat' dir='ltr'><strong>poenitentiae</strong></span> 
     </span>
    </p>
   </div>
   <div class='ocr_carea' id='block_1_11' title="bbox 451 1211 2029 1287">
    <p class='ocr_par' dir='ltr' id='par_1_11' title="bbox 451 1211 2029 1287">
     <span class='ocr_line' id='line_1_11' title="bbox 451 1211 2029 1287; baseline -0.005 -15"><span class='ocrx_word' id='word_1_106' title='bbox 451 1216 570 1286; x_wconf 88' lang='lat' dir='ltr'><strong>ejus</strong></span> <span class='ocrx_word' id='word_1_107' title='bbox 615 1218 890 1287; x_wconf 86' lang='lat' dir='ltr'><strong>quantitas</strong></span> <span class='ocrx_word' id='word_1_108' title='bbox 926 1215 1143 1271; x_wconf 81' lang='lat' dir='ltr'><strong>extendi</strong></span> <span class='ocrx_word' id='word_1_109' title='bbox 1191 1216 1450 1270; x_wconf 86' lang='lat' dir='ltr'><strong>debuerat</strong></span> <span class='ocrx_word' id='word_1_110' title='bbox 1490 1231 1503 1266; x_wconf 90' lang='lat'><strong>:</strong></span> <span class='ocrx_word' id='word_1_111' title='bbox 1546 1213 1639 1268; x_wconf 91' lang='lat' dir='ltr'><strong>sed</strong></span> <span class='ocrx_word' id='word_1_112' title='bbox 1690 1211 2029 1267; x_wconf 85' lang='lat' dir='ltr'><strong>devotionem</strong></span> 
     </span>
    </p>
   </div>
   <div class='ocr_carea' id='block_1_12' title="bbox 454 1305 2034 1383">
    <p class='ocr_par' dir='ltr' id='par_1_12' title="bbox 454 1305 2034 1383">
     <span class='ocr_line' id='line_1_12' title="bbox 454 1305 2034 1383; baseline -0.006 -17"><span class='ocrx_word' id='word_1_113' title='bbox 454 1311 572 1383; x_wconf 84' lang='lat' dir='ltr'><strong>ejus</strong></span> <span class='ocrx_word' id='word_1_114' title='bbox 609 1311 731 1366; x_wconf 81' lang='lat' dir='ltr'><strong>fidei</strong></span> <span class='ocrx_word' id='word_1_115' title='bbox 763 1310 1185 1375; x_wconf 86' lang='lat' dir='ltr'><strong>considerantes,</strong></span> <span class='ocrx_word' id='word_1_116' title='bbox 1220 1309 1335 1364; x_wconf 84' lang='lat' dir='ltr'><strong>sive</strong></span> <span class='ocrx_word' id='word_1_117' title='bbox 1360 1309 1485 1379; x_wconf 91' lang='lat' dir='ltr'><strong>quia</strong></span> <span class='ocrx_word' id='word_1_118' title='bbox 1528 1308 1594 1363; x_wconf 89' lang='lat' dir='ltr'><strong>ad</strong></span> <span class='ocrx_word' id='word_1_119' title='bbox 1625 1305 1877 1377; x_wconf 71' lang='lat' dir='ltr'><strong>suffragia</strong></span> <span class='ocrx_word' id='word_1_120' title='bbox 1911 1318 2034 1374; x_wconf 91' lang='lat' dir='ltr'><strong>apo-</strong></span> 
     </span>
    </p>
   </div>
   <div class='ocr_carea' id='block_1_13' title="bbox 422 1396 2031 1467">
    <p class='ocr_par' dir='ltr' id='par_1_13' title="bbox 422 1396 2031 1467">
     <span class='ocr_line' id='line_1_13' title="bbox 422 1396 2031 1467; baseline -0.005 -11"><span class='ocrx_word' id='word_1_121' title='bbox 422 1402 716 1456; x_wconf 83' lang='lat' dir='ltr'><strong>-stolorum</strong></span> <span class='ocrx_word' id='word_1_122' title='bbox 745 1400 1102 1467; x_wconf 85' lang='lat' dir='ltr'><strong>festinaverit,</strong></span> <span class='ocrx_word' id='word_1_123' title='bbox 1126 1398 1417 1454; x_wconf 89' lang='lat' dir='ltr'><strong>humanius</strong></span> <span class='ocrx_word' id='word_1_124' title='bbox 1442 1414 1564 1454; x_wconf 91' lang='lat' dir='ltr'><strong>cum</strong></span> <span class='ocrx_word' id='word_1_125' title='bbox 1592 1397 1682 1453; x_wconf 92' lang='lat' dir='ltr'><strong>illo</strong></span> <span class='ocrx_word' id='word_1_126' title='bbox 1706 1396 2031 1467; x_wconf 79' lang='lat' dir='ltr'><strong>peregimus.</strong></span> 
     </span>
    </p>
   </div>
   <div class='ocr_carea' id='block_1_14' title="bbox 451 1483 2036 1555">
    <p class='ocr_par' dir='ltr' id='par_1_14' title="bbox 451 1483 2036 1555">
     <span class='ocr_line' id='line_1_14' title="bbox 451 1483 2036 1555; baseline -0.007 -8"><span class='ocrx_word' id='word_1_127' title='bbox 451 1489 665 1547; x_wconf 88' lang='lat' dir='ltr'><strong>Interea</strong></span> <span class='ocrx_word' id='word_1_128' title='bbox 691 1491 970 1545; x_wconf 88' lang='lat' dir='ltr'><strong>hortamur</strong></span> <span class='ocrx_word' id='word_1_129' title='bbox 998 1506 1116 1555; x_wconf 88' lang='lat' dir='ltr'><strong>vos,</strong></span> <span class='ocrx_word' id='word_1_130' title='bbox 1144 1498 1203 1543; x_wconf 89' lang='lat' dir='ltr'><strong>ut</strong></span> <span class='ocrx_word' id='word_1_131' title='bbox 1240 1486 1679 1543; x_wconf 83' lang='lat' dir='ltr'><strong>reverentissimo</strong></span> <span class='ocrx_word' id='word_1_132' title='bbox 1723 1483 2036 1540; x_wconf 85' lang='lat' dir='ltr'><strong>Hilmerado</strong></span> 
     </span>
    </p>
   </div>
   <div class='ocr_carea' id='block_1_15' title="bbox 455 1577 2036 1655">
    <p class='ocr_par' dir='ltr' id='par_1_15' title="bbox 455 1577 2036 1655">
     <span class='ocr_line' id='line_1_15' title="bbox 455 1577 2036 1655; baseline -0.006 -17"><span class='ocrx_word' id='word_1_133' title='bbox 455 1584 730 1655; x_wconf 88' lang='lat' dir='ltr'><strong>episcopo,</strong></span> <span class='ocrx_word' id='word_1_134' title='bbox 770 1581 1112 1653; x_wconf 83' lang='lat' dir='ltr'><strong>suil‘raganeo</strong></span> <span class='ocrx_word' id='word_1_135' title='bbox 1146 1591 1349 1647; x_wconf 88' lang='lat' dir='ltr'><strong>vestro,</strong></span> <span class='ocrx_word' id='word_1_136' title='bbox 1403 1577 1732 1652; x_wconf 73' lang='lat' dir='ltr'><strong>praecipiatis</strong></span> <span class='ocrx_word' id='word_1_137' title='bbox 1770 1585 2036 1647; x_wconf 82' lang='lat' dir='ltr'><strong>quatenus</strong></span> 
     </span>
    </p>
   </div>
   <div class='ocr_carea' id='block_1_16' title="bbox 455 1666 2036 1745">
    <p class='ocr_par' dir='ltr' id='par_1_16' title="bbox 455 1666 2036 1745">
     <span class='ocr_line' id='line_1_16' title="bbox 455 1666 2036 1745; baseline -0.005 -16"><span class='ocrx_word' id='word_1_138' title='bbox 455 1674 738 1745; x_wconf 85' lang='lat' dir='ltr'><strong>permittat</strong></span> <span class='ocrx_word' id='word_1_139' title='bbox 782 1673 1076 1730; x_wconf 87' lang='lat' dir='ltr'><strong>monachos</strong></span> <span class='ocrx_word' id='word_1_140' title='bbox 1124 1671 1437 1728; x_wconf 88' lang='lat' dir='ltr'><strong>monasterii</strong></span> <span class='ocrx_word' id='word_1_141' title='bbox 1472 1670 1556 1727; x_wconf 92' lang='lat' dir='ltr'><strong>sui</strong></span> <span class='ocrx_word' id='word_1_142' title='bbox 1595 1670 1696 1725; x_wconf 89' lang='lat' dir='ltr'><strong>sub</strong></span> <span class='ocrx_word' id='word_1_143' title='bbox 1733 1666 2036 1723; x_wconf 90' lang='lat' dir='ltr'><strong>monastico</strong></span> 
     </span>
    </p>
   </div>
   <div class='ocr_carea' id='block_1_17' title="bbox 460 1758 2035 1837">
    <p class='ocr_par' dir='ltr' id='par_1_17' title="bbox 460 1758 2035 1837">
     <span class='ocr_line' id='line_1_17' title="bbox 460 1758 2035 1837; baseline -0.008 -16"><span class='ocrx_word' id='word_1_144' title='bbox 460 1765 654 1821; x_wconf 88' lang='lat' dir='ltr'><strong>habitu</strong></span> <span class='ocrx_word' id='word_1_145' title='bbox 697 1765 879 1836; x_wconf 89' lang='lat' dir='ltr'><strong>quiete</strong></span> <span class='ocrx_word' id='word_1_146' title='bbox 906 1765 1123 1837; x_wconf 79' lang='lat' dir='ltr'><strong>degere,</strong></span> <span class='ocrx_word' id='word_1_147' title='bbox 1166 1773 1220 1820; x_wconf 90' lang='lat' dir='ltr'><strong>et</strong></span> <span class='ocrx_word' id='word_1_148' title='bbox 1256 1762 1590 1834; x_wconf 67' lang='lat' dir='ltr'><strong>paenitentiae</strong></span> <span class='ocrx_word' id='word_1_149' title='bbox 1633 1758 1840 1815; x_wconf 89' lang='lat' dir='ltr'><strong>fructus</strong></span> <span class='ocrx_word' id='word_1_150' title='bbox 1885 1771 2035 1813; x_wconf 78' lang='lat' dir='ltr'><strong>exer-</strong></span> 
     </span>
    </p>
   </div>
   <div class='ocr_carea' id='block_1_18' title="bbox 455 1844 2034 1925">
    <p class='ocr_par' dir='ltr' id='par_1_18' title="bbox 455 1844 2034 1925">
     <span class='ocr_line' id='line_1_18' title="bbox 455 1844 2034 1925; baseline -0.006 -15"><span class='ocrx_word' id='word_1_151' title='bbox 455 1867 600 1910; x_wconf 82' lang='lat' dir='ltr'><strong>cere.</strong></span> <span class='ocrx_word' id='word_1_152' title='bbox 653 1853 762 1910; x_wconf 81' lang='lat' dir='ltr'><strong>Hos</strong></span> <span class='ocrx_word' id='word_1_153' title='bbox 808 1854 993 1925; x_wconf 88' lang='lat' dir='ltr'><strong>itaque</strong></span> <span class='ocrx_word' id='word_1_154' title='bbox 1034 1852 1368 1925; x_wconf 85' lang='lat' dir='ltr'><strong>apostolatus</strong></span> <span class='ocrx_word' id='word_1_155' title='bbox 1408 1849 1583 1908; x_wconf 81' lang='lat' dir='ltr'><strong>nostri</strong></span> <span class='ocrx_word' id='word_1_156' title='bbox 1634 1849 1818 1920; x_wconf 85' lang='lat' dir='ltr'><strong>apices</strong></span> <span class='ocrx_word' id='word_1_157' title='bbox 1863 1844 2034 1901; x_wconf 84' lang='lat' dir='ltr'><strong>susci-</strong></span> 
     </span>
    </p>
   </div>
   <div class='ocr_carea' id='block_1_19' title="bbox 452 1938 2038 2016">
    <p class='ocr_par' dir='ltr' id='par_1_19' title="bbox 452 1938 2038 2016">
     <span class='ocr_line' id='line_1_19' title="bbox 452 1938 2038 2016; baseline -0.005 -17"><span class='ocrx_word' id='word_1_158' title='bbox 452 1944 689 2015; x_wconf 86' lang='lat' dir='ltr'><strong>pientes,</strong></span> <span class='ocrx_word' id='word_1_159' title='bbox 728 1945 804 2001; x_wconf 87' lang='lat' dir='ltr'><strong>ita</strong></span> <span class='ocrx_word' id='word_1_160' title='bbox 835 1944 1067 2016; x_wconf 90' lang='lat' dir='ltr'><strong>spiritali</strong></span> <span class='ocrx_word' id='word_1_161' title='bbox 1107 1944 1268 2001; x_wconf 92' lang='lat' dir='ltr'><strong>oculo</strong></span> <span class='ocrx_word' id='word_1_162' title='bbox 1293 1944 1461 1997; x_wconf 90' lang='lat' dir='ltr'><strong>vitam</strong></span> <span class='ocrx_word' id='word_1_163' title='bbox 1506 1941 1739 1997; x_wconf 89' lang='lat' dir='ltr'><strong>futuram</strong></span> <span class='ocrx_word' id='word_1_164' title='bbox 1767 1938 2038 2009; x_wconf 73' lang='lat' dir='ltr'><strong>pmniten—</strong></span> 
     </span>
    </p>
   </div>
   <div class='ocr_carea' id='block_1_20' title="bbox 455 2027 2037 2106">
    <p class='ocr_par' dir='ltr' id='par_1_20' title="bbox 455 2027 2037 2106">
     <span class='ocr_line' id='line_1_20' title="bbox 455 2027 2037 2106; baseline -0.006 -14"><span class='ocrx_word' id='word_1_165' title='bbox 455 2034 549 2092; x_wconf 80' lang='lat' dir='ltr'><strong>tiae</strong></span> <span class='ocrx_word' id='word_1_166' title='bbox 592 2035 763 2106; x_wconf 82' lang='lat' dir='ltr'><strong>ipsius</strong></span> <span class='ocrx_word' id='word_1_167' title='bbox 804 2035 1081 2103; x_wconf 87' lang='lat' dir='ltr'><strong>discutite,</strong></span> <span class='ocrx_word' id='word_1_168' title='bbox 1127 2044 1183 2091; x_wconf 91' lang='lat' dir='ltr'><strong>et</strong></span> <span class='ocrx_word' id='word_1_169' title='bbox 1209 2034 1473 2091; x_wconf 87' lang='lat' dir='ltr'><strong>catholica</strong></span> <span class='ocrx_word' id='word_1_170' title='bbox 1499 2032 1704 2103; x_wconf 87' lang='lat' dir='ltr'><strong>pietate</strong></span> <span class='ocrx_word' id='word_1_171' title='bbox 1749 2044 1913 2085; x_wconf 89' lang='lat' dir='ltr'><strong>manu</strong></span> <span class='ocrx_word' id='word_1_172' title='bbox 1951 2027 2037 2083; x_wconf 86' lang='lat' dir='ltr'><strong>di-</strong></span> 
     </span>
    </p>
   </div>
   <div class='ocr_carea' id='block_1_21' title="bbox 457 2115 2038 2197">
    <p class='ocr_par' dir='ltr' id='par_1_21' title="bbox 457 2115 2038 2197">
     <span class='ocr_line' id='line_1_21' title="bbox 457 2115 2038 2197; baseline -0.006 -13"><span class='ocrx_word' id='word_1_173' title='bbox 457 2115 748 2185; x_wconf 73' lang='lat' dir='ltr'><strong>scretionis</strong></span> <span class='ocrx_word' id='word_1_174' title='bbox 771 2143 893 2197; x_wconf 86' lang='lat' dir='ltr'><strong>quae</strong></span> <span class='ocrx_word' id='word_1_175' title='bbox 922 2127 1224 2197; x_wconf 89' lang='lat' dir='ltr'><strong>oportuerit</strong></span> <span class='ocrx_word' id='word_1_176' title='bbox 1245 2124 1661 2196; x_wconf 87' lang='lat' dir='ltr'><strong>perpendentes,</strong></span> <span class='ocrx_word' id='word_1_177' title='bbox 1692 2122 1771 2177; x_wconf 90' lang='lat' dir='ltr'><strong>sic</strong></span> <span class='ocrx_word' id='word_1_178' title='bbox 1796 2135 1919 2176; x_wconf 90' lang='lat' dir='ltr'><strong>cum</strong></span> <span class='ocrx_word' id='word_1_179' title='bbox 1945 2117 2038 2175; x_wconf 92' lang='lat' dir='ltr'><strong>illo</strong></span> 
     </span>
    </p>
   </div>
   <div class='ocr_carea' id='block_1_22' title="bbox 459 2212 2040 2293">
    <p class='ocr_par' dir='ltr' id='par_1_22' title="bbox 459 2212 2040 2293">
     <span class='ocr_line' id='line_1_22' title="bbox 459 2212 2040 2293; baseline -0.006 -18"><span class='ocrx_word' id='word_1_180' title='bbox 459 2219 738 2290; x_wconf 88' lang='lat' dir='ltr'><strong>peragitis,</strong></span> <span class='ocrx_word' id='word_1_181' title='bbox 767 2228 1035 2289; x_wconf 84' lang='lat' dir='ltr'><strong>quatenus</strong></span> <span class='ocrx_word' id='word_1_182' title='bbox 1061 2226 1119 2273; x_wconf 92' lang='lat' dir='ltr'><strong>et</strong></span> <span class='ocrx_word' id='word_1_183' title='bbox 1143 2216 1417 2293; x_wconf 46' lang='lat' dir='ltr'><strong>canonica.</strong></span> <span class='ocrx_word' id='word_1_184' title='bbox 1448 2216 1743 2270; x_wconf 86' lang='lat' dir='ltr'><strong>auctoritas</strong></span> <span class='ocrx_word' id='word_1_185' title='bbox 1785 2212 2040 2268; x_wconf 83' lang='lat' dir='ltr'><strong>observe-</strong></span> 
     </span>
    </p>
   </div>
   <div class='ocr_carea' id='block_1_23' title="bbox 462 2299 2039 2377">
    <p class='ocr_par' dir='ltr' id='par_1_23' title="bbox 462 2299 2039 2377">
     <span class='ocr_line' id='line_1_23' title="bbox 462 2299 2039 2377; baseline -0.006 -14"><span class='ocrx_word' id='word_1_186' title='bbox 462 2319 571 2372; x_wconf 88' lang='lat' dir='ltr'><strong>tur,</strong></span> <span class='ocrx_word' id='word_1_187' title='bbox 597 2308 792 2363; x_wconf 74' lang='lat' dir='ltr'><strong>cteris</strong></span> <span class='ocrx_word' id='word_1_188' title='bbox 817 2308 1094 2364; x_wconf 90' lang='lat' dir='ltr'><strong>Dominica</strong></span> <span class='ocrx_word' id='word_1_189' title='bbox 1123 2307 1356 2377; x_wconf 84' lang='lat' dir='ltr'><strong>raptoris</strong></span> <span class='ocrx_word' id='word_1_190' title='bbox 1381 2305 1600 2361; x_wconf 75' lang='lat' dir='ltr'><strong>vulnere</strong></span> <span class='ocrx_word' id='word_1_191' title='bbox 1628 2302 1867 2359; x_wconf 88' lang='lat' dir='ltr'><strong>sauciata</strong></span> <span class='ocrx_word' id='word_1_192' title='bbox 1895 2299 2039 2355; x_wconf 90' lang='lat' dir='ltr'><strong>nullo</strong></span> 
     </span>
    </p>
   </div>
   <div class='ocr_carea' id='block_1_24' title="bbox 457 2389 2041 2467">
    <p class='ocr_par' dir='ltr' id='par_1_24' title="bbox 457 2389 2041 2467">
     <span class='ocr_line' id='line_1_24' title="bbox 457 2389 2041 2467; baseline -0.003 -18"><span class='ocrx_word' id='word_1_193' title='bbox 457 2395 700 2467; x_wconf 84' lang='lat' dir='ltr'><strong>neglectu</strong></span> <span class='ocrx_word' id='word_1_194' title='bbox 731 2397 1005 2466; x_wconf 85' lang='lat' dir='ltr'><strong>perdatur,</strong></span> <span class='ocrx_word' id='word_1_195' title='bbox 1031 2396 1125 2452; x_wconf 92' lang='lat' dir='ltr'><strong>sed</strong></span> <span class='ocrx_word' id='word_1_196' title='bbox 1153 2396 1403 2450; x_wconf 72' lang='lat' dir='ltr'><strong>examine</strong></span> <span class='ocrx_word' id='word_1_197' title='bbox 1423 2392 1792 2461; x_wconf 84' lang='lat' dir='ltr'><strong>divinijudicii</strong></span> <span class='ocrx_word' id='word_1_198' title='bbox 1821 2390 1887 2444; x_wconf 88' lang='lat' dir='ltr'><strong>ad</strong></span> <span class='ocrx_word' id='word_1_199' title='bbox 1912 2389 2041 2445; x_wconf 83' lang='lat' dir='ltr'><strong>dex-</strong></span> 
     </span>
    </p>
   </div>
   <div class='ocr_carea' id='block_1_25' title="bbox 459 2481 2038 2555">
    <p class='ocr_par' dir='ltr' id='par_1_25' title="bbox 459 2481 2038 2555">
     <span class='ocr_line' id='line_1_25' title="bbox 459 2481 2038 2555; baseline -0.004 -12"><span class='ocrx_word' id='word_1_200' title='bbox 459 2497 629 2543; x_wconf 83' lang='lat' dir='ltr'><strong>teram</strong></span> <span class='ocrx_word' id='word_1_201' title='bbox 678 2487 880 2544; x_wconf 87' lang='lat' dir='ltr'><strong>Christi</strong></span> <span class='ocrx_word' id='word_1_202' title='bbox 931 2489 1327 2544; x_wconf 89' lang='lat' dir='ltr'><strong>remunerauda</strong></span> <span class='ocrx_word' id='word_1_203' title='bbox 1385 2486 1710 2541; x_wconf 87' lang='lat' dir='ltr'><strong>inveniatur.</strong></span> <span class='ocrx_word' id='word_1_204' title='bbox 1777 2481 2038 2555; x_wconf 78' lang='lat' dir='ltr'><strong>Optamus</strong></span> 
     </span>
    </p>
   </div>
   <div class='ocr_carea' id='block_1_26' title="bbox 468 2574 1818 2634">
    <p class='ocr_par' dir='ltr' id='par_1_26' title="bbox 468 2574 1818 2634">
     <span class='ocr_line' id='line_1_26' title="bbox 468 2574 1818 2634; baseline -0.004 -1"><span class='ocrx_word' id='word_1_205' title='bbox 468 2577 813 2634; x_wconf 88' lang='lat' dir='ltr'><strong>sanctitatem</strong></span> <span class='ocrx_word' id='word_1_206' title='bbox 842 2587 1077 2634; x_wconf 82' lang='lat' dir='ltr'><strong>vestram</strong></span> <span class='ocrx_word' id='word_1_207' title='bbox 1128 2578 1181 2633; x_wconf 90' lang='lat' dir='ltr'><strong>in</strong></span> <span class='ocrx_word' id='word_1_208' title='bbox 1212 2577 1429 2634; x_wconf 90' lang='lat' dir='ltr'><strong>Christo</strong></span> <span class='ocrx_word' id='word_1_209' title='bbox 1451 2577 1591 2632; x_wconf 87' lang='lat' dir='ltr'><strong>bene</strong></span> <span class='ocrx_word' id='word_1_210' title='bbox 1620 2574 1818 2630; x_wconf 84' lang='lat' dir='ltr'><strong>valere.</strong></span> 
     </span>
    </p>
   </div>
   <div class='ocr_carea' id='block_1_27' title="bbox 1166 2687 1329 2745">
    <p class='ocr_par' dir='ltr' id='par_1_27' title="bbox 1166 2687 1329 2745">
     <span class='ocr_line' id='line_1_27' title="bbox 1166 2687 1329 2745; baseline -0.012 -1"><span class='ocrx_word' id='word_1_211' title='bbox 1166 2687 1329 2745; x_wconf 80' lang='lat' dir='ltr'><strong>CXX.</strong></span> 
     </span>
    </p>
   </div>
   <div class='ocr_carea' id='block_1_28' title="bbox 599 2789 1893 2834">
    <p class='ocr_par' dir='ltr' id='par_1_28' title="bbox 599 2789 1893 2834">
     <span class='ocr_line' id='line_1_28' title="bbox 599 2789 1893 2834; baseline -0.004 -3"><span class='ocrx_word' id='word_1_212' title='bbox 599 2792 667 2832; x_wconf 76' lang='lat' dir='ltr'><strong>AD</strong></span> <span class='ocrx_word' id='word_1_213' title='bbox 704 2792 1017 2834; x_wconf 66' lang='lat' dir='ltr'><strong>HINCIABUI</strong></span> <span class='ocrx_word' id='word_1_214' title='bbox 1058 2793 1376 2834; x_wconf 59' lang='lat' dir='ltr'><strong>RBEHENSEE</strong></span> <span class='ocrx_word' id='word_1_215' title='bbox 1416 2789 1893 2834; x_wconf 70' lang='grc' dir='ltr'><strong>Αιιοιιιιςριεςοῐιωι.</strong></span> 
     </span>
    </p>
   </div>
   <div class='ocr_carea' id='block_1_29' title="bbox 1069 2886 1428 2957">
    <p class='ocr_par' dir='ltr' id='par_1_29' title="bbox 1069 2886 1428 2957">
     <span class='ocr_line' id='line_1_29' title="bbox 1069 2886 1428 2957; baseline -0.008 -15"><span class='ocrx_word' id='word_1_216' title='bbox 1069 2887 1249 2954; x_wconf 85' lang='lat' dir='ltr'><strong>(Anno</strong></span> <span class='ocrx_word' id='word_1_217' title='bbox 1278 2886 1428 2957; x_wconf 89' lang='lat'><strong>867.)</strong></span> 
     </span>
    </p>
   </div>
   <div class='ocr_carea' id='block_1_30' title="bbox 568 2995 1930 3065">
    <p class='ocr_par' dir='ltr' id='par_1_30' title="bbox 568 2995 1930 3065">
     <span class='ocr_line' id='line_1_30' title="bbox 568 2995 1930 3065; baseline -0.004 -12"><span class='ocrx_word' id='word_1_218' title='bbox 568 3000 856 3065; x_wconf 75' lang='lat' dir='ltr'><strong>Accusator</strong></span> <span class='ocrx_word' id='word_1_219' title='bbox 896 3007 942 3053; x_wconf 85' lang='lat' dir='ltr'><strong>et</strong></span> <span class='ocrx_word' id='word_1_220' title='bbox 986 3007 1266 3052; x_wconf 80' lang='lat' dir='ltr'><strong>accusatus</strong></span> <span class='ocrx_word' id='word_1_221' title='bbox 1305 2996 1463 3051; x_wconf 80' lang='lat' dir='ltr'><strong>simul</strong></span> <span class='ocrx_word' id='word_1_222' title='bbox 1502 2996 1688 3051; x_wconf 80' lang='lat' dir='ltr'><strong>debent</strong></span> <span class='ocrx_word' id='word_1_223' title='bbox 1730 2995 1930 3050; x_wconf 79' lang='lat' dir='ltr'><strong>adesse.</strong></span> 
     </span>
    </p>
   </div>
   <div class='ocr_carea' id='block_1_31' title="bbox 851 3107 1653 3182">
    <p class='ocr_par' dir='ltr' id='par_1_31' title="bbox 851 3107 1653 3182">
     <span class='ocr_line' id='line_1_31' title="bbox 851 3107 1653 3182; baseline -0.001 -18"><span class='ocrx_word' id='word_1_224' title='bbox 851 3107 1051 3182; x_wconf 85' lang='lat' dir='ltr'><strong>[Grat.,</strong></span> <span class='ocrx_word' id='word_1_225' title='bbox 1087 3126 1149 3176; x_wconf 88' lang='lat' dir='ltr'><strong>tt,</strong></span> <span class='ocrx_word' id='word_1_226' title='bbox 1178 3110 1233 3177; x_wconf 76' lang='lat'><strong>5,</strong></span> <span class='ocrx_word' id='word_1_227' title='bbox 1273 3125 1330 3180; x_wconf 85' lang='lat' dir='ltr'><strong>q.</strong></span> <span class='ocrx_word' id='word_1_228' title='bbox 1380 3110 1434 3176; x_wconf 89' lang='lat'><strong>9,</strong></span> <span class='ocrx_word' id='word_1_229' title='bbox 1460 3125 1510 3166; x_wconf 91' lang='lat' dir='ltr'><strong>c.</strong></span> <span class='ocrx_word' id='word_1_230' title='bbox 1536 3109 1653 3182; x_wconf 72' lang='lat' dir='ltr'><strong>2L]</strong></span> 
     </span>
    </p>
   </div>
   <div class='ocr_carea' id='block_1_32' title="bbox 536 3221 2041 3295">
    <p class='ocr_par' dir='ltr' id='par_1_32' title="bbox 536 3221 2041 3295">
     <span class='ocr_line' id='line_1_32' title="bbox 536 3221 2041 3295; baseline 0.001 -17"><span class='ocrx_word' id='word_1_231' title='bbox 536 3221 768 3278; x_wconf 87' lang='lat' dir='ltr'><strong>Necesse</strong></span> <span class='ocrx_word' id='word_1_232' title='bbox 823 3234 907 3279; x_wconf 90' lang='lat' dir='ltr'><strong>est</strong></span> <span class='ocrx_word' id='word_1_233' title='bbox 955 3224 1249 3280; x_wconf 89' lang='lat' dir='ltr'><strong>secundum</strong></span> <span class='ocrx_word' id='word_1_234' title='bbox 1310 3239 1591 3279; x_wconf 88' lang='lat' dir='ltr'><strong>sacrarum</strong></span> <span class='ocrx_word' id='word_1_235' title='bbox 1638 3222 2041 3295; x_wconf 89' lang='lat' dir='ltr'><strong>Scripturarum</strong></span> 
     </span>
    </p>
   </div>
   <div class='ocr_carea' id='block_1_33' title="bbox 469 3314 2045 3386">
    <p class='ocr_par' dir='ltr' id='par_1_33' title="bbox 469 3314 2045 3386">
     <span class='ocr_line' id='line_1_33' title="bbox 469 3314 2045 3386; baseline -0.001 -15"><span class='ocrx_word' id='word_1_236' title='bbox 469 3314 813 3381; x_wconf 87' lang='lat' dir='ltr'><strong>documenta,</strong></span> <span class='ocrx_word' id='word_1_237' title='bbox 849 3329 913 3371; x_wconf 88' lang='lat' dir='ltr'><strong>ac</strong></span> <span class='ocrx_word' id='word_1_238' title='bbox 951 3316 1248 3371; x_wconf 90' lang='lat' dir='ltr'><strong>secundum</strong></span> <span class='ocrx_word' id='word_1_239' title='bbox 1274 3316 1502 3386; x_wconf 65' lang='lat' dir='ltr'><strong>justitiaa</strong></span> <span class='ocrx_word' id='word_1_240' title='bbox 1547 3316 1839 3381; x_wconf 89' lang='lat' dir='ltr'><strong>tramitem,</strong></span> <span class='ocrx_word' id='word_1_241' title='bbox 1870 3325 1926 3373; x_wconf 88' lang='lat' dir='ltr'><strong>et</strong></span> <span class='ocrx_word' id='word_1_242' title='bbox 1954 3331 2045 3371; x_wconf 88' lang='lat' dir='ltr'><strong>ac-</strong></span> 
     </span>
    </p>
   </div>
   <div class='ocr_carea' id='block_1_34' title="bbox 469 3405 2046 3477">
    <p class='ocr_par' dir='ltr' id='par_1_34' title="bbox 469 3405 2046 3477">
     <span class='ocr_line' id='line_1_34' title="bbox 469 3405 2046 3477; baseline 0 -17"><span class='ocrx_word' id='word_1_243' title='bbox 469 3413 717 3460; x_wconf 89' lang='lat' dir='ltr'><strong>cusatum</strong></span> <span class='ocrx_word' id='word_1_244' title='bbox 743 3414 799 3460; x_wconf 90' lang='lat' dir='ltr'><strong>et</strong></span> <span class='ocrx_word' id='word_1_245' title='bbox 827 3415 1199 3461; x_wconf 86' lang='lat' dir='ltr'><strong>accusatorem</strong></span> <span class='ocrx_word' id='word_1_246' title='bbox 1227 3405 1385 3460; x_wconf 89' lang='lat' dir='ltr'><strong>simul</strong></span> <span class='ocrx_word' id='word_1_247' title='bbox 1416 3406 1624 3469; x_wconf 87' lang='lat' dir='ltr'><strong>adesse,</strong></span> <span class='ocrx_word' id='word_1_248' title='bbox 1656 3413 1712 3460; x_wconf 89' lang='lat' dir='ltr'><strong>et</strong></span> <span class='ocrx_word' id='word_1_249' title='bbox 1740 3421 1901 3460; x_wconf 89' lang='lat' dir='ltr'><strong>unam</strong></span> <span class='ocrx_word' id='word_1_250' title='bbox 1926 3421 2046 3477; x_wconf 89' lang='lat' dir='ltr'><strong>par-</strong></span> 
     </span>
    </p>
   </div>
   <div class='ocr_carea' id='block_1_35' title="bbox 468 3495 2046 3566">
    <p class='ocr_par' dir='ltr' id='par_1_35' title="bbox 468 3495 2046 3566">
     <span class='ocr_line' id='line_1_35' title="bbox 468 3495 2046 3566; baseline 0 -17"><span class='ocrx_word' id='word_1_251' title='bbox 468 3503 599 3557; x_wconf 92' lang='lat' dir='ltr'><strong>tem,</strong></span> <span class='ocrx_word' id='word_1_252' title='bbox 640 3502 1056 3565; x_wconf 86' lang='lat' dir='ltr'><strong>quantacunque</strong></span> <span class='ocrx_word' id='word_1_253' title='bbox 1095 3504 1150 3550; x_wconf 91' lang='lat' dir='ltr'><strong>et</strong></span> <span class='ocrx_word' id='word_1_254' title='bbox 1181 3495 1545 3566; x_wconf 86' lang='lat' dir='ltr'><strong>qualicunque</strong></span> <span class='ocrx_word' id='word_1_255' title='bbox 1588 3495 1813 3565; x_wconf 80' lang='lat' dir='ltr'><strong>praedita</strong></span> <span class='ocrx_word' id='word_1_256' title='bbox 1842 3495 1913 3551; x_wconf 90' lang='lat' dir='ltr'><strong>sit</strong></span> <span class='ocrx_word' id='word_1_257' title='bbox 1955 3511 2046 3550; x_wconf 87' lang='lat' dir='ltr'><strong>au-</strong></span> 
     </span>
    </p>
   </div>
   <div class='ocr_carea' id='block_1_36' title="bbox 469 3584 2044 3657">
    <p class='ocr_par' dir='ltr' id='par_1_36' title="bbox 469 3584 2044 3657">
     <span class='ocr_line' id='line_1_36' title="bbox 469 3584 2044 3657; baseline 0.001 -18"><span class='ocrx_word' id='word_1_258' title='bbox 469 3584 742 3648; x_wconf 89' lang='lat' dir='ltr'><strong>ctoritate,</strong></span> <span class='ocrx_word' id='word_1_259' title='bbox 772 3584 851 3640; x_wconf 90' lang='lat' dir='ltr'><strong>sic</strong></span> <span class='ocrx_word' id='word_1_260' title='bbox 877 3600 1100 3655; x_wconf 83' lang='lat' dir='ltr'><strong>prorsus</strong></span> <span class='ocrx_word' id='word_1_261' title='bbox 1145 3586 1341 3650; x_wconf 86' lang='lat' dir='ltr'><strong>audiri,</strong></span> <span class='ocrx_word' id='word_1_262' title='bbox 1369 3594 1430 3640; x_wconf 92' lang='lat' dir='ltr'><strong>ut</strong></span> <span class='ocrx_word' id='word_1_263' title='bbox 1464 3584 1617 3642; x_wconf 87' lang='lat' dir='ltr'><strong>alteri</strong></span> <span class='ocrx_word' id='word_1_264' title='bbox 1660 3585 1801 3657; x_wconf 89' lang='lat' dir='ltr'><strong>parti</strong></span> <span class='ocrx_word' id='word_1_265' title='bbox 1841 3585 2044 3641; x_wconf 90' lang='lat' dir='ltr'><strong>nullum</strong></span> 
     </span>
    </p>
   </div>
   <div class='ocr_carea' id='block_1_37' title="bbox 468 3673 1161 3747">
    <p class='ocr_par' dir='ltr' id='par_1_37' title="bbox 468 3673 1161 3747">
     <span class='ocr_line' id='line_1_37' title="bbox 468 3673 1161 3747; baseline 0.001 -18"><span class='ocrx_word' id='word_1_266' title='bbox 468 3673 841 3747; x_wconf 71' lang='lat' dir='ltr'><strong>praeiudicium</strong></span> <span class='ocrx_word' id='word_1_267' title='bbox 875 3675 1161 3746; x_wconf 83' lang='lat' dir='ltr'><strong>irrogetur.</strong></span> 
     </span>
    </p>
   </div>
   <div class='ocr_carea' id='block_1_38' title="bbox 608 3788 1900 3937">
    <p class='ocr_par' dir='ltr' id='par_1_38' title="bbox 608 3788 1900 3937">
     <span class='ocr_line' id='line_1_38' title="bbox 1163 3788 1347 3844; baseline -0.011 0"><span class='ocrx_word' id='word_1_268' title='bbox 1163 3788 1347 3844; x_wconf 80' lang='lat' dir='ltr'><strong>CXXI.</strong></span> 
     </span>
     <span class='ocr_line' id='line_1_39' title="bbox 608 3891 1900 3937; baseline -0.001 -4"><span class='ocrx_word' id='word_1_269' title='bbox 608 3893 678 3933; x_wconf 62' lang='lat' dir='ltr'><strong>an</strong></span> <span class='ocrx_word' id='word_1_270' title='bbox 713 3894 1001 3936; x_wconf 71' lang='lat' dir='ltr'><strong>unusnon</strong></span> <span class='ocrx_word' id='word_1_271' title='bbox 1041 3895 1391 3937; x_wconf 70' lang='lat' dir='ltr'><strong>runoasassu</strong></span> <span class='ocrx_word' id='word_1_272' title='bbox 1425 3891 1900 3936; x_wconf 70' lang='lat' dir='ltr'><strong>ARCBIEPISCOPUI.</strong></span> 
     </span>
    </p>
   </div>
   <div class='ocr_carea' id='block_1_39' title="bbox 823 3970 1690 4043">
    <p class='ocr_par' dir='ltr' id='par_1_39' title="bbox 823 3970 1690 4043">
     <span class='ocr_line' id='line_1_40' title="bbox 823 3970 1690 4043; baseline 0.001 -18"><span class='ocrx_word' id='word_1_273' title='bbox 823 3970 1228 4042; x_wconf 73' lang='lat' dir='ltr'><strong>Fragmentum.</strong></span> <span class='ocrx_word' id='word_1_274' title='bbox 1249 4002 1323 4015; x_wconf 93' lang='lat'><strong>-—</strong></span> <span class='ocrx_word' id='word_1_275' title='bbox 1343 3972 1523 4043; x_wconf 78' lang='lat' dir='ltr'><strong>(Anno</strong></span> <span class='ocrx_word' id='word_1_276' title='bbox 1541 3971 1690 4042; x_wconf 85' lang='lat'><strong>867.)</strong></span> 
     </span>
    </p>
   </div>
   <div class='ocr_carea' id='block_1_40' title="bbox 471 4059 2049 4135">
    <p class='ocr_par' dir='ltr' id='par_1_40' title="bbox 471 4059 2049 4135">
     <span class='ocr_line' id='line_1_41' title="bbox 471 4059 2049 4135; baseline 0.002 -20"><span class='ocrx_word' id='word_1_277' title='bbox 471 4059 968 4135; x_wconf 32' lang='lat' dir='ltr'><strong>Restitundtts‘est,</strong></span> <span class='ocrx_word' id='word_1_278' title='bbox 996 4079 1149 4132; x_wconf 77' lang='lat' dir='ltr'><strong>quem</strong></span> <span class='ocrx_word' id='word_1_279' title='bbox 1182 4080 1343 4135; x_wconf 79' lang='lat' dir='ltr'><strong>neque</strong></span> <span class='ocrx_word' id='word_1_280' title='bbox 1383 4064 1695 4135; x_wconf 63' lang='lat' dir='ltr'><strong>conuictum,</strong></span> <span class='ocrx_word' id='word_1_281' title='bbox 1732 4079 1896 4135; x_wconf 78' lang='lat' dir='ltr'><strong>neque</strong></span> <span class='ocrx_word' id='word_1_282' title='bbox 1923 4078 2049 4118; x_wconf 81' lang='lat' dir='ltr'><strong>con-</strong></span> 
     </span>
    </p>
   </div>
   <div class='ocr_carea' id='block_1_41' title="bbox 839 4130 1678 4203">
    <p class='ocr_par' dir='ltr' id='par_1_41' title="bbox 839 4130 1678 4203">
     <span class='ocr_line' id='line_1_42' title="bbox 839 4130 1678 4203; baseline 0.004 -18"><span class='ocrx_word' id='word_1_283' title='bbox 839 4130 1033 4199; x_wconf 74' lang='lat' dir='ltr'><strong>fessum</strong></span> <span class='ocrx_word' id='word_1_284' title='bbox 1063 4130 1266 4188; x_wconf 76' lang='lat' dir='ltr'><strong>constat</strong></span> <span class='ocrx_word' id='word_1_285' title='bbox 1293 4150 1404 4189; x_wconf 84' lang='lat' dir='ltr'><strong>esse</strong></span> <span class='ocrx_word' id='word_1_286' title='bbox 1437 4132 1678 4203; x_wconf 77' lang='lat' dir='ltr'><strong>ejectum.</strong></span> 
     </span>
    </p>
   </div>
   <div class='ocr_carea' id='block_1_42' title="bbox 970 4245 1547 4320">
    <p class='ocr_par' dir='ltr' id='par_1_42' title="bbox 970 4245 1547 4320">
     <span class='ocr_line' id='line_1_43' title="bbox 970 4245 1547 4320; baseline 0.003 -20"><span class='ocrx_word' id='word_1_287' title='bbox 970 4245 1147 4318; x_wconf 76' lang='lat' dir='ltr'><strong>[Apud</strong></span> <span class='ocrx_word' id='word_1_288' title='bbox 1171 4247 1366 4314; x_wconf 75' lang='lat' dir='ltr'><strong>Mansi,</strong></span> <span class='ocrx_word' id='word_1_289' title='bbox 1390 4246 1547 4320; x_wconf 84' lang='lat' dir='ltr'><strong>ibid.]</strong></span> 
     </span>
    </p>
   </div>
   <div class='ocr_carea' id='block_1_43' title="bbox 543 4353 2047 4430">
    <p class='ocr_par' dir='ltr' id='par_1_43' title="bbox 543 4353 2047 4430">
     <span class='ocr_line' id='line_1_44' title="bbox 543 4353 2047 4430; baseline 0.003 -19"><span class='ocrx_word' id='word_1_290' title='bbox 543 4353 621 4429; x_wconf 77' lang='grc' dir='ltr'><strong>(ν.</strong></span> <span class='ocrx_word' id='word_1_291' title='bbox 660 4371 715 4426; x_wconf 92' lang='lat' dir='ltr'><strong>q.</strong></span> <span class='ocrx_word' id='word_1_292' title='bbox 757 4356 810 4411; x_wconf 80' lang='grc'><strong>1.</strong></span> <span class='ocrx_word' id='word_1_293' title='bbox 850 4355 1049 4411; x_wconf 82' lang='lat' dir='ltr'><strong>Notum</strong></span> <span class='ocrx_word' id='word_1_294' title='bbox 1083 4360 1196 4430; x_wconf 85' lang='lat' dir='ltr'><strong>sit.)</strong></span> <span class='ocrx_word' id='word_1_295' title='bbox 1234 4359 1431 4416; x_wconf 85' lang='lat' dir='ltr'><strong>Notum</strong></span> <span class='ocrx_word' id='word_1_296' title='bbox 1471 4362 1544 4417; x_wconf 89' lang='lat' dir='ltr'><strong>sit</strong></span> <span class='ocrx_word' id='word_1_297' title='bbox 1580 4369 1685 4416; x_wconf 72' lang='lat' dir='ltr'><strong>tuae</strong></span> <span class='ocrx_word' id='word_1_298' title='bbox 1722 4360 2047 4417; x_wconf 81' lang='lat' dir='ltr'><strong>fraternitati</strong></span> 
     </span>
    </p>
   </div>
   <div class='ocr_carea' id='block_1_44' title="bbox 2818 1051 3029 1108">
    <p class='ocr_par' dir='ltr' id='par_1_44' title="bbox 2818 1051 3029 1108">
     <span class='ocr_line' id='line_1_45' title="bbox 2818 1051 3029 1108; baseline -0.014 0"><span class='ocrx_word' id='word_1_299' title='bbox 2818 1051 3029 1108; x_wconf 77' lang='lat' dir='ltr'><strong>CXXII.</strong></span> 
     </span>
    </p>
   </div>
   <div class='ocr_carea' id='block_1_45' title="bbox 2302 1159 3553 1227">
    <p class='ocr_par' dir='ltr' id='par_1_45' title="bbox 2302 1159 3553 1227">
     <span class='ocr_line' id='line_1_46' title="bbox 2302 1159 3553 1227; baseline 0 -27"><span class='ocrx_word' id='word_1_300' title='bbox 2302 1161 2370 1200; x_wconf 71' lang='grc' dir='ltr'><strong>λι)</strong></span> <span class='ocrx_word' id='word_1_301' title='bbox 2409 1159 2718 1201; x_wconf 61' lang='grc' dir='ltr'><strong>Ριιοτλιιιυιι</strong></span> <span class='ocrx_word' id='word_1_302' title='bbox 2758 1160 3191 1201; x_wconf 59' lang='grc' dir='ltr'><strong>Βυιιυιϐλιεκεειι</strong></span> <span class='ocrx_word' id='word_1_303' title='bbox 3229 1160 3553 1227; x_wconf 52' lang='grc' dir='ltr'><strong>ειξιὶοοιιωι.</strong></span> 
     </span>
    </p>
   </div>
   <div class='ocr_carea' id='block_1_46' title="bbox 2486 1220 3360 1330">
    <p class='ocr_par' dir='ltr' id='par_1_46' title="bbox 2486 1220 3360 1330">
     <span class='ocr_line' id='line_1_47' title="bbox 2486 1220 3360 1330; baseline -0.002 -17"><span class='ocrx_word' id='word_1_304' title='bbox 2486 1259 2888 1330; x_wconf 81' lang='lat' dir='ltr'><strong>Fragmentum.</strong></span> <span class='ocrx_word' id='word_1_305' title='bbox 2909 1286 2980 1298; x_wconf 89' lang='lat'><strong>——</strong></span> <span class='ocrx_word' id='word_1_306' title='bbox 3003 1220 3360 1330; x_wconf 34' lang='lat' dir='ltr'><strong>(Anne-867:).</strong></span> 
     </span>
    </p>
   </div>
   <div class='ocr_carea' id='block_1_47' title="bbox 2134 1366 3744 1440">
    <p class='ocr_par' dir='ltr' id='par_1_47' title="bbox 2134 1366 3744 1440">
     <span class='ocr_line' id='line_1_48' title="bbox 2134 1366 3744 1440; baseline -0.001 -14"><span class='ocrx_word' id='word_1_307' title='bbox 2134 1369 2477 1426; x_wconf 81' lang='lat' dir='ltr'><strong>Invasoribus</strong></span> <span class='ocrx_word' id='word_1_308' title='bbox 2518 1386 2692 1425; x_wconf 81' lang='lat' dir='ltr'><strong>rerum</strong></span> <span class='ocrx_word' id='word_1_309' title='bbox 2740 1368 3213 1440; x_wconf 77' lang='lat' dir='ltr'><strong>ecclesiasticarum</strong></span> <span class='ocrx_word' id='word_1_310' title='bbox 3246 1385 3365 1440; x_wconf 59' lang='lat' dir='ltr'><strong>quia</strong></span> <span class='ocrx_word' id='word_1_311' title='bbox 3410 1366 3744 1440; x_wconf 66' lang='grc' dir='ltr'><strong>ριεηίιεπιεη</strong></span> 
     </span>
    </p>
   </div>
   <div class='ocr_carea' id='block_1_48' title="bbox 2176 1439 3143 1509">
    <p class='ocr_par' dir='ltr' id='par_1_48' title="bbox 2176 1439 3143 1509">
     <span class='ocr_line' id='line_1_49' title="bbox 2176 1439 3143 1509; baseline -0.004 -13"><span class='ocrx_word' id='word_1_312' title='bbox 2176 1476 2179 1479; x_wconf 54' lang='grc' dir='ltr'>λ</span> <span class='ocrx_word' id='word_1_313' title='bbox 2711 1441 2777 1495; x_wconf 83' lang='lat' dir='ltr'><strong>sit</strong></span> <span class='ocrx_word' id='word_1_314' title='bbox 2808 1439 3143 1509; x_wconf 71' lang='lat' dir='ltr'><strong>insponenda.</strong></span> 
     </span>
    </p>
   </div>
   <div class='ocr_carea' id='block_1_49' title="bbox 2632 1528 3351 1602">
    <p class='ocr_par' dir='ltr' id='par_1_49' title="bbox 2632 1528 3351 1602">
     <span class='ocr_line' id='line_1_50' title="bbox 2632 1528 3351 1602; baseline -0.003 -19"><span class='ocrx_word' id='word_1_315' title='bbox 2632 1528 2810 1602; x_wconf 82' lang='lat' dir='ltr'><strong>[Apud</strong></span> <span class='ocrx_word' id='word_1_316' title='bbox 2838 1528 3031 1594; x_wconf 76' lang='lat' dir='ltr'><strong>Mansi,</strong></span> <span class='ocrx_word' id='word_1_317' title='bbox 3061 1528 3218 1601; x_wconf 61' lang='lat' dir='ltr'><strong>ibist]</strong></span> <span class='ocrx_word' id='word_1_318' title='bbox 3342 1562 3351 1569; x_wconf 87' lang='lat'><strong>-</strong></span> 
     </span>
    </p>
   </div>
   <div class='ocr_carea' id='block_1_50' title="bbox 2210 1617 3747 1693">
    <p class='ocr_par' dir='ltr' id='par_1_50' title="bbox 2210 1617 3747 1693">
     <span class='ocr_line' id='line_1_51' title="bbox 2210 1617 3747 1693; baseline -0.001 -18"><span class='ocrx_word' id='word_1_319' title='bbox 2210 1621 2321 1693; x_wconf 71' lang='grc'><strong>(12,</strong></span> <span class='ocrx_word' id='word_1_320' title='bbox 2347 1636 2401 1691; x_wconf 90' lang='lat' dir='ltr'><strong>q.</strong></span> <span class='ocrx_word' id='word_1_321' title='bbox 2425 1619 2481 1674; x_wconf 70' lang='lat'><strong>2.</strong></span> <span class='ocrx_word' id='word_1_322' title='bbox 2505 1619 2581 1675; x_wconf 85' lang='lat' dir='ltr'><strong>De</strong></span> <span class='ocrx_word' id='word_1_323' title='bbox 2604 1620 2714 1674; x_wconf 81' lang='lat' dir='ltr'><strong>viro</strong></span> <span class='ocrx_word' id='word_1_324' title='bbox 2745 1617 3018 1689; x_wconf 76' lang='lat' dir='ltr'><strong>nefando.)</strong></span> <span class='ocrx_word' id='word_1_325' title='bbox 3044 1617 3118 1673; x_wconf 89' lang='lat' dir='ltr'><strong>De</strong></span> <span class='ocrx_word' id='word_1_326' title='bbox 3149 1619 3268 1674; x_wconf 84' lang='lat' dir='ltr'><strong>viro</strong></span> <span class='ocrx_word' id='word_1_327' title='bbox 3292 1619 3552 1683; x_wconf 86' lang='lat' dir='ltr'><strong>nefando,</strong></span> <span class='ocrx_word' id='word_1_328' title='bbox 3590 1620 3747 1675; x_wconf 61' lang='lat' dir='ltr'><strong>Bura</strong></span> 
     </span>
    </p>
   </div>
   <div class='ocr_carea' id='block_1_51' title="bbox 2062 1708 3748 1799">
    <p class='ocr_par' dir='ltr' id='par_1_51' title="bbox 2062 1708 3748 1799">
     <span class='ocr_line' id='line_1_52' title="bbox 2062 1708 3748 1799; baseline -0.001 -34"><span class='ocrx_word' id='word_1_329' title='bbox 2062 1738 2111 1799; x_wconf 72' lang='grc' dir='ltr'><strong>Β</strong></span> <span class='ocrx_word' id='word_1_330' title='bbox 2138 1711 2313 1784; x_wconf 86' lang='lat' dir='ltr'><strong>gando</strong></span> <span class='ocrx_word' id='word_1_331' title='bbox 2337 1710 2575 1774; x_wconf 91' lang='lat' dir='ltr'><strong>nomine,</strong></span> <span class='ocrx_word' id='word_1_332' title='bbox 2607 1709 2699 1778; x_wconf 91' lang='lat' dir='ltr'><strong>qui</strong></span> <span class='ocrx_word' id='word_1_333' title='bbox 2739 1708 2889 1763; x_wconf 87' lang='lat' dir='ltr'><strong>rabie</strong></span> <span class='ocrx_word' id='word_1_334' title='bbox 2920 1709 3113 1763; x_wconf 86' lang='lat' dir='ltr'><strong>insana</strong></span> <span class='ocrx_word' id='word_1_335' title='bbox 3141 1718 3462 1774; x_wconf 86' lang='lat' dir='ltr'><strong>commotus,</strong></span> <span class='ocrx_word' id='word_1_336' title='bbox 3497 1711 3748 1765; x_wconf 83' lang='lat' dir='ltr'><strong>diaboli-</strong></span> 
     </span>
    </p>
   </div>
   <div class='ocr_carea' id='block_1_52' title="bbox 2138 1798 3744 1872">
    <p class='ocr_par' dir='ltr' id='par_1_52' title="bbox 2138 1798 3744 1872">
     <span class='ocr_line' id='line_1_53' title="bbox 2138 1798 3744 1872; baseline -0.002 -13"><span class='ocrx_word' id='word_1_337' title='bbox 2138 1801 2217 1860; x_wconf 87' lang='lat' dir='ltr'><strong>cis</strong></span> <span class='ocrx_word' id='word_1_338' title='bbox 2244 1816 2302 1858; x_wconf 89' lang='lat' dir='ltr'><strong>se</strong></span> <span class='ocrx_word' id='word_1_339' title='bbox 2326 1800 2541 1855; x_wconf 87' lang='lat' dir='ltr'><strong>irretire</strong></span> <span class='ocrx_word' id='word_1_340' title='bbox 2569 1798 2776 1870; x_wconf 89' lang='lat' dir='ltr'><strong>laqueis</strong></span> <span class='ocrx_word' id='word_1_341' title='bbox 2802 1814 2908 1854; x_wconf 89' lang='lat' dir='ltr'><strong>non</strong></span> <span class='ocrx_word' id='word_1_342' title='bbox 2938 1799 3226 1865; x_wconf 80' lang='lat' dir='ltr'><strong>dubitavit,</strong></span> <span class='ocrx_word' id='word_1_343' title='bbox 3254 1807 3417 1870; x_wconf 84' lang='lat' dir='ltr'><strong>atque</strong></span> <span class='ocrx_word' id='word_1_344' title='bbox 3439 1802 3744 1872; x_wconf 77' lang='lat' dir='ltr'><strong>gentilium</strong></span> 
     </span>
    </p>
   </div>
   <div class='ocr_carea' id='block_1_53' title="bbox 2138 1891 3746 1962">
    <p class='ocr_par' dir='ltr' id='par_1_53' title="bbox 2138 1891 3746 1962">
     <span class='ocr_line' id='line_1_54' title="bbox 2138 1891 3746 1962; baseline 0 -14"><span class='ocrx_word' id='word_1_345' title='bbox 2138 1907 2289 1950; x_wconf 83' lang='lat' dir='ltr'><strong>more</strong></span> <span class='ocrx_word' id='word_1_346' title='bbox 2318 1907 2416 1962; x_wconf 91' lang='lat' dir='ltr'><strong>per</strong></span> <span class='ocrx_word' id='word_1_347' title='bbox 2444 1891 2668 1961; x_wconf 88' lang='lat' dir='ltr'><strong>abrupta</strong></span> <span class='ocrx_word' id='word_1_348' title='bbox 2705 1891 2925 1956; x_wconf 82' lang='lat' dir='ltr'><strong>itinera,</strong></span> <span class='ocrx_word' id='word_1_349' title='bbox 2954 1901 3013 1946; x_wconf 87' lang='lat' dir='ltr'><strong>et</strong></span> <span class='ocrx_word' id='word_1_350' title='bbox 3036 1892 3272 1962; x_wconf 90' lang='lat' dir='ltr'><strong>compita</strong></span> <span class='ocrx_word' id='word_1_351' title='bbox 3315 1892 3608 1957; x_wconf 83' lang='lat' dir='ltr'><strong>insidians,</strong></span> <span class='ocrx_word' id='word_1_352' title='bbox 3644 1909 3746 1949; x_wconf 85' lang='lat' dir='ltr'><strong>vo-</strong></span> 
     </span>
    </p>
   </div>
   <div class='ocr_carea' id='block_1_54' title="bbox 2136 1981 3747 2044">
    <p class='ocr_par' dir='ltr' id='par_1_54' title="bbox 2136 1981 3747 2044">
     <span class='ocr_line' id='line_1_55' title="bbox 2136 1981 3747 2044; baseline 0.002 -4"><span class='ocrx_word' id='word_1_353' title='bbox 2136 1984 2222 2041; x_wconf 87' lang='lat' dir='ltr'><strong>bis</strong></span> <span class='ocrx_word' id='word_1_354' title='bbox 2252 1983 2305 2038; x_wconf 90' lang='lat' dir='ltr'><strong>in</strong></span> <span class='ocrx_word' id='word_1_355' title='bbox 2337 1982 2582 2039; x_wconf 72' lang='lat' dir='ltr'><strong>ecclesia:</strong></span> <span class='ocrx_word' id='word_1_356' title='bbox 2609 1990 2805 2038; x_wconf 70' lang='lat' dir='ltr'><strong>vestrm</strong></span> <span class='ocrx_word' id='word_1_357' title='bbox 2840 1981 2963 2037; x_wconf 86' lang='lat' dir='ltr'><strong>villa</strong></span> <span class='ocrx_word' id='word_1_358' title='bbox 2995 1998 3104 2044; x_wconf 83' lang='lat' dir='ltr'><strong>una</strong></span> <span class='ocrx_word' id='word_1_359' title='bbox 3130 1999 3253 2039; x_wconf 87' lang='lat' dir='ltr'><strong>cum</strong></span> <span class='ocrx_word' id='word_1_360' title='bbox 3283 1983 3500 2040; x_wconf 86' lang='lat' dir='ltr'><strong>clericis</strong></span> <span class='ocrx_word' id='word_1_361' title='bbox 3529 1987 3747 2043; x_wconf 74' lang='lat' dir='ltr'><strong>vestris</strong></span> 
     </span>
    </p>
   </div>
   <div class='ocr_carea' id='block_1_55' title="bbox 2138 2069 3749 2142">
    <p class='ocr_par' dir='ltr' id='par_1_55' title="bbox 2138 2069 3749 2142">
     <span class='ocr_line' id='line_1_56' title="bbox 2138 2069 3749 2142; baseline 0.001 -14"><span class='ocrx_word' id='word_1_362' title='bbox 2138 2073 2505 2137; x_wconf 90' lang='lat' dir='ltr'><strong>manentibus,</strong></span> <span class='ocrx_word' id='word_1_363' title='bbox 2554 2081 2608 2127; x_wconf 91' lang='lat' dir='ltr'><strong>et</strong></span> <span class='ocrx_word' id='word_1_364' title='bbox 2646 2069 2902 2142; x_wconf 90' lang='lat' dir='ltr'><strong>populum</strong></span> <span class='ocrx_word' id='word_1_365' title='bbox 2944 2070 3256 2128; x_wconf 87' lang='lat' dir='ltr'><strong>salubribus</strong></span> <span class='ocrx_word' id='word_1_366' title='bbox 3305 2071 3583 2128; x_wconf 88' lang='lat' dir='ltr'><strong>instruere</strong></span> <span class='ocrx_word' id='word_1_367' title='bbox 3647 2075 3749 2129; x_wconf 85' lang='lat' dir='ltr'><strong>do-</strong></span> 
     </span>
    </p>
   </div>
   <div class='ocr_carea' id='block_1_56' title="bbox 2138 2160 3743 2234">
    <p class='ocr_par' dir='ltr' id='par_1_56' title="bbox 2138 2160 3743 2234">
     <span class='ocr_line' id='line_1_57' title="bbox 2138 2160 3743 2234; baseline 0.002 -18"><span class='ocrx_word' id='word_1_368' title='bbox 2138 2170 2378 2234; x_wconf 86' lang='lat' dir='ltr'><strong>gmatum</strong></span> <span class='ocrx_word' id='word_1_369' title='bbox 2421 2160 2639 2216; x_wconf 89' lang='lat' dir='ltr'><strong>monitis</strong></span> <span class='ocrx_word' id='word_1_370' title='bbox 2675 2161 3102 2226; x_wconf 85' lang='lat' dir='ltr'><strong>decertantibus,</strong></span> <span class='ocrx_word' id='word_1_371' title='bbox 3133 2176 3383 2232; x_wconf 87' lang='lat' dir='ltr'><strong>paneque</strong></span> <span class='ocrx_word' id='word_1_372' title='bbox 3423 2163 3743 2233; x_wconf 82' lang='lat' dir='ltr'><strong>spiritualis</strong></span> 
     </span>
    </p>
   </div>
   <div class='ocr_carea' id='block_1_57' title="bbox 2138 2250 3745 2321">
    <p class='ocr_par' dir='ltr' id='par_1_57' title="bbox 2138 2250 3745 2321">
     <span class='ocr_line' id='line_1_58' title="bbox 2138 2250 3745 2321; baseline 0 -15"><span class='ocrx_word' id='word_1_373' title='bbox 2138 2252 2288 2308; x_wconf 88' lang='lat' dir='ltr'><strong>verbi</strong></span> <span class='ocrx_word' id='word_1_374' title='bbox 2311 2265 2481 2306; x_wconf 89' lang='lat' dir='ltr'><strong>vacua</strong></span> <span class='ocrx_word' id='word_1_375' title='bbox 2509 2250 2785 2308; x_wconf 90' lang='lat' dir='ltr'><strong>hominum</strong></span> <span class='ocrx_word' id='word_1_376' title='bbox 2814 2250 2974 2306; x_wconf 90' lang='lat' dir='ltr'><strong>corda</strong></span> <span class='ocrx_word' id='word_1_377' title='bbox 3004 2250 3390 2316; x_wconf 78' lang='lat' dir='ltr'><strong>reficientibus,</strong></span> <span class='ocrx_word' id='word_1_378' title='bbox 3419 2261 3588 2321; x_wconf 86' lang='lat' dir='ltr'><strong>atque</strong></span> <span class='ocrx_word' id='word_1_379' title='bbox 3613 2253 3745 2307; x_wconf 79' lang='lat' dir='ltr'><strong>lau-</strong></span> 
     </span>
    </p>
   </div>
   <div class='ocr_carea' id='block_1_58' title="bbox 2140 2345 3743 2418">
    <p class='ocr_par' dir='ltr' id='par_1_58' title="bbox 2140 2345 3743 2418">
     <span class='ocr_line' id='line_1_59' title="bbox 2140 2345 3743 2418; baseline -0.001 -12"><span class='ocrx_word' id='word_1_380' title='bbox 2140 2348 2315 2406; x_wconf 91' lang='lat' dir='ltr'><strong>dabile</strong></span> <span class='ocrx_word' id='word_1_381' title='bbox 2346 2348 2577 2418; x_wconf 65' lang='lat' dir='ltr'><strong>propriae</strong></span> <span class='ocrx_word' id='word_1_382' title='bbox 2602 2345 2793 2401; x_wconf 88' lang='lat' dir='ltr'><strong>salutis</strong></span> <span class='ocrx_word' id='word_1_383' title='bbox 2822 2345 3148 2401; x_wconf 87' lang='lat' dir='ltr'><strong>desiderium</strong></span> <span class='ocrx_word' id='word_1_384' title='bbox 3179 2345 3500 2403; x_wconf 87' lang='lat' dir='ltr'><strong>habentibus</strong></span> <span class='ocrx_word' id='word_1_385' title='bbox 3536 2358 3743 2404; x_wconf 79' lang='lat' dir='ltr'><strong>sancta</strong></span> 
     </span>
    </p>
   </div>
   <div class='ocr_carea' id='block_1_59' title="bbox 2140 2434 3742 2508">
    <p class='ocr_par' dir='ltr' id='par_1_59' title="bbox 2140 2434 3742 2508">
     <span class='ocr_line' id='line_1_60' title="bbox 2140 2434 3742 2508; baseline 0.001 -16"><span class='ocrx_word' id='word_1_386' title='bbox 2140 2437 2511 2508; x_wconf 85' lang='lat' dir='ltr'><strong>apostolorum</strong></span> <span class='ocrx_word' id='word_1_387' title='bbox 2538 2435 2684 2490; x_wconf 88' lang='lat' dir='ltr'><strong>Petri</strong></span> <span class='ocrx_word' id='word_1_388' title='bbox 2716 2443 2773 2490; x_wconf 90' lang='lat' dir='ltr'><strong>et</strong></span> <span class='ocrx_word' id='word_1_389' title='bbox 2797 2434 2951 2490; x_wconf 89' lang='lat' dir='ltr'><strong>Pauli</strong></span> <span class='ocrx_word' id='word_1_390' title='bbox 2981 2434 3168 2490; x_wconf 85' lang='lat' dir='ltr'><strong>limina</strong></span> <span class='ocrx_word' id='word_1_391' title='bbox 3206 2435 3450 2500; x_wconf 82' lang='lat' dir='ltr'><strong>visitare,</strong></span> <span class='ocrx_word' id='word_1_392' title='bbox 3480 2436 3742 2493; x_wconf 78' lang='lat' dir='ltr'><strong>collectis</strong></span> 
     </span>
    </p>
   </div>
   <div class='ocr_carea' id='block_1_60' title="bbox 2138 2523 3737 2596">
    <p class='ocr_par' dir='ltr' id='par_1_60' title="bbox 2138 2523 3737 2596">
     <span class='ocr_line' id='line_1_61' title="bbox 2138 2523 3737 2596; baseline 0.001 -15"><span class='ocrx_word' id='word_1_393' title='bbox 2138 2526 2362 2582; x_wconf 82' lang='lat' dir='ltr'><strong>malitiae</strong></span> <span class='ocrx_word' id='word_1_394' title='bbox 2401 2540 2513 2581; x_wconf 61' lang='lat' dir='ltr'><strong>suae</strong></span> <span class='ocrx_word' id='word_1_395' title='bbox 2550 2524 2894 2594; x_wconf 86' lang='lat' dir='ltr'><strong>sequacibus,</strong></span> <span class='ocrx_word' id='word_1_396' title='bbox 2925 2531 2978 2579; x_wconf 90' lang='lat' dir='ltr'><strong>et</strong></span> <span class='ocrx_word' id='word_1_397' title='bbox 3006 2523 3306 2593; x_wconf 85' lang='lat' dir='ltr'><strong>iniquitatis</strong></span> <span class='ocrx_word' id='word_1_398' title='bbox 3349 2525 3737 2596; x_wconf 84' lang='lat' dir='ltr'><strong>complicibus,</strong></span> 
     </span>
    </p>
   </div>
   <div class='ocr_carea' id='block_1_61' title="bbox 2139 2615 3739 2684">
    <p class='ocr_par' dir='ltr' id='par_1_61' title="bbox 2139 2615 3739 2684">
     <span class='ocr_line' id='line_1_62' title="bbox 2139 2615 3739 2684; baseline -0.001 -11"><span class='ocrx_word' id='word_1_399' title='bbox 2139 2616 2376 2674; x_wconf 87' lang='lat' dir='ltr'><strong>nefarias</strong></span> <span class='ocrx_word' id='word_1_400' title='bbox 2418 2615 2745 2680; x_wconf 86' lang='lat' dir='ltr'><strong>invasiones,</strong></span> <span class='ocrx_word' id='word_1_401' title='bbox 2783 2624 2839 2669; x_wconf 89' lang='lat' dir='ltr'><strong>et</strong></span> <span class='ocrx_word' id='word_1_402' title='bbox 2874 2615 3301 2684; x_wconf 73' lang='lat' dir='ltr'><strong>deprtedationes</strong></span> <span class='ocrx_word' id='word_1_403' title='bbox 3331 2615 3596 2672; x_wconf 77' lang='lat' dir='ltr'><strong>violentas</strong></span> <span class='ocrx_word' id='word_1_404' title='bbox 3636 2619 3739 2672; x_wconf 75' lang='lat' dir='ltr'><strong>iri-</strong></span> 
     </span>
    </p>
   </div>
   <div class='ocr_carea' id='block_1_62' title="bbox 2140 2705 3737 2777">
    <p class='ocr_par' dir='ltr' id='par_1_62' title="bbox 2140 2705 3737 2777">
     <span class='ocr_line' id='line_1_63' title="bbox 2140 2705 3737 2777; baseline 0.001 -15"><span class='ocrx_word' id='word_1_405' title='bbox 2140 2707 2284 2763; x_wconf 85' lang='lat' dir='ltr'><strong>ferre</strong></span> <span class='ocrx_word' id='word_1_406' title='bbox 2314 2706 2644 2763; x_wconf 77' lang='lat' dir='ltr'><strong>daunoniaco</strong></span> <span class='ocrx_word' id='word_1_407' title='bbox 2685 2720 2818 2761; x_wconf 89' lang='lat' dir='ltr'><strong>ausu</strong></span> <span class='ocrx_word' id='word_1_408' title='bbox 2859 2705 3345 2775; x_wconf 76' lang='lat' dir='ltr'><strong>praesumpsitzet,</strong></span> <span class='ocrx_word' id='word_1_409' title='bbox 3380 2715 3438 2761; x_wconf 90' lang='lat' dir='ltr'><strong>ut</strong></span> <span class='ocrx_word' id='word_1_410' title='bbox 3482 2708 3737 2777; x_wconf 66' lang='lat' dir='ltr'><strong>epistola</strong></span> 
     </span>
    </p>
   </div>
   <div class='ocr_carea' id='block_1_63' title="bbox 2140 2795 3735 2870">
    <p class='ocr_par' dir='ltr' id='par_1_63' title="bbox 2140 2795 3735 2870">
     <span class='ocr_line' id='line_1_64' title="bbox 2140 2795 3735 2870; baseline 0.003 -19"><span class='ocrx_word' id='word_1_411' title='bbox 2140 2806 2336 2853; x_wconf 66' lang='lat' dir='ltr'><strong>vestra:</strong></span> <span class='ocrx_word' id='word_1_412' title='bbox 2385 2805 2563 2852; x_wconf 80' lang='lat' dir='ltr'><strong>textus</strong></span> <span class='ocrx_word' id='word_1_413' title='bbox 2608 2795 2896 2865; x_wconf 83' lang='lat' dir='ltr'><strong>eloquitur,</strong></span> <span class='ocrx_word' id='word_1_414' title='bbox 2943 2810 3156 2853; x_wconf 88' lang='lat' dir='ltr'><strong>sacrum</strong></span> <span class='ocrx_word' id='word_1_415' title='bbox 3198 2796 3410 2862; x_wconf 87' lang='lat' dir='ltr'><strong>altare,</strong></span> <span class='ocrx_word' id='word_1_416' title='bbox 3457 2813 3735 2870; x_wconf 83' lang='lat' dir='ltr'><strong>sacraque</strong></span> 
     </span>
    </p>
   </div>
   <div class='ocr_carea' id='block_1_64' title="bbox 2142 2886 3735 2959">
    <p class='ocr_par' dir='ltr' id='par_1_64' title="bbox 2142 2886 3735 2959">
     <span class='ocr_line' id='line_1_65' title="bbox 2142 2886 3735 2959; baseline 0.001 -16"><span class='ocrx_word' id='word_1_417' title='bbox 2142 2888 2406 2943; x_wconf 87' lang='lat' dir='ltr'><strong>Dominici</strong></span> <span class='ocrx_word' id='word_1_418' title='bbox 2437 2886 2681 2958; x_wconf 81' lang='lat' dir='ltr'><strong>corporis</strong></span> <span class='ocrx_word' id='word_1_419' title='bbox 2706 2896 2763 2942; x_wconf 91' lang='lat' dir='ltr'><strong>et</strong></span> <span class='ocrx_word' id='word_1_420' title='bbox 2789 2887 3066 2958; x_wconf 85' lang='lat' dir='ltr'><strong>sanguinis</strong></span> <span class='ocrx_word' id='word_1_421' title='bbox 3090 2902 3238 2951; x_wconf 83' lang='lat' dir='ltr'><strong>vasa,</strong></span> <span class='ocrx_word' id='word_1_422' title='bbox 3273 2889 3490 2959; x_wconf 87' lang='lat' dir='ltr'><strong>insuper</strong></span> <span class='ocrx_word' id='word_1_423' title='bbox 3516 2900 3575 2944; x_wconf 86' lang='lat' dir='ltr'><strong>et</strong></span> <span class='ocrx_word' id='word_1_424' title='bbox 3601 2906 3735 2945; x_wconf 57' lang='lat' dir='ltr'><strong>san.</strong></span> 
     </span>
    </p>
   </div>
   <div class='ocr_carea' id='block_1_65' title="bbox 2142 2976 3732 3049">
    <p class='ocr_par' dir='ltr' id='par_1_65' title="bbox 2142 2976 3732 3049">
     <span class='ocr_line' id='line_1_66' title="bbox 2142 2976 3732 3049; baseline 0.002 -15"><span class='ocrx_word' id='word_1_425' title='bbox 2142 2988 2291 3034; x_wconf 90' lang='lat' dir='ltr'><strong>ctum</strong></span> <span class='ocrx_word' id='word_1_426' title='bbox 2317 2979 2551 3033; x_wconf 88' lang='lat' dir='ltr'><strong>chrisma</strong></span> <span class='ocrx_word' id='word_1_427' title='bbox 2582 2976 2802 3047; x_wconf 89' lang='lat' dir='ltr'><strong>pollutis</strong></span> <span class='ocrx_word' id='word_1_428' title='bbox 2835 2977 3075 3048; x_wconf 86' lang='lat' dir='ltr'><strong>arripere</strong></span> <span class='ocrx_word' id='word_1_429' title='bbox 3110 2979 3380 3046; x_wconf 88' lang='lat' dir='ltr'><strong>manibus,</strong></span> <span class='ocrx_word' id='word_1_430' title='bbox 3411 2982 3563 3049; x_wconf 88' lang='lat' dir='ltr'><strong>quasi</strong></span> <span class='ocrx_word' id='word_1_431' title='bbox 3598 2982 3732 3037; x_wconf 85' lang='lat' dir='ltr'><strong>vilia</strong></span> 
     </span>
    </p>
   </div>
   <div class='ocr_carea' id='block_1_66' title="bbox 2067 3068 3731 3143">
    <p class='ocr_par' dir='ltr' id='par_1_66' title="bbox 2067 3068 3731 3143">
     <span class='ocr_line' id='line_1_67' title="bbox 2067 3068 3731 3143; baseline 0.002 -20"><span class='ocrx_word' id='word_1_432' title='bbox 2067 3077 2114 3143; x_wconf 74' lang='grc' dir='ltr'>ο</span> <span class='ocrx_word' id='word_1_433' title='bbox 2143 3076 2200 3124; x_wconf 88' lang='lat' dir='ltr'><strong>et</strong></span> <span class='ocrx_word' id='word_1_434' title='bbox 2216 3068 2282 3122; x_wconf 87' lang='lat' dir='ltr'><strong>ad</strong></span> <span class='ocrx_word' id='word_1_435' title='bbox 2299 3083 2638 3123; x_wconf 90' lang='lat' dir='ltr'><strong>communem</strong></span> <span class='ocrx_word' id='word_1_436' title='bbox 2660 3082 2815 3122; x_wconf 90' lang='lat' dir='ltr'><strong>usum</strong></span> <span class='ocrx_word' id='word_1_437' title='bbox 2836 3076 2960 3139; x_wconf 90' lang='lat' dir='ltr'><strong>apta</strong></span> <span class='ocrx_word' id='word_1_438' title='bbox 2979 3069 3353 3137; x_wconf 73' lang='lat' dir='ltr'><strong>prtesumpsit;</strong></span> <span class='ocrx_word' id='word_1_439' title='bbox 3381 3070 3598 3126; x_wconf 84' lang='lat' dir='ltr'><strong>dilectio</strong></span> <span class='ocrx_word' id='word_1_440' title='bbox 3626 3087 3731 3128; x_wconf 81' lang='lat' dir='ltr'><strong>nos</strong></span> 
     </span>
    </p>
   </div>
   <div class='ocr_carea' id='block_1_67' title="bbox 2146 3158 3732 3232">
    <p class='ocr_par' dir='ltr' id='par_1_67' title="bbox 2146 3158 3732 3232">
     <span class='ocr_line' id='line_1_68' title="bbox 2146 3158 3732 3232; baseline 0.001 -17"><span class='ocrx_word' id='word_1_441' title='bbox 2146 3177 2275 3217; x_wconf 85' lang='lat' dir='ltr'><strong>vera</strong></span> <span class='ocrx_word' id='word_1_442' title='bbox 2306 3159 2595 3225; x_wconf 89' lang='lat' dir='ltr'><strong>consuluit,</strong></span> <span class='ocrx_word' id='word_1_443' title='bbox 2623 3161 2671 3214; x_wconf 87' lang='lat' dir='ltr'><strong>si</strong></span> <span class='ocrx_word' id='word_1_444' title='bbox 2708 3158 2840 3229; x_wconf 83' lang='lat' dir='ltr'><strong>ipse,</strong></span> <span class='ocrx_word' id='word_1_445' title='bbox 2874 3158 2955 3215; x_wconf 84' lang='lat' dir='ltr'><strong>vel</strong></span> <span class='ocrx_word' id='word_1_446' title='bbox 2981 3160 3075 3230; x_wconf 89' lang='lat' dir='ltr'><strong>qui</strong></span> <span class='ocrx_word' id='word_1_447' title='bbox 3107 3174 3231 3215; x_wconf 89' lang='lat' dir='ltr'><strong>cum</strong></span> <span class='ocrx_word' id='word_1_448' title='bbox 3258 3169 3447 3217; x_wconf 86' lang='lat' dir='ltr'><strong>eotam</strong></span> <span class='ocrx_word' id='word_1_449' title='bbox 3478 3163 3645 3232; x_wconf 87' lang='lat' dir='ltr'><strong>impio</strong></span> <span class='ocrx_word' id='word_1_450' title='bbox 3671 3172 3732 3218; x_wconf 87' lang='lat' dir='ltr'><strong>et</strong></span> 
     </span>
    </p>
   </div>
   <div class='ocr_carea' id='block_1_68' title="bbox 2145 3248 3730 3323">
    <p class='ocr_par' dir='ltr' id='par_1_68' title="bbox 2145 3248 3730 3323">
     <span class='ocr_line' id='line_1_69' title="bbox 2145 3248 3730 3323; baseline 0.001 -16"><span class='ocrx_word' id='word_1_451' title='bbox 2145 3254 2331 3323; x_wconf 91' lang='lat' dir='ltr'><strong>iniquo</strong></span> <span class='ocrx_word' id='word_1_452' title='bbox 2366 3251 2569 3307; x_wconf 90' lang='lat' dir='ltr'><strong>scelere</strong></span> <span class='ocrx_word' id='word_1_453' title='bbox 2611 3248 2847 3315; x_wconf 86' lang='lat' dir='ltr'><strong>fuerunt,</strong></span> <span class='ocrx_word' id='word_1_454' title='bbox 2878 3252 2943 3305; x_wconf 87' lang='lat' dir='ltr'><strong>ad</strong></span> <span class='ocrx_word' id='word_1_455' title='bbox 2984 3251 3358 3321; x_wconf 64' lang='lat' dir='ltr'><strong>paenitentiam</strong></span> <span class='ocrx_word' id='word_1_456' title='bbox 3402 3255 3730 3323; x_wconf 87' lang='lat' dir='ltr'><strong>quandoque</strong></span> 
     </span>
    </p>
   </div>
   <div class='ocr_carea' id='block_1_69' title="bbox 2144 3336 3726 3414">
    <p class='ocr_par' dir='ltr' id='par_1_69' title="bbox 2144 3336 3726 3414">
     <span class='ocr_line' id='line_1_70' title="bbox 2144 3336 3726 3414; baseline -0.001 -19"><span class='ocrx_word' id='word_1_457' title='bbox 2144 3341 2317 3414; x_wconf 89' lang='lat' dir='ltr'><strong>gratia</strong></span> <span class='ocrx_word' id='word_1_458' title='bbox 2356 3340 2483 3395; x_wconf 89' lang='lat' dir='ltr'><strong>tacti</strong></span> <span class='ocrx_word' id='word_1_459' title='bbox 2525 3339 2704 3394; x_wconf 88' lang='lat' dir='ltr'><strong>divina</strong></span> <span class='ocrx_word' id='word_1_460' title='bbox 2736 3338 2924 3394; x_wconf 87' lang='lat' dir='ltr'><strong>venire</strong></span> <span class='ocrx_word' id='word_1_461' title='bbox 2955 3336 3252 3407; x_wconf 84' lang='lat' dir='ltr'><strong>voluerint,</strong></span> <span class='ocrx_word' id='word_1_462' title='bbox 3280 3355 3391 3410; x_wconf 90' lang='lat' dir='ltr'><strong>quo</strong></span> <span class='ocrx_word' id='word_1_463' title='bbox 3421 3356 3519 3399; x_wconf 84' lang='lat' dir='ltr'><strong>eos</strong></span> <span class='ocrx_word' id='word_1_464' title='bbox 3546 3342 3726 3410; x_wconf 70' lang='grc' dir='ltr'><strong>ρωιιίο</strong></span> 
     </span>
    </p>
   </div>
   <div class='ocr_carea' id='block_1_70' title="bbox 2147 3428 3729 3499">
    <p class='ocr_par' dir='ltr' id='par_1_70' title="bbox 2147 3428 3729 3499">
     <span class='ocr_line' id='line_1_71' title="bbox 2147 3428 3729 3499; baseline -0.002 -13"><span class='ocrx_word' id='word_1_465' title='bbox 2147 3431 2326 3486; x_wconf 65' lang='lat' dir='ltr'><strong>lentiae</strong></span> <span class='ocrx_word' id='word_1_466' title='bbox 2367 3428 2581 3484; x_wconf 91' lang='lat' dir='ltr'><strong>vinculo</strong></span> <span class='ocrx_word' id='word_1_467' title='bbox 2636 3428 3056 3499; x_wconf 84' lang='lat' dir='ltr'><strong>constringatis,</strong></span> <span class='ocrx_word' id='word_1_468' title='bbox 3124 3439 3322 3484; x_wconf 61' lang='lat' dir='ltr'><strong>nostra:</strong></span> <span class='ocrx_word' id='word_1_469' title='bbox 3371 3430 3729 3485; x_wconf 88' lang='lat' dir='ltr'><strong>institutionis</strong></span> 
     </span>
    </p>
   </div>
   <div class='ocr_carea' id='block_1_71' title="bbox 2145 3517 3728 3589">
    <p class='ocr_par' dir='ltr' id='par_1_71' title="bbox 2145 3517 3728 3589">
     <span class='ocr_line' id='line_1_72' title="bbox 2145 3517 3728 3589; baseline 0 -14"><span class='ocrx_word' id='word_1_470' title='bbox 2145 3527 2428 3575; x_wconf 78' lang='lat' dir='ltr'><strong>censuram</strong></span> <span class='ocrx_word' id='word_1_471' title='bbox 2478 3532 2773 3587; x_wconf 81' lang='lat' dir='ltr'><strong>exposcere</strong></span> <span class='ocrx_word' id='word_1_472' title='bbox 2816 3518 3066 3573; x_wconf 90' lang='lat' dir='ltr'><strong>curastis.</strong></span> <span class='ocrx_word' id='word_1_473' title='bbox 3117 3517 3193 3572; x_wconf 89' lang='lat' dir='ltr'><strong>De</strong></span> <span class='ocrx_word' id='word_1_474' title='bbox 3217 3518 3436 3589; x_wconf 86' lang='lat' dir='ltr'><strong>quibus,</strong></span> <span class='ocrx_word' id='word_1_475' title='bbox 3464 3520 3509 3573; x_wconf 89' lang='lat' dir='ltr'><strong>si</strong></span> <span class='ocrx_word' id='word_1_476' title='bbox 3547 3528 3728 3575; x_wconf 81' lang='lat' dir='ltr'><strong>tamen</strong></span> 
     </span>
    </p>
   </div>
   <div class='ocr_carea' id='block_1_72' title="bbox 2144 3608 3735 3678">
    <p class='ocr_par' dir='ltr' id='par_1_72' title="bbox 2144 3608 3735 3678">
     <span class='ocr_line' id='line_1_73' title="bbox 2144 3608 3735 3678; baseline -0.003 -12"><span class='ocrx_word' id='word_1_477' title='bbox 2144 3611 2217 3666; x_wconf 88' lang='lat' dir='ltr'><strong>ita</strong></span> <span class='ocrx_word' id='word_1_478' title='bbox 2242 3619 2345 3674; x_wconf 82' lang='lat' dir='ltr'><strong>est,</strong></span> <span class='ocrx_word' id='word_1_479' title='bbox 2365 3608 2640 3678; x_wconf 82' lang='lat' dir='ltr'><strong>jubentus,</strong></span> <span class='ocrx_word' id='word_1_480' title='bbox 2662 3624 2783 3664; x_wconf 90' lang='lat' dir='ltr'><strong>cum</strong></span> <span class='ocrx_word' id='word_1_481' title='bbox 2811 3608 2877 3663; x_wconf 89' lang='lat' dir='ltr'><strong>ad</strong></span> <span class='ocrx_word' id='word_1_482' title='bbox 2900 3608 3269 3677; x_wconf 61' lang='lat' dir='ltr'><strong>paenitentiam</strong></span> <span class='ocrx_word' id='word_1_483' title='bbox 3302 3609 3497 3663; x_wconf 83' lang='lat' dir='ltr'><strong>reverti</strong></span> <span class='ocrx_word' id='word_1_484' title='bbox 3521 3609 3735 3664; x_wconf 82' lang='lat' dir='ltr'><strong>accele-</strong></span> 
     </span>
    </p>
   </div>
   <div class='ocr_carea' id='block_1_73' title="bbox 2145 3698 3731 3767">
    <p class='ocr_par' dir='ltr' id='par_1_73' title="bbox 2145 3698 3731 3767">
     <span class='ocr_line' id='line_1_74' title="bbox 2145 3698 3731 3767; baseline -0.003 -10"><span class='ocrx_word' id='word_1_485' title='bbox 2145 3702 2405 3767; x_wconf 85' lang='lat' dir='ltr'><strong>raverint,</strong></span> <span class='ocrx_word' id='word_1_486' title='bbox 2448 3715 2554 3755; x_wconf 93' lang='lat' dir='ltr'><strong>uno</strong></span> <span class='ocrx_word' id='word_1_487' title='bbox 2585 3715 2725 3754; x_wconf 90' lang='lat' dir='ltr'><strong>anno</strong></span> <span class='ocrx_word' id='word_1_488' title='bbox 2757 3708 2913 3755; x_wconf 75' lang='lat' dir='ltr'><strong>extra</strong></span> <span class='ocrx_word' id='word_1_489' title='bbox 2939 3698 3236 3754; x_wconf 74' lang='lat' dir='ltr'><strong>Ecclesium</strong></span> <span class='ocrx_word' id='word_1_490' title='bbox 3268 3698 3361 3753; x_wconf 90' lang='lat' dir='ltr'><strong>Dei</strong></span> <span class='ocrx_word' id='word_1_491' title='bbox 3405 3699 3731 3764; x_wconf 89' lang='lat' dir='ltr'><strong>consistere,</strong></span> 
     </span>
    </p>
   </div>
   <div class='ocr_carea' id='block_1_74' title="bbox 2144 3789 3729 3862">
    <p class='ocr_par' dir='ltr' id='par_1_74' title="bbox 2144 3789 3729 3862">
     <span class='ocr_line' id='line_1_75' title="bbox 2144 3789 3729 3862; baseline -0.004 -12"><span class='ocrx_word' id='word_1_492' title='bbox 2144 3791 2299 3862; x_wconf 90' lang='lat' dir='ltr'><strong>cujus</strong></span> <span class='ocrx_word' id='word_1_493' title='bbox 2331 3790 2695 3848; x_wconf 87' lang='lat' dir='ltr'><strong>sacratissima</strong></span> <span class='ocrx_word' id='word_1_494' title='bbox 2723 3805 2850 3844; x_wconf 86' lang='lat' dir='ltr'><strong>vasa</strong></span> <span class='ocrx_word' id='word_1_495' title='bbox 2880 3797 3032 3844; x_wconf 80' lang='lat' dir='ltr'><strong>extra</strong></span> <span class='ocrx_word' id='word_1_496' title='bbox 3076 3790 3236 3844; x_wconf 86' lang='lat' dir='ltr'><strong>ritum</strong></span> <span class='ocrx_word' id='word_1_497' title='bbox 3268 3789 3391 3843; x_wconf 77' lang='lat' dir='ltr'><strong>fidei</strong></span> <span class='ocrx_word' id='word_1_498' title='bbox 3417 3789 3729 3844; x_wconf 78' lang='lat' dir='ltr'><strong>christiana:</strong></span> 
     </span>
    </p>
   </div>
   <div class='ocr_carea' id='block_1_75' title="bbox 2149 3879 3732 3955">
    <p class='ocr_par' dir='ltr' id='par_1_75' title="bbox 2149 3879 3732 3955">
     <span class='ocr_line' id='line_1_76' title="bbox 2149 3879 3732 3955; baseline -0.003 -15"><span class='ocrx_word' id='word_1_499' title='bbox 2149 3884 2448 3955; x_wconf 87' lang='lat' dir='ltr'><strong>diripienda</strong></span> <span class='ocrx_word' id='word_1_500' title='bbox 2487 3881 2708 3937; x_wconf 89' lang='lat' dir='ltr'><strong>auferre</strong></span> <span class='ocrx_word' id='word_1_501' title='bbox 2742 3896 2852 3936; x_wconf 86' lang='lat' dir='ltr'><strong>non</strong></span> <span class='ocrx_word' id='word_1_502' title='bbox 2890 3880 3278 3936; x_wconf 83' lang='lat' dir='ltr'><strong>dubitaverint.</strong></span> <span class='ocrx_word' id='word_1_503' title='bbox 3320 3879 3569 3937; x_wconf 83' lang='lat' dir='ltr'><strong>Secundo</strong></span> <span class='ocrx_word' id='word_1_504' title='bbox 3601 3896 3732 3936; x_wconf 86' lang='lat' dir='ltr'><strong>vero</strong></span> 
     </span>
    </p>
   </div>
   <div class='ocr_carea' id='block_1_76' title="bbox 2146 3968 3734 4038">
    <p class='ocr_par' dir='ltr' id='par_1_76' title="bbox 2146 3968 3734 4038">
     <span class='ocr_line' id='line_1_77' title="bbox 2146 3968 3734 4038; baseline -0.003 -11"><span class='ocrx_word' id='word_1_505' title='bbox 2146 3987 2327 4038; x_wconf 89' lang='lat' dir='ltr'><strong>anno,</strong></span> <span class='ocrx_word' id='word_1_506' title='bbox 2378 3980 2504 4026; x_wconf 89' lang='lat' dir='ltr'><strong>ante</strong></span> <span class='ocrx_word' id='word_1_507' title='bbox 2549 3968 2694 4026; x_wconf 87' lang='lat' dir='ltr'><strong>fores</strong></span> <span class='ocrx_word' id='word_1_508' title='bbox 2741 3969 2983 4025; x_wconf 80' lang='lat' dir='ltr'><strong>ecclesiae</strong></span> <span class='ocrx_word' id='word_1_509' title='bbox 3030 3968 3147 4024; x_wconf 88' lang='lat' dir='ltr'><strong>sine</strong></span> <span class='ocrx_word' id='word_1_510' title='bbox 3192 3968 3574 4024; x_wconf 84' lang='lat' dir='ltr'><strong>communione</strong></span> <span class='ocrx_word' id='word_1_511' title='bbox 3618 3984 3734 4024; x_wconf 81' lang='lat' dir='ltr'><strong>ma-</strong></span> 
     </span>
    </p>
   </div>
   <div class='ocr_carea' id='block_1_77' title="bbox 2148 4058 3733 4130">
    <p class='ocr_par' dir='ltr' id='par_1_77' title="bbox 2148 4058 3733 4130">
     <span class='ocr_line' id='line_1_78' title="bbox 2148 4058 3733 4130; baseline -0.004 -12"><span class='ocrx_word' id='word_1_512' title='bbox 2148 4071 2331 4119; x_wconf 86' lang='lat' dir='ltr'><strong>neant.</strong></span> <span class='ocrx_word' id='word_1_513' title='bbox 2366 4061 2551 4117; x_wconf 82' lang='lat' dir='ltr'><strong>Tertio</strong></span> <span class='ocrx_word' id='word_1_514' title='bbox 2593 4075 2723 4116; x_wconf 89' lang='lat' dir='ltr'><strong>vero</strong></span> <span class='ocrx_word' id='word_1_515' title='bbox 2750 4074 2913 4125; x_wconf 89' lang='lat' dir='ltr'><strong>anno,</strong></span> <span class='ocrx_word' id='word_1_516' title='bbox 2965 4059 3252 4116; x_wconf 87' lang='lat' dir='ltr'><strong>ecclesiam</strong></span> <span class='ocrx_word' id='word_1_517' title='bbox 3283 4058 3377 4116; x_wconf 83' lang='lat' dir='ltr'><strong>Dei</strong></span> <span class='ocrx_word' id='word_1_518' title='bbox 3422 4058 3733 4130; x_wconf 86' lang='lat' dir='ltr'><strong>ingredian-</strong></span> 
     </span>
    </p>
   </div>
   <div class='ocr_carea' id='block_1_78' title="bbox 2151 4149 3735 4219">
    <p class='ocr_par' dir='ltr' id='par_1_78' title="bbox 2151 4149 3735 4219">
     <span class='ocr_line' id='line_1_79' title="bbox 2151 4149 3735 4219; baseline -0.003 -10"><span class='ocrx_word' id='word_1_519' title='bbox 2151 4161 2263 4219; x_wconf 89' lang='lat' dir='ltr'><strong>tur,</strong></span> <span class='ocrx_word' id='word_1_520' title='bbox 2305 4159 2359 4207; x_wconf 91' lang='lat' dir='ltr'><strong>et</strong></span> <span class='ocrx_word' id='word_1_521' title='bbox 2394 4151 2537 4206; x_wconf 91' lang='lat' dir='ltr'><strong>inter</strong></span> <span class='ocrx_word' id='word_1_522' title='bbox 2575 4149 2857 4207; x_wconf 89' lang='lat' dir='ltr'><strong>audientes</strong></span> <span class='ocrx_word' id='word_1_523' title='bbox 2894 4157 3075 4215; x_wconf 89' lang='lat' dir='ltr'><strong>astent</strong></span> <span class='ocrx_word' id='word_1_524' title='bbox 3114 4149 3232 4205; x_wconf 90' lang='lat' dir='ltr'><strong>sine</strong></span> <span class='ocrx_word' id='word_1_525' title='bbox 3270 4149 3563 4213; x_wconf 85' lang='lat' dir='ltr'><strong>oblatione,</strong></span> <span class='ocrx_word' id='word_1_526' title='bbox 3620 4164 3735 4205; x_wconf 86' lang='lat' dir='ltr'><strong>nou</strong></span> 
     </span>
    </p>
   </div>
   <div class='ocr_carea' id='block_1_79' title="bbox 2148 4242 3737 4315">
    <p class='ocr_par' dir='ltr' id='par_1_79' title="bbox 2148 4242 3737 4315">
     <span class='ocr_line' id='line_1_80' title="bbox 2148 4242 3737 4315; baseline -0.006 -12"><span class='ocrx_word' id='word_1_527' title='bbox 2148 4247 2539 4309; x_wconf 86' lang='lat' dir='ltr'><strong>manducantcs</strong></span> <span class='ocrx_word' id='word_1_528' title='bbox 2568 4259 2809 4310; x_wconf 83' lang='lat' dir='ltr'><strong>carnem,</strong></span> <span class='ocrx_word' id='word_1_529' title='bbox 2837 4260 3014 4315; x_wconf 88' lang='lat' dir='ltr'><strong>neque</strong></span> <span class='ocrx_word' id='word_1_530' title='bbox 3034 4243 3281 4299; x_wconf 82' lang='lat' dir='ltr'><strong>bibentes</strong></span> <span class='ocrx_word' id='word_1_531' title='bbox 3308 4242 3514 4308; x_wconf 87' lang='lat' dir='ltr'><strong>vinum,</strong></span> <span class='ocrx_word' id='word_1_532' title='bbox 3536 4252 3737 4312; x_wconf 64' lang='lat' dir='ltr'><strong>praeter</strong></span> 
     </span>
    </p>
   </div>
   <div class='ocr_carea' id='block_1_80' title="bbox 2148 4331 3736 4404">
    <p class='ocr_par' dir='ltr' id='par_1_80' title="bbox 2148 4331 3736 4404">
     <span class='ocr_line' id='line_1_81' title="bbox 2148 4331 3736 4404; baseline -0.004 -9"><span class='ocrx_word' id='word_1_533' title='bbox 2148 4337 2349 4395; x_wconf 79' lang='lat' dir='ltr'><strong>natalis</strong></span> <span class='ocrx_word' id='word_1_534' title='bbox 2373 4345 2430 4393; x_wconf 85' lang='lat' dir='ltr'><strong>et</strong></span> <span class='ocrx_word' id='word_1_535' title='bbox 2457 4334 2871 4392; x_wconf 85' lang='lat' dir='ltr'><strong>resurrectionis</strong></span> <span class='ocrx_word' id='word_1_536' title='bbox 2890 4333 3181 4388; x_wconf 59' lang='lat' dir='ltr'><strong>Dominica</strong></span> <span class='ocrx_word' id='word_1_537' title='bbox 3208 4331 3345 4389; x_wconf 86' lang='lat' dir='ltr'><strong>dies.</strong></span> <span class='ocrx_word' id='word_1_538' title='bbox 3369 4331 3573 4399; x_wconf 83' lang='lat' dir='ltr'><strong>Quarto</strong></span> <span class='ocrx_word' id='word_1_539' title='bbox 3597 4347 3736 4404; x_wconf 74' lang='lat' dir='ltr'><strong>pra:-</strong></span> 
     </span>
    </p>
   </div>
   <div class='ocr_carea' id='block_1_81' title="bbox 471 4413 2044 4524">
    <p class='ocr_par' dir='ltr' id='par_1_81' title="bbox 471 4413 2044 4524">
     <span class='ocr_line' id='line_1_82' title="bbox 471 4413 2044 4524; baseline 0.001 -19"><span class='ocrx_word' id='word_1_540' title='bbox 471 4413 615 4521; x_wconf 74' lang='lat' dir='ltr'><strong>quod</strong></span> <span class='ocrx_word' id='word_1_541' title='bbox 659 4413 763 4504; x_wconf 75' lang='lat' dir='ltr'><strong>iste</strong></span> <span class='ocrx_word' id='word_1_542' title='bbox 795 4450 1101 4521; x_wconf 86' lang='lat' dir='ltr'><strong>presbyter,</strong></span> <span class='ocrx_word' id='word_1_543' title='bbox 1139 4413 2044 4524; x_wconf 27' lang='lat' dir='ltr'><strong>nomine—Ehri—stop‘horuﬁs‘</strong></span> 
     </span>
    </p>
   </div>
   <div class='ocr_carea' id='block_1_82' title="bbox 2143 4413 3737 4524">
    <p class='ocr_par' dir='ltr' id='par_1_82' title="bbox 2158 4413 3737 4493">
     <span class='ocr_line' id='line_1_83' title="bbox 2158 4413 3737 4493; baseline -0.006 -10"><span class='ocrx_word' id='word_1_544' title='bbox 2158 4413 2305 4483; x_wconf 77' lang='lat' dir='ltr'><strong>terea</strong></span> <span class='ocrx_word' id='word_1_545' title='bbox 2347 4441 2509 4491; x_wconf 90' lang='lat' dir='ltr'><strong>anno,</strong></span> <span class='ocrx_word' id='word_1_546' title='bbox 2532 4426 2584 4481; x_wconf 76' lang='lat' dir='ltr'><strong>si</strong></span> <span class='ocrx_word' id='word_1_547' title='bbox 2614 4426 2700 4480; x_wconf 88' lang='lat' dir='ltr'><strong>his</strong></span> <span class='ocrx_word' id='word_1_548' title='bbox 2724 4423 2996 4493; x_wconf 87' lang='lat' dir='ltr'><strong>prioribus</strong></span> <span class='ocrx_word' id='word_1_549' title='bbox 3037 4423 3211 4483; x_wconf 85' lang='lat' dir='ltr'><strong>tribus</strong></span> <span class='ocrx_word' id='word_1_550' title='bbox 3238 4422 3396 4477; x_wconf 90' lang='lat' dir='ltr'><strong>annis</strong></span> <span class='ocrx_word' id='word_1_551' title='bbox 3424 4422 3737 4479; x_wconf 70' lang='lat' dir='ltr'><strong>fructuosus</strong></span> 
     </span>
    </p>
   </div>
   <div class='ocr_carea' id='block_1_83' title="bbox 475 4537 2056 4612">
    <p class='ocr_par' dir='ltr' id='par_1_83' title="bbox 475 4537 2056 4612">
     <span class='ocr_line' id='line_1_84' title="bbox 475 4537 2056 4612; baseline 0.002 -19"><span class='ocrx_word' id='word_1_552' title='bbox 475 4539 725 4607; x_wconf 84' lang='lat' dir='ltr'><strong>angustia</strong></span> <span class='ocrx_word' id='word_1_553' title='bbox 754 4539 823 4594; x_wconf 87' lang='lat' dir='ltr'><strong>ad</strong></span> <span class='ocrx_word' id='word_1_554' title='bbox 851 4547 1092 4594; x_wconf 88' lang='lat' dir='ltr'><strong>nostram</strong></span> <span class='ocrx_word' id='word_1_555' title='bbox 1136 4537 1478 4595; x_wconf 87' lang='lat' dir='ltr'><strong>clementiam</strong></span> <span class='ocrx_word' id='word_1_556' title='bbox 1522 4541 1948 4612; x_wconf 84' lang='lat' dir='ltr'><strong>lacrymabiliter</strong></span> <span class='ocrx_word' id='word_1_557' title='bbox 1983 4541 2056 4596; x_wconf 86' lang='lat' dir='ltr'><strong>sit</strong></span> 
     </span>
    </p>
   </div>
   <div class='ocr_carea' id='block_1_84' title="bbox 473 4627 2050 4713">
    <p class='ocr_par' dir='ltr' id='par_1_84' title="bbox 473 4627 2050 4713">
     <span class='ocr_line' id='line_1_85' title="bbox 473 4627 2050 4713; baseline 0 -28"><span class='ocrx_word' id='word_1_558' title='bbox 473 4637 824 4713; x_wconf 79' lang='lat' dir='ltr'><strong>conquestus,</strong></span> <span class='ocrx_word' id='word_1_559' title='bbox 858 4630 1042 4685; x_wconf 89' lang='lat' dir='ltr'><strong>dicens</strong></span> <span class='ocrx_word' id='word_1_560' title='bbox 1072 4642 1134 4685; x_wconf 91' lang='lat' dir='ltr'><strong>se</strong></span> <span class='ocrx_word' id='word_1_561' title='bbox 1169 4627 1320 4684; x_wconf 81' lang='lat' dir='ltr'><strong>falsis</strong></span> <span class='ocrx_word' id='word_1_562' title='bbox 1357 4630 1678 4686; x_wconf 87' lang='lat' dir='ltr'><strong>criminibus</strong></span> <span class='ocrx_word' id='word_1_563' title='bbox 1725 4630 2050 4701; x_wconf 83' lang='lat' dir='ltr'><strong>impetitum,</strong></span> 
     </span>
    </p>
   </div>
   <div class='ocr_carea' id='block_1_85' title="bbox 478 4719 2058 4790">
    <p class='ocr_par' dir='ltr' id='par_1_85' title="bbox 478 4719 2058 4790">
     <span class='ocr_line' id='line_1_86' title="bbox 478 4719 2058 4790; baseline 0.002 -14"><span class='ocrx_word' id='word_1_564' title='bbox 478 4728 530 4776; x_wconf 70' lang='lat' dir='ltr'><strong>et</strong></span> <span class='ocrx_word' id='word_1_565' title='bbox 570 4720 639 4776; x_wconf 88' lang='lat' dir='ltr'><strong>ab</strong></span> <span class='ocrx_word' id='word_1_566' title='bbox 675 4719 904 4776; x_wconf 85' lang='lat' dir='ltr'><strong>ecclesia</strong></span> <span class='ocrx_word' id='word_1_567' title='bbox 950 4735 1048 4775; x_wconf 90' lang='lat' dir='ltr'><strong>sua</strong></span> <span class='ocrx_word' id='word_1_568' title='bbox 1095 4735 1205 4776; x_wconf 92' lang='lat' dir='ltr'><strong>non</strong></span> <span class='ocrx_word' id='word_1_569' title='bbox 1251 4720 1582 4785; x_wconf 88' lang='lat' dir='ltr'><strong>convictum,</strong></span> <span class='ocrx_word' id='word_1_570' title='bbox 1624 4734 1800 4790; x_wconf 85' lang='lat' dir='ltr'><strong>neque</strong></span> <span class='ocrx_word' id='word_1_571' title='bbox 1845 4721 2058 4780; x_wconf 86' lang='lat' dir='ltr'><strong>confes-</strong></span> 
     </span>
    </p>
   </div>
   <div class='ocr_carea' id='block_1_86' title="bbox 480 4808 2058 4885">
    <p class='ocr_par' dir='ltr' id='par_1_86' title="bbox 480 4808 2058 4885">
     <span class='ocr_line' id='line_1_87' title="bbox 480 4808 2058 4885; baseline 0.003 -20"><span class='ocrx_word' id='word_1_572' title='bbox 480 4824 625 4876; x_wconf 83' lang='lat' dir='ltr'><strong>sum,</strong></span> <span class='ocrx_word' id='word_1_573' title='bbox 672 4811 1119 4867; x_wconf 87' lang='lat' dir='ltr'><strong>irrationabiliter</strong></span> <span class='ocrx_word' id='word_1_574' title='bbox 1161 4811 1330 4867; x_wconf 86' lang='lat' dir='ltr'><strong>fuisse</strong></span> <span class='ocrx_word' id='word_1_575' title='bbox 1369 4808 1619 4880; x_wconf 84' lang='lat' dir='ltr'><strong>ejectum.</strong></span> <span class='ocrx_word' id='word_1_576' title='bbox 1669 4811 1828 4879; x_wconf 90' lang='lat' dir='ltr'><strong>Nam,</strong></span> <span class='ocrx_word' id='word_1_577' title='bbox 1854 4822 1913 4869; x_wconf 91' lang='lat' dir='ltr'><strong>ut</strong></span> <span class='ocrx_word' id='word_1_578' title='bbox 1941 4815 2058 4885; x_wconf 86' lang='lat' dir='ltr'><strong>ipse</strong></span> 
     </span>
    </p>
   </div>
   <div class='ocr_carea' id='block_1_87' title="bbox 454 4897 2056 4973">
    <p class='ocr_par' dir='ltr' id='par_1_87' title="bbox 454 4897 2056 4973">
     <span class='ocr_line' id='line_1_88' title="bbox 454 4897 2056 4973; baseline 0.004 -19"><span class='ocrx_word' id='word_1_579' title='bbox 454 4897 686 4965; x_wconf 84' lang='lat' dir='ltr'><strong>‘refert,</strong></span> <span class='ocrx_word' id='word_1_580' title='bbox 740 4908 832 4955; x_wconf 89' lang='lat' dir='ltr'><strong>tua</strong></span> <span class='ocrx_word' id='word_1_581' title='bbox 878 4899 1150 4971; x_wconf 79' lang='lat' dir='ltr'><strong>diligentia</strong></span> <span class='ocrx_word' id='word_1_582' title='bbox 1205 4914 1305 4970; x_wconf 88' lang='lat' dir='ltr'><strong>per</strong></span> <span class='ocrx_word' id='word_1_583' title='bbox 1352 4907 1463 4956; x_wconf 92' lang='lat' dir='ltr'><strong>tres</strong></span> <span class='ocrx_word' id='word_1_584' title='bbox 1510 4902 1658 4960; x_wconf 89' lang='lat' dir='ltr'><strong>vices</strong></span> <span class='ocrx_word' id='word_1_585' title='bbox 1706 4902 2056 4973; x_wconf 85' lang='lat' dir='ltr'><strong>inquisitione</strong></span> 
     </span>
    </p>
   </div>
   <div class='ocr_carea' id='block_1_88' title="bbox 456 4986 2050 5061">
    <p class='ocr_par' dir='ltr' id='par_1_88' title="bbox 456 4986 2050 5061">
     <span class='ocr_line' id='line_1_89' title="bbox 456 4986 2050 5061; baseline 0.005 -19"><span class='ocrx_word' id='word_1_586' title='bbox 456 4986 639 5054; x_wconf 67' lang='lat' dir='ltr'><strong>iacta,</strong></span> <span class='ocrx_word' id='word_1_587' title='bbox 678 4989 823 5045; x_wconf 88' lang='lat' dir='ltr'><strong>nulla</strong></span> <span class='ocrx_word' id='word_1_588' title='bbox 865 4990 921 5044; x_wconf 90' lang='lat' dir='ltr'><strong>in</strong></span> <span class='ocrx_word' id='word_1_589' title='bbox 958 5004 1040 5054; x_wconf 91' lang='lat' dir='ltr'><strong>se,</strong></span> <span class='ocrx_word' id='word_1_590' title='bbox 1075 5005 1252 5059; x_wconf 83' lang='lat' dir='ltr'><strong>neque</strong></span> <span class='ocrx_word' id='word_1_591' title='bbox 1284 4991 1352 5047; x_wconf 91' lang='lat' dir='ltr'><strong>de</strong></span> <span class='ocrx_word' id='word_1_592' title='bbox 1390 4989 1761 5049; x_wconf 89' lang='lat' dir='ltr'><strong>fornicationis</strong></span> <span class='ocrx_word' id='word_1_593' title='bbox 1803 4995 2050 5061; x_wconf 87' lang='lat' dir='ltr'><strong>crimine,</strong></span> 
     </span>
    </p>
   </div>
   <div class='ocr_carea' id='block_1_89' title="bbox 479 5078 2058 5157">
    <p class='ocr_par' dir='ltr' id='par_1_89' title="bbox 479 5078 2058 5157">
     <span class='ocr_line' id='line_1_90' title="bbox 479 5078 2058 5157; baseline 0.005 -22"><span class='ocrx_word' id='word_1_594' title='bbox 479 5092 654 5147; x_wconf 89' lang='lat' dir='ltr'><strong>neque</strong></span> <span class='ocrx_word' id='word_1_595' title='bbox 695 5080 761 5133; x_wconf 92' lang='lat' dir='ltr'><strong>de</strong></span> <span class='ocrx_word' id='word_1_596' title='bbox 787 5078 1065 5135; x_wconf 83' lang='lat' dir='ltr'><strong>homicidii</strong></span> <span class='ocrx_word' id='word_1_597' title='bbox 1104 5083 1481 5148; x_wconf 89' lang='lat' dir='ltr'><strong>consensione,</strong></span> <span class='ocrx_word' id='word_1_598' title='bbox 1513 5084 1579 5139; x_wconf 84' lang='lat' dir='ltr'><strong>de</strong></span> <span class='ocrx_word' id='word_1_599' title='bbox 1602 5084 1799 5155; x_wconf 88' lang='lat' dir='ltr'><strong>quibus</strong></span> <span class='ocrx_word' id='word_1_600' title='bbox 1836 5086 2058 5157; x_wconf 84' lang='lat' dir='ltr'><strong>impete-</strong></span> 
     </span>
    </p>
   </div>
   <div class='ocr_carea' id='block_1_90' title="bbox 452 5166 2057 5249">
    <p class='ocr_par' dir='ltr' id='par_1_90' title="bbox 452 5166 2057 5249">
     <span class='ocr_line' id='line_1_91' title="bbox 452 5166 2057 5249; baseline 0.006 -26"><span class='ocrx_word' id='word_1_601' title='bbox 452 5166 664 5231; x_wconf 78' lang='lat' dir='ltr'><strong>‘batur,</strong></span> <span class='ocrx_word' id='word_1_602' title='bbox 693 5169 919 5238; x_wconf 89' lang='lat' dir='ltr'><strong>reperiri</strong></span> <span class='ocrx_word' id='word_1_603' title='bbox 955 5171 1127 5239; x_wconf 87' lang='lat' dir='ltr'><strong>potuit</strong></span> <span class='ocrx_word' id='word_1_604' title='bbox 1157 5172 1313 5243; x_wconf 76' lang='lat' dir='ltr'><strong>culpa</strong></span> <span class='ocrx_word' id='word_1_605' title='bbox 1340 5190 1354 5227; x_wconf 91' lang='lat'><strong>:</strong></span> <span class='ocrx_word' id='word_1_606' title='bbox 1394 5173 1497 5228; x_wconf 89' lang='lat' dir='ltr'><strong>nisi</strong></span> <span class='ocrx_word' id='word_1_607' title='bbox 1530 5175 1655 5244; x_wconf 87' lang='lat' dir='ltr'><strong>quia</strong></span> <span class='ocrx_word' id='word_1_608' title='bbox 1694 5189 1807 5231; x_wconf 71' lang='lat' dir='ltr'><strong>sua:</strong></span> <span class='ocrx_word' id='word_1_609' title='bbox 1832 5192 2057 5249; x_wconf 89' lang='lat' dir='ltr'><strong>pauper-</strong></span> 
     </span>
    </p>
   </div>
   <div class='ocr_carea' id='block_1_91' title="bbox 478 5260 2052 5338">
    <p class='ocr_par' dir='ltr' id='par_1_91' title="bbox 478 5260 2052 5338">
     <span class='ocr_line' id='line_1_92' title="bbox 478 5260 2052 5338; baseline 0.006 -24"><span class='ocrx_word' id='word_1_610' title='bbox 478 5260 606 5315; x_wconf 87' lang='lat' dir='ltr'><strong>tatis</strong></span> <span class='ocrx_word' id='word_1_611' title='bbox 633 5264 819 5328; x_wconf 80' lang='lat' dir='ltr'><strong>eausa,</strong></span> <span class='ocrx_word' id='word_1_612' title='bbox 851 5277 971 5333; x_wconf 66' lang='lat' dir='ltr'><strong>qua:</strong></span> <span class='ocrx_word' id='word_1_613' title='bbox 1009 5266 1350 5335; x_wconf 88' lang='lat' dir='ltr'><strong>petebantur,</strong></span> <span class='ocrx_word' id='word_1_614' title='bbox 1379 5275 1475 5322; x_wconf 88' lang='lat' dir='ltr'><strong>aut</strong></span> <span class='ocrx_word' id='word_1_615' title='bbox 1512 5268 1826 5324; x_wconf 86' lang='lat' dir='ltr'><strong>consentire</strong></span> <span class='ocrx_word' id='word_1_616' title='bbox 1862 5270 2052 5338; x_wconf 86' lang='lat' dir='ltr'><strong>noluit,</strong></span> 
     </span>
    </p>
   </div>
   <div class='ocr_carea' id='block_1_92' title="bbox 479 5350 2058 5429">
    <p class='ocr_par' dir='ltr' id='par_1_92' title="bbox 479 5350 2058 5429">
     <span class='ocr_line' id='line_1_93' title="bbox 479 5350 2058 5429; baseline 0.008 -24"><span class='ocrx_word' id='word_1_617' title='bbox 479 5357 574 5405; x_wconf 87' lang='lat' dir='ltr'><strong>aut</strong></span> <span class='ocrx_word' id='word_1_618' title='bbox 620 5350 844 5421; x_wconf 89' lang='lat' dir='ltr'><strong>implere</strong></span> <span class='ocrx_word' id='word_1_619' title='bbox 891 5369 996 5409; x_wconf 92' lang='lat' dir='ltr'><strong>non</strong></span> <span class='ocrx_word' id='word_1_620' title='bbox 1043 5356 1252 5424; x_wconf 89' lang='lat' dir='ltr'><strong>potuit:</strong></span> <span class='ocrx_word' id='word_1_621' title='bbox 1296 5373 1418 5429; x_wconf 73' lang='lat' dir='ltr'><strong>qua:</strong></span> <span class='ocrx_word' id='word_1_622' title='bbox 1463 5374 1593 5413; x_wconf 91' lang='lat' dir='ltr'><strong>suus</strong></span> <span class='ocrx_word' id='word_1_623' title='bbox 1623 5367 1802 5414; x_wconf 90' lang='lat' dir='ltr'><strong>tamen</strong></span> <span class='ocrx_word' id='word_1_624' title='bbox 1833 5360 2058 5417; x_wconf 65' lang='lat' dir='ltr'><strong>aemulus</strong></span> 
     </span>
    </p>
   </div>
   <div class='ocr_carea' id='block_1_93' title="bbox 479 5440 2059 5520">
    <p class='ocr_par' dir='ltr' id='par_1_93' title="bbox 479 5440 2059 5520">
     <span class='ocr_line' id='line_1_94' title="bbox 479 5440 2059 5520; baseline 0.007 -25"><span class='ocrx_word' id='word_1_625' title='bbox 479 5440 758 5496; x_wconf 88' lang='lat' dir='ltr'><strong>ultroneus</strong></span> <span class='ocrx_word' id='word_1_626' title='bbox 799 5441 929 5514; x_wconf 86' lang='lat' dir='ltr'><strong>egit,</strong></span> <span class='ocrx_word' id='word_1_627' title='bbox 975 5445 1066 5513; x_wconf 89' lang='lat' dir='ltr'><strong>qui</strong></span> <span class='ocrx_word' id='word_1_628' title='bbox 1110 5445 1307 5516; x_wconf 88' lang='lat' dir='ltr'><strong>injuste</strong></span> <span class='ocrx_word' id='word_1_629' title='bbox 1355 5447 1498 5503; x_wconf 85' lang='lat' dir='ltr'><strong>illius</strong></span> <span class='ocrx_word' id='word_1_630' title='bbox 1543 5450 1829 5504; x_wconf 87' lang='lat' dir='ltr'><strong>ecclesiam</strong></span> <span class='ocrx_word' id='word_1_631' title='bbox 1876 5450 2059 5520; x_wconf 53' lang='lat' dir='ltr'><strong>praeri-</strong></span> 
     </span>
    </p>
   </div>
   <div class='ocr_carea' id='block_1_94' title="bbox 481 5533 2055 5608">
    <p class='ocr_par' dir='ltr' id='par_1_94' title="bbox 481 5533 2055 5608">
     <span class='ocr_line' id='line_1_95' title="bbox 481 5533 2055 5608; baseline 0.009 -24"><span class='ocrx_word' id='word_1_632' title='bbox 481 5533 616 5602; x_wconf 90' lang='lat' dir='ltr'><strong>puit.</strong></span> <span class='ocrx_word' id='word_1_633' title='bbox 691 5533 897 5591; x_wconf 84' lang='lat' dir='ltr'><strong>idcirco</strong></span> <span class='ocrx_word' id='word_1_634' title='bbox 969 5551 1291 5608; x_wconf 85' lang='lat' dir='ltr'><strong>magnopere</strong></span> <span class='ocrx_word' id='word_1_635' title='bbox 1361 5556 1644 5597; x_wconf 87' lang='lat' dir='ltr'><strong>monentus</strong></span> <span class='ocrx_word' id='word_1_636' title='bbox 1695 5544 2055 5598; x_wconf 90' lang='lat' dir='ltr'><strong>reverentiam</strong></span> 
     </span>
    </p>
   </div>
   <div class='ocr_carea' id='block_1_95' title="bbox 479 5626 2051 5700">
    <p class='ocr_par' dir='ltr' id='par_1_95' title="bbox 479 5626 2051 5700">
     <span class='ocr_line' id='line_1_96' title="bbox 479 5626 2051 5700; baseline 0.008 -24"><span class='ocrx_word' id='word_1_637' title='bbox 479 5627 651 5691; x_wconf 86' lang='lat' dir='ltr'><strong>tuam,</strong></span> <span class='ocrx_word' id='word_1_638' title='bbox 698 5633 755 5679; x_wconf 90' lang='lat' dir='ltr'><strong>ut</strong></span> <span class='ocrx_word' id='word_1_639' title='bbox 798 5626 961 5681; x_wconf 87' lang='lat' dir='ltr'><strong>etiam</strong></span> <span class='ocrx_word' id='word_1_640' title='bbox 1004 5641 1145 5697; x_wconf 53' lang='lat' dir='ltr'><strong>quas,</strong></span> <span class='ocrx_word' id='word_1_641' title='bbox 1180 5636 1232 5684; x_wconf 91' lang='lat' dir='ltr'><strong>te</strong></span> <span class='ocrx_word' id='word_1_642' title='bbox 1260 5627 1398 5684; x_wconf 88' lang='lat' dir='ltr'><strong>forte</strong></span> <span class='ocrx_word' id='word_1_643' title='bbox 1444 5631 1747 5700; x_wconf 85' lang='lat' dir='ltr'><strong>ignorante,</strong></span> <span class='ocrx_word' id='word_1_644' title='bbox 1799 5631 2051 5689; x_wconf 83' lang='lat' dir='ltr'><strong>Gieziaca</strong></span> 
     </span>
    </p>
   </div>
   <div class='ocr_carea' id='block_1_96' title="bbox 2155 4513 3736 4589">
    <p class='ocr_par' dir='ltr' id='par_1_96' title="bbox 2155 4513 3736 4589">
     <span class='ocr_line' id='line_1_97' title="bbox 2155 4513 3736 4589; baseline -0.002 -15"><span class='ocrx_word' id='word_1_645' title='bbox 2155 4517 2319 4574; x_wconf 84' lang='lat' dir='ltr'><strong>fuerit</strong></span> <span class='ocrx_word' id='word_1_646' title='bbox 2341 4516 2675 4589; x_wconf 68' lang='lat' dir='ltr'><strong>poenitentiae</strong></span> <span class='ocrx_word' id='word_1_647' title='bbox 2706 4515 2884 4581; x_wconf 88' lang='lat' dir='ltr'><strong>labor,</strong></span> <span class='ocrx_word' id='word_1_648' title='bbox 2913 4514 3280 4569; x_wconf 89' lang='lat' dir='ltr'><strong>communioni</strong></span> <span class='ocrx_word' id='word_1_649' title='bbox 3308 4513 3548 4569; x_wconf 74' lang='lat' dir='ltr'><strong>fidelium</strong></span> <span class='ocrx_word' id='word_1_650' title='bbox 3578 4513 3736 4571; x_wconf 76' lang='lat' dir='ltr'><strong>resti-</strong></span> 
     </span>
    </p>
   </div>
   <div class='ocr_carea' id='block_1_97' title="bbox 2158 4604 3737 4678">
    <p class='ocr_par' dir='ltr' id='par_1_97' title="bbox 2158 4604 3737 4678">
     <span class='ocr_line' id='line_1_98' title="bbox 2158 4604 3737 4678; baseline -0.003 -12"><span class='ocrx_word' id='word_1_651' title='bbox 2158 4618 2400 4675; x_wconf 87' lang='lat' dir='ltr'><strong>tuantur,</strong></span> <span class='ocrx_word' id='word_1_652' title='bbox 2435 4616 2652 4678; x_wconf 77' lang='lat' dir='ltr'><strong>tutaque</strong></span> <span class='ocrx_word' id='word_1_653' title='bbox 2687 4606 2884 4662; x_wconf 87' lang='lat' dir='ltr'><strong>mentis</strong></span> <span class='ocrx_word' id='word_1_654' title='bbox 2922 4605 3223 4663; x_wconf 88' lang='lat' dir='ltr'><strong>intentione</strong></span> <span class='ocrx_word' id='word_1_655' title='bbox 3250 4606 3579 4676; x_wconf 85' lang='lat' dir='ltr'><strong>spondentes</strong></span> <span class='ocrx_word' id='word_1_656' title='bbox 3609 4604 3737 4661; x_wconf 77' lang='lat' dir='ltr'><strong>talia</strong></span> 
     </span>
    </p>
   </div>
   <div class='ocr_carea' id='block_1_98' title="bbox 2146 4686 3739 4770">
    <p class='ocr_par' dir='ltr' id='par_1_98' title="bbox 2146 4686 3739 4770">
     <span class='ocr_line' id='line_1_99' title="bbox 2146 4686 3739 4770; baseline -0.006 -11"><span class='ocrx_word' id='word_1_657' title='bbox 2146 4718 2218 4761; x_wconf 84' lang='lat' dir='ltr'><strong>.se</strong></span> <span class='ocrx_word' id='word_1_658' title='bbox 2242 4686 2783 4770; x_wconf 78' lang='lat' dir='ltr'><strong>ulterius-nunquam</strong></span> <span class='ocrx_word' id='word_1_659' title='bbox 2822 4697 3084 4763; x_wconf 89' lang='lat' dir='ltr'><strong>facturos,</strong></span> <span class='ocrx_word' id='word_1_660' title='bbox 3117 4711 3313 4767; x_wconf 83' lang='lat' dir='ltr'><strong>corpus</strong></span> <span class='ocrx_word' id='word_1_661' title='bbox 3339 4704 3397 4752; x_wconf 90' lang='lat' dir='ltr'><strong>et</strong></span> <span class='ocrx_word' id='word_1_662' title='bbox 3419 4696 3739 4768; x_wconf 73' lang='lat' dir='ltr'><strong>sanguinem</strong></span> 
     </span>
    </p>
   </div>
   <div class='ocr_carea' id='block_1_99' title="bbox 2157 4788 3738 4860">
    <p class='ocr_par' dir='ltr' id='par_1_99' title="bbox 2157 4788 3738 4860">
     <span class='ocr_line' id='line_1_100' title="bbox 2157 4788 3738 4860; baseline -0.006 -8"><span class='ocrx_word' id='word_1_663' title='bbox 2157 4792 2372 4855; x_wconf 83' lang='lat' dir='ltr'><strong>Domini</strong></span> <span class='ocrx_word' id='word_1_664' title='bbox 2400 4790 2674 4860; x_wconf 84' lang='lat' dir='ltr'><strong>suscipere</strong></span> <span class='ocrx_word' id='word_1_665' title='bbox 2701 4797 3047 4846; x_wconf 86' lang='lat' dir='ltr'><strong>mereantur:</strong></span> <span class='ocrx_word' id='word_1_666' title='bbox 3070 4797 3126 4844; x_wconf 88' lang='lat' dir='ltr'><strong>et</strong></span> <span class='ocrx_word' id='word_1_667' title='bbox 3152 4802 3323 4860; x_wconf 86' lang='lat' dir='ltr'><strong>usque</strong></span> <span class='ocrx_word' id='word_1_668' title='bbox 3353 4789 3422 4851; x_wconf 87' lang='lat' dir='ltr'><strong>ad</strong></span> <span class='ocrx_word' id='word_1_669' title='bbox 3448 4788 3738 4859; x_wconf 84' lang='lat' dir='ltr'><strong>septimum</strong></span> 
     </span>
    </p>
   </div>
   <div class='ocr_carea' id='block_1_100' title="bbox 2159 4878 3741 4948">
    <p class='ocr_par' dir='ltr' id='par_1_100' title="bbox 2159 4878 3741 4948">
     <span class='ocr_line' id='line_1_101' title="bbox 2159 4878 3741 4948; baseline -0.005 -9"><span class='ocrx_word' id='word_1_670' title='bbox 2159 4897 2382 4948; x_wconf 83' lang='lat' dir='ltr'><strong>annum,</strong></span> <span class='ocrx_word' id='word_1_671' title='bbox 2418 4882 2593 4937; x_wconf 86' lang='lat' dir='ltr'><strong>tribus</strong></span> <span class='ocrx_word' id='word_1_672' title='bbox 2630 4881 2687 4934; x_wconf 91' lang='lat' dir='ltr'><strong>in</strong></span> <span class='ocrx_word' id='word_1_673' title='bbox 2724 4879 3059 4935; x_wconf 73' lang='lat' dir='ltr'><strong>hebdomade</strong></span> <span class='ocrx_word' id='word_1_674' title='bbox 3105 4878 3314 4945; x_wconf 87' lang='lat' dir='ltr'><strong>diebus,</strong></span> <span class='ocrx_word' id='word_1_675' title='bbox 3343 4878 3463 4935; x_wconf 88' lang='lat' dir='ltr'><strong>sine</strong></span> <span class='ocrx_word' id='word_1_676' title='bbox 3486 4892 3585 4935; x_wconf 85' lang='lat' dir='ltr'><strong>esu</strong></span> <span class='ocrx_word' id='word_1_677' title='bbox 3620 4891 3741 4941; x_wconf 81' lang='lat' dir='ltr'><strong>car-</strong></span> 
     </span>
    </p>
   </div>
   <div class='ocr_carea' id='block_1_101' title="bbox 2161 4967 3494 5042">
    <p class='ocr_par' dir='ltr' id='par_1_101' title="bbox 2161 4967 3494 5042">
     <span class='ocr_line' id='line_1_102' title="bbox 2161 4967 3494 5042; baseline -0.005 -11"><span class='ocrx_word' id='word_1_678' title='bbox 2161 4973 2310 5033; x_wconf 84' lang='lat' dir='ltr'><strong>nium</strong></span> <span class='ocrx_word' id='word_1_679' title='bbox 2340 4982 2398 5029; x_wconf 90' lang='lat' dir='ltr'><strong>et</strong></span> <span class='ocrx_word' id='word_1_680' title='bbox 2421 4972 2529 5026; x_wconf 88' lang='lat' dir='ltr'><strong>vini</strong></span> <span class='ocrx_word' id='word_1_681' title='bbox 2554 4970 2826 5042; x_wconf 88' lang='lat' dir='ltr'><strong>potatione</strong></span> <span class='ocrx_word' id='word_1_682' title='bbox 2862 4976 3118 5024; x_wconf 88' lang='lat' dir='ltr'><strong>maneant</strong></span> <span class='ocrx_word' id='word_1_683' title='bbox 3145 4967 3494 5039; x_wconf 78' lang='lat' dir='ltr'><strong>poenitentes.</strong></span> 
     </span>
    </p>
   </div>
   <div class='ocr_carea' id='block_1_102' title="bbox 2331 5183 3574 5229">
    <p class='ocr_par' dir='ltr' id='par_1_102' title="bbox 2331 5183 3574 5229">
     <span class='ocr_line' id='line_1_103' title="bbox 2331 5183 3574 5229; baseline -0.003 -2"><span class='ocrx_word' id='word_1_684' title='bbox 2331 5188 2399 5227; x_wconf 70' lang='lat' dir='ltr'><strong>AD</strong></span> <span class='ocrx_word' id='word_1_685' title='bbox 2434 5185 2671 5229; x_wconf 66' lang='grc' dir='ltr'><strong>ιοιιιιςιιι</strong></span> <span class='ocrx_word' id='word_1_686' title='bbox 2708 5184 3159 5229; x_wconf 60' lang='grc' dir='ltr'><strong>ΔΜΗΙΕΡΙΒΩΘΡΙῘΙ</strong></span> <span class='ocrx_word' id='word_1_687' title='bbox 3197 5183 3574 5225; x_wconf 61' lang='grc' dir='ltr'><strong>ιιλνειιΝΑι-ιι.</strong></span> 
     </span>
    </p>
   </div>
   <div class='ocr_carea' id='block_1_103' title="bbox 2520 5261 3391 5335">
    <p class='ocr_par' dir='ltr' id='par_1_103' title="bbox 2520 5261 3391 5335">
     <span class='ocr_line' id='line_1_104' title="bbox 2520 5261 3391 5335; baseline -0.002 -17"><span class='ocrx_word' id='word_1_688' title='bbox 2520 5264 2925 5333; x_wconf 80' lang='lat' dir='ltr'><strong>Fragmentum.</strong></span> <span class='ocrx_word' id='word_1_689' title='bbox 2944 5292 3016 5304; x_wconf 89' lang='lat'><strong>—-</strong></span> <span class='ocrx_word' id='word_1_690' title='bbox 3035 5262 3217 5335; x_wconf 77' lang='lat' dir='ltr'><strong>(Anno</strong></span> <span class='ocrx_word' id='word_1_691' title='bbox 3239 5261 3391 5333; x_wconf 83' lang='lat'><strong>867.)</strong></span> 
     </span>
    </p>
   </div>
   <div class='ocr_carea' id='block_1_104' title="bbox 2476 5354 3419 5424">
    <p class='ocr_par' dir='ltr' id='par_1_104' title="bbox 2476 5354 3419 5424">
     <span class='ocr_line' id='line_1_105' title="bbox 2476 5354 3419 5424; baseline -0.007 -13"><span class='ocrx_word' id='word_1_692' title='bbox 2476 5356 2555 5411; x_wconf 85' lang='lat' dir='ltr'><strong>De</strong></span> <span class='ocrx_word' id='word_1_693' title='bbox 2600 5355 2913 5410; x_wconf 84' lang='lat' dir='ltr'><strong>catechismo</strong></span> <span class='ocrx_word' id='word_1_694' title='bbox 2963 5354 3419 5424; x_wconf 75' lang='lat' dir='ltr'><strong>baptizandorum.</strong></span> 
     </span>
    </p>
   </div>
   <div class='ocr_carea' id='block_1_105' title="bbox 2623 5442 3283 5519">
    <p class='ocr_par' dir='ltr' id='par_1_105' title="bbox 2623 5442 3283 5519">
     <span class='ocr_line' id='line_1_106' title="bbox 2623 5442 3283 5519; baseline -0.003 -19"><span class='ocrx_word' id='word_1_695' title='bbox 2623 5446 2799 5519; x_wconf 74' lang='lat' dir='ltr'><strong>[Apud</strong></span> <span class='ocrx_word' id='word_1_696' title='bbox 2832 5445 3070 5510; x_wconf 89' lang='lat' dir='ltr'><strong>lvonem,</strong></span> <span class='ocrx_word' id='word_1_697' title='bbox 3102 5459 3141 5510; x_wconf 89' lang='grc' dir='ltr'><strong>ι,</strong></span> <span class='ocrx_word' id='word_1_698' title='bbox 3168 5442 3283 5515; x_wconf 85' lang='grc'><strong>87.]</strong></span> 
     </span>
    </p>
   </div>
   <div class='ocr_carea' id='block_1_106' title="bbox 2230 5524 3620 5609">
    <p class='ocr_par' dir='ltr' id='par_1_106' title="bbox 2230 5524 3620 5609">
     <span class='ocr_line' id='line_1_107' title="bbox 2230 5524 3620 5609; baseline -0.005 -16"><span class='ocrx_word' id='word_1_699' title='bbox 2230 5524 2499 5595; x_wconf 64' lang='grc' dir='ltr'><strong>Νιυοιιλυε</strong></span> <span class='ocrx_word' id='word_1_700' title='bbox 2524 5554 2659 5609; x_wconf 90' lang='lat' dir='ltr'><strong>papa</strong></span> <span class='ocrx_word' id='word_1_701' title='bbox 2683 5535 2872 5594; x_wconf 60' lang='lat' dir='ltr'><strong>iamut</strong></span> <span class='ocrx_word' id='word_1_702' title='bbox 2898 5536 3304 5606; x_wconf 86' lang='lat' dir='ltr'><strong>archiepiscopo</strong></span> <span class='ocrx_word' id='word_1_703' title='bbox 3330 5534 3620 5590; x_wconf 54' lang='lat' dir='ltr'><strong>Ravenna:</strong></span> 
     </span>
    </p>
   </div>
   <div class='ocr_carea' id='block_1_107' title="bbox 2231 5625 3750 5702">
    <p class='ocr_par' dir='ltr' id='par_1_107' title="bbox 2231 5625 3750 5702">
     <span class='ocr_line' id='line_1_108' title="bbox 2231 5625 3750 5702; baseline -0.005 -15"><span class='ocrx_word' id='word_1_704' title='bbox 2231 5631 2558 5688; x_wconf 89' lang='lat' dir='ltr'><strong>Catechismi</strong></span> <span class='ocrx_word' id='word_1_705' title='bbox 2591 5631 3041 5702; x_wconf 77' lang='lat' dir='ltr'><strong>baptizandorum</strong></span> <span class='ocrx_word' id='word_1_706' title='bbox 3086 5644 3117 5684; x_wconf 87' lang='lat' dir='ltr'><strong>a</strong></span> <span class='ocrx_word' id='word_1_707' title='bbox 3140 5625 3513 5687; x_wconf 82' lang='lat' dir='ltr'><strong>sacerdotibus</strong></span> <span class='ocrx_word' id='word_1_708' title='bbox 3555 5625 3750 5683; x_wconf 83' lang='lat' dir='ltr'><strong>unius-</strong></span> 
     </span>
    </p>
   </div>
  </div>
