  <div class='ocr_page' id='page_1' title='image "/cluster/home/n/w/nwhite01/storage/ocr_20150623/119/hvd.32044015466915/568.png"; bbox 0 0 4060 6338; ppageno 0'>
   <div class='ocr_carea' id='block_1_1' title="bbox 359 248 3612 354">
    <p class='ocr_par' dir='ltr' id='par_1_1' title="bbox 359 248 3612 354">
     <span class='ocr_line' id='line_1_1' title="bbox 359 248 3612 354; baseline 0.009 -44"><span class='ocrx_word' id='word_1_1' title='bbox 359 248 496 311; x_wconf 75' lang='lat' dir='ltr'><strong>H25</strong></span> <span class='ocrx_word' id='word_1_2' title='bbox 1561 265 1918 323; x_wconf 65' lang='grc' dir='ltr'><strong>ΕΙ)ΙὸΤοιῶ</strong></span> <span class='ocrx_word' id='word_1_3' title='bbox 1961 267 2048 321; x_wconf 86' lang='grc' dir='ltr'><strong>ΕΤ</strong></span> <span class='ocrx_word' id='word_1_4' title='bbox 2087 267 2424 325; x_wconf 74' lang='lat' dir='ltr'><strong>DECRETA.</strong></span> <span class='ocrx_word' id='word_1_5' title='bbox 2915 319 2952 354; x_wconf 61' lang='grc' dir='ltr'><strong><em>ο</em></strong></span> <span class='ocrx_word' id='word_1_6' title='bbox 3472 283 3496 337; x_wconf 75' lang='lat' dir='ltr'><strong>‘l</strong></span> <span class='ocrx_word' id='word_1_7' title='bbox 3513 284 3612 338; x_wconf 69' lang='grc'><strong>126</strong></span> 
     </span>
    </p>
   </div>
   <div class='ocr_carea' id='block_1_2' title="bbox 351 370 3616 460">
    <p class='ocr_par' dir='ltr' id='par_1_2' title="bbox 351 370 3616 460">
     <span class='ocr_line' id='line_1_2' title="bbox 351 370 3616 460; baseline 0.006 -32"><span class='ocrx_word' id='word_1_8' title='bbox 351 370 614 443; x_wconf 84' lang='lat' dir='ltr'><strong>cujusque</strong></span> <span class='ocrx_word' id='word_1_9' title='bbox 651 373 896 430; x_wconf 77' lang='lat' dir='ltr'><strong>ecclesia:</strong></span> <span class='ocrx_word' id='word_1_10' title='bbox 937 386 1160 445; x_wconf 87' lang='lat' dir='ltr'><strong>possunt</strong></span> <span class='ocrx_word' id='word_1_11' title='bbox 1186 377 1321 443; x_wconf 98' lang='lat' dir='ltr'><strong>ﬁeri,</strong></span> <span class='ocrx_word' id='word_1_12' title='bbox 1356 379 1494 433; x_wconf 89' lang='lat' dir='ltr'><strong>sicut</strong></span> <span class='ocrx_word' id='word_1_13' title='bbox 1531 380 1583 435; x_wconf 88' lang='lat' dir='ltr'><strong>iu</strong></span> <span class='ocrx_word' id='word_1_14' title='bbox 1613 389 1797 435; x_wconf 87' lang='lat' dir='ltr'><strong>sancta</strong></span> <span class='ocrx_word' id='word_1_15' title='bbox 1830 383 1929 434; x_wconf 89' lang='lat' dir='ltr'><strong>hac</strong></span> <span class='ocrx_word' id='word_1_16' title='bbox 1956 381 2003 442; x_wconf 82' lang='lat' dir='ltr'><strong>A</strong></span> <span class='ocrx_word' id='word_1_17' title='bbox 2032 389 2169 434; x_wconf 83' lang='lat' dir='ltr'><strong>ctum</strong></span> <span class='ocrx_word' id='word_1_18' title='bbox 2206 398 2382 436; x_wconf 86' lang='lat' dir='ltr'><strong>coram</strong></span> <span class='ocrx_word' id='word_1_19' title='bbox 2441 382 2565 438; x_wconf 84' lang='lat' dir='ltr'><strong>Deo.</strong></span> <span class='ocrx_word' id='word_1_20' title='bbox 2597 381 2960 441; x_wconf 69' lang='lat' dir='ltr'><strong>Paenitentiam</strong></span> <span class='ocrx_word' id='word_1_21' title='bbox 2987 389 3161 460; x_wconf 85' lang='lat' dir='ltr'><strong>itaque</strong></span> <span class='ocrx_word' id='word_1_22' title='bbox 3185 405 3281 460; x_wconf 85' lang='lat' dir='ltr'><strong>age</strong></span> <span class='ocrx_word' id='word_1_23' title='bbox 3307 391 3371 446; x_wconf 92' lang='lat' dir='ltr'><strong>ab</strong></span> <span class='ocrx_word' id='word_1_24' title='bbox 3400 394 3500 448; x_wconf 80' lang='lat' dir='ltr'><strong>hac</strong></span> <span class='ocrx_word' id='word_1_25' title='bbox 3520 409 3616 449; x_wconf 84' lang='lat' dir='ltr'><strong>ne-</strong></span> 
     </span>
    </p>
   </div>
   <div class='ocr_carea' id='block_1_3' title="bbox 354 460 3614 547">
    <p class='ocr_par' dir='ltr' id='par_1_3' title="bbox 354 460 3614 547">
     <span class='ocr_line' id='line_1_3' title="bbox 354 460 3614 547; baseline 0.007 -33"><span class='ocrx_word' id='word_1_26' title='bbox 354 460 614 529; x_wconf 77' lang='lat' dir='ltr'><strong>Romana,</strong></span> <span class='ocrx_word' id='word_1_27' title='bbox 643 465 728 519; x_wconf 91' lang='lat' dir='ltr'><strong>cui</strong></span> <span class='ocrx_word' id='word_1_28' title='bbox 754 465 864 521; x_wconf 87' lang='lat' dir='ltr'><strong>Deo</strong></span> <span class='ocrx_word' id='word_1_29' title='bbox 887 477 1108 523; x_wconf 90' lang='lat' dir='ltr'><strong>auctore</strong></span> <span class='ocrx_word' id='word_1_30' title='bbox 1132 469 1488 525; x_wconf 74' lang='lat' dir='ltr'><strong>ministerium</strong></span> <span class='ocrx_word' id='word_1_31' title='bbox 1516 470 1806 527; x_wconf 75' lang='lat' dir='ltr'><strong>famulatus</strong></span> <span class='ocrx_word' id='word_1_32' title='bbox 1836 487 1933 526; x_wconf 84' lang='lat' dir='ltr'><strong>no-</strong></span> <span class='ocrx_word' id='word_1_33' title='bbox 2030 473 2196 541; x_wconf 83' lang='lat' dir='ltr'><strong>quitia</strong></span> <span class='ocrx_word' id='word_1_34' title='bbox 2250 482 2365 535; x_wconf 87' lang='lat' dir='ltr'><strong>tua.</strong></span> <span class='ocrx_word' id='word_1_35' title='bbox 2399 481 2449 527; x_wconf 88' lang='lat' dir='ltr'><strong>et</strong></span> <span class='ocrx_word' id='word_1_36' title='bbox 2486 491 2610 543; x_wconf 83' lang='lat' dir='ltr'><strong>roga</strong></span> <span class='ocrx_word' id='word_1_37' title='bbox 2659 475 2847 542; x_wconf 84' lang='lat' dir='ltr'><strong>Deum,</strong></span> <span class='ocrx_word' id='word_1_38' title='bbox 2897 486 2953 532; x_wconf 90' lang='lat' dir='ltr'><strong>ut</strong></span> <span class='ocrx_word' id='word_1_39' title='bbox 2991 479 3125 547; x_wconf 77' lang='lat' dir='ltr'><strong>forte</strong></span> <span class='ocrx_word' id='word_1_40' title='bbox 3177 483 3474 536; x_wconf 75' lang='lat' dir='ltr'><strong>remittatur</strong></span> <span class='ocrx_word' id='word_1_41' title='bbox 3513 483 3614 538; x_wconf 92' lang='lat' dir='ltr'><strong>tibi</strong></span> 
     </span>
    </p>
   </div>
   <div class='ocr_carea' id='block_1_4' title="bbox 349 554 1929 634">
    <p class='ocr_par' dir='ltr' id='par_1_4' title="bbox 349 554 1929 634">
     <span class='ocr_line' id='line_1_4' title="bbox 349 554 1929 634; baseline 0.008 -28"><span class='ocrx_word' id='word_1_42' title='bbox 349 554 451 608; x_wconf 90' lang='lat' dir='ltr'><strong>stri</strong></span> <span class='ocrx_word' id='word_1_43' title='bbox 497 556 837 624; x_wconf 79' lang='lat' dir='ltr'><strong>exhibemus,</strong></span> <span class='ocrx_word' id='word_1_44' title='bbox 865 557 1105 614; x_wconf 84' lang='lat' dir='ltr'><strong>Ecclesia</strong></span> <span class='ocrx_word' id='word_1_45' title='bbox 1156 559 1469 616; x_wconf 87' lang='lat' dir='ltr'><strong>solemniter</strong></span> <span class='ocrx_word' id='word_1_46' title='bbox 1515 563 1632 618; x_wconf 89' lang='lat' dir='ltr'><strong>ﬁeri</strong></span> <span class='ocrx_word' id='word_1_47' title='bbox 1676 579 1929 634; x_wconf 88' lang='lat' dir='ltr'><strong>compro-</strong></span> 
     </span>
    </p>
   </div>
   <div class='ocr_carea' id='block_1_5' title="bbox 352 641 532 698">
    <p class='ocr_par' dir='ltr' id='par_1_5' title="bbox 352 641 532 698">
     <span class='ocr_line' id='line_1_5' title="bbox 352 641 532 698; baseline 0.017 -3"><span class='ocrx_word' id='word_1_48' title='bbox 352 641 532 698; x_wconf 88' lang='lat' dir='ltr'><strong>batur.</strong></span> 
     </span>
    </p>
   </div>
   <div class='ocr_carea' id='block_1_6' title="bbox 1025 740 1260 798">
    <p class='ocr_par' dir='ltr' id='par_1_6' title="bbox 1025 740 1260 798">
     <span class='ocr_line' id='line_1_6' title="bbox 1025 740 1260 798; baseline -0.004 -1"><span class='ocrx_word' id='word_1_49' title='bbox 1025 740 1260 798; x_wconf 90' lang='lat' dir='ltr'><strong>CXXIV.</strong></span> 
     </span>
    </p>
   </div>
   <div class='ocr_carea' id='block_1_7' title="bbox 524 841 1760 888">
    <p class='ocr_par' dir='ltr' id='par_1_7' title="bbox 524 841 1760 888">
     <span class='ocr_line' id='line_1_7' title="bbox 524 841 1760 888; baseline 0.006 -9"><span class='ocrx_word' id='word_1_50' title='bbox 524 841 590 880; x_wconf 79' lang='lat' dir='ltr'><strong>AD</strong></span> <span class='ocrx_word' id='word_1_51' title='bbox 627 842 862 884; x_wconf 69' lang='lat' dir='ltr'><strong>JOANNEI</strong></span> <span class='ocrx_word' id='word_1_52' title='bbox 903 845 1350 888; x_wconf 74' lang='grc' dir='ltr'><strong>Αιιεωειηεοορυιι</strong></span> <span class='ocrx_word' id='word_1_53' title='bbox 1390 848 1760 888; x_wconf 70' lang='lat' dir='ltr'><strong>RAVENNATEII.</strong></span> 
     </span>
    </p>
   </div>
   <div class='ocr_carea' id='block_1_8' title="bbox 930 940 1284 1015">
    <p class='ocr_par' dir='ltr' id='par_1_8' title="bbox 930 940 1284 1015">
     <span class='ocr_line' id='line_1_8' title="bbox 930 940 1284 1015; baseline 0 -19"><span class='ocrx_word' id='word_1_54' title='bbox 930 940 1106 1010; x_wconf 89' lang='lat' dir='ltr'><strong>(Anno</strong></span> <span class='ocrx_word' id='word_1_55' title='bbox 1135 943 1284 1015; x_wconf 87' lang='lat'><strong>867.)</strong></span> 
     </span>
    </p>
   </div>
   <div class='ocr_carea' id='block_1_9' title="bbox 349 1043 1925 1175">
    <p class='ocr_par' dir='ltr' id='par_1_9' title="bbox 349 1043 1925 1175">
     <span class='ocr_line' id='line_1_9' title="bbox 349 1043 1925 1136; baseline 0.008 -36"><span class='ocrx_word' id='word_1_56' title='bbox 349 1043 430 1103; x_wconf 86' lang='lat' dir='ltr'><strong>De</strong></span> <span class='ocrx_word' id='word_1_57' title='bbox 460 1047 564 1104; x_wconf 90' lang='lat' dir='ltr'><strong>illis</strong></span> <span class='ocrx_word' id='word_1_58' title='bbox 598 1052 704 1120; x_wconf 84' lang='lat' dir='ltr'><strong>qui,</strong></span> <span class='ocrx_word' id='word_1_59' title='bbox 739 1052 988 1106; x_wconf 73' lang='lat' dir='ltr'><strong>uxoribus</strong></span> <span class='ocrx_word' id='word_1_60' title='bbox 1023 1055 1148 1135; x_wconf 44' lang='lat' dir='ltr'><strong>suis.</strong></span> <span class='ocrx_word' id='word_1_61' title='bbox 1164 1055 1416 1136; x_wconf 72' lang='lat' dir='ltr'><strong>dimissis,</strong></span> <span class='ocrx_word' id='word_1_62' title='bbox 1446 1071 1513 1109; x_wconf 77' lang='lat' dir='ltr'><strong>ac</strong></span> <span class='ocrx_word' id='word_1_63' title='bbox 1548 1056 1682 1112; x_wconf 88' lang='lat' dir='ltr'><strong>alias</strong></span> <span class='ocrx_word' id='word_1_64' title='bbox 1719 1058 1925 1126; x_wconf 88' lang='lat' dir='ltr'><strong>nuptias</strong></span> 
     </span>
     <span class='ocr_line' id='line_1_10' title="bbox 980 1131 1302 1175; baseline 0 0"><span class='ocrx_word' id='word_1_65' title='bbox 980 1131 1302 1175; x_wconf 74' lang='lat' dir='ltr'><strong>transierint.</strong></span> 
     </span>
    </p>
   </div>
   <div class='ocr_carea' id='block_1_10' title="bbox 1005 1133 1302 1179">
    <p class='ocr_par' dir='ltr' id='par_1_10' title="bbox 1005 1133 1302 1179">
     <span class='ocr_line' id='line_1_11' title="bbox 1005 1133 1302 1179; baseline 0.003 -3"><span class='ocrx_word' id='word_1_66' title='bbox 1005 1133 1282 1179; x_wconf 82' lang='lat' dir='ltr'><strong>ransierint</strong></span> <span class='ocrx_word' id='word_1_67' title='bbox 1290 1164 1302 1176; x_wconf 89' lang='lat'><strong>.</strong></span> 
     </span>
    </p>
   </div>
   <div class='ocr_carea' id='block_1_11' title="bbox 915 1233 1392 1310">
    <p class='ocr_par' dir='ltr' id='par_1_11' title="bbox 915 1233 1392 1310">
     <span class='ocr_line' id='line_1_12' title="bbox 915 1233 1392 1310; baseline 0.008 -22"><span class='ocrx_word' id='word_1_68' title='bbox 915 1233 1002 1290; x_wconf 91' lang='lat' dir='ltr'><strong>lvo</strong></span> <span class='ocrx_word' id='word_1_69' title='bbox 1021 1277 1034 1301; x_wconf 88' lang='lat'><strong>,</strong></span> <span class='ocrx_word' id='word_1_70' title='bbox 1067 1252 1162 1292; x_wconf 86' lang='lat' dir='ltr'><strong>vm</strong></span> <span class='ocrx_word' id='word_1_71' title='bbox 1182 1278 1196 1302; x_wconf 93' lang='lat'><strong>,</strong></span> <span class='ocrx_word' id='word_1_72' title='bbox 1231 1236 1392 1310; x_wconf 74' lang='lat' dir='ltr'><strong>22L]</strong></span> 
     </span>
    </p>
   </div>
   <div class='ocr_carea' id='block_1_12' title="bbox 422 1331 1443 1418">
    <p class='ocr_par' dir='ltr' id='par_1_12' title="bbox 422 1331 1443 1418">
     <span class='ocr_line' id='line_1_13' title="bbox 422 1331 1443 1418; baseline 0.008 -24"><span class='ocrx_word' id='word_1_73' title='bbox 422 1331 685 1399; x_wconf 71' lang='lat' dir='ltr'><strong>NICOLAUS</strong></span> <span class='ocrx_word' id='word_1_74' title='bbox 719 1344 1125 1418; x_wconf 84' lang='lat' dir='ltr'><strong>archiepiscopo</strong></span> <span class='ocrx_word' id='word_1_75' title='bbox 1153 1349 1443 1405; x_wconf 71' lang='lat' dir='ltr'><strong>Raveunm.</strong></span> 
     </span>
    </p>
   </div>
   <div class='ocr_carea' id='block_1_13' title="bbox 419 1421 1924 1508">
    <p class='ocr_par' dir='ltr' id='par_1_13' title="bbox 419 1421 1924 1508">
     <span class='ocr_line' id='line_1_14' title="bbox 419 1421 1924 1508; baseline 0.01 -24"><span class='ocrx_word' id='word_1_76' title='bbox 419 1421 495 1485; x_wconf 90' lang='lat' dir='ltr'><strong>De</strong></span> <span class='ocrx_word' id='word_1_77' title='bbox 524 1434 788 1488; x_wconf 83' lang='lat' dir='ltr'><strong>senatoris</strong></span> <span class='ocrx_word' id='word_1_78' title='bbox 827 1435 1076 1506; x_wconf 76' lang='lat' dir='ltr'><strong>conjuge,</strong></span> <span class='ocrx_word' id='word_1_79' title='bbox 1107 1454 1268 1508; x_wconf 88' lang='lat' dir='ltr'><strong>quam</strong></span> <span class='ocrx_word' id='word_1_80' title='bbox 1316 1439 1613 1495; x_wconf 77' lang='lat' dir='ltr'><strong>alulteram</strong></span> <span class='ocrx_word' id='word_1_81' title='bbox 1644 1456 1764 1498; x_wconf 90' lang='lat' dir='ltr'><strong>esse</strong></span> <span class='ocrx_word' id='word_1_82' title='bbox 1793 1441 1924 1498; x_wconf 84' lang='lat' dir='ltr'><strong>dici-</strong></span> 
     </span>
    </p>
   </div>
   <div class='ocr_carea' id='block_1_14' title="bbox 346 1520 1924 1603">
    <p class='ocr_par' dir='ltr' id='par_1_14' title="bbox 346 1520 1924 1603">
     <span class='ocr_line' id='line_1_15' title="bbox 346 1520 1924 1603; baseline 0.011 -29"><span class='ocrx_word' id='word_1_83' title='bbox 346 1520 440 1585; x_wconf 83' lang='lat' dir='ltr'><strong>lis,</strong></span> <span class='ocrx_word' id='word_1_84' title='bbox 479 1530 528 1576; x_wconf 91' lang='lat' dir='ltr'><strong>et</strong></span> <span class='ocrx_word' id='word_1_85' title='bbox 572 1531 793 1593; x_wconf 84' lang='lat' dir='ltr'><strong>propter</strong></span> <span class='ocrx_word' id='word_1_86' title='bbox 830 1526 1082 1583; x_wconf 88' lang='lat' dir='ltr'><strong>adulterii</strong></span> <span class='ocrx_word' id='word_1_87' title='bbox 1122 1539 1332 1586; x_wconf 88' lang='lat' dir='ltr'><strong>reatum</strong></span> <span class='ocrx_word' id='word_1_88' title='bbox 1375 1531 1696 1603; x_wconf 88' lang='lat' dir='ltr'><strong>disjunctam</strong></span> <span class='ocrx_word' id='word_1_89' title='bbox 1736 1549 1766 1589; x_wconf 90' lang='lat' dir='ltr'><strong>a</strong></span> <span class='ocrx_word' id='word_1_90' title='bbox 1805 1535 1924 1591; x_wconf 90' lang='lat' dir='ltr'><strong>viro</strong></span> 
     </span>
    </p>
   </div>
   <div class='ocr_carea' id='block_1_15' title="bbox 341 1610 1921 1691">
    <p class='ocr_par' dir='ltr' id='par_1_15' title="bbox 341 1610 1921 1691">
     <span class='ocr_line' id='line_1_16' title="bbox 341 1610 1921 1691; baseline 0.011 -28"><span class='ocrx_word' id='word_1_91' title='bbox 341 1622 444 1664; x_wconf 84' lang='lat' dir='ltr'><strong>suo</strong></span> <span class='ocrx_word' id='word_1_92' title='bbox 467 1625 586 1668; x_wconf 89' lang='lat' dir='ltr'><strong>esse</strong></span> <span class='ocrx_word' id='word_1_93' title='bbox 603 1610 923 1681; x_wconf 77' lang='lat' dir='ltr'><strong>iudicatam,</strong></span> <span class='ocrx_word' id='word_1_94' title='bbox 948 1625 1006 1673; x_wconf 89' lang='lat' dir='ltr'><strong>et</strong></span> <span class='ocrx_word' id='word_1_95' title='bbox 1030 1620 1400 1677; x_wconf 83' lang='lat' dir='ltr'><strong>monachicam</strong></span> <span class='ocrx_word' id='word_1_96' title='bbox 1427 1631 1631 1679; x_wconf 82' lang='lat' dir='ltr'><strong>vestem</strong></span> <span class='ocrx_word' id='word_1_97' title='bbox 1657 1623 1921 1691; x_wconf 86' lang='lat' dir='ltr'><strong>indutam,</strong></span> 
     </span>
    </p>
   </div>
   <div class='ocr_carea' id='block_1_16' title="bbox 345 1705 1922 1786">
    <p class='ocr_par' dir='ltr' id='par_1_16' title="bbox 345 1705 1922 1786">
     <span class='ocr_line' id='line_1_17' title="bbox 345 1705 1922 1786; baseline 0.011 -30"><span class='ocrx_word' id='word_1_98' title='bbox 345 1713 508 1774; x_wconf 88' lang='lat' dir='ltr'><strong>atque</strong></span> <span class='ocrx_word' id='word_1_99' title='bbox 535 1705 797 1775; x_wconf 83' lang='lat' dir='ltr'><strong>velatam,</strong></span> <span class='ocrx_word' id='word_1_100' title='bbox 834 1712 1107 1770; x_wconf 90' lang='lat' dir='ltr'><strong>nescimus</strong></span> <span class='ocrx_word' id='word_1_101' title='bbox 1140 1721 1321 1770; x_wconf 92' lang='lat' dir='ltr'><strong>utrum</strong></span> <span class='ocrx_word' id='word_1_102' title='bbox 1353 1713 1498 1786; x_wconf 89' lang='lat' dir='ltr'><strong>juste</strong></span> <span class='ocrx_word' id='word_1_103' title='bbox 1533 1733 1600 1772; x_wconf 90' lang='lat' dir='ltr'><strong>an</strong></span> <span class='ocrx_word' id='word_1_104' title='bbox 1639 1717 1794 1774; x_wconf 88' lang='lat' dir='ltr'><strong>aliter</strong></span> <span class='ocrx_word' id='word_1_105' title='bbox 1819 1719 1922 1776; x_wconf 91' lang='lat' dir='ltr'><strong>hoc</strong></span> 
     </span>
    </p>
   </div>
   <div class='ocr_carea' id='block_1_17' title="bbox 344 1795 1917 1883">
    <p class='ocr_par' dir='ltr' id='par_1_17' title="bbox 344 1795 1917 1883">
     <span class='ocr_line' id='line_1_18' title="bbox 344 1795 1917 1883; baseline 0.008 -29"><span class='ocrx_word' id='word_1_106' title='bbox 344 1796 417 1854; x_wconf 81' lang='lat' dir='ltr'><strong>sit</strong></span> <span class='ocrx_word' id='word_1_107' title='bbox 459 1795 817 1857; x_wconf 85' lang='lat' dir='ltr'><strong>terminatum</strong></span> <span class='ocrx_word' id='word_1_108' title='bbox 852 1801 1172 1872; x_wconf 87' lang='lat' dir='ltr'><strong>judicium,;</strong></span> <span class='ocrx_word' id='word_1_109' title='bbox 1213 1816 1268 1862; x_wconf 89' lang='lat' dir='ltr'><strong>et</strong></span> <span class='ocrx_word' id='word_1_110' title='bbox 1309 1809 1352 1863; x_wconf 88' lang='lat' dir='ltr'><strong>si</strong></span> <span class='ocrx_word' id='word_1_111' title='bbox 1380 1809 1618 1864; x_wconf 90' lang='lat' dir='ltr'><strong>adultera</strong></span> <span class='ocrx_word' id='word_1_112' title='bbox 1649 1813 1917 1883; x_wconf 87' lang='lat' dir='ltr'><strong>apparuit,</strong></span> 
     </span>
    </p>
   </div>
   <div class='ocr_carea' id='block_1_18' title="bbox 344 1887 1919 1968">
    <p class='ocr_par' dir='ltr' id='par_1_18' title="bbox 344 1887 1919 1968">
     <span class='ocr_line' id='line_1_19' title="bbox 344 1887 1919 1968; baseline 0.01 -28"><span class='ocrx_word' id='word_1_113' title='bbox 344 1887 449 1944; x_wconf 92' lang='lat' dir='ltr'><strong>hoc</strong></span> <span class='ocrx_word' id='word_1_114' title='bbox 485 1890 660 1962; x_wconf 87' lang='lat' dir='ltr'><strong>magis</strong></span> <span class='ocrx_word' id='word_1_115' title='bbox 689 1906 720 1946; x_wconf 89' lang='lat' dir='ltr'><strong>a</strong></span> <span class='ocrx_word' id='word_1_116' title='bbox 741 1892 858 1948; x_wconf 91' lang='lat' dir='ltr'><strong>viro</strong></span> <span class='ocrx_word' id='word_1_117' title='bbox 885 1909 984 1949; x_wconf 91' lang='lat' dir='ltr'><strong>suo</strong></span> <span class='ocrx_word' id='word_1_118' title='bbox 1012 1895 1195 1951; x_wconf 88' lang='lat' dir='ltr'><strong>debuit</strong></span> <span class='ocrx_word' id='word_1_119' title='bbox 1215 1912 1332 1953; x_wconf 88' lang='lat' dir='ltr'><strong>esse</strong></span> <span class='ocrx_word' id='word_1_120' title='bbox 1359 1898 1671 1968; x_wconf 90' lang='lat' dir='ltr'><strong>inquisitum</strong></span> <span class='ocrx_word' id='word_1_121' title='bbox 1699 1919 1712 1954; x_wconf 93' lang='lat'><strong>:</strong></span> <span class='ocrx_word' id='word_1_122' title='bbox 1738 1910 1793 1956; x_wconf 90' lang='lat' dir='ltr'><strong>et</strong></span> <span class='ocrx_word' id='word_1_123' title='bbox 1818 1902 1861 1956; x_wconf 91' lang='lat' dir='ltr'><strong>si</strong></span> <span class='ocrx_word' id='word_1_124' title='bbox 1891 1917 1919 1955; x_wconf 88' lang='lat' dir='ltr'><strong>a</strong></span> 
     </span>
    </p>
   </div>
   <div class='ocr_carea' id='block_1_19' title="bbox 341 1977 1920 2061">
    <p class='ocr_par' dir='ltr' id='par_1_19' title="bbox 341 1977 1920 2061">
     <span class='ocr_line' id='line_1_20' title="bbox 341 1977 1920 2061; baseline 0.01 -31"><span class='ocrx_word' id='word_1_125' title='bbox 341 1977 462 2033; x_wconf 84' lang='lat' dir='ltr'><strong>viro</strong></span> <span class='ocrx_word' id='word_1_126' title='bbox 498 1995 597 2035; x_wconf 91' lang='lat' dir='ltr'><strong>suo</strong></span> <span class='ocrx_word' id='word_1_127' title='bbox 630 1984 945 2052; x_wconf 88' lang='lat' dir='ltr'><strong>requisitum</strong></span> <span class='ocrx_word' id='word_1_128' title='bbox 987 1984 1113 2050; x_wconf 88' lang='lat' dir='ltr'><strong>fuit,</strong></span> <span class='ocrx_word' id='word_1_129' title='bbox 1154 1987 1529 2058; x_wconf 88' lang='lat' dir='ltr'><strong>indagatorum</strong></span> <span class='ocrx_word' id='word_1_130' title='bbox 1559 1990 1644 2046; x_wconf 91' lang='lat' dir='ltr'><strong>vel</strong></span> <span class='ocrx_word' id='word_1_131' title='bbox 1677 1990 1920 2061; x_wconf 92' lang='lat' dir='ltr'><strong>judicum</strong></span> 
     </span>
    </p>
   </div>
   <div class='ocr_carea' id='block_1_20' title="bbox 340 2073 1924 2152">
    <p class='ocr_par' dir='ltr' id='par_1_20' title="bbox 340 2073 1924 2152">
     <span class='ocr_line' id='line_1_21' title="bbox 340 2073 1924 2152; baseline 0.009 -28"><span class='ocrx_word' id='word_1_132' title='bbox 340 2073 625 2139; x_wconf 66' lang='lat' dir='ltr'><strong>prmsentia</strong></span> <span class='ocrx_word' id='word_1_133' title='bbox 665 2073 924 2131; x_wconf 85' lang='lat' dir='ltr'><strong>debuerat</strong></span> <span class='ocrx_word' id='word_1_134' title='bbox 965 2079 1332 2134; x_wconf 79' lang='lat' dir='ltr'><strong>examinatum</strong></span> <span class='ocrx_word' id='word_1_135' title='bbox 1367 2096 1506 2146; x_wconf 89' lang='lat' dir='ltr'><strong>esse,</strong></span> <span class='ocrx_word' id='word_1_136' title='bbox 1537 2092 1698 2152; x_wconf 89' lang='lat' dir='ltr'><strong>atque</strong></span> <span class='ocrx_word' id='word_1_137' title='bbox 1737 2085 1924 2140; x_wconf 81' lang='lat' dir='ltr'><strong>termi-</strong></span> 
     </span>
    </p>
   </div>
   <div class='ocr_carea' id='block_1_21' title="bbox 340 2167 1920 2241">
    <p class='ocr_par' dir='ltr' id='par_1_21' title="bbox 340 2167 1920 2241">
     <span class='ocr_line' id='line_1_22' title="bbox 340 2167 1920 2241; baseline 0.013 -30"><span class='ocrx_word' id='word_1_138' title='bbox 340 2167 528 2213; x_wconf 85' lang='lat' dir='ltr'><strong>natum</strong></span> <span class='ocrx_word' id='word_1_139' title='bbox 573 2178 586 2212; x_wconf 89' lang='lat'><strong>:</strong></span> <span class='ocrx_word' id='word_1_140' title='bbox 625 2170 681 2216; x_wconf 90' lang='lat' dir='ltr'><strong>et</strong></span> <span class='ocrx_word' id='word_1_141' title='bbox 724 2172 848 2233; x_wconf 89' lang='lat' dir='ltr'><strong>post</strong></span> <span class='ocrx_word' id='word_1_142' title='bbox 899 2168 1331 2223; x_wconf 84' lang='lat' dir='ltr'><strong>terminationem</strong></span> <span class='ocrx_word' id='word_1_143' title='bbox 1381 2179 1436 2225; x_wconf 91' lang='lat' dir='ltr'><strong>et</strong></span> <span class='ocrx_word' id='word_1_144' title='bbox 1478 2173 1920 2241; x_wconf 87' lang='lat' dir='ltr'><strong>approbationem</strong></span> 
     </span>
    </p>
   </div>
   <div class='ocr_carea' id='block_1_22' title="bbox 339 2254 1920 2332">
    <p class='ocr_par' dir='ltr' id='par_1_22' title="bbox 339 2254 1920 2332">
     <span class='ocr_line' id='line_1_23' title="bbox 339 2254 1920 2332; baseline 0.01 -29"><span class='ocrx_word' id='word_1_145' title='bbox 339 2257 503 2319; x_wconf 90' lang='lat' dir='ltr'><strong>atque</strong></span> <span class='ocrx_word' id='word_1_146' title='bbox 540 2254 1054 2322; x_wconf 89' lang='lat' dir='ltr'><strong>manifestationem,</strong></span> <span class='ocrx_word' id='word_1_147' title='bbox 1091 2269 1218 2315; x_wconf 91' lang='lat' dir='ltr'><strong>tunc</strong></span> <span class='ocrx_word' id='word_1_148' title='bbox 1255 2271 1348 2316; x_wconf 89' lang='lat' dir='ltr'><strong>aut</strong></span> <span class='ocrx_word' id='word_1_149' title='bbox 1391 2261 1544 2332; x_wconf 78' lang='lat' dir='ltr'><strong>legali</strong></span> <span class='ocrx_word' id='word_1_150' title='bbox 1587 2265 1797 2320; x_wconf 85' lang='lat' dir='ltr'><strong>calculo</strong></span> <span class='ocrx_word' id='word_1_151' title='bbox 1826 2272 1920 2320; x_wconf 88' lang='lat' dir='ltr'><strong>aut</strong></span> 
     </span>
    </p>
   </div>
   <div class='ocr_carea' id='block_1_23' title="bbox 339 2343 1911 2419">
    <p class='ocr_par' dir='ltr' id='par_1_23' title="bbox 339 2343 1911 2419">
     <span class='ocr_line' id='line_1_24' title="bbox 339 2343 1911 2419; baseline 0.011 -25"><span class='ocrx_word' id='word_1_152' title='bbox 339 2343 603 2398; x_wconf 90' lang='lat' dir='ltr'><strong>canonico</strong></span> <span class='ocrx_word' id='word_1_153' title='bbox 640 2345 844 2415; x_wconf 90' lang='lat' dir='ltr'><strong>judicio</strong></span> <span class='ocrx_word' id='word_1_154' title='bbox 894 2350 1062 2419; x_wconf 88' lang='lat' dir='ltr'><strong>ipsius</strong></span> <span class='ocrx_word' id='word_1_155' title='bbox 1117 2367 1294 2408; x_wconf 72' lang='lat' dir='ltr'><strong>causa:</strong></span> <span class='ocrx_word' id='word_1_156' title='bbox 1347 2356 1630 2410; x_wconf 72' lang='lat' dir='ltr'><strong>sententiae</strong></span> <span class='ocrx_word' id='word_1_157' title='bbox 1675 2355 1911 2411; x_wconf 79' lang='lat' dir='ltr'><strong>dilﬁnirl.</strong></span> 
     </span>
    </p>
   </div>
   <div class='ocr_carea' id='block_1_24' title="bbox 339 2428 1915 2511">
    <p class='ocr_par' dir='ltr' id='par_1_24' title="bbox 339 2428 1915 2511">
     <span class='ocr_line' id='line_1_25' title="bbox 339 2428 1915 2511; baseline 0.01 -27"><span class='ocrx_word' id='word_1_158' title='bbox 339 2428 406 2484; x_wconf 86' lang='lat' dir='ltr'><strong>Et</strong></span> <span class='ocrx_word' id='word_1_159' title='bbox 446 2431 490 2486; x_wconf 92' lang='lat' dir='ltr'><strong>si</strong></span> <span class='ocrx_word' id='word_1_160' title='bbox 522 2448 621 2488; x_wconf 92' lang='lat' dir='ltr'><strong>nec</strong></span> <span class='ocrx_word' id='word_1_161' title='bbox 653 2435 754 2490; x_wconf 91' lang='lat' dir='ltr'><strong>hoc</strong></span> <span class='ocrx_word' id='word_1_162' title='bbox 784 2452 882 2492; x_wconf 90' lang='lat' dir='ltr'><strong>nec</strong></span> <span class='ocrx_word' id='word_1_163' title='bbox 913 2438 1040 2493; x_wconf 92' lang='lat' dir='ltr'><strong>illud</strong></span> <span class='ocrx_word' id='word_1_164' title='bbox 1086 2440 1284 2496; x_wconf 83' lang='lat' dir='ltr'><strong>factum</strong></span> <span class='ocrx_word' id='word_1_165' title='bbox 1324 2451 1427 2506; x_wconf 87' lang='lat' dir='ltr'><strong>est,</strong></span> <span class='ocrx_word' id='word_1_166' title='bbox 1457 2443 1578 2511; x_wconf 88' lang='lat' dir='ltr'><strong>quis</strong></span> <span class='ocrx_word' id='word_1_167' title='bbox 1606 2459 1722 2498; x_wconf 88' lang='lat' dir='ltr'><strong>eam</strong></span> <span class='ocrx_word' id='word_1_168' title='bbox 1755 2460 1915 2501; x_wconf 88' lang='lat' dir='ltr'><strong>ausus</strong></span> 
     </span>
    </p>
   </div>
   <div class='ocr_carea' id='block_1_25' title="bbox 340 2522 1917 2601">
    <p class='ocr_par' dir='ltr' id='par_1_25' title="bbox 340 2522 1917 2601">
     <span class='ocr_line' id='line_1_26' title="bbox 340 2522 1917 2601; baseline 0.01 -27"><span class='ocrx_word' id='word_1_169' title='bbox 340 2529 426 2574; x_wconf 89' lang='lat' dir='ltr'><strong>est</strong></span> <span class='ocrx_word' id='word_1_170' title='bbox 461 2522 711 2591; x_wconf 83' lang='lat' dir='ltr'><strong>religiosa</strong></span> <span class='ocrx_word' id='word_1_171' title='bbox 755 2525 980 2583; x_wconf 83' lang='lat' dir='ltr'><strong>induere</strong></span> <span class='ocrx_word' id='word_1_172' title='bbox 1005 2538 1153 2585; x_wconf 90' lang='lat' dir='ltr'><strong>veste</strong></span> <span class='ocrx_word' id='word_1_173' title='bbox 1190 2539 1245 2586; x_wconf 91' lang='lat' dir='ltr'><strong>et</strong></span> <span class='ocrx_word' id='word_1_174' title='bbox 1280 2547 1434 2587; x_wconf 86' lang='lat' dir='ltr'><strong>sacro</strong></span> <span class='ocrx_word' id='word_1_175' title='bbox 1459 2534 1742 2601; x_wconf 88' lang='lat' dir='ltr'><strong>cooperire</strong></span> <span class='ocrx_word' id='word_1_176' title='bbox 1765 2534 1917 2590; x_wconf 89' lang='lat' dir='ltr'><strong>vela-</strong></span> 
     </span>
    </p>
   </div>
   <div class='ocr_carea' id='block_1_26' title="bbox 2029 564 3612 638">
    <p class='ocr_par' dir='ltr' id='par_1_26' title="bbox 2029 564 3612 638">
     <span class='ocr_line' id='line_1_27' title="bbox 2029 564 3612 638; baseline 0.007 -21"><span class='ocrx_word' id='word_1_177' title='bbox 2029 564 2139 618; x_wconf 79' lang='lat' dir='ltr'><strong>Iurc</strong></span> <span class='ocrx_word' id='word_1_178' title='bbox 2182 567 2427 635; x_wconf 81' lang='lat' dir='ltr'><strong>cogitatio</strong></span> <span class='ocrx_word' id='word_1_179' title='bbox 2467 569 2640 622; x_wconf 80' lang='lat' dir='ltr'><strong>cordis</strong></span> <span class='ocrx_word' id='word_1_180' title='bbox 2669 568 2766 624; x_wconf 85' lang='lat' dir='ltr'><strong>tui.</strong></span> <span class='ocrx_word' id='word_1_181' title='bbox 2795 568 2862 623; x_wconf 86' lang='lat' dir='ltr'><strong>In</strong></span> <span class='ocrx_word' id='word_1_182' title='bbox 2903 570 3022 638; x_wconf 76' lang='lat' dir='ltr'><strong>felle</strong></span> <span class='ocrx_word' id='word_1_183' title='bbox 3052 574 3187 626; x_wconf 90' lang='lat' dir='ltr'><strong>enim</strong></span> <span class='ocrx_word' id='word_1_184' title='bbox 3214 574 3612 637; x_wconf 75' lang='lat' dir='ltr'><strong>amaritudinis,</strong></span> 
     </span>
    </p>
   </div>
   <div class='ocr_carea' id='block_1_27' title="bbox 2027 653 3608 731">
    <p class='ocr_par' dir='ltr' id='par_1_27' title="bbox 2027 653 3608 731">
     <span class='ocr_line' id='line_1_28' title="bbox 2027 653 3608 731; baseline 0.009 -25"><span class='ocrx_word' id='word_1_185' title='bbox 2027 663 2076 706; x_wconf 92' lang='lat' dir='ltr'><strong>et</strong></span> <span class='ocrx_word' id='word_1_186' title='bbox 2113 653 2426 725; x_wconf 83' lang='lat' dir='ltr'><strong>obligatione</strong></span> <span class='ocrx_word' id='word_1_187' title='bbox 2454 657 2743 728; x_wconf 75' lang='lat' dir='ltr'><strong>iniquitatis</strong></span> <span class='ocrx_word' id='word_1_188' title='bbox 2775 661 2917 714; x_wconf 85' lang='lat' dir='ltr'><strong>video</strong></span> <span class='ocrx_word' id='word_1_189' title='bbox 2944 670 2994 715; x_wconf 90' lang='lat' dir='ltr'><strong>te</strong></span> <span class='ocrx_word' id='word_1_190' title='bbox 3019 678 3129 716; x_wconf 84' lang='lat' dir='ltr'><strong>esse</strong></span> <span class='ocrx_word' id='word_1_191' title='bbox 3167 663 3306 731; x_wconf 79' lang='lat' dir='ltr'><strong>(Act.</strong></span> <span class='ocrx_word' id='word_1_192' title='bbox 3338 679 3466 728; x_wconf 78' lang='lat' dir='ltr'><strong>vin,</strong></span> <span class='ocrx_word' id='word_1_193' title='bbox 3494 665 3608 728; x_wconf 71' lang='lat'><strong>20).</strong></span> 
     </span>
    </p>
   </div>
   <div class='ocr_carea' id='block_1_28' title="bbox 2027 740 3610 822">
    <p class='ocr_par' dir='ltr' id='par_1_28' title="bbox 2027 740 3610 822">
     <span class='ocr_line' id='line_1_29' title="bbox 2027 740 3610 822; baseline 0.009 -27"><span class='ocrx_word' id='word_1_194' title='bbox 2027 740 2150 796; x_wconf 90' lang='lat' dir='ltr'><strong>Ideo</strong></span> <span class='ocrx_word' id='word_1_195' title='bbox 2171 743 2325 806; x_wconf 89' lang='lat' dir='ltr'><strong>tales,</strong></span> <span class='ocrx_word' id='word_1_196' title='bbox 2351 744 2452 799; x_wconf 91' lang='lat' dir='ltr'><strong>nisi</strong></span> <span class='ocrx_word' id='word_1_197' title='bbox 2479 748 2820 817; x_wconf 87' lang='lat' dir='ltr'><strong>resipiscunt,</strong></span> <span class='ocrx_word' id='word_1_198' title='bbox 2840 749 3104 820; x_wconf 88' lang='lat' dir='ltr'><strong>spirituali</strong></span> <span class='ocrx_word' id='word_1_199' title='bbox 3122 751 3299 822; x_wconf 89' lang='lat' dir='ltr'><strong>gladio</strong></span> <span class='ocrx_word' id='word_1_200' title='bbox 3319 763 3610 822; x_wconf 88' lang='lat' dir='ltr'><strong>percutere</strong></span> 
     </span>
    </p>
   </div>
   <div class='ocr_carea' id='block_1_29' title="bbox 2028 833 3610 910">
    <p class='ocr_par' dir='ltr' id='par_1_29' title="bbox 2028 833 3610 910">
     <span class='ocr_line' id='line_1_30' title="bbox 2028 833 3610 910; baseline 0.009 -26"><span class='ocrx_word' id='word_1_201' title='bbox 2028 845 2330 886; x_wconf 86' lang='lat' dir='ltr'><strong>censemus.</strong></span> <span class='ocrx_word' id='word_1_202' title='bbox 2359 833 2475 889; x_wconf 84' lang='lat' dir='ltr'><strong>Non</strong></span> <span class='ocrx_word' id='word_1_203' title='bbox 2501 837 2645 891; x_wconf 90' lang='lat' dir='ltr'><strong>enim</strong></span> <span class='ocrx_word' id='word_1_204' title='bbox 2670 837 2748 892; x_wconf 84' lang='lat' dir='ltr'><strong>fas</strong></span> <span class='ocrx_word' id='word_1_205' title='bbox 2771 847 2853 894; x_wconf 88' lang='lat' dir='ltr'><strong>est</strong></span> <span class='ocrx_word' id='word_1_206' title='bbox 2899 839 3123 909; x_wconf 88' lang='lat' dir='ltr'><strong>Spiritui</strong></span> <span class='ocrx_word' id='word_1_207' title='bbox 3153 850 3340 897; x_wconf 90' lang='lat' dir='ltr'><strong>sancto</strong></span> <span class='ocrx_word' id='word_1_208' title='bbox 3367 846 3610 910; x_wconf 83' lang='lat' dir='ltr'><strong>mentiri,</strong></span> 
     </span>
    </p>
   </div>
   <div class='ocr_carea' id='block_1_30' title="bbox 2027 921 3610 999">
    <p class='ocr_par' dir='ltr' id='par_1_30' title="bbox 2027 921 3610 999">
     <span class='ocr_line' id='line_1_31' title="bbox 2027 921 3610 999; baseline 0.01 -23"><span class='ocrx_word' id='word_1_209' title='bbox 2027 921 2184 976; x_wconf 87' lang='lat' dir='ltr'><strong>sicuti</strong></span> <span class='ocrx_word' id='word_1_210' title='bbox 2238 921 2476 981; x_wconf 85' lang='lat' dir='ltr'><strong>Ananias</strong></span> <span class='ocrx_word' id='word_1_211' title='bbox 2509 935 2564 980; x_wconf 90' lang='lat' dir='ltr'><strong>et</strong></span> <span class='ocrx_word' id='word_1_212' title='bbox 2594 926 2824 998; x_wconf 87' lang='lat' dir='ltr'><strong>Saphira</strong></span> <span class='ocrx_word' id='word_1_213' title='bbox 2877 931 3088 986; x_wconf 85' lang='lat' dir='ltr'><strong>mentiti</strong></span> <span class='ocrx_word' id='word_1_214' title='bbox 3137 942 3284 999; x_wconf 89' lang='lat' dir='ltr'><strong>sunt,</strong></span> <span class='ocrx_word' id='word_1_215' title='bbox 3327 942 3383 988; x_wconf 83' lang='lat' dir='ltr'><strong>et</strong></span> <span class='ocrx_word' id='word_1_216' title='bbox 3427 935 3610 992; x_wconf 86' lang='lat' dir='ltr'><strong>statim</strong></span> 
     </span>
    </p>
   </div>
   <div class='ocr_carea' id='block_1_31' title="bbox 2025 1010 2322 1078">
    <p class='ocr_par' dir='ltr' id='par_1_31' title="bbox 2025 1010 2322 1078">
     <span class='ocr_line' id='line_1_32' title="bbox 2025 1010 2322 1078; baseline 0.007 -13"><span class='ocrx_word' id='word_1_217' title='bbox 2025 1010 2322 1078; x_wconf 89' lang='lat' dir='ltr'><strong>perierunt.</strong></span> 
     </span>
    </p>
   </div>
   <div class='ocr_carea' id='block_1_32' title="bbox 2707 1087 2938 1145">
    <p class='ocr_par' dir='ltr' id='par_1_32' title="bbox 2707 1087 2938 1145">
     <span class='ocr_line' id='line_1_33' title="bbox 2707 1087 2938 1145; baseline 0.009 -2"><span class='ocrx_word' id='word_1_218' title='bbox 2707 1087 2938 1145; x_wconf 82' lang='lat' dir='ltr'><strong>CXXVI.</strong></span> 
     </span>
    </p>
   </div>
   <div class='ocr_carea' id='block_1_33' title="bbox 2651 1194 2987 1235">
    <p class='ocr_par' dir='ltr' id='par_1_33' title="bbox 2651 1194 2987 1235">
     <span class='ocr_line' id='line_1_34' title="bbox 2651 1194 2987 1235; baseline 0.009 -3"><span class='ocrx_word' id='word_1_219' title='bbox 2651 1194 2718 1232; x_wconf 80' lang='lat' dir='ltr'><strong>AD</strong></span> <span class='ocrx_word' id='word_1_220' title='bbox 2746 1195 2987 1235; x_wconf 70' lang='lat' dir='ltr'><strong>EUMDEH.</strong></span> 
     </span>
    </p>
   </div>
   <div class='ocr_carea' id='block_1_34' title="bbox 2382 1259 3247 1340">
    <p class='ocr_par' dir='ltr' id='par_1_34' title="bbox 2382 1259 3247 1340">
     <span class='ocr_line' id='line_1_35' title="bbox 2382 1259 3247 1340; baseline 0.007 -20"><span class='ocrx_word' id='word_1_221' title='bbox 2382 1259 2784 1336; x_wconf 79' lang='lat' dir='ltr'><strong>Fragmentum.</strong></span> <span class='ocrx_word' id='word_1_222' title='bbox 2813 1299 2882 1308; x_wconf 94' lang='lat'>—</span> <span class='ocrx_word' id='word_1_223' title='bbox 2903 1269 3080 1340; x_wconf 82' lang='lat' dir='ltr'><strong>(Anno</strong></span> <span class='ocrx_word' id='word_1_224' title='bbox 3099 1271 3247 1327; x_wconf 58' lang='lat' dir='ltr'><strong>867A</strong></span> 
     </span>
    </p>
   </div>
   <div class='ocr_carea' id='block_1_35' title="bbox 2612 1357 3026 1434">
    <p class='ocr_par' dir='ltr' id='par_1_35' title="bbox 2612 1357 3026 1434">
     <span class='ocr_line' id='line_1_36' title="bbox 2612 1357 3026 1434; baseline 0.002 -21"><span class='ocrx_word' id='word_1_225' title='bbox 2612 1357 2742 1431; x_wconf 85' lang='lat' dir='ltr'><strong>[Ivo,</strong></span> <span class='ocrx_word' id='word_1_226' title='bbox 2773 1375 2848 1426; x_wconf 82' lang='lat' dir='ltr'><strong>xl,</strong></span> <span class='ocrx_word' id='word_1_227' title='bbox 2879 1361 3026 1434; x_wconf 64' lang='lat'><strong>104.]</strong></span> 
     </span>
    </p>
   </div>
   <div class='ocr_carea' id='block_1_36' title="bbox 2096 1438 3611 1526">
    <p class='ocr_par' dir='ltr' id='par_1_36' title="bbox 2096 1438 3611 1526">
     <span class='ocr_line' id='line_1_37' title="bbox 2096 1438 3611 1526; baseline 0.01 -32"><span class='ocrx_word' id='word_1_228' title='bbox 2096 1438 2290 1498; x_wconf 86' lang='lat' dir='ltr'><strong>Clerici</strong></span> <span class='ocrx_word' id='word_1_229' title='bbox 2341 1445 2431 1514; x_wconf 92' lang='lat' dir='ltr'><strong>qui</strong></span> <span class='ocrx_word' id='word_1_230' title='bbox 2485 1445 2537 1501; x_wconf 93' lang='lat' dir='ltr'><strong>in</strong></span> <span class='ocrx_word' id='word_1_231' title='bbox 2598 1448 2957 1505; x_wconf 87' lang='lat' dir='ltr'><strong>adolescentia</strong></span> <span class='ocrx_word' id='word_1_232' title='bbox 2992 1465 3021 1504; x_wconf 89' lang='lat' dir='ltr'><strong>a</strong></span> <span class='ocrx_word' id='word_1_233' title='bbox 3047 1451 3380 1508; x_wconf 83' lang='lat' dir='ltr'><strong>daemonibus</strong></span> <span class='ocrx_word' id='word_1_234' title='bbox 3411 1467 3611 1526; x_wconf 81' lang='lat' dir='ltr'><strong>cogno-</strong></span> 
     </span>
    </p>
   </div>
   <div class='ocr_carea' id='block_1_37' title="bbox 2026 1536 3584 1612">
    <p class='ocr_par' dir='ltr' id='par_1_37' title="bbox 2026 1536 3584 1612">
     <span class='ocr_line' id='line_1_38' title="bbox 2026 1536 3584 1612; baseline 0.007 -28"><span class='ocrx_word' id='word_1_235' title='bbox 2026 1540 2252 1587; x_wconf 89' lang='lat' dir='ltr'><strong>scuntur</strong></span> <span class='ocrx_word' id='word_1_236' title='bbox 2274 1536 2503 1602; x_wconf 90' lang='lat' dir='ltr'><strong>obsessi,</strong></span> <span class='ocrx_word' id='word_1_237' title='bbox 2527 1536 2594 1591; x_wconf 92' lang='lat' dir='ltr'><strong>ad</strong></span> <span class='ocrx_word' id='word_1_238' title='bbox 2623 1539 2956 1609; x_wconf 87' lang='lat' dir='ltr'><strong>superiorem</strong></span> <span class='ocrx_word' id='word_1_239' title='bbox 2982 1541 3123 1596; x_wconf 89' lang='lat' dir='ltr'><strong>sacri</strong></span> <span class='ocrx_word' id='word_1_240' title='bbox 3156 1542 3432 1612; x_wconf 81' lang='lat' dir='ltr'><strong>regiminis</strong></span> <span class='ocrx_word' id='word_1_241' title='bbox 3460 1556 3584 1612; x_wconf 80' lang='lat' dir='ltr'><strong>gra-</strong></span> 
     </span>
    </p>
   </div>
   <div class='ocr_carea' id='block_1_38' title="bbox 2025 1618 2820 1698">
    <p class='ocr_par' dir='ltr' id='par_1_38' title="bbox 2025 1618 2820 1698">
     <span class='ocr_line' id='line_1_39' title="bbox 2025 1618 2820 1698; baseline 0.013 -25"><span class='ocrx_word' id='word_1_242' title='bbox 2025 1618 2151 1675; x_wconf 91' lang='lat' dir='ltr'><strong>dum</strong></span> <span class='ocrx_word' id='word_1_243' title='bbox 2174 1625 2430 1680; x_wconf 87' lang='lat' dir='ltr'><strong>accedere</strong></span> <span class='ocrx_word' id='word_1_244' title='bbox 2452 1641 2556 1682; x_wconf 92' lang='lat' dir='ltr'><strong>non</strong></span> <span class='ocrx_word' id='word_1_245' title='bbox 2579 1636 2820 1698; x_wconf 91' lang='lat' dir='ltr'><strong>possunt.</strong></span> 
     </span>
    </p>
   </div>
   <div class='ocr_carea' id='block_1_39' title="bbox 2691 1739 2946 1796">
    <p class='ocr_par' dir='ltr' id='par_1_39' title="bbox 2691 1739 2946 1796">
     <span class='ocr_line' id='line_1_40' title="bbox 2691 1739 2946 1796; baseline 0.008 -2"><span class='ocrx_word' id='word_1_246' title='bbox 2691 1739 2946 1796; x_wconf 78' lang='lat' dir='ltr'><strong>CXXVII.</strong></span> 
     </span>
    </p>
   </div>
   <div class='ocr_carea' id='block_1_40' title="bbox 2649 1844 2980 1886">
    <p class='ocr_par' dir='ltr' id='par_1_40' title="bbox 2649 1844 2980 1886">
     <span class='ocr_line' id='line_1_41' title="bbox 2649 1844 2980 1886; baseline 0.012 -4"><span class='ocrx_word' id='word_1_247' title='bbox 2649 1844 2718 1884; x_wconf 77' lang='lat' dir='ltr'><strong>AD</strong></span> <span class='ocrx_word' id='word_1_248' title='bbox 2744 1847 2980 1886; x_wconf 68' lang='grc' dir='ltr'><strong>Εωωευ.</strong></span> 
     </span>
    </p>
   </div>
   <div class='ocr_carea' id='block_1_41' title="bbox 2622 1920 2969 1992">
    <p class='ocr_par' dir='ltr' id='par_1_41' title="bbox 2622 1920 2969 1992">
     <span class='ocr_line' id='line_1_42' title="bbox 2622 1920 2969 1992; baseline 0.006 -18"><span class='ocrx_word' id='word_1_249' title='bbox 2622 1920 2800 1990; x_wconf 88' lang='lat' dir='ltr'><strong>(Auno</strong></span> <span class='ocrx_word' id='word_1_250' title='bbox 2820 1921 2969 1992; x_wconf 85' lang='lat'><strong>867.)</strong></span> 
     </span>
    </p>
   </div>
   <div class='ocr_carea' id='block_1_42' title="bbox 2025 1997 3610 2076">
    <p class='ocr_par' dir='ltr' id='par_1_42' title="bbox 2025 1997 3610 2076">
     <span class='ocr_line' id='line_1_43' title="bbox 2025 1997 3610 2076; baseline 0.01 -21"><span class='ocrx_word' id='word_1_251' title='bbox 2025 1997 2184 2073; x_wconf 83' lang='lat' dir='ltr'><strong>Quod</strong></span> <span class='ocrx_word' id='word_1_252' title='bbox 2233 2005 2506 2076; x_wconf 87' lang='lat' dir='ltr'><strong>episcopus</strong></span> <span class='ocrx_word' id='word_1_253' title='bbox 2560 2008 2636 2062; x_wconf 85' lang='lat' dir='ltr'><strong>vel</strong></span> <span class='ocrx_word' id='word_1_254' title='bbox 2687 2009 2907 2064; x_wconf 77' lang='lat' dir='ltr'><strong>clericus</strong></span> <span class='ocrx_word' id='word_1_255' title='bbox 2957 2012 3101 2066; x_wconf 89' lang='lat' dir='ltr'><strong>nullo</strong></span> <span class='ocrx_word' id='word_1_256' title='bbox 3144 2015 3300 2068; x_wconf 89' lang='lat' dir='ltr'><strong>modo</strong></span> <span class='ocrx_word' id='word_1_257' title='bbox 3347 2015 3610 2072; x_wconf 80' lang='lat' dir='ltr'><strong>venationi</strong></span> 
     </span>
    </p>
   </div>
   <div class='ocr_carea' id='block_1_43' title="bbox 2584 2078 3049 2134">
    <p class='ocr_par' dir='ltr' id='par_1_43' title="bbox 2584 2078 3049 2134">
     <span class='ocr_line' id='line_1_44' title="bbox 2584 2078 3049 2134; baseline 0.011 -5"><span class='ocrx_word' id='word_1_258' title='bbox 2584 2078 2766 2131; x_wconf 87' lang='lat' dir='ltr'><strong>debeat</strong></span> <span class='ocrx_word' id='word_1_259' title='bbox 2792 2081 3049 2134; x_wconf 75' lang='lat' dir='ltr'><strong>insistere.</strong></span> 
     </span>
    </p>
   </div>
   <div class='ocr_carea' id='block_1_44' title="bbox 2541 2165 3018 2242">
    <p class='ocr_par' dir='ltr' id='par_1_44' title="bbox 2541 2165 3018 2242">
     <span class='ocr_line' id='line_1_45' title="bbox 2541 2165 3018 2242; baseline 0.015 -25"><span class='ocrx_word' id='word_1_260' title='bbox 2541 2171 2547 2177; x_wconf 65' lang='grc'><strong>’</strong></span> <span class='ocrx_word' id='word_1_261' title='bbox 2616 2165 2751 2238; x_wconf 69' lang='grc' dir='ltr'><strong>μω,</strong></span> <span class='ocrx_word' id='word_1_262' title='bbox 2783 2183 2838 2233; x_wconf 93' lang='lat' dir='ltr'><strong>v,</strong></span> <span class='ocrx_word' id='word_1_263' title='bbox 2868 2169 3018 2242; x_wconf 73' lang='lat'><strong>553.]</strong></span> 
     </span>
    </p>
   </div>
   <div class='ocr_carea' id='block_1_45' title="bbox 2094 2273 3464 2353">
    <p class='ocr_par' dir='ltr' id='par_1_45' title="bbox 2094 2273 3464 2353">
     <span class='ocr_line' id='line_1_46' title="bbox 2094 2273 3464 2353; baseline 0.007 -25"><span class='ocrx_word' id='word_1_264' title='bbox 2094 2273 2362 2331; x_wconf 75' lang='lat' dir='ltr'><strong>NICOLAUS</strong></span> <span class='ocrx_word' id='word_1_265' title='bbox 2386 2275 2681 2332; x_wconf 75' lang='lat' dir='ltr'><strong>ADALWINO</strong></span> <span class='ocrx_word' id='word_1_266' title='bbox 2707 2277 3016 2336; x_wconf 84' lang='lat' dir='ltr'><strong>Juvavieusi</strong></span> <span class='ocrx_word' id='word_1_267' title='bbox 3039 2282 3464 2353; x_wconf 84' lang='lat' dir='ltr'><strong>archiepiscopo.</strong></span> 
     </span>
    </p>
   </div>
   <div class='ocr_carea' id='block_1_46' title="bbox 2093 2362 3607 2430">
    <p class='ocr_par' dir='ltr' id='par_1_46' title="bbox 2093 2362 3607 2430">
     <span class='ocr_line' id='line_1_47' title="bbox 2093 2362 3607 2430; baseline 0.007 -14"><span class='ocrx_word' id='word_1_268' title='bbox 2093 2362 2458 2430; x_wconf 90' lang='lat' dir='ltr'><strong>Quorumdam</strong></span> <span class='ocrx_word' id='word_1_269' title='bbox 2491 2364 2750 2421; x_wconf 88' lang='lat' dir='ltr'><strong>relatione</strong></span> <span class='ocrx_word' id='word_1_270' title='bbox 2776 2365 3016 2422; x_wconf 88' lang='lat' dir='ltr'><strong>ﬁdelium</strong></span> <span class='ocrx_word' id='word_1_271' title='bbox 3048 2370 3270 2424; x_wconf 87' lang='lat' dir='ltr'><strong>auribus</strong></span> <span class='ocrx_word' id='word_1_272' title='bbox 3301 2371 3501 2426; x_wconf 89' lang='lat' dir='ltr'><strong>nostris</strong></span> <span class='ocrx_word' id='word_1_273' title='bbox 3525 2372 3607 2427; x_wconf 88' lang='lat' dir='ltr'><strong>in-</strong></span> 
     </span>
    </p>
   </div>
   <div class='ocr_carea' id='block_1_47' title="bbox 2022 2453 3608 2530">
    <p class='ocr_par' dir='ltr' id='par_1_47' title="bbox 2022 2453 3608 2530">
     <span class='ocr_line' id='line_1_48' title="bbox 2022 2453 3608 2530; baseline 0.006 -24"><span class='ocrx_word' id='word_1_274' title='bbox 2022 2453 2270 2506; x_wconf 89' lang='lat' dir='ltr'><strong>timatum</strong></span> <span class='ocrx_word' id='word_1_275' title='bbox 2302 2460 2386 2507; x_wconf 88' lang='lat' dir='ltr'><strong>est</strong></span> <span class='ocrx_word' id='word_1_276' title='bbox 2412 2453 2556 2522; x_wconf 88' lang='lat' dir='ltr'><strong>quod</strong></span> <span class='ocrx_word' id='word_1_277' title='bbox 2583 2453 2884 2510; x_wconf 89' lang='lat' dir='ltr'><strong>Lanfredus</strong></span> <span class='ocrx_word' id='word_1_278' title='bbox 2913 2457 3221 2527; x_wconf 89' lang='lat' dir='ltr'><strong>episcopus,</strong></span> <span class='ocrx_word' id='word_1_279' title='bbox 3248 2459 3341 2528; x_wconf 90' lang='lat' dir='ltr'><strong>qui</strong></span> <span class='ocrx_word' id='word_1_280' title='bbox 3376 2468 3431 2514; x_wconf 90' lang='lat' dir='ltr'><strong>et</strong></span> <span class='ocrx_word' id='word_1_281' title='bbox 3450 2461 3608 2530; x_wconf 86' lang='lat' dir='ltr'><strong>juve-</strong></span> 
     </span>
    </p>
   </div>
   <div class='ocr_carea' id='block_1_48' title="bbox 2021 2540 3602 2614">
    <p class='ocr_par' dir='ltr' id='par_1_48' title="bbox 2021 2540 3602 2614">
     <span class='ocr_line' id='line_1_49' title="bbox 2021 2540 3602 2614; baseline 0.006 -19"><span class='ocrx_word' id='word_1_282' title='bbox 2021 2540 2106 2596; x_wconf 92' lang='lat' dir='ltr'><strong>nis</strong></span> <span class='ocrx_word' id='word_1_283' title='bbox 2133 2554 2256 2596; x_wconf 89' lang='lat' dir='ltr'><strong>esse</strong></span> <span class='ocrx_word' id='word_1_284' title='bbox 2279 2541 2495 2608; x_wconf 87' lang='lat' dir='ltr'><strong>dicitur,</strong></span> <span class='ocrx_word' id='word_1_285' title='bbox 2518 2542 2785 2597; x_wconf 89' lang='lat' dir='ltr'><strong>venationi</strong></span> <span class='ocrx_word' id='word_1_286' title='bbox 2814 2543 2884 2599; x_wconf 91' lang='lat' dir='ltr'><strong>sit</strong></span> <span class='ocrx_word' id='word_1_287' title='bbox 2921 2543 3150 2601; x_wconf 88' lang='lat' dir='ltr'><strong>deditus.</strong></span> <span class='ocrx_word' id='word_1_288' title='bbox 3209 2547 3363 2614; x_wconf 86' lang='lat' dir='ltr'><strong>Quod</strong></span> <span class='ocrx_word' id='word_1_289' title='bbox 3412 2549 3602 2605; x_wconf 88' lang='lat' dir='ltr'><strong>vitium</strong></span> 
     </span>
    </p>
   </div>
   <div class='ocr_carea' id='block_1_49' title="bbox 342 2609 3609 2711">
    <p class='ocr_par' dir='ltr' id='par_1_49' title="bbox 342 2609 3609 2711">
     <span class='ocr_line' id='line_1_50' title="bbox 342 2609 3609 2711; baseline 0.01 -49"><span class='ocrx_word' id='word_1_290' title='bbox 342 2610 520 2711; x_wconf 83' lang='lat' dir='ltr'><strong>mine?</strong></span> <span class='ocrx_word' id='word_1_291' title='bbox 552 2609 753 2667; x_wconf 89' lang='lat' dir='ltr'><strong>Tamen</strong></span> <span class='ocrx_word' id='word_1_292' title='bbox 887 2617 1134 2672; x_wconf 86' lang='lat' dir='ltr'><strong>subtilius</strong></span> <span class='ocrx_word' id='word_1_293' title='bbox 1163 2617 1256 2673; x_wconf 88' lang='lat' dir='ltr'><strong>Dei</strong></span> <span class='ocrx_word' id='word_1_294' title='bbox 1299 2635 1411 2711; x_wconf 66' lang='lat' dir='ltr'><strong>pra:</strong></span> <span class='ocrx_word' id='word_1_295' title='bbox 1449 2621 1621 2711; x_wconf 76' lang='lat' dir='ltr'><strong>oculis</strong></span> <span class='ocrx_word' id='word_1_296' title='bbox 1659 2622 1920 2711; x_wconf 79' lang='lat' dir='ltr'><strong>habentes</strong></span> <span class='ocrx_word' id='word_1_297' title='bbox 2018 2632 2282 2702; x_wconf 91' lang='lat' dir='ltr'><strong>plurimos</strong></span> <span class='ocrx_word' id='word_1_298' title='bbox 2305 2633 2467 2688; x_wconf 89' lang='lat' dir='ltr'><strong>etiam</strong></span> <span class='ocrx_word' id='word_1_299' title='bbox 2491 2633 2557 2687; x_wconf 89' lang='lat' dir='ltr'><strong>de</strong></span> <span class='ocrx_word' id='word_1_300' title='bbox 2577 2632 2811 2689; x_wconf 87' lang='lat' dir='ltr'><strong>clericali</strong></span> <span class='ocrx_word' id='word_1_301' title='bbox 2840 2635 3086 2705; x_wconf 81' lang='lat' dir='ltr'><strong>catalogo</strong></span> <span class='ocrx_word' id='word_1_302' title='bbox 3111 2609 3310 2707; x_wconf 76' lang='lat' dir='ltr'><strong>genere</strong></span> <span class='ocrx_word' id='word_1_303' title='bbox 3344 2638 3609 2694; x_wconf 83' lang='lat' dir='ltr'><strong>duntaxat</strong></span> 
     </span>
    </p>
   </div>
   <div class='ocr_carea' id='block_1_50' title="bbox 344 2705 1920 2799">
    <p class='ocr_par' dir='ltr' id='par_1_50' title="bbox 344 2705 1919 2778">
     <span class='ocr_line' id='line_1_51' title="bbox 344 2705 1919 2778; baseline 0.008 -26"><span class='ocrx_word' id='word_1_304' title='bbox 344 2705 611 2768; x_wconf 91' lang='lat' dir='ltr'><strong>timorem,</strong></span> <span class='ocrx_word' id='word_1_305' title='bbox 639 2705 1003 2775; x_wconf 64' lang='lat' dir='ltr'><strong>praecipimus,</strong></span> <span class='ocrx_word' id='word_1_306' title='bbox 1033 2715 1092 2761; x_wconf 90' lang='lat' dir='ltr'><strong>ut</strong></span> <span class='ocrx_word' id='word_1_307' title='bbox 1117 2710 1403 2778; x_wconf 64' lang='lat' dir='ltr'><strong>praesentia</strong></span> <span class='ocrx_word' id='word_1_308' title='bbox 1437 2709 1589 2765; x_wconf 89' lang='lat' dir='ltr'><strong>missi</strong></span> <span class='ocrx_word' id='word_1_309' title='bbox 1620 2710 1703 2765; x_wconf 91' lang='lat' dir='ltr'><strong>vel</strong></span> <span class='ocrx_word' id='word_1_310' title='bbox 1728 2711 1919 2766; x_wconf 88' lang='lat' dir='ltr'><strong>vicarii</strong></span> 
     </span>
    </p>
   </div>
   <div class='ocr_carea' id='block_1_51' title="bbox 2025 2705 3603 2799">
    <p class='ocr_par' dir='ltr' id='par_1_51' title="bbox 2025 2705 3603 2799">
     <span class='ocr_line' id='line_1_52' title="bbox 2025 2705 3603 2799; baseline 0.004 -21"><span class='ocrx_word' id='word_1_311' title='bbox 2025 2722 2322 2778; x_wconf 85' lang='lat' dir='ltr'><strong>Germanos</strong></span> <span class='ocrx_word' id='word_1_312' title='bbox 2349 2731 2404 2777; x_wconf 90' lang='lat' dir='ltr'><strong>et</strong></span> <span class='ocrx_word' id='word_1_313' title='bbox 2429 2721 2610 2778; x_wconf 87' lang='lat' dir='ltr'><strong>Gallos</strong></span> <span class='ocrx_word' id='word_1_314' title='bbox 2637 2723 2994 2780; x_wconf 85' lang='lat' dir='ltr'><strong>irreverentes</strong></span> <span class='ocrx_word' id='word_1_315' title='bbox 3023 2705 3473 2799; x_wconf 13' lang='lat' dir='ltr'><strong>[f.,lreverentes]</strong></span> <span class='ocrx_word' id='word_1_316' title='bbox 3503 2729 3603 2785; x_wconf 80' lang='lat' dir='ltr'><strong>im—</strong></span> 
     </span>
    </p>
   </div>
   <div class='ocr_carea' id='block_1_52' title="bbox 339 2789 1917 2866">
    <p class='ocr_par' dir='ltr' id='par_1_52' title="bbox 339 2789 1917 2866">
     <span class='ocr_line' id='line_1_53' title="bbox 339 2789 1917 2866; baseline 0.008 -25"><span class='ocrx_word' id='word_1_317' title='bbox 339 2789 527 2853; x_wconf 82' lang='lat' dir='ltr'><strong>vestri,</strong></span> <span class='ocrx_word' id='word_1_318' title='bbox 569 2791 622 2845; x_wconf 91' lang='lat' dir='ltr'><strong>in</strong></span> <span class='ocrx_word' id='word_1_319' title='bbox 651 2807 780 2847; x_wconf 83' lang='lat' dir='ltr'><strong>vero</strong></span> <span class='ocrx_word' id='word_1_320' title='bbox 810 2795 1060 2850; x_wconf 79' lang='lat' dir='ltr'><strong>examine</strong></span> <span class='ocrx_word' id='word_1_321' title='bbox 1101 2808 1364 2866; x_wconf 63' lang='lat' dir='ltr'><strong>praesente</strong></span> <span class='ocrx_word' id='word_1_322' title='bbox 1409 2799 1527 2853; x_wconf 88' lang='lat' dir='ltr'><strong>viro</strong></span> <span class='ocrx_word' id='word_1_323' title='bbox 1572 2813 1671 2853; x_wconf 90' lang='lat' dir='ltr'><strong>suo</strong></span> <span class='ocrx_word' id='word_1_324' title='bbox 1715 2800 1917 2854; x_wconf 77' lang='lat' dir='ltr'><strong>exami-</strong></span> 
     </span>
    </p>
   </div>
   <div class='ocr_carea' id='block_1_53' title="bbox 2020 2811 3606 2883">
    <p class='ocr_par' dir='ltr' id='par_1_53' title="bbox 2020 2811 3606 2883">
     <span class='ocr_line' id='line_1_54' title="bbox 2020 2811 3606 2883; baseline 0.005 -18"><span class='ocrx_word' id='word_1_325' title='bbox 2020 2812 2202 2883; x_wconf 90' lang='lat' dir='ltr'><strong>plicat.</strong></span> <span class='ocrx_word' id='word_1_326' title='bbox 2231 2811 2431 2868; x_wconf 91' lang='lat' dir='ltr'><strong>Verum</strong></span> <span class='ocrx_word' id='word_1_327' title='bbox 2459 2813 2593 2878; x_wconf 88' lang='lat' dir='ltr'><strong>iste,</strong></span> <span class='ocrx_word' id='word_1_328' title='bbox 2625 2813 2670 2868; x_wconf 91' lang='lat' dir='ltr'><strong>si</strong></span> <span class='ocrx_word' id='word_1_329' title='bbox 2717 2814 2791 2868; x_wconf 90' lang='lat' dir='ltr'><strong>ita</strong></span> <span class='ocrx_word' id='word_1_330' title='bbox 2829 2823 2914 2869; x_wconf 92' lang='lat' dir='ltr'><strong>est</strong></span> <span class='ocrx_word' id='word_1_331' title='bbox 2941 2823 3000 2869; x_wconf 91' lang='lat' dir='ltr'><strong>ut</strong></span> <span class='ocrx_word' id='word_1_332' title='bbox 3037 2816 3358 2882; x_wconf 83' lang='lat' dir='ltr'><strong>audivimus,</strong></span> <span class='ocrx_word' id='word_1_333' title='bbox 3399 2817 3606 2873; x_wconf 86' lang='lat' dir='ltr'><strong>merito</strong></span> 
     </span>
    </p>
   </div>
   <div class='ocr_carea' id='block_1_54' title="bbox 342 2878 3601 2976">
    <p class='ocr_par' dir='ltr' id='par_1_54' title="bbox 342 2878 3601 2976">
     <span class='ocr_line' id='line_1_55' title="bbox 342 2878 3601 2976; baseline 0.003 -26"><span class='ocrx_word' id='word_1_334' title='bbox 342 2878 490 2934; x_wconf 68' lang='grc' dir='ltr'><strong>ηθίίο</strong></span> <span class='ocrx_word' id='word_1_335' title='bbox 525 2879 640 2976; x_wconf 51' lang='lat' dir='ltr'><strong>ﬁat}</strong></span> <span class='ocrx_word' id='word_1_336' title='bbox 684 2881 750 2936; x_wconf 74' lang='grc' dir='ltr'>Ει</span> <span class='ocrx_word' id='word_1_337' title='bbox 785 2883 831 2937; x_wconf 76' lang='grc' dir='ltr'>εί</span> <span class='ocrx_word' id='word_1_338' title='bbox 869 2883 1016 2952; x_wconf 61' lang='lat' dir='ltr'><strong>iusta</strong></span> <span class='ocrx_word' id='word_1_339' title='bbox 1057 2893 1114 2940; x_wconf 69' lang='grc' dir='ltr'><strong>ει</strong></span> <span class='ocrx_word' id='word_1_340' title='bbox 1151 2885 1488 2943; x_wconf 61' lang='lat' dir='ltr'><strong>rationabilis</strong></span> <span class='ocrx_word' id='word_1_341' title='bbox 1525 2902 1714 2943; x_wconf 64' lang='lat' dir='ltr'><strong>eorum</strong></span> <span class='ocrx_word' id='word_1_342' title='bbox 1753 2903 1917 2944; x_wconf 68' lang='lat' dir='ltr'><strong>causa</strong></span> <span class='ocrx_word' id='word_1_343' title='bbox 2014 2878 2232 2973; x_wconf 84' lang='lat' dir='ltr'><strong>juvenis</strong></span> <span class='ocrx_word' id='word_1_344' title='bbox 2259 2903 2475 2971; x_wconf 86' lang='lat' dir='ltr'><strong>dicitur,</strong></span> <span class='ocrx_word' id='word_1_345' title='bbox 2513 2904 2602 2974; x_wconf 92' lang='lat' dir='ltr'><strong>qui</strong></span> <span class='ocrx_word' id='word_1_346' title='bbox 2624 2901 2954 2970; x_wconf 83' lang='lat' dir='ltr'><strong>juvenilibus</strong></span> <span class='ocrx_word' id='word_1_347' title='bbox 2982 2905 3265 2962; x_wconf 89' lang='lat' dir='ltr'><strong>desideriis</strong></span> <span class='ocrx_word' id='word_1_348' title='bbox 3287 2878 3601 2976; x_wconf 80' lang='lat' dir='ltr'><strong>occupatus,</strong></span> 
     </span>
    </p>
   </div>
   <div class='ocr_carea' id='block_1_55' title="bbox 343 2973 1918 3049">
    <p class='ocr_par' dir='ltr' id='par_1_55' title="bbox 343 2973 1918 3049">
     <span class='ocr_line' id='line_1_56' title="bbox 343 2973 1918 3049; baseline 0.006 -24"><span class='ocrx_word' id='word_1_349' title='bbox 343 2973 674 3040; x_wconf 84' lang='lat' dir='ltr'><strong>apparuerit,</strong></span> <span class='ocrx_word' id='word_1_350' title='bbox 708 2984 940 3030; x_wconf 84' lang='lat' dir='ltr'><strong>maneat.</strong></span> <span class='ocrx_word' id='word_1_351' title='bbox 992 2976 1058 3030; x_wconf 89' lang='lat' dir='ltr'><strong>Et</strong></span> <span class='ocrx_word' id='word_1_352' title='bbox 1085 2978 1130 3031; x_wconf 91' lang='lat' dir='ltr'><strong>si</strong></span> <span class='ocrx_word' id='word_1_353' title='bbox 1161 2978 1319 3033; x_wconf 90' lang='lat' dir='ltr'><strong>aliter</strong></span> <span class='ocrx_word' id='word_1_354' title='bbox 1345 2977 1674 3048; x_wconf 89' lang='lat' dir='ltr'><strong>apparuerit,</strong></span> <span class='ocrx_word' id='word_1_355' title='bbox 1701 2987 1761 3034; x_wconf 90' lang='lat' dir='ltr'><strong>ut</strong></span> <span class='ocrx_word' id='word_1_356' title='bbox 1784 2992 1918 3049; x_wconf 66' lang='lat' dir='ltr'><strong>prae-</strong></span> 
     </span>
    </p>
   </div>
   <div class='ocr_carea' id='block_1_56' title="bbox 2021 2993 3106 3065">
    <p class='ocr_par' dir='ltr' id='par_1_56' title="bbox 2021 2993 3106 3065">
     <span class='ocr_line' id='line_1_57' title="bbox 2021 2993 3106 3065; baseline 0.002 -18"><span class='ocrx_word' id='word_1_357' title='bbox 2021 2993 2165 3048; x_wconf 90' lang='lat' dir='ltr'><strong>nulla</strong></span> <span class='ocrx_word' id='word_1_358' title='bbox 2195 3009 2384 3049; x_wconf 90' lang='lat' dir='ltr'><strong>senum</strong></span> <span class='ocrx_word' id='word_1_359' title='bbox 2411 2994 2680 3065; x_wconf 76' lang='lat' dir='ltr'><strong>gravitate</strong></span> <span class='ocrx_word' id='word_1_360' title='bbox 2705 2995 3106 3065; x_wconf 76' lang='lat' dir='ltr'><strong>constringitur.</strong></span> 
     </span>
    </p>
   </div>
   <div class='ocr_carea' id='block_1_57' title="bbox 345 3060 3604 3168">
    <p class='ocr_par' dir='ltr' id='par_1_57' title="bbox 345 3060 3604 3168">
     <span class='ocr_line' id='line_1_58' title="bbox 345 3060 3604 3168; baseline 0.005 -54"><span class='ocrx_word' id='word_1_361' title='bbox 345 3060 584 3126; x_wconf 88' lang='lat' dir='ltr'><strong>tulimus,</strong></span> <span class='ocrx_word' id='word_1_362' title='bbox 612 3064 906 3119; x_wconf 86' lang='lat' dir='ltr'><strong>secundum</strong></span> <span class='ocrx_word' id='word_1_363' title='bbox 938 3066 1031 3121; x_wconf 86' lang='lat' dir='ltr'><strong>Dei</strong></span> <span class='ocrx_word' id='word_1_364' title='bbox 1061 3067 1448 3137; x_wconf 84' lang='lat' dir='ltr'><strong>omnipotentis</strong></span> <span class='ocrx_word' id='word_1_365' title='bbox 1477 3066 1805 3123; x_wconf 88' lang='lat' dir='ltr'><strong>voluntatem</strong></span> <span class='ocrx_word' id='word_1_366' title='bbox 1835 3077 1918 3122; x_wconf 90' lang='lat' dir='ltr'><strong>at-</strong></span> <span class='ocrx_word' id='word_1_367' title='bbox 1945 3105 1990 3168; x_wconf 66' lang='grc' dir='ltr'>Ο</span> <span class='ocrx_word' id='word_1_368' title='bbox 2093 3083 2248 3138; x_wconf 52' lang='lat' dir='ltr'><strong>nam,</strong></span> <span class='ocrx_word' id='word_1_369' title='bbox 2282 3083 2327 3139; x_wconf 84' lang='lat'><strong>0</strong></span> <span class='ocrx_word' id='word_1_370' title='bbox 2353 3060 2608 3140; x_wconf 49' lang='lat' dir='ltr'><strong>mi&#39;semm</strong></span> <span class='ocrx_word' id='word_1_371' title='bbox 2635 3085 2800 3140; x_wconf 53' lang='lat' dir='ltr'><strong>vitam</strong></span> <span class='ocrx_word' id='word_1_372' title='bbox 2853 3060 3132 3142; x_wconf 61' lang='grc' dir='ltr'><strong>ὴοιῇίηυηι</strong></span> <span class='ocrx_word' id='word_1_373' title='bbox 3160 3095 3216 3143; x_wconf 73' lang='grc' dir='ltr'><strong>ει</strong></span> <span class='ocrx_word' id='word_1_374' title='bbox 3245 3089 3481 3144; x_wconf 64' lang='lat' dir='ltr'><strong>maxime</strong></span> <span class='ocrx_word' id='word_1_375' title='bbox 3516 3103 3604 3144; x_wconf 57' lang='grc' dir='ltr'><strong>ελ-</strong></span> 
     </span>
    </p>
   </div>
   <div class='ocr_carea' id='block_1_58' title="bbox 343 3150 1469 3218">
    <p class='ocr_par' dir='ltr' id='par_1_58' title="bbox 343 3150 1469 3218">
     <span class='ocr_line' id='line_1_59' title="bbox 343 3150 1469 3218; baseline 0.006 -15"><span class='ocrx_word' id='word_1_376' title='bbox 343 3165 450 3218; x_wconf 90' lang='lat' dir='ltr'><strong>que</strong></span> <span class='ocrx_word' id='word_1_377' title='bbox 477 3150 724 3209; x_wconf 91' lang='lat' dir='ltr'><strong>timorem</strong></span> <span class='ocrx_word' id='word_1_378' title='bbox 756 3169 941 3210; x_wconf 90' lang='lat' dir='ltr'><strong>eorum</strong></span> <span class='ocrx_word' id='word_1_379' title='bbox 967 3156 1260 3212; x_wconf 83' lang='lat' dir='ltr'><strong>deﬁniatur</strong></span> <span class='ocrx_word' id='word_1_380' title='bbox 1283 3173 1469 3213; x_wconf 88' lang='lat' dir='ltr'><strong>causa.</strong></span> 
     </span>
    </p>
   </div>
   <div class='ocr_carea' id='block_1_59' title="bbox 1034 3266 1243 3323">
    <p class='ocr_par' dir='ltr' id='par_1_59' title="bbox 1034 3266 1243 3323">
     <span class='ocr_line' id='line_1_60' title="bbox 1034 3266 1243 3323; baseline 0 0"><span class='ocrx_word' id='word_1_381' title='bbox 1034 3266 1243 3323; x_wconf 82' lang='lat' dir='ltr'><strong>CXXV.</strong></span> 
     </span>
    </p>
   </div>
   <div class='ocr_carea' id='block_1_60' title="bbox 487 3369 1776 3415">
    <p class='ocr_par' dir='ltr' id='par_1_60' title="bbox 487 3369 1776 3415">
     <span class='ocr_line' id='line_1_61' title="bbox 487 3369 1776 3415; baseline 0.005 -9"><span class='ocrx_word' id='word_1_382' title='bbox 487 3369 552 3407; x_wconf 78' lang='lat' dir='ltr'><strong>AD</strong></span> <span class='ocrx_word' id='word_1_383' title='bbox 584 3371 900 3412; x_wconf 75' lang='lat' dir='ltr'><strong>ADAI.WINUM</strong></span> <span class='ocrx_word' id='word_1_384' title='bbox 932 3374 1378 3415; x_wconf 68' lang='lat' dir='ltr'><strong>ARCHIEPISCOPUI</strong></span> <span class='ocrx_word' id='word_1_385' title='bbox 1401 3373 1776 3415; x_wconf 64' lang='grc' dir='ltr'><strong>ιυγΑνιεηεεκ.</strong></span> 
     </span>
    </p>
   </div>
   <div class='ocr_carea' id='block_1_61' title="bbox 700 3447 1565 3520">
    <p class='ocr_par' dir='ltr' id='par_1_61' title="bbox 700 3447 1565 3520">
     <span class='ocr_line' id='line_1_62' title="bbox 700 3447 1565 3520; baseline 0.005 -21"><span class='ocrx_word' id='word_1_386' title='bbox 700 3447 1105 3516; x_wconf 84' lang='lat' dir='ltr'><strong>Fragmentum.</strong></span> <span class='ocrx_word' id='word_1_387' title='bbox 1130 3450 1389 3518; x_wconf 87' lang='lat' dir='ltr'><strong>—(Anno</strong></span> <span class='ocrx_word' id='word_1_388' title='bbox 1418 3451 1565 3520; x_wconf 85' lang='lat'><strong>867.)</strong></span> 
     </span>
    </p>
   </div>
   <div class='ocr_carea' id='block_1_62' title="bbox 347 3533 1922 3608">
    <p class='ocr_par' dir='ltr' id='par_1_62' title="bbox 347 3533 1922 3608">
     <span class='ocr_line' id='line_1_63' title="bbox 347 3533 1922 3608; baseline 0.003 -19"><span class='ocrx_word' id='word_1_389' title='bbox 347 3533 422 3591; x_wconf 89' lang='lat' dir='ltr'><strong>De</strong></span> <span class='ocrx_word' id='word_1_390' title='bbox 448 3536 604 3590; x_wconf 75' lang='lat' dir='ltr'><strong>vidua</strong></span> <span class='ocrx_word' id='word_1_391' title='bbox 629 3554 746 3608; x_wconf 71' lang='lat' dir='ltr'><strong>qua:</strong></span> <span class='ocrx_word' id='word_1_392' title='bbox 768 3547 880 3607; x_wconf 87' lang='lat' dir='ltr'><strong>post</strong></span> <span class='ocrx_word' id='word_1_393' title='bbox 916 3550 1236 3606; x_wconf 79' lang='lat' dir='ltr'><strong>assumptum</strong></span> <span class='ocrx_word' id='word_1_394' title='bbox 1276 3540 1751 3594; x_wconf 84' lang='lat' dir='ltr'><strong>sanctimonialium</strong></span> <span class='ocrx_word' id='word_1_395' title='bbox 1782 3540 1922 3594; x_wconf 83' lang='lat' dir='ltr'><strong>vela-</strong></span> 
     </span>
    </p>
   </div>
   <div class='ocr_carea' id='block_1_63' title="bbox 765 3608 1498 3675">
    <p class='ocr_par' dir='ltr' id='par_1_63' title="bbox 765 3608 1498 3675">
     <span class='ocr_line' id='line_1_64' title="bbox 765 3608 1498 3675; baseline 0.001 -15"><span class='ocrx_word' id='word_1_396' title='bbox 765 3623 884 3661; x_wconf 86' lang='lat' dir='ltr'><strong>men</strong></span> <span class='ocrx_word' id='word_1_397' title='bbox 909 3608 978 3660; x_wconf 89' lang='lat' dir='ltr'><strong>ad</strong></span> <span class='ocrx_word' id='word_1_398' title='bbox 1007 3610 1214 3675; x_wconf 82' lang='lat' dir='ltr'><strong>nuptias</strong></span> <span class='ocrx_word' id='word_1_399' title='bbox 1269 3610 1498 3662; x_wconf 86' lang='lat' dir='ltr'><strong>redierit.</strong></span> 
     </span>
    </p>
   </div>
   <div class='ocr_carea' id='block_1_64' title="bbox 839 3697 1424 3770">
    <p class='ocr_par' dir='ltr' id='par_1_64' title="bbox 839 3697 1424 3770">
     <span class='ocr_line' id='line_1_65' title="bbox 839 3697 1424 3770; baseline 0.002 -19"><span class='ocrx_word' id='word_1_400' title='bbox 839 3697 1013 3770; x_wconf 82' lang='lat' dir='ltr'><strong>[Apud</strong></span> <span class='ocrx_word' id='word_1_401' title='bbox 1043 3698 1235 3765; x_wconf 79' lang='lat' dir='ltr'><strong>Mansi,</strong></span> <span class='ocrx_word' id='word_1_402' title='bbox 1270 3697 1424 3769; x_wconf 84' lang='lat' dir='ltr'><strong>ibid.]</strong></span> 
     </span>
    </p>
   </div>
   <div class='ocr_carea' id='block_1_65' title="bbox 413 3804 1921 3880">
    <p class='ocr_par' dir='ltr' id='par_1_65' title="bbox 413 3804 1921 3880">
     <span class='ocr_line' id='line_1_66' title="bbox 413 3804 1921 3880; baseline 0.003 -19"><span class='ocrx_word' id='word_1_403' title='bbox 413 3804 682 3864; x_wconf 76' lang='lat' dir='ltr'><strong>NICOLAUS</strong></span> <span class='ocrx_word' id='word_1_404' title='bbox 711 3807 1015 3880; x_wconf 86' lang='lat' dir='ltr'><strong>episcopus,</strong></span> <span class='ocrx_word' id='word_1_405' title='bbox 1046 3823 1236 3865; x_wconf 89' lang='lat' dir='ltr'><strong>servus</strong></span> <span class='ocrx_word' id='word_1_406' title='bbox 1281 3824 1562 3865; x_wconf 89' lang='lat' dir='ltr'><strong>servorum</strong></span> <span class='ocrx_word' id='word_1_407' title='bbox 1621 3809 1737 3874; x_wconf 87' lang='lat' dir='ltr'><strong>Dei,</strong></span> <span class='ocrx_word' id='word_1_408' title='bbox 1769 3826 1921 3866; x_wconf 81' lang='lat' dir='ltr'><strong>reve-</strong></span> 
     </span>
    </p>
   </div>
   <div class='ocr_carea' id='block_1_66' title="bbox 345 3898 1916 3957">
    <p class='ocr_par' dir='ltr' id='par_1_66' title="bbox 345 3898 1916 3957">
     <span class='ocr_line' id='line_1_67' title="bbox 345 3898 1916 3957; baseline 0.004 -6"><span class='ocrx_word' id='word_1_409' title='bbox 345 3899 652 3954; x_wconf 83' lang='lat' dir='ltr'><strong>rentissimo</strong></span> <span class='ocrx_word' id='word_1_410' title='bbox 677 3907 732 3955; x_wconf 90' lang='lat' dir='ltr'><strong>et</strong></span> <span class='ocrx_word' id='word_1_411' title='bbox 760 3901 1102 3955; x_wconf 89' lang='lat' dir='ltr'><strong>sanctissimo</strong></span> <span class='ocrx_word' id='word_1_412' title='bbox 1122 3898 1380 3955; x_wconf 89' lang='lat' dir='ltr'><strong>confratri</strong></span> <span class='ocrx_word' id='word_1_413' title='bbox 1412 3907 1598 3956; x_wconf 91' lang='lat' dir='ltr'><strong>nostro</strong></span> <span class='ocrx_word' id='word_1_414' title='bbox 1620 3900 1916 3957; x_wconf 69' lang='lat' dir='ltr'><strong>ADALWINO</strong></span> 
     </span>
    </p>
   </div>
   <div class='ocr_carea' id='block_1_67' title="bbox 344 3985 1637 4060">
    <p class='ocr_par' dir='ltr' id='par_1_67' title="bbox 344 3985 1637 4060">
     <span class='ocr_line' id='line_1_68' title="bbox 344 3985 1637 4060; baseline 0.004 -21"><span class='ocrx_word' id='word_1_415' title='bbox 344 3995 544 4042; x_wconf 62' lang='lat' dir='ltr'><strong>sanctae</strong></span> <span class='ocrx_word' id='word_1_416' title='bbox 564 3985 903 4044; x_wconf 85' lang='lat' dir='ltr'><strong>Juvaviensis</strong></span> <span class='ocrx_word' id='word_1_417' title='bbox 935 3989 1187 4046; x_wconf 64' lang='lat' dir='ltr'><strong>Ecclesiae</strong></span> <span class='ocrx_word' id='word_1_418' title='bbox 1210 3989 1637 4060; x_wconf 81' lang='lat' dir='ltr'><strong>archiepiscopo.</strong></span> 
     </span>
    </p>
   </div>
   <div class='ocr_carea' id='block_1_68' title="bbox 413 4077 1923 4152">
    <p class='ocr_par' dir='ltr' id='par_1_68' title="bbox 413 4077 1923 4152">
     <span class='ocr_line' id='line_1_69' title="bbox 413 4077 1923 4152; baseline 0.003 -20"><span class='ocrx_word' id='word_1_419' title='bbox 413 4077 565 4145; x_wconf 83' lang='lat' dir='ltr'><strong>Quod</strong></span> <span class='ocrx_word' id='word_1_420' title='bbox 594 4088 772 4134; x_wconf 88' lang='lat' dir='ltr'><strong>autem</strong></span> <span class='ocrx_word' id='word_1_421' title='bbox 797 4079 1143 4152; x_wconf 87' lang='lat' dir='ltr'><strong>interrogasti</strong></span> <span class='ocrx_word' id='word_1_422' title='bbox 1171 4080 1239 4136; x_wconf 89' lang='lat' dir='ltr'><strong>de</strong></span> <span class='ocrx_word' id='word_1_423' title='bbox 1262 4080 1459 4136; x_wconf 89' lang='lat' dir='ltr'><strong>femina</strong></span> <span class='ocrx_word' id='word_1_424' title='bbox 1487 4095 1607 4150; x_wconf 63' lang='lat' dir='ltr'><strong>quae</strong></span> <span class='ocrx_word' id='word_1_425' title='bbox 1644 4087 1769 4150; x_wconf 89' lang='lat' dir='ltr'><strong>post</strong></span> <span class='ocrx_word' id='word_1_426' title='bbox 1805 4080 1923 4136; x_wconf 90' lang='lat' dir='ltr'><strong>obi-</strong></span> 
     </span>
    </p>
   </div>
   <div class='ocr_carea' id='block_1_69' title="bbox 343 4169 1922 4240">
    <p class='ocr_par' dir='ltr' id='par_1_69' title="bbox 343 4169 1922 4240">
     <span class='ocr_line' id='line_1_70' title="bbox 343 4169 1922 4240; baseline 0.002 -18"><span class='ocrx_word' id='word_1_427' title='bbox 343 4175 457 4222; x_wconf 88' lang='lat' dir='ltr'><strong>tum</strong></span> <span class='ocrx_word' id='word_1_428' title='bbox 508 4169 686 4224; x_wconf 90' lang='lat' dir='ltr'><strong>mariti</strong></span> <span class='ocrx_word' id='word_1_429' title='bbox 729 4170 808 4224; x_wconf 89' lang='lat' dir='ltr'><strong>sui</strong></span> <span class='ocrx_word' id='word_1_430' title='bbox 840 4170 1092 4225; x_wconf 86' lang='lat' dir='ltr'><strong>velamen</strong></span> <span class='ocrx_word' id='word_1_431' title='bbox 1120 4185 1336 4226; x_wconf 90' lang='lat' dir='ltr'><strong>sacrum</strong></span> <span class='ocrx_word' id='word_1_432' title='bbox 1370 4184 1532 4240; x_wconf 87' lang='lat' dir='ltr'><strong>super</strong></span> <span class='ocrx_word' id='word_1_433' title='bbox 1567 4179 1728 4240; x_wconf 90' lang='lat' dir='ltr'><strong>caput</strong></span> <span class='ocrx_word' id='word_1_434' title='bbox 1762 4185 1922 4226; x_wconf 91' lang='lat' dir='ltr'><strong>suum</strong></span> 
     </span>
    </p>
   </div>
   <div class='ocr_carea' id='block_1_70' title="bbox 347 4258 1923 4328">
    <p class='ocr_par' dir='ltr' id='par_1_70' title="bbox 347 4258 1923 4328">
     <span class='ocr_line' id='line_1_71' title="bbox 347 4258 1923 4328; baseline 0.001 -16"><span class='ocrx_word' id='word_1_435' title='bbox 347 4258 619 4328; x_wconf 81' lang='lat' dir='ltr'><strong>imposuit,</strong></span> <span class='ocrx_word' id='word_1_436' title='bbox 645 4266 701 4314; x_wconf 92' lang='lat' dir='ltr'><strong>et</strong></span> <span class='ocrx_word' id='word_1_437' title='bbox 727 4259 880 4315; x_wconf 85' lang='lat' dir='ltr'><strong>ﬁnxit</strong></span> <span class='ocrx_word' id='word_1_438' title='bbox 909 4275 967 4314; x_wconf 90' lang='lat' dir='ltr'><strong>se</strong></span> <span class='ocrx_word' id='word_1_439' title='bbox 993 4261 1094 4316; x_wconf 90' lang='lat' dir='ltr'><strong>sub</strong></span> <span class='ocrx_word' id='word_1_440' title='bbox 1119 4260 1308 4316; x_wconf 90' lang='lat' dir='ltr'><strong>eodem</strong></span> <span class='ocrx_word' id='word_1_441' title='bbox 1337 4259 1603 4315; x_wconf 81' lang='lat' dir='ltr'><strong>velamine</strong></span> <span class='ocrx_word' id='word_1_442' title='bbox 1631 4261 1923 4314; x_wconf 81' lang='lat' dir='ltr'><strong>sanctimo-</strong></span> 
     </span>
    </p>
   </div>
   <div class='ocr_carea' id='block_1_71' title="bbox 343 4351 1919 4423">
    <p class='ocr_par' dir='ltr' id='par_1_71' title="bbox 343 4351 1919 4423">
     <span class='ocr_line' id='line_1_72' title="bbox 343 4351 1919 4423; baseline 0.002 -20"><span class='ocrx_word' id='word_1_443' title='bbox 343 4351 539 4404; x_wconf 89' lang='lat' dir='ltr'><strong>nialem</strong></span> <span class='ocrx_word' id='word_1_444' title='bbox 571 4366 710 4417; x_wconf 90' lang='lat' dir='ltr'><strong>esse,</strong></span> <span class='ocrx_word' id='word_1_445' title='bbox 740 4360 926 4421; x_wconf 90' lang='lat' dir='ltr'><strong>postea</strong></span> <span class='ocrx_word' id='word_1_446' title='bbox 975 4353 1042 4407; x_wconf 91' lang='lat' dir='ltr'><strong>ad</strong></span> <span class='ocrx_word' id='word_1_447' title='bbox 1089 4352 1306 4423; x_wconf 88' lang='lat' dir='ltr'><strong>nuptias</strong></span> <span class='ocrx_word' id='word_1_448' title='bbox 1339 4352 1524 4417; x_wconf 90' lang='lat' dir='ltr'><strong>rediit,</strong></span> <span class='ocrx_word' id='word_1_449' title='bbox 1554 4351 1754 4406; x_wconf 89' lang='lat' dir='ltr'><strong>bonum</strong></span> <span class='ocrx_word' id='word_1_450' title='bbox 1785 4352 1919 4407; x_wconf 91' lang='lat' dir='ltr'><strong>mihi</strong></span> 
     </span>
    </p>
   </div>
   <div class='ocr_carea' id='block_1_72' title="bbox 341 4435 3704 4515">
    <p class='ocr_par' dir='ltr' id='par_1_72' title="bbox 341 4435 3704 4515">
     <span class='ocr_line' id='line_1_73' title="bbox 341 4435 3704 4515; baseline -0.002 -20"><span class='ocrx_word' id='word_1_451' title='bbox 341 4440 552 4495; x_wconf 84' lang='lat' dir='ltr'><strong>videtur</strong></span> <span class='ocrx_word' id='word_1_452' title='bbox 579 4441 704 4511; x_wconf 87' lang='lat' dir='ltr'><strong>quia</strong></span> <span class='ocrx_word' id='word_1_453' title='bbox 738 4457 834 4511; x_wconf 89' lang='lat' dir='ltr'><strong>per</strong></span> <span class='ocrx_word' id='word_1_454' title='bbox 856 4442 1165 4513; x_wconf 88' lang='lat' dir='ltr'><strong>hypocrisin</strong></span> <span class='ocrx_word' id='word_1_455' title='bbox 1213 4442 1633 4499; x_wconf 89' lang='lat' dir='ltr'><strong>ecclesiasticam</strong></span> <span class='ocrx_word' id='word_1_456' title='bbox 1681 4441 1920 4511; x_wconf 86' lang='lat' dir='ltr'><strong>regulam</strong></span> <span class='ocrx_word' id='word_1_457' title='bbox 1947 4455 1999 4515; x_wconf 74' lang='grc' dir='ltr'><strong>ι)</strong></span> <span class='ocrx_word' id='word_1_458' title='bbox 2024 4451 2251 4507; x_wconf 88' lang='lat' dir='ltr'><strong>quorum</strong></span> <span class='ocrx_word' id='word_1_459' title='bbox 2279 4445 2334 4492; x_wconf 91' lang='lat' dir='ltr'><strong>et</strong></span> <span class='ocrx_word' id='word_1_460' title='bbox 2359 4436 2606 4506; x_wconf 87' lang='lat' dir='ltr'><strong>discipuli</strong></span> <span class='ocrx_word' id='word_1_461' title='bbox 2657 4445 2823 4504; x_wconf 79' lang='lat' dir='ltr'><strong>sunt;</strong></span> <span class='ocrx_word' id='word_1_462' title='bbox 2858 4438 3029 4508; x_wconf 89' lang='lat' dir='ltr'><strong>magis</strong></span> <span class='ocrx_word' id='word_1_463' title='bbox 3082 4437 3316 4494; x_wconf 88' lang='lat' dir='ltr'><strong>Nemrod</strong></span> <span class='ocrx_word' id='word_1_464' title='bbox 3348 4435 3517 4508; x_wconf 81' lang='lat' dir='ltr'><strong>(Gen.</strong></span> <span class='ocrx_word' id='word_1_465' title='bbox 3550 4438 3605 4509; x_wconf 74' lang='grc' dir='ltr'><strong>χ)</strong></span> <span class='ocrx_word' id='word_1_466' title='bbox 3697 4462 3704 4467; x_wconf 85' lang='grc' dir='ltr'><strong> </strong></span> 
     </span>
    </p>
   </div>
   <div class='ocr_carea' id='block_1_73' title="bbox 2024 3175 3611 3246">
    <p class='ocr_par' dir='ltr' id='par_1_73' title="bbox 2024 3175 3611 3246">
     <span class='ocr_line' id='line_1_74' title="bbox 2024 3175 3611 3246; baseline 0.004 -16"><span class='ocrx_word' id='word_1_467' title='bbox 2024 3175 2304 3230; x_wconf 87' lang='lat' dir='ltr'><strong>cerdotum</strong></span> <span class='ocrx_word' id='word_1_468' title='bbox 2330 3176 2343 3229; x_wconf 85' lang='lat'>!</span> <span class='ocrx_word' id='word_1_469' title='bbox 2375 3176 2487 3246; x_wconf 91' lang='lat' dir='ltr'><strong>qui,</strong></span> <span class='ocrx_word' id='word_1_470' title='bbox 2517 3177 2644 3231; x_wconf 91' lang='lat' dir='ltr'><strong>dum</strong></span> <span class='ocrx_word' id='word_1_471' title='bbox 2672 3176 2944 3233; x_wconf 89' lang='lat' dir='ltr'><strong>lucrandis</strong></span> <span class='ocrx_word' id='word_1_472' title='bbox 2973 3178 3226 3236; x_wconf 90' lang='lat' dir='ltr'><strong>ﬁdelibus</strong></span> <span class='ocrx_word' id='word_1_473' title='bbox 3278 3181 3475 3237; x_wconf 88' lang='lat' dir='ltr'><strong>debent</strong></span> <span class='ocrx_word' id='word_1_474' title='bbox 3525 3181 3611 3236; x_wconf 85' lang='lat' dir='ltr'><strong>in-</strong></span> 
     </span>
    </p>
   </div>
   <div class='ocr_carea' id='block_1_74' title="bbox 2021 3263 3606 3343">
    <p class='ocr_par' dir='ltr' id='par_1_74' title="bbox 2021 3263 3606 3343">
     <span class='ocr_line' id='line_1_75' title="bbox 2021 3263 3606 3343; baseline 0.005 -24"><span class='ocrx_word' id='word_1_475' title='bbox 2021 3263 2234 3329; x_wconf 88' lang='lat' dir='ltr'><strong>sistere,</strong></span> <span class='ocrx_word' id='word_1_476' title='bbox 2284 3263 2543 3320; x_wconf 89' lang='lat' dir='ltr'><strong>venandis</strong></span> <span class='ocrx_word' id='word_1_477' title='bbox 2570 3263 2700 3321; x_wconf 82' lang='lat' dir='ltr'><strong>feris</strong></span> <span class='ocrx_word' id='word_1_478' title='bbox 2747 3266 3083 3333; x_wconf 90' lang='lat' dir='ltr'><strong>incumbunt,</strong></span> <span class='ocrx_word' id='word_1_479' title='bbox 3140 3277 3196 3324; x_wconf 90' lang='lat' dir='ltr'><strong>et</strong></span> <span class='ocrx_word' id='word_1_480' title='bbox 3230 3285 3366 3341; x_wconf 90' lang='lat' dir='ltr'><strong>quos</strong></span> <span class='ocrx_word' id='word_1_481' title='bbox 3413 3286 3606 3343; x_wconf 88' lang='lat' dir='ltr'><strong>capere</strong></span> 
     </span>
    </p>
   </div>
   <div class='ocr_carea' id='block_1_75' title="bbox 2020 3356 3609 3433">
    <p class='ocr_par' dir='ltr' id='par_1_75' title="bbox 2020 3356 3609 3433">
     <span class='ocr_line' id='line_1_76' title="bbox 2020 3356 3609 3433; baseline 0.005 -23"><span class='ocrx_word' id='word_1_482' title='bbox 2020 3361 2236 3424; x_wconf 89' lang='lat' dir='ltr'><strong>oportet</strong></span> <span class='ocrx_word' id='word_1_483' title='bbox 2280 3356 2545 3422; x_wconf 88' lang='lat' dir='ltr'><strong>homines,</strong></span> <span class='ocrx_word' id='word_1_484' title='bbox 2595 3358 2966 3426; x_wconf 88' lang='lat' dir='ltr'><strong>capiuutaves</strong></span> <span class='ocrx_word' id='word_1_485' title='bbox 2990 3369 3045 3414; x_wconf 90' lang='lat' dir='ltr'><strong>et</strong></span> <span class='ocrx_word' id='word_1_486' title='bbox 3069 3360 3308 3427; x_wconf 90' lang='lat' dir='ltr'><strong>bestias;</strong></span> <span class='ocrx_word' id='word_1_487' title='bbox 3361 3363 3452 3433; x_wconf 92' lang='lat' dir='ltr'><strong>qui</strong></span> <span class='ocrx_word' id='word_1_488' title='bbox 3481 3363 3609 3418; x_wconf 90' lang='lat' dir='ltr'><strong>dum</strong></span> 
     </span>
    </p>
   </div>
   <div class='ocr_carea' id='block_1_76' title="bbox 2021 3445 3610 3512">
    <p class='ocr_par' dir='ltr' id='par_1_76' title="bbox 2021 3445 3610 3512">
     <span class='ocr_line' id='line_1_77' title="bbox 2021 3445 3610 3512; baseline 0.007 -14"><span class='ocrx_word' id='word_1_489' title='bbox 2021 3445 2286 3500; x_wconf 90' lang='lat' dir='ltr'><strong>mortibus</strong></span> <span class='ocrx_word' id='word_1_490' title='bbox 2316 3448 2529 3500; x_wconf 82' lang='lat' dir='ltr'><strong>student</strong></span> <span class='ocrx_word' id='word_1_491' title='bbox 2555 3448 2928 3512; x_wconf 90' lang='lat' dir='ltr'><strong>animantium,</strong></span> <span class='ocrx_word' id='word_1_492' title='bbox 2961 3450 3126 3504; x_wconf 90' lang='lat' dir='ltr'><strong>vitam</strong></span> <span class='ocrx_word' id='word_1_493' title='bbox 3182 3467 3402 3506; x_wconf 90' lang='lat' dir='ltr'><strong>suarum</strong></span> <span class='ocrx_word' id='word_1_494' title='bbox 3450 3454 3610 3508; x_wconf 90' lang='lat' dir='ltr'><strong>amit-</strong></span> 
     </span>
    </p>
   </div>
   <div class='ocr_carea' id='block_1_77' title="bbox 2022 3533 3607 3610">
    <p class='ocr_par' dir='ltr' id='par_1_77' title="bbox 2022 3533 3607 3610">
     <span class='ocr_line' id='line_1_78' title="bbox 2022 3533 3607 3610; baseline 0.007 -24"><span class='ocrx_word' id='word_1_495' title='bbox 2022 3540 2141 3587; x_wconf 92' lang='lat' dir='ltr'><strong>tunt</strong></span> <span class='ocrx_word' id='word_1_496' title='bbox 2189 3535 2528 3588; x_wconf 83' lang='lat' dir='ltr'><strong>animarum!</strong></span> <span class='ocrx_word' id='word_1_497' title='bbox 2581 3533 2626 3590; x_wconf 91' lang='grc' dir='ltr'><strong>Ο</strong></span> <span class='ocrx_word' id='word_1_498' title='bbox 2668 3534 2936 3591; x_wconf 81' lang='lat' dir='ltr'><strong>infelicem</strong></span> <span class='ocrx_word' id='word_1_499' title='bbox 2975 3539 3140 3592; x_wconf 90' lang='lat' dir='ltr'><strong>vitam</strong></span> <span class='ocrx_word' id='word_1_500' title='bbox 3186 3555 3347 3610; x_wconf 89' lang='lat' dir='ltr'><strong>super</strong></span> <span class='ocrx_word' id='word_1_501' title='bbox 3390 3557 3607 3597; x_wconf 90' lang='lat' dir='ltr'><strong>omnem</strong></span> 
     </span>
    </p>
   </div>
   <div class='ocr_carea' id='block_1_78' title="bbox 2022 3624 3610 3700">
    <p class='ocr_par' dir='ltr' id='par_1_78' title="bbox 2022 3624 3610 3700">
     <span class='ocr_line' id='line_1_79' title="bbox 2022 3624 3610 3700; baseline 0.005 -22"><span class='ocrx_word' id='word_1_502' title='bbox 2022 3625 2216 3679; x_wconf 90' lang='lat' dir='ltr'><strong>vitam!</strong></span> <span class='ocrx_word' id='word_1_503' title='bbox 2247 3624 2381 3679; x_wconf 88' lang='lat' dir='ltr'><strong>Nam</strong></span> <span class='ocrx_word' id='word_1_504' title='bbox 2407 3626 2460 3680; x_wconf 93' lang='lat' dir='ltr'><strong>in</strong></span> <span class='ocrx_word' id='word_1_505' title='bbox 2483 3641 2588 3695; x_wconf 94' lang='lat' dir='ltr'><strong>quo</strong></span> <span class='ocrx_word' id='word_1_506' title='bbox 2616 3626 2788 3698; x_wconf 88' lang='lat' dir='ltr'><strong>magis</strong></span> <span class='ocrx_word' id='word_1_507' title='bbox 2829 3628 3056 3698; x_wconf 91' lang='lat' dir='ltr'><strong>quisque</strong></span> <span class='ocrx_word' id='word_1_508' title='bbox 3104 3630 3338 3685; x_wconf 88' lang='lat' dir='ltr'><strong>carnalis</strong></span> <span class='ocrx_word' id='word_1_509' title='bbox 3386 3642 3610 3700; x_wconf 87' lang='lat' dir='ltr'><strong>apparet</strong></span> 
     </span>
    </p>
   </div>
   <div class='ocr_carea' id='block_1_79' title="bbox 2027 3717 3602 3792">
    <p class='ocr_par' dir='ltr' id='par_1_79' title="bbox 2027 3717 3602 3792">
     <span class='ocr_line' id='line_1_80' title="bbox 2027 3717 3602 3792; baseline 0.004 -22"><span class='ocrx_word' id='word_1_510' title='bbox 2027 3731 2186 3786; x_wconf 88' lang='lat' dir='ltr'><strong>quam</strong></span> <span class='ocrx_word' id='word_1_511' title='bbox 2214 3717 2269 3772; x_wconf 90' lang='lat' dir='ltr'><strong>in</strong></span> <span class='ocrx_word' id='word_1_512' title='bbox 2300 3717 2395 3772; x_wconf 91' lang='lat' dir='ltr'><strong>tali</strong></span> <span class='ocrx_word' id='word_1_513' title='bbox 2422 3718 2575 3772; x_wconf 87' lang='lat' dir='ltr'><strong>vita?</strong></span> <span class='ocrx_word' id='word_1_514' title='bbox 2604 3719 2933 3774; x_wconf 84' lang='lat' dir='ltr'><strong>Venatorum</strong></span> <span class='ocrx_word' id='word_1_515' title='bbox 2968 3721 3112 3775; x_wconf 91' lang='lat' dir='ltr'><strong>enim</strong></span> <span class='ocrx_word' id='word_1_516' title='bbox 3139 3721 3249 3776; x_wconf 88' lang='lat' dir='ltr'><strong>vita</strong></span> <span class='ocrx_word' id='word_1_517' title='bbox 3293 3722 3367 3776; x_wconf 93' lang='lat' dir='ltr'><strong>nil</strong></span> <span class='ocrx_word' id='word_1_518' title='bbox 3404 3731 3602 3792; x_wconf 63' lang='lat' dir='ltr'><strong>printer</strong></span> 
     </span>
    </p>
   </div>
   <div class='ocr_carea' id='block_1_80' title="bbox 2025 3808 3600 3882">
    <p class='ocr_par' dir='ltr' id='par_1_80' title="bbox 2025 3808 3600 3882">
     <span class='ocr_line' id='line_1_81' title="bbox 2025 3808 3600 3882; baseline 0.004 -20"><span class='ocrx_word' id='word_1_519' title='bbox 2025 3821 2215 3863; x_wconf 89' lang='lat' dir='ltr'><strong>carnes</strong></span> <span class='ocrx_word' id='word_1_520' title='bbox 2227 3808 2459 3879; x_wconf 89' lang='lat' dir='ltr'><strong>capit,in</strong></span> <span class='ocrx_word' id='word_1_521' title='bbox 2486 3824 2592 3878; x_wconf 91' lang='lat' dir='ltr'><strong>qua</strong></span> <span class='ocrx_word' id='word_1_522' title='bbox 2615 3810 2741 3864; x_wconf 92' lang='lat' dir='ltr'><strong>dum</strong></span> <span class='ocrx_word' id='word_1_523' title='bbox 2757 3810 2986 3881; x_wconf 89' lang='lat' dir='ltr'><strong>quisque</strong></span> <span class='ocrx_word' id='word_1_524' title='bbox 3009 3813 3304 3880; x_wconf 90' lang='lat' dir='ltr'><strong>permansit</strong></span> <span class='ocrx_word' id='word_1_525' title='bbox 3326 3828 3600 3882; x_wconf 88' lang='lat' dir='ltr'><strong>nunquam</strong></span> 
     </span>
    </p>
   </div>
   <div class='ocr_carea' id='block_1_81' title="bbox 2021 3897 3607 3971">
    <p class='ocr_par' dir='ltr' id='par_1_81' title="bbox 2021 3897 3607 3971">
     <span class='ocr_line' id='line_1_82' title="bbox 2021 3897 3607 3971; baseline 0.002 -19"><span class='ocrx_word' id='word_1_526' title='bbox 2021 3899 2279 3969; x_wconf 89' lang='lat' dir='ltr'><strong>probatus</strong></span> <span class='ocrx_word' id='word_1_527' title='bbox 2306 3907 2406 3954; x_wconf 90' lang='lat' dir='ltr'><strong>est.</strong></span> <span class='ocrx_word' id='word_1_528' title='bbox 2439 3897 2596 3964; x_wconf 85' lang='lat' dir='ltr'><strong>Nam,</strong></span> <span class='ocrx_word' id='word_1_529' title='bbox 2624 3907 2684 3952; x_wconf 91' lang='lat' dir='ltr'><strong>ut</strong></span> <span class='ocrx_word' id='word_1_530' title='bbox 2709 3899 2901 3954; x_wconf 87' lang='lat' dir='ltr'><strong>beatus</strong></span> <span class='ocrx_word' id='word_1_531' title='bbox 2927 3898 3063 3953; x_wconf 74' lang='lat' dir='ltr'><strong>dixit</strong></span> <span class='ocrx_word' id='word_1_532' title='bbox 3108 3899 3480 3971; x_wconf 86' lang='lat' dir='ltr'><strong>Hieronymus,</strong></span> <span class='ocrx_word' id='word_1_533' title='bbox 3516 3915 3607 3955; x_wconf 90' lang='lat' dir='ltr'><strong>ve-</strong></span> 
     </span>
    </p>
   </div>
   <div class='ocr_carea' id='block_1_82' title="bbox 2023 3988 3603 4059">
    <p class='ocr_par' dir='ltr' id='par_1_82' title="bbox 2023 3988 3603 4059">
     <span class='ocr_line' id='line_1_83' title="bbox 2023 3988 3603 4059; baseline 0.001 -16"><span class='ocrx_word' id='word_1_534' title='bbox 2023 3997 2266 4043; x_wconf 90' lang='lat' dir='ltr'><strong>natorem</strong></span> <span class='ocrx_word' id='word_1_535' title='bbox 2296 4003 2574 4058; x_wconf 90' lang='lat' dir='ltr'><strong>nunquam</strong></span> <span class='ocrx_word' id='word_1_536' title='bbox 2598 3989 2826 4058; x_wconf 88' lang='lat' dir='ltr'><strong>legimus</strong></span> <span class='ocrx_word' id='word_1_537' title='bbox 2858 3997 3121 4044; x_wconf 89' lang='lat' dir='ltr'><strong>sanctum.</strong></span> <span class='ocrx_word' id='word_1_538' title='bbox 3155 3988 3249 4044; x_wconf 73' lang='lat' dir='ltr'><strong>Vze</strong></span> <span class='ocrx_word' id='word_1_539' title='bbox 3299 3989 3603 4059; x_wconf 88' lang='lat' dir='ltr'><strong>hujusmodi</strong></span> 
     </span>
    </p>
   </div>
   <div class='ocr_carea' id='block_1_83' title="bbox 2023 4077 3606 4147">
    <p class='ocr_par' dir='ltr' id='par_1_83' title="bbox 2023 4077 3606 4147">
     <span class='ocr_line' id='line_1_84' title="bbox 2023 4077 3606 4147; baseline 0.001 -14"><span class='ocrx_word' id='word_1_540' title='bbox 2023 4077 2360 4147; x_wconf 80' lang='lat' dir='ltr'><strong>praesulibus,</strong></span> <span class='ocrx_word' id='word_1_541' title='bbox 2384 4079 2476 4147; x_wconf 88' lang='lat' dir='ltr'><strong>qui</strong></span> <span class='ocrx_word' id='word_1_542' title='bbox 2520 4077 2646 4132; x_wconf 92' lang='lat' dir='ltr'><strong>dum</strong></span> <span class='ocrx_word' id='word_1_543' title='bbox 2675 4078 2874 4134; x_wconf 89' lang='lat' dir='ltr'><strong>debent</strong></span> <span class='ocrx_word' id='word_1_544' title='bbox 2903 4078 3146 4145; x_wconf 89' lang='lat' dir='ltr'><strong>Petrum,</strong></span> <span class='ocrx_word' id='word_1_545' title='bbox 3199 4079 3490 4146; x_wconf 82' lang='lat' dir='ltr'><strong>Andream,</strong></span> <span class='ocrx_word' id='word_1_546' title='bbox 3513 4079 3606 4135; x_wconf 79' lang='lat' dir='ltr'><strong>Ja-</strong></span> 
     </span>
    </p>
   </div>
   <div class='ocr_carea' id='block_1_84' title="bbox 2023 4167 3602 4236">
    <p class='ocr_par' dir='ltr' id='par_1_84' title="bbox 2023 4167 3602 4236">
     <span class='ocr_line' id='line_1_85' title="bbox 2023 4167 3602 4236; baseline -0.001 -11"><span class='ocrx_word' id='word_1_547' title='bbox 2023 4172 2214 4225; x_wconf 88' lang='lat' dir='ltr'><strong>cobum</strong></span> <span class='ocrx_word' id='word_1_548' title='bbox 2251 4177 2306 4224; x_wconf 88' lang='lat' dir='ltr'><strong>et</strong></span> <span class='ocrx_word' id='word_1_549' title='bbox 2346 4167 2629 4234; x_wconf 83' lang='lat' dir='ltr'><strong>Joannem,</strong></span> <span class='ocrx_word' id='word_1_550' title='bbox 2687 4169 2881 4236; x_wconf 89' lang='lat' dir='ltr'><strong>quibus</strong></span> <span class='ocrx_word' id='word_1_551' title='bbox 2917 4184 2948 4224; x_wconf 91' lang='lat' dir='ltr'><strong>a</strong></span> <span class='ocrx_word' id='word_1_552' title='bbox 2979 4170 3204 4225; x_wconf 88' lang='lat' dir='ltr'><strong>Domino</strong></span> <span class='ocrx_word' id='word_1_553' title='bbox 3242 4171 3445 4226; x_wconf 89' lang='lat' dir='ltr'><strong>dictum</strong></span> <span class='ocrx_word' id='word_1_554' title='bbox 3474 4179 3556 4226; x_wconf 90' lang='lat' dir='ltr'><strong>est</strong></span> <span class='ocrx_word' id='word_1_555' title='bbox 3589 4187 3602 4224; x_wconf 93' lang='lat'><strong>:</strong></span> 
     </span>
    </p>
   </div>
   <div class='ocr_carea' id='block_1_85' title="bbox 2024 4258 3605 4330">
    <p class='ocr_par' dir='ltr' id='par_1_85' title="bbox 2024 4258 3605 4330">
     <span class='ocr_line' id='line_1_86' title="bbox 2024 4258 3605 4330; baseline 0.001 -20"><span class='ocrx_word' id='word_1_556' title='bbox 2024 4259 2217 4314; x_wconf 76' lang='lat' dir='ltr'><strong>Venite</strong></span> <span class='ocrx_word' id='word_1_557' title='bbox 2263 4268 2388 4330; x_wconf 91' lang='lat' dir='ltr'><strong>post</strong></span> <span class='ocrx_word' id='word_1_558' title='bbox 2433 4274 2544 4324; x_wconf 89' lang='lat' dir='ltr'><strong>me,</strong></span> <span class='ocrx_word' id='word_1_559' title='bbox 2585 4258 2778 4314; x_wconf 86' lang='lat' dir='ltr'><strong>faciam</strong></span> <span class='ocrx_word' id='word_1_560' title='bbox 2825 4274 2921 4314; x_wconf 87' lang='lat' dir='ltr'><strong>vos</strong></span> <span class='ocrx_word' id='word_1_561' title='bbox 2978 4261 3274 4329; x_wconf 88' lang='lat' dir='ltr'><strong>piscatores</strong></span> <span class='ocrx_word' id='word_1_562' title='bbox 3326 4260 3605 4313; x_wconf 90' lang='lat' dir='ltr'><strong>hominum</strong></span> 
     </span>
    </p>
   </div>
   <div class='ocr_carea' id='block_1_86' title="bbox 2029 4347 3601 4421">
    <p class='ocr_par' dir='ltr' id='par_1_86' title="bbox 2029 4347 3601 4421">
     <span class='ocr_line' id='line_1_87' title="bbox 2029 4347 3601 4421; baseline 0.001 -18"><span class='ocrx_word' id='word_1_563' title='bbox 2029 4347 2243 4421; x_wconf 78' lang='lat' dir='ltr'><strong>(Matth.</strong></span> <span class='ocrx_word' id='word_1_564' title='bbox 2268 4357 2398 4404; x_wconf 69' lang='lat' dir='ltr'><strong>IV&#39;el</strong></span> <span class='ocrx_word' id='word_1_565' title='bbox 2419 4347 2590 4402; x_wconf 80' lang='lat' dir='ltr'><strong>Marc.</strong></span> <span class='ocrx_word' id='word_1_566' title='bbox 2621 4348 2660 4419; x_wconf 82' lang='grc' dir='ltr'><strong>ι)</strong></span> <span class='ocrx_word' id='word_1_567' title='bbox 2683 4387 2698 4414; x_wconf 86' lang='grc'><em>,</em></span> <span class='ocrx_word' id='word_1_568' title='bbox 2724 4349 2792 4403; x_wconf 86' lang='lat' dir='ltr'><strong>ad</strong></span> <span class='ocrx_word' id='word_1_569' title='bbox 2813 4349 3174 4406; x_wconf 87' lang='lat' dir='ltr'><strong>imitationem</strong></span> <span class='ocrx_word' id='word_1_570' title='bbox 3195 4365 3346 4405; x_wconf 89' lang='lat' dir='ltr'><strong>suam</strong></span> <span class='ocrx_word' id='word_1_571' title='bbox 3379 4350 3601 4420; x_wconf 80' lang='lat' dir='ltr'><strong>eligere,</strong></span> 
     </span>
    </p>
   </div>
   <div class='ocr_carea' id='block_1_87' title="bbox 344 4523 3608 4602">
    <p class='ocr_par' dir='ltr' id='par_1_87' title="bbox 344 4523 3608 4602">
     <span class='ocr_line' id='line_1_88' title="bbox 344 4523 3608 4602; baseline -0.002 -18"><span class='ocrx_word' id='word_1_572' title='bbox 344 4530 670 4584; x_wconf 87' lang='lat' dir='ltr'><strong>conturbare</strong></span> <span class='ocrx_word' id='word_1_573' title='bbox 699 4531 885 4595; x_wconf 90' lang='lat' dir='ltr'><strong>voluit,</strong></span> <span class='ocrx_word' id='word_1_574' title='bbox 913 4539 969 4584; x_wconf 88' lang='lat' dir='ltr'><strong>et</strong></span> <span class='ocrx_word' id='word_1_575' title='bbox 1002 4546 1109 4587; x_wconf 91' lang='lat' dir='ltr'><strong>non</strong></span> <span class='ocrx_word' id='word_1_576' title='bbox 1153 4530 1392 4602; x_wconf 80' lang='lat' dir='ltr'><strong>legitime</strong></span> <span class='ocrx_word' id='word_1_577' title='bbox 1413 4531 1468 4585; x_wconf 94' lang='lat' dir='ltr'><strong>in</strong></span> <span class='ocrx_word' id='word_1_578' title='bbox 1514 4539 1642 4586; x_wconf 89' lang='lat' dir='ltr'><strong>voto</strong></span> <span class='ocrx_word' id='word_1_579' title='bbox 1666 4545 1765 4585; x_wconf 88' lang='lat' dir='ltr'><strong>suo</strong></span> <span class='ocrx_word' id='word_1_580' title='bbox 1797 4544 1917 4600; x_wconf 84' lang='lat' dir='ltr'><strong>per-</strong></span> <span class='ocrx_word' id='word_1_581' title='bbox 2018 4537 2075 4585; x_wconf 87' lang='lat' dir='ltr'><strong>et</strong></span> <span class='ocrx_word' id='word_1_582' title='bbox 2127 4527 2405 4583; x_wconf 89' lang='lat' dir='ltr'><strong>lsmaelem</strong></span> <span class='ocrx_word' id='word_1_583' title='bbox 2435 4527 2452 4598; x_wconf 90' lang='lat'><strong>(</strong></span> <span class='ocrx_word' id='word_1_584' title='bbox 2481 4525 2612 4582; x_wconf 82' lang='lat' dir='ltr'><strong>Gen.</strong></span> <span class='ocrx_word' id='word_1_585' title='bbox 2671 4543 2765 4582; x_wconf 73' lang='lat' dir='ltr'><strong>ut</strong></span> <span class='ocrx_word' id='word_1_586' title='bbox 2796 4529 2836 4598; x_wconf 93' lang='lat'><strong>),</strong></span> <span class='ocrx_word' id='word_1_587' title='bbox 2870 4537 3029 4597; x_wconf 86' lang='lat' dir='ltr'><strong>atque</strong></span> <span class='ocrx_word' id='word_1_588' title='bbox 3059 4527 3198 4582; x_wconf 87' lang='lat' dir='ltr'><strong>Esau</strong></span> <span class='ocrx_word' id='word_1_589' title='bbox 3227 4523 3394 4597; x_wconf 83' lang='lat' dir='ltr'><strong>(Gen.</strong></span> <span class='ocrx_word' id='word_1_590' title='bbox 3423 4541 3528 4578; x_wconf 79' lang='lat' dir='ltr'><strong>xxv</strong></span> <span class='ocrx_word' id='word_1_591' title='bbox 3558 4536 3608 4580; x_wconf 87' lang='lat' dir='ltr'><strong>et</strong></span> 
     </span>
    </p>
   </div>
   <div class='ocr_carea' id='block_1_88' title="bbox 344 4621 1919 4693">
    <p class='ocr_par' dir='ltr' id='par_1_88' title="bbox 344 4621 1919 4693">
     <span class='ocr_line' id='line_1_89' title="bbox 344 4621 1919 4693; baseline 0.001 -18"><span class='ocrx_word' id='word_1_592' title='bbox 344 4621 564 4686; x_wconf 84' lang='lat' dir='ltr'><strong>mansit,</strong></span> <span class='ocrx_word' id='word_1_593' title='bbox 591 4629 650 4674; x_wconf 92' lang='lat' dir='ltr'><strong>ut</strong></span> <span class='ocrx_word' id='word_1_594' title='bbox 674 4623 1050 4690; x_wconf 71' lang='lat' dir='ltr'><strong>pmnitentiam</strong></span> <span class='ocrx_word' id='word_1_595' title='bbox 1080 4631 1206 4693; x_wconf 88' lang='lat' dir='ltr'><strong>agat</strong></span> <span class='ocrx_word' id='word_1_596' title='bbox 1227 4625 1293 4678; x_wconf 90' lang='lat' dir='ltr'><strong>de</strong></span> <span class='ocrx_word' id='word_1_597' title='bbox 1313 4623 1560 4679; x_wconf 88' lang='lat' dir='ltr'><strong>illusione</strong></span> <span class='ocrx_word' id='word_1_598' title='bbox 1581 4622 1836 4686; x_wconf 83' lang='lat' dir='ltr'><strong>nefanda,</strong></span> <span class='ocrx_word' id='word_1_599' title='bbox 1863 4629 1919 4678; x_wconf 91' lang='lat' dir='ltr'><strong>et</strong></span> 
     </span>
    </p>
   </div>
   <div class='ocr_carea' id='block_1_89' title="bbox 345 4711 1922 4784">
    <p class='ocr_par' dir='ltr' id='par_1_89' title="bbox 345 4711 1922 4784">
     <span class='ocr_line' id='line_1_90' title="bbox 345 4711 1922 4784; baseline 0.001 -19"><span class='ocrx_word' id='word_1_600' title='bbox 345 4718 650 4765; x_wconf 78' lang='lat' dir='ltr'><strong>revertatur</strong></span> <span class='ocrx_word' id='word_1_601' title='bbox 673 4713 739 4765; x_wconf 90' lang='lat' dir='ltr'><strong>ad</strong></span> <span class='ocrx_word' id='word_1_602' title='bbox 766 4711 818 4766; x_wconf 91' lang='lat' dir='ltr'><strong>id</strong></span> <span class='ocrx_word' id='word_1_603' title='bbox 841 4713 983 4782; x_wconf 87' lang='lat' dir='ltr'><strong>quod</strong></span> <span class='ocrx_word' id='word_1_604' title='bbox 1014 4715 1318 4784; x_wconf 89' lang='lat' dir='ltr'><strong>spopondit,</strong></span> <span class='ocrx_word' id='word_1_605' title='bbox 1346 4723 1402 4769; x_wconf 88' lang='lat' dir='ltr'><strong>et</strong></span> <span class='ocrx_word' id='word_1_606' title='bbox 1445 4715 1499 4769; x_wconf 92' lang='lat' dir='ltr'><strong>in</strong></span> <span class='ocrx_word' id='word_1_607' title='bbox 1533 4729 1691 4770; x_wconf 88' lang='lat' dir='ltr'><strong>sacro</strong></span> <span class='ocrx_word' id='word_1_608' title='bbox 1733 4729 1922 4769; x_wconf 82' lang='lat' dir='ltr'><strong>mona-</strong></span> 
     </span>
    </p>
   </div>
   <div class='ocr_carea' id='block_1_90' title="bbox 343 4801 1920 4874">
    <p class='ocr_par' dir='ltr' id='par_1_90' title="bbox 343 4801 1920 4874">
     <span class='ocr_line' id='line_1_91' title="bbox 343 4801 1920 4874; baseline 0.002 -19"><span class='ocrx_word' id='word_1_609' title='bbox 343 4802 509 4856; x_wconf 87' lang='lat' dir='ltr'><strong>sterio</strong></span> <span class='ocrx_word' id='word_1_610' title='bbox 529 4801 821 4857; x_wconf 85' lang='lat' dir='ltr'><strong>inchoavit.</strong></span> <span class='ocrx_word' id='word_1_611' title='bbox 846 4801 980 4858; x_wconf 85' lang='lat' dir='ltr'><strong>Nam</strong></span> <span class='ocrx_word' id='word_1_612' title='bbox 1006 4803 1050 4858; x_wconf 87' lang='lat' dir='ltr'><strong>si</strong></span> <span class='ocrx_word' id='word_1_613' title='bbox 1092 4805 1525 4860; x_wconf 87' lang='lat' dir='ltr'><strong>consenserimus</strong></span> <span class='ocrx_word' id='word_1_614' title='bbox 1571 4804 1713 4874; x_wconf 86' lang='lat' dir='ltr'><strong>quod</strong></span> <span class='ocrx_word' id='word_1_615' title='bbox 1739 4805 1920 4859; x_wconf 90' lang='lat' dir='ltr'><strong>omnia</strong></span> 
     </span>
    </p>
   </div>
   <div class='ocr_carea' id='block_1_91' title="bbox 290 4891 1919 4967">
    <p class='ocr_par' dir='ltr' id='par_1_91' title="bbox 290 4891 1919 4967">
     <span class='ocr_line' id='line_1_92' title="bbox 290 4891 1919 4967; baseline 0.003 -23"><span class='ocrx_word' id='word_1_616' title='bbox 290 4926 298 4935; x_wconf 65' lang='grc' dir='ltr'><strong>ρ</strong></span> <span class='ocrx_word' id='word_1_617' title='bbox 332 4899 683 4967; x_wconf 89' lang='lat' dir='ltr'><strong>sacramenta</strong></span> <span class='ocrx_word' id='word_1_618' title='bbox 711 4891 1075 4948; x_wconf 89' lang='lat' dir='ltr'><strong>ecclesiastica</strong></span> <span class='ocrx_word' id='word_1_619' title='bbox 1123 4893 1351 4964; x_wconf 89' lang='lat' dir='ltr'><strong>quisque</strong></span> <span class='ocrx_word' id='word_1_620' title='bbox 1405 4903 1565 4964; x_wconf 86' lang='lat' dir='ltr'><strong>prout</strong></span> <span class='ocrx_word' id='word_1_621' title='bbox 1588 4894 1705 4949; x_wconf 91' lang='lat' dir='ltr'><strong>vult</strong></span> <span class='ocrx_word' id='word_1_622' title='bbox 1735 4895 1919 4965; x_wconf 81' lang='lat' dir='ltr'><strong>ﬁngat,</strong></span> 
     </span>
    </p>
   </div>
   <div class='ocr_carea' id='block_1_92' title="bbox 346 4977 1924 5048">
    <p class='ocr_par' dir='ltr' id='par_1_92' title="bbox 346 4977 1924 5048">
     <span class='ocr_line' id='line_1_93' title="bbox 346 4977 1924 5048; baseline 0.002 -11"><span class='ocrx_word' id='word_1_623' title='bbox 346 4992 400 5037; x_wconf 90' lang='lat' dir='ltr'><strong>et</strong></span> <span class='ocrx_word' id='word_1_624' title='bbox 422 4998 527 5038; x_wconf 91' lang='lat' dir='ltr'><strong>non</strong></span> <span class='ocrx_word' id='word_1_625' title='bbox 557 4997 686 5039; x_wconf 87' lang='lat' dir='ltr'><strong>vere</strong></span> <span class='ocrx_word' id='word_1_626' title='bbox 714 4982 897 5048; x_wconf 88' lang='lat' dir='ltr'><strong>faciat,</strong></span> <span class='ocrx_word' id='word_1_627' title='bbox 918 4985 1096 5040; x_wconf 90' lang='lat' dir='ltr'><strong>omnis</strong></span> <span class='ocrx_word' id='word_1_628' title='bbox 1117 4985 1250 5040; x_wconf 93' lang='lat' dir='ltr'><strong>ordo</strong></span> <span class='ocrx_word' id='word_1_629' title='bbox 1274 4985 1673 5042; x_wconf 82' lang='lat' dir='ltr'><strong>ecclesiasticus</strong></span> <span class='ocrx_word' id='word_1_630' title='bbox 1693 4994 1778 5040; x_wconf 91' lang='lat' dir='ltr'><strong>est</strong></span> <span class='ocrx_word' id='word_1_631' title='bbox 1811 4977 1924 5040; x_wconf 83' lang='lat' dir='ltr'><strong>tur-</strong></span> 
     </span>
    </p>
   </div>
   <div class='ocr_carea' id='block_1_93' title="bbox 348 5075 1923 5151">
    <p class='ocr_par' dir='ltr' id='par_1_93' title="bbox 348 5075 1923 5151">
     <span class='ocr_line' id='line_1_94' title="bbox 348 5075 1923 5151; baseline 0.001 -22"><span class='ocrx_word' id='word_1_632' title='bbox 348 5075 524 5142; x_wconf 87' lang='lat' dir='ltr'><strong>batus,</strong></span> <span class='ocrx_word' id='word_1_633' title='bbox 557 5091 658 5132; x_wconf 90' lang='lat' dir='ltr'><strong>nec</strong></span> <span class='ocrx_word' id='word_1_634' title='bbox 679 5077 961 5133; x_wconf 65' lang='lat' dir='ltr'><strong>catholicae</strong></span> <span class='ocrx_word' id='word_1_635' title='bbox 991 5076 1112 5132; x_wconf 89' lang='lat' dir='ltr'><strong>ﬁdei</strong></span> <span class='ocrx_word' id='word_1_636' title='bbox 1132 5077 1254 5148; x_wconf 88' lang='lat' dir='ltr'><strong>jura</strong></span> <span class='ocrx_word' id='word_1_637' title='bbox 1284 5078 1609 5142; x_wconf 87' lang='lat' dir='ltr'><strong>consistunt,</strong></span> <span class='ocrx_word' id='word_1_638' title='bbox 1636 5092 1738 5133; x_wconf 92' lang='lat' dir='ltr'><strong>nec</strong></span> <span class='ocrx_word' id='word_1_639' title='bbox 1758 5093 1923 5151; x_wconf 78' lang='lat' dir='ltr'><strong>cano-</strong></span> 
     </span>
    </p>
   </div>
   <div class='ocr_carea' id='block_1_94' title="bbox 351 5165 1917 5235">
    <p class='ocr_par' dir='ltr' id='par_1_94' title="bbox 351 5165 1917 5235">
     <span class='ocr_line' id='line_1_95' title="bbox 351 5165 1917 5235; baseline -0.001 -15"><span class='ocrx_word' id='word_1_640' title='bbox 351 5180 443 5220; x_wconf 89' lang='lat' dir='ltr'><strong>nes</strong></span> <span class='ocrx_word' id='word_1_641' title='bbox 491 5165 632 5220; x_wconf 88' lang='lat' dir='ltr'><strong>sacri</strong></span> <span class='ocrx_word' id='word_1_642' title='bbox 688 5166 792 5220; x_wconf 90' lang='lat' dir='ltr'><strong>rite</strong></span> <span class='ocrx_word' id='word_1_643' title='bbox 842 5166 1218 5221; x_wconf 87' lang='lat' dir='ltr'><strong>observantur.</strong></span> <span class='ocrx_word' id='word_1_644' title='bbox 1257 5165 1398 5234; x_wconf 87' lang='lat' dir='ltr'><strong>Quid</strong></span> <span class='ocrx_word' id='word_1_645' title='bbox 1433 5167 1576 5221; x_wconf 89' lang='lat' dir='ltr'><strong>enim</strong></span> <span class='ocrx_word' id='word_1_646' title='bbox 1606 5165 1809 5235; x_wconf 81' lang='lat' dir='ltr'><strong>profuit</strong></span> <span class='ocrx_word' id='word_1_647' title='bbox 1838 5166 1917 5220; x_wconf 89' lang='lat' dir='ltr'><strong>Si-</strong></span> 
     </span>
    </p>
   </div>
   <div class='ocr_carea' id='block_1_95' title="bbox 352 5253 1921 5326">
    <p class='ocr_par' dir='ltr' id='par_1_95' title="bbox 352 5253 1921 5326">
     <span class='ocr_line' id='line_1_96' title="bbox 352 5253 1921 5326; baseline 0.001 -19"><span class='ocrx_word' id='word_1_648' title='bbox 352 5254 492 5309; x_wconf 91' lang='lat' dir='ltr'><strong>moni</strong></span> <span class='ocrx_word' id='word_1_649' title='bbox 521 5253 676 5326; x_wconf 83' lang='lat' dir='ltr'><strong>Mago</strong></span> <span class='ocrx_word' id='word_1_650' title='bbox 703 5256 1027 5326; x_wconf 88' lang='lat' dir='ltr'><strong>baptismum</strong></span> <span class='ocrx_word' id='word_1_651' title='bbox 1059 5270 1270 5312; x_wconf 87' lang='lat' dir='ltr'><strong>sacrum</strong></span> <span class='ocrx_word' id='word_1_652' title='bbox 1302 5255 1424 5311; x_wconf 89' lang='lat' dir='ltr'><strong>ﬁcte</strong></span> <span class='ocrx_word' id='word_1_653' title='bbox 1445 5256 1740 5324; x_wconf 88' lang='lat' dir='ltr'><strong>suscipere,</strong></span> <span class='ocrx_word' id='word_1_654' title='bbox 1764 5264 1820 5310; x_wconf 90' lang='lat' dir='ltr'><strong>et</strong></span> <span class='ocrx_word' id='word_1_655' title='bbox 1868 5257 1921 5310; x_wconf 94' lang='lat' dir='ltr'><strong>in</strong></span> 
     </span>
    </p>
   </div>
   <div class='ocr_carea' id='block_1_96' title="bbox 353 5343 1924 5416">
    <p class='ocr_par' dir='ltr' id='par_1_96' title="bbox 353 5343 1924 5416">
     <span class='ocr_line' id='line_1_97' title="bbox 353 5343 1924 5416; baseline 0.001 -17"><span class='ocrx_word' id='word_1_656' title='bbox 353 5343 758 5402; x_wconf 86' lang='lat' dir='ltr'><strong>Christianitate</strong></span> <span class='ocrx_word' id='word_1_657' title='bbox 817 5361 1230 5416; x_wconf 89' lang='lat' dir='ltr'><strong>permansurum</strong></span> <span class='ocrx_word' id='word_1_658' title='bbox 1296 5361 1355 5402; x_wconf 90' lang='lat' dir='ltr'><strong>se</strong></span> <span class='ocrx_word' id='word_1_659' title='bbox 1405 5347 1645 5412; x_wconf 85' lang='lat' dir='ltr'><strong>ﬁnxisse,</strong></span> <span class='ocrx_word' id='word_1_660' title='bbox 1675 5361 1799 5402; x_wconf 90' lang='lat' dir='ltr'><strong>cum</strong></span> <span class='ocrx_word' id='word_1_661' title='bbox 1827 5361 1924 5416; x_wconf 89' lang='lat' dir='ltr'><strong>per</strong></span> 
     </span>
    </p>
   </div>
   <div class='ocr_carea' id='block_1_97' title="bbox 356 5435 1924 5505">
    <p class='ocr_par' dir='ltr' id='par_1_97' title="bbox 356 5435 1924 5505">
     <span class='ocr_line' id='line_1_98' title="bbox 356 5435 1924 5505; baseline 0.002 -16"><span class='ocrx_word' id='word_1_662' title='bbox 356 5437 670 5505; x_wconf 88' lang='lat' dir='ltr'><strong>apostolum,</strong></span> <span class='ocrx_word' id='word_1_663' title='bbox 706 5435 894 5492; x_wconf 85' lang='lat' dir='ltr'><strong>fraude</strong></span> <span class='ocrx_word' id='word_1_664' title='bbox 914 5435 1032 5504; x_wconf 88' lang='lat' dir='ltr'><strong>ejus</strong></span> <span class='ocrx_word' id='word_1_665' title='bbox 1083 5437 1322 5502; x_wconf 87' lang='lat' dir='ltr'><strong>decreta,</strong></span> <span class='ocrx_word' id='word_1_666' title='bbox 1347 5437 1489 5505; x_wconf 93' lang='lat' dir='ltr'><strong>quod</strong></span> <span class='ocrx_word' id='word_1_667' title='bbox 1539 5437 1642 5492; x_wconf 88' lang='lat' dir='ltr'><strong>sibi</strong></span> <span class='ocrx_word' id='word_1_668' title='bbox 1685 5436 1924 5492; x_wconf 87' lang='lat' dir='ltr'><strong>futurum</strong></span> 
     </span>
    </p>
   </div>
   <div class='ocr_carea' id='block_1_98' title="bbox 357 5525 1926 5595">
    <p class='ocr_par' dir='ltr' id='par_1_98' title="bbox 357 5525 1926 5595">
     <span class='ocr_line' id='line_1_99' title="bbox 357 5525 1926 5595; baseline 0.001 -14"><span class='ocrx_word' id='word_1_669' title='bbox 357 5535 516 5591; x_wconf 84' lang='lat' dir='ltr'><strong>esset,</strong></span> <span class='ocrx_word' id='word_1_670' title='bbox 569 5528 982 5595; x_wconf 80' lang='lat' dir='ltr'><strong>praenuntiatum</strong></span> <span class='ocrx_word' id='word_1_671' title='bbox 1028 5528 1152 5583; x_wconf 85' lang='lat' dir='ltr'><strong>est?</strong></span> <span class='ocrx_word' id='word_1_672' title='bbox 1194 5527 1285 5582; x_wconf 90' lang='lat' dir='ltr'><strong>Ait</strong></span> <span class='ocrx_word' id='word_1_673' title='bbox 1331 5528 1514 5582; x_wconf 90' lang='lat' dir='ltr'><strong>enim:</strong></span> <span class='ocrx_word' id='word_1_674' title='bbox 1556 5525 1788 5590; x_wconf 82' lang='lat' dir='ltr'><strong>Pecunia</strong></span> <span class='ocrx_word' id='word_1_675' title='bbox 1837 5539 1926 5582; x_wconf 88' lang='lat' dir='ltr'><strong>tua</strong></span> 
     </span>
    </p>
   </div>
   <div class='ocr_carea' id='block_1_99' title="bbox 361 5619 1928 5682">
    <p class='ocr_par' dir='ltr' id='par_1_99' title="bbox 361 5619 1928 5682">
     <span class='ocr_line' id='line_1_100' title="bbox 361 5619 1928 5682; baseline 0.003 -13"><span class='ocrx_word' id='word_1_676' title='bbox 361 5627 523 5672; x_wconf 77' lang='lat' dir='ltr'><strong>tecum</strong></span> <span class='ocrx_word' id='word_1_677' title='bbox 555 5621 620 5672; x_wconf 86' lang='lat' dir='ltr'><strong>sit</strong></span> <span class='ocrx_word' id='word_1_678' title='bbox 650 5619 704 5672; x_wconf 87' lang='lat' dir='ltr'><strong>in</strong></span> <span class='ocrx_word' id='word_1_679' title='bbox 736 5620 1022 5682; x_wconf 71' lang='lat' dir='ltr'><strong>perditione</strong></span> <span class='ocrx_word' id='word_1_680' title='bbox 1050 5635 1067 5672; x_wconf 94' lang='lat'><strong><em>:</em></strong></span> <span class='ocrx_word' id='word_1_681' title='bbox 1095 5637 1185 5675; x_wconf 87' lang='lat' dir='ltr'><strong>cor</strong></span> <span class='ocrx_word' id='word_1_682' title='bbox 1202 5622 1338 5676; x_wconf 89' lang='lat' dir='ltr'><strong>enim</strong></span> <span class='ocrx_word' id='word_1_683' title='bbox 1369 5630 1513 5674; x_wconf 87' lang='lat' dir='ltr'><strong>tuum</strong></span> <span class='ocrx_word' id='word_1_684' title='bbox 1569 5638 1672 5676; x_wconf 85' lang='lat' dir='ltr'><strong>non</strong></span> <span class='ocrx_word' id='word_1_685' title='bbox 1727 5630 1799 5676; x_wconf 84' lang='lat' dir='ltr'><strong>est</strong></span> <span class='ocrx_word' id='word_1_686' title='bbox 1850 5637 1928 5675; x_wconf 86' lang='lat' dir='ltr'><strong>re-</strong></span> 
     </span>
    </p>
   </div>
   <div class='ocr_carea' id='block_1_100' title="bbox 2022 4617 3606 4694">
    <p class='ocr_par' dir='ltr' id='par_1_100' title="bbox 2022 4617 3606 4694">
     <span class='ocr_line' id='line_1_101' title="bbox 2022 4617 3606 4694; baseline -0.004 -16"><span class='ocrx_word' id='word_1_687' title='bbox 2022 4622 2196 4694; x_wconf 78' lang='lat' dir='ltr'><strong>xxvn)</strong></span> <span class='ocrx_word' id='word_1_688' title='bbox 2225 4621 2482 4692; x_wconf 75' lang='lat' dir='ltr'><strong>reprobus</strong></span> <span class='ocrx_word' id='word_1_689' title='bbox 2509 4621 2809 4686; x_wconf 88' lang='lat' dir='ltr'><strong>imitantur,</strong></span> <span class='ocrx_word' id='word_1_690' title='bbox 2857 4621 2950 4690; x_wconf 90' lang='lat' dir='ltr'><strong>qui</strong></span> <span class='ocrx_word' id='word_1_691' title='bbox 2988 4617 3292 4687; x_wconf 90' lang='lat' dir='ltr'><strong>hujusmodi</strong></span> <span class='ocrx_word' id='word_1_692' title='bbox 3341 4618 3606 4672; x_wconf 85' lang='lat' dir='ltr'><strong>adiuven-</strong></span> 
     </span>
    </p>
   </div>
   <div class='ocr_carea' id='block_1_101' title="bbox 2023 4705 3605 4770">
    <p class='ocr_par' dir='ltr' id='par_1_101' title="bbox 2023 4705 3605 4770">
     <span class='ocr_line' id='line_1_102' title="bbox 2023 4705 3605 4770; baseline -0.006 0"><span class='ocrx_word' id='word_1_693' title='bbox 2023 4713 2258 4770; x_wconf 84' lang='lat' dir='ltr'><strong>tionibus</strong></span> <span class='ocrx_word' id='word_1_694' title='bbox 2283 4711 2590 4768; x_wconf 83' lang='lat' dir='ltr'><strong>incubuisse</strong></span> <span class='ocrx_word' id='word_1_695' title='bbox 2637 4710 2964 4766; x_wconf 81' lang='lat' dir='ltr'><strong>referuntur.</strong></span> <span class='ocrx_word' id='word_1_696' title='bbox 3014 4705 3375 4763; x_wconf 88' lang='lat' dir='ltr'><strong>Nihilominus</strong></span> <span class='ocrx_word' id='word_1_697' title='bbox 3424 4715 3605 4760; x_wconf 89' lang='lat' dir='ltr'><strong>autem</strong></span> 
     </span>
    </p>
   </div>
   <div class='ocr_carea' id='block_1_102' title="bbox 2025 4794 3605 4871">
    <p class='ocr_par' dir='ltr' id='par_1_102' title="bbox 2025 4794 3605 4871">
     <span class='ocr_line' id='line_1_103' title="bbox 2025 4794 3605 4871; baseline -0.006 -12"><span class='ocrx_word' id='word_1_698' title='bbox 2025 4803 2094 4860; x_wconf 89' lang='lat' dir='ltr'><strong>de</strong></span> <span class='ocrx_word' id='word_1_699' title='bbox 2153 4803 2256 4858; x_wconf 92' lang='lat' dir='ltr'><strong>hoc</strong></span> <span class='ocrx_word' id='word_1_700' title='bbox 2308 4801 2560 4871; x_wconf 90' lang='lat' dir='ltr'><strong>episcopo</strong></span> <span class='ocrx_word' id='word_1_701' title='bbox 2612 4798 2841 4853; x_wconf 90' lang='lat' dir='ltr'><strong>relatum</strong></span> <span class='ocrx_word' id='word_1_702' title='bbox 2897 4805 2982 4852; x_wconf 90' lang='lat' dir='ltr'><strong>est</strong></span> <span class='ocrx_word' id='word_1_703' title='bbox 3033 4794 3358 4865; x_wconf 86' lang='lat' dir='ltr'><strong>apostolatui</strong></span> <span class='ocrx_word' id='word_1_704' title='bbox 3417 4803 3605 4849; x_wconf 87' lang='lat' dir='ltr'><strong>nostro</strong></span> 
     </span>
    </p>
   </div>
   <div class='ocr_carea' id='block_1_103' title="bbox 2024 4888 3610 4963">
    <p class='ocr_par' dir='ltr' id='par_1_103' title="bbox 2024 4888 3610 4963">
     <span class='ocr_line' id='line_1_104' title="bbox 2024 4888 3610 4963; baseline -0.006 -14"><span class='ocrx_word' id='word_1_705' title='bbox 2024 4893 2168 4963; x_wconf 84' lang='lat' dir='ltr'><strong>quod</strong></span> <span class='ocrx_word' id='word_1_706' title='bbox 2219 4907 2342 4947; x_wconf 89' lang='lat' dir='ltr'><strong>cum</strong></span> <span class='ocrx_word' id='word_1_707' title='bbox 2386 4891 2619 4960; x_wconf 90' lang='lat' dir='ltr'><strong>quadam</strong></span> <span class='ocrx_word' id='word_1_708' title='bbox 2672 4888 2780 4943; x_wconf 91' lang='lat' dir='ltr'><strong>ﬁlia</strong></span> <span class='ocrx_word' id='word_1_709' title='bbox 2829 4902 2926 4943; x_wconf 90' lang='lat' dir='ltr'><strong>sua</strong></span> <span class='ocrx_word' id='word_1_710' title='bbox 2979 4888 3389 4942; x_wconf 84' lang='lat' dir='ltr'><strong>immoderatam</strong></span> <span class='ocrx_word' id='word_1_711' title='bbox 3431 4892 3610 4940; x_wconf 90' lang='lat' dir='ltr'><strong>teneat</strong></span> 
     </span>
    </p>
   </div>
   <div class='ocr_carea' id='block_1_104' title="bbox 2028 4976 3602 5046">
    <p class='ocr_par' dir='ltr' id='par_1_104' title="bbox 2028 4976 3602 5046">
     <span class='ocr_line' id='line_1_105' title="bbox 2028 4976 3602 5046; baseline -0.005 -9"><span class='ocrx_word' id='word_1_712' title='bbox 2028 4982 2473 5046; x_wconf 85' lang='lat' dir='ltr'><strong>familiaritatem,</strong></span> <span class='ocrx_word' id='word_1_713' title='bbox 2502 4987 2558 5035; x_wconf 91' lang='lat' dir='ltr'><strong>et</strong></span> <span class='ocrx_word' id='word_1_714' title='bbox 2585 4978 2735 5038; x_wconf 76' lang='lat' dir='ltr'><strong>obid</strong></span> <span class='ocrx_word' id='word_1_715' title='bbox 2763 4977 2902 5032; x_wconf 88' lang='lat' dir='ltr'><strong>mala</strong></span> <span class='ocrx_word' id='word_1_716' title='bbox 2931 4976 3072 5032; x_wconf 89' lang='lat' dir='ltr'><strong>fama</strong></span> <span class='ocrx_word' id='word_1_717' title='bbox 3107 4977 3157 5031; x_wconf 90' lang='lat' dir='ltr'><strong>ei</strong></span> <span class='ocrx_word' id='word_1_718' title='bbox 3182 4984 3301 5031; x_wconf 90' lang='lat' dir='ltr'><strong>orta</strong></span> <span class='ocrx_word' id='word_1_719' title='bbox 3349 4976 3420 5030; x_wconf 90' lang='lat' dir='ltr'><strong>sit</strong></span> <span class='ocrx_word' id='word_1_720' title='bbox 3445 4995 3460 5030; x_wconf 83' lang='lat'><strong><em>:</em></strong></span> <span class='ocrx_word' id='word_1_721' title='bbox 3502 4989 3602 5044; x_wconf 86' lang='lat' dir='ltr'><strong>pro</strong></span> 
     </span>
    </p>
   </div>
   <div class='ocr_carea' id='block_1_105' title="bbox 2025 5065 3607 5138">
    <p class='ocr_par' dir='ltr' id='par_1_105' title="bbox 2025 5065 3607 5138">
     <span class='ocr_line' id='line_1_106' title="bbox 2025 5065 3607 5138; baseline -0.004 -10"><span class='ocrx_word' id='word_1_722' title='bbox 2025 5089 2130 5134; x_wconf 85' lang='lat' dir='ltr'><strong>qua</strong></span> <span class='ocrx_word' id='word_1_723' title='bbox 2159 5087 2220 5128; x_wconf 87' lang='lat' dir='ltr'><strong>re</strong></span> <span class='ocrx_word' id='word_1_724' title='bbox 2247 5087 2278 5126; x_wconf 89' lang='lat' dir='ltr'><strong>a</strong></span> <span class='ocrx_word' id='word_1_725' title='bbox 2307 5071 2593 5127; x_wconf 87' lang='lat' dir='ltr'><strong>sanctitate</strong></span> <span class='ocrx_word' id='word_1_726' title='bbox 2623 5079 2713 5124; x_wconf 87' lang='lat' dir='ltr'><strong>tua</strong></span> <span class='ocrx_word' id='word_1_727' title='bbox 2751 5068 3071 5138; x_wconf 69' lang='lat' dir='ltr'><strong>ueterisque</strong></span> <span class='ocrx_word' id='word_1_728' title='bbox 3119 5068 3450 5138; x_wconf 88' lang='lat' dir='ltr'><strong>coepiscopis</strong></span> <span class='ocrx_word' id='word_1_729' title='bbox 3487 5065 3607 5123; x_wconf 91' lang='lat' dir='ltr'><strong>suis</strong></span> 
     </span>
    </p>
   </div>
   <div class='ocr_carea' id='block_1_106' title="bbox 2025 5157 3606 5231">
    <p class='ocr_par' dir='ltr' id='par_1_106' title="bbox 2025 5157 3606 5231">
     <span class='ocr_line' id='line_1_107' title="bbox 2025 5157 3606 5231; baseline -0.004 -13"><span class='ocrx_word' id='word_1_730' title='bbox 2025 5161 2388 5218; x_wconf 85' lang='lat' dir='ltr'><strong>commonitus</strong></span> <span class='ocrx_word' id='word_1_731' title='bbox 2416 5175 2482 5215; x_wconf 91' lang='lat' dir='ltr'><strong>ac</strong></span> <span class='ocrx_word' id='word_1_732' title='bbox 2511 5167 2797 5231; x_wconf 89' lang='lat' dir='ltr'><strong>correptus</strong></span> <span class='ocrx_word' id='word_1_733' title='bbox 2820 5167 2924 5225; x_wconf 90' lang='lat' dir='ltr'><strong>est,</strong></span> <span class='ocrx_word' id='word_1_734' title='bbox 2956 5158 3049 5213; x_wconf 87' lang='lat' dir='ltr'><strong>sed</strong></span> <span class='ocrx_word' id='word_1_735' title='bbox 3074 5157 3377 5213; x_wconf 87' lang='lat' dir='ltr'><strong>nullatenus</strong></span> <span class='ocrx_word' id='word_1_736' title='bbox 3419 5172 3606 5212; x_wconf 79' lang='lat' dir='ltr'><strong>emen-</strong></span> 
     </span>
    </p>
   </div>
   <div class='ocr_carea' id='block_1_107' title="bbox 2025 5247 3609 5320">
    <p class='ocr_par' dir='ltr' id='par_1_107' title="bbox 2025 5247 3609 5320">
     <span class='ocr_line' id='line_1_108' title="bbox 2025 5247 3609 5320; baseline -0.003 -14"><span class='ocrx_word' id='word_1_737' title='bbox 2025 5252 2202 5308; x_wconf 89' lang='lat' dir='ltr'><strong>datus.</strong></span> <span class='ocrx_word' id='word_1_738' title='bbox 2230 5250 2360 5318; x_wconf 84' lang='lat' dir='ltr'><strong>Quae</strong></span> <span class='ocrx_word' id='word_1_739' title='bbox 2387 5251 2548 5306; x_wconf 90' lang='lat' dir='ltr'><strong>resin</strong></span> <span class='ocrx_word' id='word_1_740' title='bbox 2579 5251 2682 5306; x_wconf 90' lang='lat' dir='ltr'><strong>hoc</strong></span> <span class='ocrx_word' id='word_1_741' title='bbox 2707 5250 2940 5304; x_wconf 81' lang='lat' dir='ltr'><strong>maxime</strong></span> <span class='ocrx_word' id='word_1_742' title='bbox 2965 5247 3232 5320; x_wconf 81' lang='lat' dir='ltr'><strong>diSplicet,</strong></span> <span class='ocrx_word' id='word_1_743' title='bbox 3260 5255 3314 5302; x_wconf 90' lang='lat' dir='ltr'><strong>et</strong></span> <span class='ocrx_word' id='word_1_744' title='bbox 3344 5247 3514 5319; x_wconf 86' lang='lat' dir='ltr'><strong>magis</strong></span> <span class='ocrx_word' id='word_1_745' title='bbox 3542 5262 3609 5303; x_wconf 90' lang='lat' dir='ltr'><strong>ac</strong></span> 
     </span>
    </p>
   </div>
   <div class='ocr_carea' id='block_1_108' title="bbox 2028 5341 3610 5416">
    <p class='ocr_par' dir='ltr' id='par_1_108' title="bbox 2028 5341 3610 5416">
     <span class='ocr_line' id='line_1_109' title="bbox 2028 5341 3610 5416; baseline -0.003 -15"><span class='ocrx_word' id='word_1_746' title='bbox 2028 5347 2203 5416; x_wconf 84' lang='lat' dir='ltr'><strong>magis</strong></span> <span class='ocrx_word' id='word_1_747' title='bbox 2250 5348 2316 5402; x_wconf 92' lang='lat' dir='ltr'><strong>de</strong></span> <span class='ocrx_word' id='word_1_748' title='bbox 2365 5362 2426 5402; x_wconf 86' lang='lat' dir='ltr'><strong>se</strong></span> <span class='ocrx_word' id='word_1_749' title='bbox 2469 5347 2795 5402; x_wconf 88' lang='lat' dir='ltr'><strong>deteriorem</strong></span> <span class='ocrx_word' id='word_1_750' title='bbox 2827 5345 3004 5400; x_wconf 89' lang='lat' dir='ltr'><strong>reddit</strong></span> <span class='ocrx_word' id='word_1_751' title='bbox 3049 5343 3375 5414; x_wconf 85' lang='lat' dir='ltr'><strong>opinionem.</strong></span> <span class='ocrx_word' id='word_1_752' title='bbox 3419 5341 3474 5396; x_wconf 91' lang='lat' dir='ltr'><strong>In</strong></span> <span class='ocrx_word' id='word_1_753' title='bbox 3501 5354 3610 5411; x_wconf 91' lang='lat' dir='ltr'><strong>quo</strong></span> 
     </span>
    </p>
   </div>
   <div class='ocr_carea' id='block_1_109' title="bbox 2031 5431 3606 5505">
    <p class='ocr_par' dir='ltr' id='par_1_109' title="bbox 2031 5431 3606 5505">
     <span class='ocr_line' id='line_1_110' title="bbox 2031 5431 3606 5505; baseline -0.006 -12"><span class='ocrx_word' id='word_1_754' title='bbox 2031 5437 2351 5493; x_wconf 80' lang='lat' dir='ltr'><strong>beatitudini</strong></span> <span class='ocrx_word' id='word_1_755' title='bbox 2381 5446 2484 5492; x_wconf 63' lang='lat' dir='ltr'><strong>tute</strong></span> <span class='ocrx_word' id='word_1_756' title='bbox 2505 5445 2560 5492; x_wconf 89' lang='lat' dir='ltr'><strong>et</strong></span> <span class='ocrx_word' id='word_1_757' title='bbox 2579 5436 3016 5505; x_wconf 87' lang='lat' dir='ltr'><strong>coepiscoporum</strong></span> <span class='ocrx_word' id='word_1_758' title='bbox 3038 5449 3257 5489; x_wconf 90' lang='lat' dir='ltr'><strong>suorum</strong></span> <span class='ocrx_word' id='word_1_759' title='bbox 3308 5431 3606 5487; x_wconf 88' lang='lat' dir='ltr'><strong>rationibus</strong></span> 
     </span>
    </p>
   </div>
   <div class='ocr_carea' id='block_1_110' title="bbox 2033 5523 3609 5598">
    <p class='ocr_par' dir='ltr' id='par_1_110' title="bbox 2033 5523 3609 5598">
     <span class='ocr_line' id='line_1_111' title="bbox 2033 5523 3609 5598; baseline -0.005 -16"><span class='ocrx_word' id='word_1_760' title='bbox 2033 5543 2140 5582; x_wconf 92' lang='lat' dir='ltr'><strong>non</strong></span> <span class='ocrx_word' id='word_1_761' title='bbox 2190 5528 2370 5582; x_wconf 87' lang='lat' dir='ltr'><strong>obedit</strong></span> <span class='ocrx_word' id='word_1_762' title='bbox 2403 5535 2456 5582; x_wconf 90' lang='lat' dir='ltr'><strong>et</strong></span> <span class='ocrx_word' id='word_1_763' title='bbox 2483 5542 2579 5598; x_wconf 90' lang='lat' dir='ltr'><strong>per</strong></span> <span class='ocrx_word' id='word_1_764' title='bbox 2629 5525 3044 5581; x_wconf 89' lang='lat' dir='ltr'><strong>inohedientiam</strong></span> <span class='ocrx_word' id='word_1_765' title='bbox 3086 5525 3139 5579; x_wconf 91' lang='lat' dir='ltr'><strong>in</strong></span> <span class='ocrx_word' id='word_1_766' title='bbox 3184 5523 3395 5591; x_wconf 89' lang='lat' dir='ltr'><strong>culpam</strong></span> <span class='ocrx_word' id='word_1_767' title='bbox 3427 5529 3609 5590; x_wconf 90' lang='lat' dir='ltr'><strong>proto-</strong></span> 
     </span>
    </p>
   </div>
   <div class='ocr_carea' id='block_1_111' title="bbox 2035 5615 3607 5691">
    <p class='ocr_par' dir='ltr' id='par_1_111' title="bbox 2035 5615 3607 5691">
     <span class='ocr_line' id='line_1_112' title="bbox 2035 5615 3607 5691; baseline -0.005 -18"><span class='ocrx_word' id='word_1_768' title='bbox 2035 5619 2190 5691; x_wconf 88' lang='lat' dir='ltr'><strong>plasti</strong></span> <span class='ocrx_word' id='word_1_769' title='bbox 2213 5619 2490 5675; x_wconf 87' lang='lat' dir='ltr'><strong>relabitur.</strong></span> <span class='ocrx_word' id='word_1_770' title='bbox 2521 5617 2746 5690; x_wconf 88' lang='lat' dir='ltr'><strong>Oportet</strong></span> <span class='ocrx_word' id='word_1_771' title='bbox 2774 5631 2904 5689; x_wconf 83' lang='lat' dir='ltr'><strong>ergo</strong></span> <span class='ocrx_word' id='word_1_772' title='bbox 2933 5615 3326 5672; x_wconf 85' lang='lat' dir='ltr'><strong>fraternitatem</strong></span> <span class='ocrx_word' id='word_1_773' title='bbox 3341 5621 3489 5667; x_wconf 89' lang='lat' dir='ltr'><strong>tuam</strong></span> <span class='ocrx_word' id='word_1_774' title='bbox 3519 5627 3607 5682; x_wconf 54' lang='lat' dir='ltr'><strong>sy.</strong></span> 
     </span>
    </p>
   </div>
  </div>
