4060 6338
540 317 676 377 tm
1225 361 1268 398 ο
1804 355 1810 362 .
1879 309 2151 367 Νιοοωι
2189 307 2393 364 eam;
2433 307 2454 361 1
3044 356 3057 370 ,
3709 314 3743 360 ι
3761 311 3877 360 ηδ

539 425 731 485 nodale
753 437 875 479 cum
928 421 1194 493 episcopis
1221 429 1276 476 et
1305 419 1656 493 sull'ragancis
1691 421 1796 476 tuis
1820 435 2118 476 convocare
2147 423 2192 481 Α
2221 426 2275 472 ct
2303 425 2615 492 accusatore
2645 418 2789 488 quod
2814 416 3089 487 obiecerat
3111 419 3515 491 comprobante,
3543 418 3869 476 clericum

534 515 846 575 concilium,
879 521 931 569 et
959 513 1101 568 hunc
1146 512 1467 570 salutaribus
1517 511 1747 582 eloquiis
1803 509 2118 581 episcopum
2217 509 2396 580 privat
2421 510 2640 581 proprio
2671 512 2862 580 gradu.

533 603 848 666 convenire,
885 612 1046 672 atque
1071 602 1143 656 illi
1173 601 1426 671 pastorali
1472 601 1796 656 auctoritate
1821 603 2118 670 praacipere
2907 599 3120 658 CXXX.

532 699 800 762 quatenus
823 701 878 747 et
905 693 972 746 ab
1001 692 1238 747 omnium
1294 693 1588 746 bestiarum
1633 701 1689 746 et
1713 691 1989 745 volucrum
2027 705 2117 743 ve-
2852 712 2919 750 Αο
2942 712 3182 751 Eunoen.

2821 787 2998 855 (Anno
3047 787 3197 858 867.)

2218 893 2280 949 Si
2309 896 2463 949 homo
2494 895 2686 973 aliquis
2733 901 2868 954 duas
2901 900 3200 1023 spilritnales
3258 911 3573 956 commatres
3631 902 3864 956 habere

2905 989 2964 1023 va
2991 982 3094 1023 eat.

2905 982 3094 1025 valeat.

2807 1085 2937 1158 [lvo,
2971 1103 3012 1149 ι,
3057 1085 3202 1158 157.]

2285 1201 2554 1257 Νιοοωυς
2576 1203 2846 1257 διιιοδιοχι
2871 1201 3272 1257 Constantiensi
3308 1202 3590 1273 episcopo.

2287 1294 2611 1349 Sciscitatur
2645 1309 2674 1347 a
2702 1293 2857 1348 nobis
2883 1294 3144 1348 sanctitas
3165 1304 3343 1350 vestra
3360 1295 3404 1348 si
3429 1293 3642 1364 aliquis
3664 1294 3854 1348 homo

2212 1387 2347 1443 duas
2400 1385 2708 1456 spirituales
2760 1393 3083 1440 commatrcs
3136 1385 3334 1440 habere
3371 1385 3568 1448 valeat,
3656 1401 3846 1440 unam

2211 1487 2334 1550 post
2363 1478 2609 1534 alteram.
2630 1477 2686 1531 In
2712 1491 2820 1546 quo
2850 1475 3159 1530 fraternitas
3188 1483 3276 1529 tua
3309 1476 3634 1530 meminisse
3665 1475 3850 1530 debet

2212 1571 2471 1638 scriptum
2522 1582 2643 1624 esse
2674 1585 2687 1621 :
2721 1564 2892 1621 Erant
2943 1567 3047 1621 duo
3100 1567 3155 1620 in
3204 1583 3361 1620 carne
3389 1583 3492 1620 una
3526 1559 3710 1634 (Gen.
3753 1565 3843 1636 tt).

2209 1661 2396 1731 Itaque
2445 1674 2568 1715 cum
2618 1665 2834 1714 constet
2877 1657 3004 1727 quia
3056 1656 3141 1710 vir
3165 1663 3217 1712 et
3244 1671 3381 1711 uxor
3407 1672 3512 1710 una
3545 1671 3699 1728 caro
3737 1671 3845 1725 per

2137 1784 2184 1844 Β
2212 1750 2538 1806 connubium
2568 1747 2887 1811 efﬁciuntur,
2924 1756 3094 1803 restat
3119 1747 3375 1802 nimirum
3416 1749 3595 1801 virum
3657 1763 3839 1803 com-

2175 1838 2180 1852 ⁵
2209 1849 2418 1909 patrem
2477 1839 2731 1894 constitui
2760 1838 2834 1892 illi
2864 1839 3075 1892 mulieri
3099 1838 3192 1893 cui
3249 1839 3304 1892 in
3334 1838 3705 1892 matrimonio
3740 1855 3838 1894 as-

2203 1939 2416 2000 sumpta
2464 1945 2602 1985 uxor
2629 1937 2928 1985 commater
2977 1915 3098 1986 esse
3146 1929 3428 1984 videbatur
3461 1947 3476 1983 :
3509 1937 3571 1983 et
3599 1930 3838 1985 idcirco

2202 2021 2372 2092 liquet
2413 2022 2587 2076 virum
2621 2021 2693 2076 illi
2729 2021 2943 2077 femina:
2993 2037 3098 2075 non
3142 2036 3299 2092 posse
3336 2020 3488 2093 jungi
3519 2021 3579 2076 in
3608 2021 3832 2091 capula

2201 2127 2322 2183 qua:
2344 2121 2644 2167 commater
2696 2122 2812 2168 erat
2859 2110 2996 2180 ejus,
3025 2127 3147 2168 cum
3175 2127 3282 2182 qua
3310 2113 3454 2169 idem
3484 2128 3597 2168 una
3625 2113 3832 2169 fuerat

2201 2218 2330 2258 caro
2360 2202 2608 2258 cll‘ectus.

534 785 751 838 natione
801 785 1012 854 penitus
1062 783 1270 839 alienus
1323 784 1546 848 existat,
1573 793 1736 853 atque
1763 783 2115 838 immoderata

534 875 657 930 filim
685 890 793 930 sna:
823 874 1183 930 familiaritate
1212 875 1559 946 semetipsum
1611 875 1920 930 omnimodo
1964 889 2116 929 coer-

533 973 667 1017 ceat.
693 964 844 1030 Quod
874 964 917 1018 si
950 979 1142 1034 parere
1168 964 1578 1034 contempserit,
1601 973 1657 1018 et
1683 975 1790 1018 tam
1830 980 1927 1034 pro
1949 980 2115 1018 vena-

532 1051 694 1106 tionis
718 1053 1077 1108 declinatione
1099 1070 1259 1124 quam
1289 1070 1386 1124 pro
1422 1055 1776 1108 immoderata
1832 1054 1956 1108 lilia:
2005 1069 2116 1108 sua:

527 1141 746 1197 vitanda
777 1145 1217 1210 conversatione;
1256 1145 1408 1199 vobis
1450 1144 1868 1199 admonentibus
1895 1144 2116 1198 obedire

528 1232 819 1299 distulerit,
858 1251 887 1289 a
912 1243 1090 1289 vestro
1117 1235 1340 1306 collegio
1385 1235 1884 1290 excommunicatus
1927 1235 2116 1288 absce-

527 1323 639 1378 dat.
663 1323 815 1390 Quod
843 1327 887 1381 si
928 1326 980 1380 in
1011 1328 1113 1382 hoc
1156 1336 1449 1382 contumax
1498 1327 1674 1382 adhuc
1725 1325 2053 1396 apparuerit,
2081 1340 2112 1378 a

528 1415 829 1472 ministerio
850 1433 1064 1474 cessare
1093 1417 1330 1474 debebit.

1184 1525 1458 1587 CXXVIII.

1150 1641 1216 1678 AD
1255 1641 1492 1679 EClIDEM.

1131 1712 1308 1782 (Anno
1344 1713 1493 1784 8(37.)

523 1816 781 1888 Episcopo
809 1821 1130 1888 inﬁrmante,
1165 1824 1264 1876 nisi
1290 1824 1353 1876 tle
1373 1825 1471 1876 hac
1499 1825 1601 1877 rita
1632 1825 1949 1892 migraverit,
1970 1823 2106 1878 alter

593 1905 695 1965 non
743 1892 1110 1956 substituatur,
1144 1909 1207 1946 ne
1250 1895 1512 1948 commissi
1545 1894 1729 1948 talenti
1769 1895 2103 1965 pulchritudo

593 1958 852 2013 deleatur.

1115 2031 1246 2104 [Ivo,
1283 2049 1336 2097 v,
1373 2031 1522 2104 552.]

590 2133 860 2190 Nicoutns
889 2135 1184 2194 ADALWINO
1219 2139 1528 2195 Juvaviensi
1564 2143 1990 2215 archiepiscopo.

589 2225 876 2282 Pontifices
906 2229 994 2298 qui
1045 2229 1223 2299 aliqua
1269 2243 1600 2299 occupantur
1655 2233 1972 2291 infirmitate
2017 2236 2102 2292 vel

517 2316 855 2383 :egritudine,
903 2317 1191 2386 abiiciendi
1235 2337 1340 2376 non
1396 2331 1543 2386 sunt,
1601 2339 1699 2380 nec
1725 2326 1933 2382 aliosin
1985 2327 2103 2384 loco

514 2421 702 2460 eorum
751 2411 1063 2466 consecrari
1105 2422 1338 2482 oportet,
1396 2415 1496 2469 nisi
1529 2431 1596 2469 ex
1626 2417 1727 2472 hac
1755 2416 1952 2472 fuerint
1981 2419 2100 2474 luce

515 2501 796 2554 subtracti.
837 2501 988 2568 Quod
1037 2505 1081 2558 si
1114 2504 1180 2558 de
1210 2505 1648 2563 ministerio'sibi
1681 2525 1940 2565 concesso
1969 2527 2100 2566 con-

515 2604 840 2662 queruntur,
877 2612 996 2666 quae
1031 2598 1177 2653 licita
1222 2608 1346 2654 sunt
1381 2602 1691 2658 sacerdotes
1736 2605 2006 2673 expleant.
2040 2604 2098 2659 ln

512 2682 598 2738 bis
626 2700 752 2740 vero
803 2702 924 2756 qua:
973 2689 1054 2744 eis
1081 2704 1406 2759 pratsumcre
1457 2708 1564 2746 non
1621 2693 1766 2758 licet,
1796 2694 2096 2750 vicinorum

513 2787 682 2842 usque
734 2775 802 2828 ad
857 2780 1279 2847 recuperandam
1347 2781 1634 2836 sanitatem
1687 2782 2096 2852 episcoporum,

510 2864 708 2918 auxilia
752 2866 1148 2937 subrogentur;
1199 2879 1254 2924 et
1305 2871 1407 2926 hoc
1450 2887 1573 2926 cum
1645 2874 1867 2929 cautela:
1920 2877 2098 2932 studio

509 2963 822 3024 peragatur,
857 2973 923 3012 ne
950 2974 1048 3028 per
1097 2962 1437 3017 necessitatis
1462 2965 1801 3019 occasionem
1831 2982 2088 3036 praesum-

2199 2987 2395 3057 quibus
2441 2962 2680 3040 consulis
2741 2994 2920 3039 utrum
2961 2985 3171 3054 possint
3215 2984 3466 3054 conjugio
3521 2985 3806 3052 copulari.

511 3050 714 3115 ptionis
743 3050 968 3119 pullulet
995 3053 1238 3108 ambitio.
1278 3055 1525 3126 Episcopi
1557 3072 1684 3118 vero
1710 3061 1799 3129 qui
1831 3060 2088 3116 Dominici

2200 3078 2574 3148 paenitentiam
2589 3091 2768 3148 agere,
2793 3085 2848 3131 et
2878 3073 2997 3131 ideo
3019 3091 3125 3130 non
3154 3089 3312 3144 posse
3346 3074 3547 3129 carnali
3581 3075 3806 3143 c0pul:e

509 3137 1066 3242 εξεεξερξιερςροτυηι
1109 3157 1315 3242 00mm“
1350 3153 1512 3242 atque
1564 3147 2001 3213 εοηίείῑυάὶηοῐηὲ
2028 3151 2096 3204 ab
2125 3136 2172 3198 θ
2196 3136 2368 3242 iungi.
2404 3168 2549 3237 Quos
2591 3136 2806 3239 oportet
2847 3168 2899 3222 in
2940 3136 3189 3223 castitate
3217 3167 3473 3221 omnibus
3521 3136 3798 3221 vitae-sua:

509 3228 978 3330 θάπυίηξείτθ-ῑίοῖξθ
1265 3234 1544 3330 ᾳίδθθάθηῗ
1575 3251 1704 3330 -ηοη
1763 3247 1994 3306 omne"
2040 3249 2099 3294 υί
2196 3228 2540 3330 permanere,
2599 3228 2798 3314 mentis
2844 3269 2899 3312 et
2949 3258 3214 3326 corporis,
3269 3266 3484 3311 servata
3521 3255 3798 3309 duntaxat

508 3320 716 3424 accepti
770 3322 1328 3424 talenti-pulchritudo
1357 3341 1462 3379 non
1504 3326 1768 3391 deleatur,
1806 3331 1899 3384 sed
1927 3340 2098 3386 certa-
2195 3320 2416 3424 ἑποριυι.
2471 3320 2897 3408 ηιίεοι.ίεοτδίαιη
2929 3320 3092 3406 ριῖαξη
3143 3350 3287 3405 circa
3322 3351 3422 3404 hos
3447 3348 3588 3404 beati
3635 3363 3793 3418 papa:

506 3411 654 3467 mine
682 3428 868 3468 eorum
896 3415 1185 3471 salubriter
1208 3427 1470 3488 augeatur
1492 3426 1548 3472 et
1593 3419 1914 3489 triplicetur.
2195 3411 2391 3501 'Leo'nis
2417 3445 2667 3501 vicesima
2691 3453 2885 3514 quam
2916 3442 3277 3499 Decretalium
3309 3439 3517 3510 mng

1169 3528 1402 3586 CXXIX.
2853 3551 3112 3608 CXXXII.

647 3634 716 3673 AD
745 3634 1059 3677 εΑιωιοκΕιι
1113 3637 1403 3679 ΕΡΙΒΟΟΡΙᾺΙ
1451 3639 1944 3681 ΕΟΝΞΤΛΝΤΙΕΧΞΕΜ.

2335 3661 2402 3702 AD
2427 3662 2794 3703 SOLUKITANUSI
2835 3645 2910 3699 vel
2941 3659 3279 3699 SOLESIONIUII
3323 3657 3635 3698 EPISCOPUI.

2533 3741 2936 3811 Fragmentum.
2964 3768 3034 3776 —
3062 3737 3240 3807 (Anno
3282 3733 3429 3804 867.)

2794 3848 2927 3922 [lvo,
2959 3865 3000 3914 ι,
3033 3845 3181 3921 l36.]

2256 3963 2524 4020 NICOLMYS
2545 3963 2855 4020 Souauomo
2874 3962 3148 4033 episcopo.

2255 4056 2425 4112 Nosse
2463 4056 2741 4122 desideras
2791 4064 2970 4110 utrum
3003 4053 3195 4108 mulier
3235 4067 3355 4122 qua:
3382 4050 3482 4105 viri
3514 4048 3682 4105 ﬁlium
3709 4067 3779 4106 es

2183 4148 2289 4211 alia
2316 4146 2421 4202 ﬁlia
2453 4133 2694 4216 genitum
2725 4146 2792 4202 de
2822 4159 2980 4201 sacro
3025 4143 3174 4198 fonte
3200 4142 3483 4205 levaverit,
3531 4152 3780 4212 postmo-

2181 4237 2309 4292 dum
2340 4239 2512 4308 possit
2551 4243 2680 4293 ‘cum
2727 4235 2918 4306 eodem
2950 4235 3068 4292 viro
3115 4233 3400 4304 copulari?
3453 4231 3601 4299 Quos
3647 4232 3772 4286 ideo

494 4317 709 4387 publice
769 4318 1040 4385 confiteri,
1073 4321 1167 4376 sed
1208 4321 1345 4376 velle
1374 4337 1496 4377 cum
1520 4333 1865 4381 sacramento
1887 4325 2076 4382 defen-
2176 4329 2328 4404 jungi
2380 4346 2540 4401 posse
2575 4331 2941 4394 decernimus,
2982 4331 3109 4402 quia
3141 4329 3436 4386 secundum
3463 4342 3648 4383 sacros
3678 4342 3774 4380 ca-

480 4411 622 4466 dere
645 4426 724 4477 se,
757 4420 811 4467 et
841 4422 1017 4468 tamen
1046 4419 1234 4470 bolum
1269 4428 1352 4471 est
1376 4417 1629 4487 episcopo
1656 4432 1776 4472 esse
1803 4418 1981 4474 scelus
2005 4419 2074 4473 ab
2109 4483 2144 4489 μ
2183 4436 2354 4477 nones
2379 4422 2482 4478 nisi
2511 4423 2796 4477 amborum
2834 4435 3101 4477 consensu
3132 4419 3330 4474 nullius
3354 4418 3630 4489 religionis
3667 4415 3772 4470 ob-

492 4502 611 4572 ipso
657 4511 1046 4574 perpetratum,
1071 4523 1176 4561 non
1205 4516 1384 4576 potest
1410 4483 1524 4577 per
1547 4483 1780 4580 aliquam
1813 4512 2079 4581 poeniten-
2107 4483 2158 4544 Ῑ)
2186 4522 2333 4570 tentu
2401 4513 2563 4570 debet
2615 4513 2813 4585 conjnx
2861 4513 3134 4568 dimittere
3184 4483 3491 4581 coniugem:
3525 4506 3770 4562 Pertinet

2879 2273 3116 2328 CXXXI.

2822 2380 2890 2418 AD
2938 2379 3183 2421 EUMDEI.

2555 2457 2964 2528 Fragmentum.
2991 2485 3062 2498 -—
3079 2458 3258 2528 (Anno
3284 2454 3439 2530 867.)

2307 2572 2384 2627 De
2407 2572 2705 2643 pwnitentia
2746 2570 3134 2642 parricidarum
3166 2583 3216 2628 et
3245 2575 3695 2630 incestuosorunt.

2797 2689 2933 2760 μω,
2963 2705 3018 2756 x,
3046 2688 3194 2761 185.]

2270 2803 2538 2859 NlCOl.AUS
2570 2803 2841 2858 Soeouoat
2865 2803 3264 2860 Constantiensi
3291 2804 3565 2874 episcopo.

2269 2895 2493 2951 Constat
2536 2895 2858 2964 parricidas,
2892 2894 3220 2958 fratricidas,
3246 2904 3302 2948 et
3339 2895 3682 2949 incestuosos
3729 2895 3804 2949 dc

823 3731 1230 3802 Fragmentum.
1261 3765 1332 3774 -—-
1378 3735 1554 3801 (Anno
1613 3736 1763 3806 867.)

501 3840 657 3908 Quod
685 3859 835 3898 nemo
863 3844 1198 3928 damnandus
1226 3847 1292 3901 sit
1325 3849 1642 3929 nisi_sponte
1691 3850 1982 3920 confessus,
2011 3852 2088 3906 vel

1001 3933 1250 3971 0011011100
1299 3929 1584 3972 εοηυιειιιδ.

1068 4027 1203 4099 [Ivo,
1233 4044 1312 4096 vt,
1369 4029 1515 4101 122.]

568 4135 840 4192 NICOLAUS
871 4137 1142 4194 SALOMONI
1168 4140 1571 4196 Constantiensi
1597 4143 1868 4214 episcopo.

565 4225 856 4298 Presbyter
883 4229 965 4283 vel
996 4229 1254 4284 diaconus
1280 4246 1438 4300 quem
1468 4234 1670 4287 asseris
1691 4230 1919 4288 crimina
1938 4235 2080 4291 nolle

491 4592 622 4646 tiam
647 4595 969 4649 sacerdotali
1001 4595 1085 4649 vel
1115 4596 1377 4650 diaconali
1407 4597 1581 4653 oflicio
1624 4599 1805 4667 potiri.
1839 4599 1945 4654 Sed
1977 4601 2078 4655 mi-

489 4683 741 4749 randum,
772 4684 815 4739 si
843 4685 958 4754 ipse
982 4685 1264 4740 confessus
1281 4701 1384 4739 non
1409 4686 1591 4751 fuerit,
1608 4689 1876 4756 quomodo
1890 4698 2076 4746 notum

487 4774 660 4842 possit
699 4790 819 4830 esse
856 4777 1110 4846 episcopo
1159 4777 1337 4832 scelus
1390 4778 1459 4832 ab
1508 4780 1623 4847 ipso
1683 4791 2072 4850 perpetratum,

487 4863 591 4916 nisi
632 4874 946 4920 accusatore
991 4866 1129 4922 forte
1179 4867 1370 4923 idoneo
1408 4883 1506 4938 per
1541 4877 1707 4925 testes
1734 4871 1954 4929 idoneos
1981 4890 2075 4945 ap-

486 4953 764 5022 probante.
813 4955 967 5012 Unde
1023 4957 1065 5011 si
1112 4958 1454 5014 examinante
1527 4959 1779 5030 episcopo
1849 4978 2068 5020 causam

482 5044 782 5114 presbyteri
809 5048 890 5102 vel
921 5047 1153 5108 diaconi.
1187 5043 1292 5104 non
1329 5036 1488 5105 fuerit
1509 5049 1606 5120 per
1632 5053 1854 5108 testium
1876 5069 2071 5126 appro-

481 5135 754 5192 bationem
785 5138 872 5193 ille
906 5131 1190 5211 presbyter
1215 5142 1297 5196 vel
1321 5141 1581 5199 diaconus
1611 5145 1748 5201 forte
1761 5149 2065 5214 convictus,

480 5243 588 5282 non
615 5237 699 5282 est
724 5231 898 5286 scelus
920 5234 1172 5304 episcopo
1225 5235 1459 5307 legitime
1491 5238 1915 5305 manifestatum,
1963 5241 2065 5296 nisi

481 5321 766 5394 presbyter
787 5324 870 5380 vel
901 5327 1156 5384 diaconus
1185 5345 1280 5385 sua
1308 5340 1498 5401 sponte
1527 5333 1703 5388 scelus
1728 5334 1903 5404 ipsum
1933 5350 2066 5389 con-

479 5413 716 5466 fiteatur.
751 5413 901 5481 Quod
935 5417 1035 5471 nisi
1069 5418 1275 5487 lecerit,
1309 5421 1521 5476 interim
1547 5439 1652 5478 non
1691 5423 1934 5478 videmus
1966 5440 2064 5480 suo

474 5505 676 5561 debere
711 5509 1083 5580 presbyterum
1129 5512 1210 5568 vel
1260 5513 1545 5568 diaconum
1595 5514 1774 5569 ofﬁcio
1833 5516 2060 5585 privari.

475 5593 600 5657 Sola
630 5613 758 5668 ergo
794 5611 1089 5671 spontanea
1147 5605 1440 5670 confessio,
1468 5616 1522 5662 et
1550 5609 1844 5664 canonicus
1875 5626 2061 5665 nume-

476 5699 568 5740 rus
606 5688 688 5742 vel
725 5693 958 5762 qualitas
1016 5697 1256 5764 testium,
1307 5698 1723 5757 decernentibus
1771 5702 2058 5772 episcopis,

2183 4613 2365 4660 autem
2405 4603 2472 4658 ad
2501 4603 2688 4673 ingens
2715 4602 2900 4657 uxoris
2951 4601 3203 4665 exitium,
3236 4615 3356 4670 qua:
3406 4597 3613 4652 habens
3641 4597 3770 4651 odio

2180 4698 2356 4754 virum
2399 4696 2486 4752 "vel
2517 4695 2888 4752 infirmitatem
2927 4693 3043 4763 ejus
3066 4710 3174 4749 non
3211 4691 3588 4753 considerans,
3611 4688 3765 4758 quasi

2178 4805 2342 4846 causa
2386 4789 2603 4860 pietatis
2639 4797 2898 4860 operatur
2944 4787 3278 4858 impietatem
3314 4804 3327 4839 :
3357 4784 3594 4840 maxime
3637 4796 3766 4839 cum

2177 4880 2454 4951 prwcipiat
2482 4880 2808 4951 Apostolus:
2851 4879 3050 4944 Nolite,
3082 4878 3350 4948 inquiens.
3405 4876 3657 4946 fraudare
3686 4875 3768 4928 in-

2176 4975 2356 5038 vicem,
2385 4972 2495 5027 nise
2524 4989 2588 5027 ea:
2613 4989 2870 5027 consensu
2897 4972 2967 5026 ad
2988 4981 3188 5042 tempus
3204 4980 3262 5024 ut
3287 4969 3475 5025 vacetis
3500 4967 3730 5022 oratic'ti
3745 4984 3763 5023 :

2171 5073 2219 5117 et
2248 5064 2437 5117 iterum
2486 5062 2805 5117 revertimini
2831 5064 2886 5117 in
2915 5063 3165 5132 idipsum,
3212 5078 3274 5116 ne
3304 5070 3461 5115 tentet
3488 5075 3574 5114 eos
3608 5056 3764 5112 Satao

2141 5169 2288 5214 nas,
2334 5162 2544 5222 prapter
2595 5153 3022 5207 incontinentiam
3058 5162 3283 5207 vestram
3326 5150 3402 5221 (Ι
3439 5149 3562 5204 Cor.
3613 5165 3686 5203 vn
3723 5149 3765 5216 ).

2171 5241 2316 5311 Ergo
2344 5243 2391 5296 si
2421 5259 2527 5296 non
2549 5257 2616 5297 ex
2642 5257 2906 5298 consensu
2937 5242 3220 5311 utriusque
3256 5238 3501 5311 conjugis
3524 5239 3628 5294 hoc
3646 5254 3769 5293 esse

2135 5371 2138 5375 ι
2173 5333 2374 5390 factum
2407 5335 2688 5405 probatur,
2730 5351 2835 5390 non
2869 5334 3186 5389 fraudentur
3217 5334 3472 5398 invicem,
3521 5332 3616 5386 sed
3672 5346 3769 5386 re-

2171 5435 2456 5480 vertantur
2476 5427 2528 5480 in
2561 5425 2831 5497 idipsum:
2863 5426 3162 5495 prmsertim
3193 5441 3316 5481 cum
3353 5424 3501 5479 dicat
3529 5425 3769 5491 Aposto-

2169 5517 2254 5572 lus
2283 5533 2298 5571 :
2326 5518 2477 5573 Uxor
2504 5519 2586 5572 sui
2609 5521 2840 5589 corporis
2861 5529 3164 5589 potestatem
3192 5534 3298 5571 non
3321 5517 3493 5583 habet,
3525 5515 3616 5569 sed
3652 5533 3770 5581 nr;

2169 5609 2249 5664 sic
2271 5609 2348 5663 vir
2371 5618 2677 5680 potestatem
2717 5627 2819 5664 non
2857 5607 3008 5664 habet
3037 5609 3121 5664 sui
3165 5608 3423 5680 corporis,
3450 5605 3541 5661 sed
3572 5605 3772 5661 msh"

2167 5696 2366 5770 (ibid).
