4060 6338
245 384 399 441 H29

911 497 1188 559 CXXXIII.

461 604 529 645 AD
559 603 838 646 ιιουυιῖωι
859 603 1293 644 Αιιιιεκτικειιεειι
1321 602 1628 644 ΕΡΙδϐΟΡυὶί.

598 703 1002 775 Fragmentum.
1041 732 1112 742 —
1139 701 1317 773 (Anno
1341 700 1489 768 867.)

539 813 614 870 De
648 815 876 886 quodam
925 815 1203 869 matricida
1252 815 1546 883 paenitente.

757 926 932 998 [Apud
969 926 1158 990 Mansi,
1189 925 1344 997 ibid.]

326 1034 594 1093 NICOLAUS
646 1037 953 1108 episcopus,
984 1051 1174 1092 servus
1223 1049 1506 1090 servorum
1536 1033 1657 1100 Dei,
1687 1049 1838 1090 reve-

247 1129 563 1186 rentissimo
587 1138 642 1185 et
669 1128 1016 1185 sanctissimo
1059 1129 1316 1184 Ronucro
1346 1128 1600 1198 episcopo
1634 1133 1841 1183 sancta:

243 1221 660 1291 Argentinensis
691 1221 964 1276 Ecclesia.

244 1325 282 1373 θ
324 1311 456 1366 Dum
512 1310 578 1366 de
630 1309 894 1367 universis
957 1310 1139 1364 mundi
1185 1309 1434 1380 partibus
1501 1308 1840 1366 credentium

244 1401 464 1472 agmina
495 1401 752 1472 principis
803 1400 1165 1470 apostolorum
1203 1399 1480 1455 liminibus
1525 1406 1837 1469 properant.

246 1493 468 1562 quidam
498 1493 578 1546 vir
609 1491 824 1547 nomine
852 1490 1096 1545 Thothar
1125 1491 1291 1550 venit.
1326 1498 1520 1544 vestrae
1546 1488 1837 1544 beatitudi-

243 1581 337 1635 nis
359 1579 638 1649 epistolam
663 1594 878 1650 gerens,
909 1594 1071 1649 quam
1107 1587 1293 1632 nostro
1335 1577 1564 1634 contulit
1586 1575 1843 1647 praesula—

247 1673 371 1737 tui,
421 1672 574 1742 cujus
612 1673 862 1742 paginam
914 1671 1253 1740 perlegentes
1309 1669 1650 1725 matricidam
1693 1668 1843 1723 illum

245 1779 373 1820 esse
425 1764 792 1836 cognovimus.
838 1762 954 1830 Quo
993 1761 1136 1817 facto
1185 1761 1366 1816 multis
1414 1760 1628 1816 fletibus
1675 1760 1844 1830 lacry-

1474 378 1837 436 EPISTOLzE
1882 379 1972 434 ET
2013 379 2351 436 DECRETA.
2849 403 2872 428 ο

1789 511 1794 516 ν
1861 493 2014 556 Aita
2069 495 2353 550 ridiculum
2401 503 2487 550 est
2537 503 2590 550 et
2635 493 3021 550 inconveniens
3070 494 3328 550 clericum
3375 510 3528 550 arma

3387 379 3525 434 I130

1941 588 2226 644 sustollere
2249 597 2304 642 et
2340 588 2407 643 ad
2433 587 2574 644 bella
2620 589 2933 657 procedere,
2966 603 3088 642 cum
3141 588 3342 643 Paulus
3375 603 3528 657 egre.

1942 679 2064 747 gius
2092 679 2411 746 praedicator
2445 679 2588 734 dicat
2624 695 2637 733 :
2671 677 2839 733 Nemo
2864 679 3092 732 militans
3139 679 3244 733 Deo
3293 678 3526 749 implicat

1942 785 1996 822 se
2026 769 2242 840 negotiis
2273 769 2612 824 swcularibus
2643 769 2726 842 (II
2754 769 2889 824 Tim.
2920 787 2979 835 tr,
3009 771 3100 842 4);
3130 787 3192 825 ac
3219 771 3296 826 sic
3321 771 3527 841 liquido

1943 871 2098 913 versa
2122 858 2260 924 vice,
2318 873 2481 913 nemo
2506 859 2746 914 militans
2773 861 2971 914 mundo
2998 859 3241 930 implicat
3269 877 3326 916 se
3359 877 3524 931 nego«

1945 947 2037 1002 tiis
2073 948 2464 1019 spiritualibus.

2603 1040 2864 1096 CXXXV.

2086 1146 2155 1186 AD
2184 1145 2430 1188 ELECTUM
2468 1147 2537 1188 ΕΤ
2568 1147 2776 1189 CLERUM
2802 1147 3053 1189 ΝΟΜ-28815
3099 1150 3386 1190 ΕΕΕιΕΒΙᾸ-ῖ..

2297 1245 2701 1318 Fragmentum.
2731 1277 2802 1286 -—
2829 1247 3006 1318 (Anno
3027 1247 3176 1317 867.)

1947 1354 2073 1412 Sine
2096 1366 2226 1412 nutu
2246 1357 2384 1412 sedis
2427 1357 2725 1428 apostolica:
2750 1358 2966 1413 ecclesia
2998 1375 3099 1411 non
3126 1357 3272 1412 debet
3300 1357 3525 1410 institui.

2298 1468 2561 1542 [Gratiam
2616 1471 2675 1524 D.
2714 1487 2797 1537 ιιι,
2832 1470 2884 1526 d.
2931 1473 3056 1537 1,,c.
3089 1470 3168 1544 8.]

2015 1586 2276 1653 Ecclesia,
2307 1587 2359 1644 id
2405 1596 2488 1643 est
2517 1587 2903 1643 cathoiicorum
2963 1587 3207 1642 collectio
3261 1587 3530 1656 quomodo

1948 1679 2066 1734 sine
2120 1680 2427 1750 apostolica:
2455 1681 2598 1737 sedis
2622 1682 2930 1737 instituetur
2952 1691 3105 1744 nutu,
3134 1681 3351 1752 quando
3369 1679 3528 1749 juxta

1949 1785 2104 1826 sacra
2160 1772 2374 1828 decreta
2427 1787 2527 1828 nec
2578 1773 2693 1843 ipsa
2745 1774 2904 1829 debet
2941 1772 3144 1841 absque
3172 1771 3532 1841 praeceptione

246 1855 461 1935 misque
509 1853 743 1925 profusis
766 1853 922 1909 valde
941 1853 1229 1917 doluimus,
1245 1851 1446 1907 idcirco
1470 1851 1835 1921 praecipimus,

1945 1875 2098 1930 papze
2126 1861 2346 1917 basilica
2373 1863 2584 1919 noviter
2608 1864 2868 1927 construi,
2886 1879 3005 1932 quae
3031 1863 3204 1932 ipsam
3234 1860 3528 1917 catholico-

246 1953 303 2000 et
329 1946 549 2000 Patrum
583 1945 845 2001 almorum
869 1947 1112 2002 censuris
1147 1945 1458 2011 statuimus,
1497 1953 1556 1999 ut
1591 1945 1692 2000 sub
1717 1959 1836 2014 poe-

211 2091 216 2096 .
246 2037 494 2092 nitentia
518 2036 650 2108 jugo
683 2046 1036 2108 permaneat;
1087 2039 1162 2092 ita
1201 2046 1262 2092 ut
1307 2052 1404 2107 per
1435 2052 1602 2092 unum
1633 2052 1834 2092 annuat

246 2127 532 2182 ecclesiam
576 2143 682 2183 non
734 2128 1087 2198 ingrediatur,
1114 2128 1209 2185 sed
1255 2138 1380 2182 ante
1414 2125 1559 2182 fores
1603 2127 1838 2182 basilicae

245 2225 397 2273 stans
419 2234 602 2284 orans,
622 2233 687 2274 ac
715 2219 1014 2288 deprecans
1042 2219 1210 2274 Deum
1241 2227 1571 2288 perseveret,
1601 2219 1838 2288 qualiter

247 2315 403 2363 tanto
427 2309 692 2379 eripiatur
718 2308 950 2380 piaculo.
983 2308 1261 2380 Completo
1289 2325 1420 2366 vero
1445 2311 1573 2364 anni
1596 2311 1824 2378 circulo,

246 2399 558 2455 introeundi
617 2400 673 2456 in
725 2400 1011 2457 ecclesiam
1065 2401 1336 2456 licentiam
1387 2401 1606 2468 habeat,
1654 2413 1836 2460 tamen

245 2489 392 2546 inter
414 2491 697 2548 audientes
744 2501 870 2558 stet,
904 2501 960 2547 et
981 2493 1216 2546 nondum
1253 2493 1635 2548 communicet.
1676 2492 1836 2558 Com-

245 2582 406 2653 pletis
427 2590 608 2638 autem
642 2582 803 2654 trium
839 2597 1108 2638 annorum
1137 2582 1424 2638 curriculis
1476 2597 1646 2638 sacrae
1687 2597 1836 2637 com-

249 2673 525 2728 munionis
551 2672 626 2727 illi
653 2672 828 2745 gratia
855 2674 1203 2729 concedatur.
1227 2671 1539 2730 Oblationes
1568 2688 1698 2730 vero
1727 2689 1834 2728 non

247 2762 456 2829 oll‘erat,
483 2764 586 2820 nisi
614 2775 896 2836 postquam
925 2763 1151 2820 aliorum
1182 2773 1391 2835 septem
1414 2780 1678 2821 annorum
1708 2779 1836 2818 cur-

248 2857 419 2912 ricula
443 2858 776 2928 expleantur.
815 2858 875 2916 In
901 2859 985 2915 his
1013 2867 1194 2916 autem
1219 2860 1473 2920 omnibus
1503 2861 1658 2916 annis
1673 2871 1836 2930 atque

251 2948 582 3018 temporibus
613 2964 834 3005 carnem
854 2965 961 3006 non
984 2951 1296 3018 manducet,
1320 2965 1422 3006 nec
1442 2952 1629 3006 vinum
1653 2951 1837 3005 bibere

249 3049 562 3109 praesumat,
593 3041 834 3111 exceptis
862 3041 1016 3098 festis
1057 3042 1250 3097 diebus
1308 3052 1470 3113 atque
1516 3042 1832 3107 Dominicis,

249 3139 304 3186 et
327 3147 357 3185 a
387 3131 595 3188 Pascha
647 3149 818 3205 usque
842 3136 909 3189 ad
939 3133 1343 3203 Pentecosten;
1402 3145 1457 3191 et
1505 3150 1836 3206 quocunque

1948 1967 2068 2007 rum
2093 1952 2236 2009 intra
2261 1964 2433 2010 semet
2451 1956 2699 2026 amplecti
2727 1964 3004 2012 catervam
3031 1954 3384 2027 dignoscitur.

2607 2069 2890 2127 CXXXVI.

2346 2178 2415 2216 AD
2452 2177 2794 2218 BIVOLADRUI
2831 2175 3139 2218 EPISCOPUI.

2565 2273 2745 2344 (Anno
2769 2273 2931 2345 867.)?

1945 2379 2024 2433 De
2051 2380 2350 2450 paenitentia
2390 2381 2629 2451 imposita
2661 2381 2923 2448 Wimaro,
2963 2383 3050 2453 qui
3087 2390 3191 2437 tres
3233 2381 3374 2452 ﬁlios
3411 2398 3535 2438 suos

2579 2462 2890 2520 peremerat.

2267 2559 2442 2633 [Apud
2465 2561 2652 2626 Mansi,
2685 2561 2845 2617 Conc.
2882 2571 3010 2618 tom.
3043 2563 3185 2636 XV.]
3229 2557 3244 2572 ’

2013 2671 2282 2728 Νιεοωυε
2297 2674 2604 2743 episcopus,
2619 2690 2806 2731 servus
2829 2691 3108 2732 servorum
3133 2679 3250 2745 Dei,
3281 2693 3533 2735 reveren-

1945 2763 2154 2818 tissimo
2183 2773 2236 2819 et
2262 2765 2606 2821 sanctissimo
2630 2764 2945 2822 RIVOLADRO
2970 2767 3240 2838 episcopo.

2015 2859 2280 2914 Dominici
2309 2859 2485 2930 gregis
2503 2873 2690 2914 curam
2721 2858 2926 2915 caelesti
2949 2859 3196 2930 dogmate
3219 2859 3432 2930 plenam
3458 2863 3532 2917 ita

1943 2949 2197 3004 convenit
2240 2949 2507 3020 episcopis
2535 2951 2844 3016 observare,
2874 2960 3140 3020 quatenus
3169 2967 3267 3022 pro
3298 2953 3532 3023 suscepti

1941 3043 2101 3098 ovilis
2154 3043 2398 3112 neglectu
2455 3043 2669 3112 aliquod
2721 3043 3018 3113 periculum
3069 3059 3175 3098 non
3231 3045 3529 3100 incurrant.

1945 3132 2193 3203 Undique
2219 3135 2419 3190 etenim
2448 3127 2725 3190 venientes
2752 3134 3038 3190 admodum
3066 3135 3282 3204 plurimi
3309 3151 3532 3192 suorum

251 3221 331 3280 ire
360 3222 588 3280 voluerit
622 3223 771 3281 nullo
795 3225 1041 3284 vehiculo
1087 3225 1406 3294 deducatur,
1459 3227 1552 3284 sed
1605 3228 1833 3299 pedibus
1864 3206 1910 3270 (ἶ
1942 3226 2244 3283 facinorum
2305 3229 2640 3298 proditores,
2697 3237 2959 3299 quantum
3013 3229 3251 3284 dolorem
3299 3228 3531 3286 inferant

252 3314 648 3384 proficiscatur.
675 3317 842 3373 Arma
868 3333 976 3374 non
1024 3329 1202 3376 sumat
1231 3318 1336 3376 nisi
1365 3328 1552 3376 contra
1575 3335 1832 3390 paganos.

251 3406 662 3478 Jejunetautem
689 3417 800 3466 tres
829 3409 942 3466 dies
971 3425 1068 3482 per
1111 3411 1502 3468 hebdomadam
1549 3428 1721 3483 usque
1769 3412 1839 3468 ad

251 3514 552 3571 vesperam.
579 3500 625 3556 A
647 3502 863 3573 propria
883 3518 949 3559 ac
968 3503 1205 3574 legitima
1233 3505 1450 3574 quidem
1477 3503 1704 3576 conjuge
1727 3520 1837 3560 non

251 3601 556 3664 separetur,
595 3608 666 3648 ne
713 3594 771 3649 in
819 3593 1190 3652 fornicationis
1233 3597 1549 3668 voraginem
1595 3605 1835 3664 corruat,

252 3686 395 3757 quod
429 3699 499 3741 ne
521 3684 617 3740 fiat
637 3693 908 3754 optamus.
935 3684 994 3740 Si
1014 3695 1196 3742 autem
1220 3695 1345 3742 ante
1373 3687 1540 3742 trium
1566 3701 1836 3743 annorum

253 3793 469 3836 cursum
499 3777 624 3833 linis
651 3777 775 3833 vitae
799 3777 943 3834 illius
997 3779 1528 3851 appropinquaverit,
1585 3778 1836 3850 corporis

253 3867 464 3925 Domini
492 3867 662 3924 nostri
685 3866 813 3924 Jesu
827 3867 1027 3924 Christi
1052 3869 1324 3940 particeps
1355 3869 1479 3936 ﬁat;
1510 3869 1593 3924 sin
1625 3877 1833 3936 autem,

253 3969 312 4017 ut
343 3975 503 4030 supra
557 3959 868 4027 statuimus,
915 3957 1199 4017 efﬁciatur.
1243 3960 1450 4016 Tamen
1478 3961 1524 4017 si
1545 3960 1692 4017 illius
1711 3975 1836 4016 con-

253 4051 615 4108 versationem
645 4059 701 4106 et
721 4049 930 4110 fontem
946 4051 1307 4123 lacrymarum
1335 4052 1387 4105 in
1410 4051 1662 4106 omnibus
1687 4051 1836 4106 vide-

254 4141 372 4197 ritis
395 4140 602 4197 ﬂoridis
624 4140 928 4197 actionibus
953 4149 1009 4196 et
1029 4141 1250 4212 optimis
1275 4141 1530 4212 operibus
1545 4139 1832 4211 pullulare,

253 4237 539 4297 humanius
559 4237 706 4292 circa
735 4251 862 4292 eum
883 4243 1069 4292 vestra
1108 4235 1414 4293 sollicitudo
1463 4234 1690 4306 pervigil
1740 4250 1835 4306 ap-

253 4339 456 4402 pareat,
510 4329 765 4402 mitisque
809 4329 1059 4388 omnibus
1111 4329 1535 4388 demonstretur.
1568 4325 1834 4401 Optamus

253 4438 345 4480 vos
372 4423 427 4478 in
449 4422 666 4481 Christo
686 4423 823 4480 bene
841 4423 1043 4480 valere.

909 4533 1189 4591 CXXXIV.

481 4639 548 4679 AD
581 4641 885 4682 ουιηευωι
915 4641 1255 4682 IOBINBNSEI
1283 4639 1596 4682 EPISCOPUI.

601 4716 1003 4789 Fragmentum.
1022 4746 1096 4760 -
1116 4719 1295 4790 (Anno
1321 4717 1477 4788 867.)

530 4827 610 4883 De
631 4828 817 4883 clerico
863 4829 952 4900 qui
980 4846 1240 4900 paganum
1287 4829 1552 4886 occiderit.

757 4943 933 5016 [Apud
960 4942 1152 5009 Mansi,
1187 4944 1342 5018 ibid.]

315 5053 586 5111 Nrcouus
609 5053 910 5121 Gurrnsoo,
935 5053 1259 5112 Morinensis
1281 5057 1534 5113 Ecclesia:
1555 5056 1830 5129 episcopo.

317 5145 586 5203 Clericum
628 5146 720 5216 qui
765 5161 1032 5218 paganum
1070 5148 1328 5204 occiderit
1369 5163 1476 5203 non
1513 5157 1726 5219 oportet
1765 5148 1833 5204 ad

251 5237 472 5311 gradum
519 5233 781 5305 majorem
831 5237 1075 5305 provehi,
1107 5237 1199 5308 qui
1248 5252 1439 5293 carere
1469 5239 1629 5293 debet
1657 5238 1828 5292 etiam

252 5331 533 5402 acquisito.
563 5329 843 5386 Homicida
874 5330 1017 5385 enim
1041 5338 1143 5384 est.
1170 5329 1303 5384 Nam
1330 5344 1456 5386 cum
1481 5328 1702 5383 discreti
1725 5328 1834 5382 sint

251 5425 444 5480 milites
489 5423 667 5480 saeculi
720 5439 751 5479 a
785 5423 1060 5504 militibus
1110 5423 1380 5487 Ecclesiae,
1433 5438 1538 5478 non
1582 5422 1835 5478 convenit

252 5518 474 5573 militem
505 5516 760 5574 Ecclesia:
781 5517 981 5574 saeculo
1010 5517 1266 5584 militare,
1297 5531 1392 5588 per
1420 5515 1562 5586 quod
1605 5517 1672 5570 ad
1702 5514 1834 5570 ellu-

252 5611 458 5665 sionem
510 5609 786 5680 sanguinis
835 5623 1059 5666 necesse
1099 5608 1170 5663 sit
1228 5608 1532 5680 pervenire.
1585 5606 1830 5677 Denique

253 5704 390 5758 sicut
415 5710 570 5774 turpe
593 5719 657 5760 ac
681 5704 1042 5774 perniciosum
1075 5712 1159 5758 est
1186 5702 1382 5756 laicum
1413 5701 1605 5778 missas
1628 5699 1830 5766 facere,

252 5801 585 5849 sacramenta
627 5794 869 5863 corporis
892 5793 1251 5864 ctsangninis
1293 5785 1493 5848 Christi
1544 5791 1830 5862 conﬁcere,

684 5886 936 5946 Parnm.
998 5885 1222 5947 CXIX.

1939 3319 2148 3390 pectori
2197 3328 2403 3383 nostro,
2444 3319 2562 3389 plus
2615 3319 2851 3391 singultu
2898 3319 3321 3384 reminiscimur,
3367 3335 3532 3390 quant

1942 3409 2152 3465 calamo
2178 3410 2340 3465 scribi
2377 3417 2559 3480 queat.
2605 3410 2748 3465 Inter
2774 3425 2910 3481 quos
2947 3409 3192 3464 videlicet
3222 3409 3383 3465 istum
3408 3408 3530 3464 Wi-

1939 3515 2153 3556 marum
2177 3501 2245 3556 ad
2271 3501 2640 3570 apostolorum
2669 3500 2850 3555 limina
2881 3499 3166 3556 festinasse
3194 3499 3530 3571 cognoscite,

1937 3598 1995 3646 et
2014 3591 2347 3660 paenitentia:
2385 3593 2600 3647 modum
2630 3607 2730 3661 pro
2764 3600 3072 3662 perpetrato
3099 3591 3262 3646 trium
3294 3592 3530 3648 ﬁliorum

1939 3694 2161 3736 suorum
2190 3681 2484 3736 homicidio
2504 3681 2607 3736 sibi
2631 3681 2940 3750 impositum
2965 3681 3358 3737 manifestassc.
3386 3683 3531 3750 Quo-

1938 3788 2061 3828 rum
2087 3773 2335 3844 quaedam
2362 3775 2800 3846 temperavimus,
2832 3789 2898 3831 eo
2931 3776 3073 3845 quod
3106 3773 3358 3846 suffragia
3395 3789 3528 3845 apo-

1937 3865 2197 3935 stolorum
2227 3866 2487 3938 principis
2519 3867 2800 3922 nutritoris
2832 3869 3002 3922 nostri
3034 3869 3304 3939 postulare
3339 3873 3531 3925 devote

1935 3956 2230 4021 festinavit.
2271 3956 2406 4014 Nam
2449 3960 2697 4016 eumdem
2723 3960 2790 4015 ad
2816 3961 2960 4016 beati
2997 3961 3308 4032 archangeli
3336 3976 3531 4017 oracu-

1937 4047 2047 4102 lum
2072 4048 2152 4104 ire
2172 4049 2443 4104 volentem
2467 4051 2721 4106 instantia
2745 4053 3002 4122 temporis
3028 4054 3301 4108 revocavit
3330 4061 3530 4125 :atque

1937 4139 2336 4196 constitutionis
2389 4140 2489 4196 sibi
2560 4143 2822 4214 impositae
2881 4145 3096 4200 modum
3157 4147 3528 4203 continentem

1936 4229 2218 4300 epistolam
2267 4239 2461 4288 vestrae
2514 4235 2785 4289 sanctitati
2835 4233 3180 4290 deferendam
3230 4235 3528 4305 apostolica

1936 4321 2238 4379 sollicitudo
2279 4326 2598 4382 transmisit.
2640 4325 2697 4378 In
2743 4340 2805 4380 ea
2834 4326 3018 4397 igitur,
3057 4327 3158 4382 hoc
3192 4336 3275 4382 est
3309 4329 3362 4382 in
3399 4328 3525 4394 ista,

1936 4416 2010 4472 ita
2039 4423 2301 4472 statutum
2339 4429 2442 4482 est,
2484 4426 2543 4472 ut
2579 4417 2792 4472 trienno
2832 4426 2958 4472 ante
2991 4417 3133 4473 fores
3162 4417 3402 4473 ecclesiae
3429 4432 3528 4486 pro

1935 4507 2174 4578 peccatis
2201 4509 2315 4564 suis
2341 4517 2596 4563 oraturus
2632 4509 2913 4574 consistat,
2951 4517 3007 4564 et
3035 4510 3227 4564 deinde
3255 4510 3396 4563 inter
3425 4525 3527 4564 au-

1937 4603 2140 4660 ditores
2159 4611 2480 4674 permaneat
2509 4601 2866 4672 quadriennio
2897 4619 2909 4655 :
2940 4611 2999 4655 ut
3023 4609 3228 4670 septem
3259 4615 3527 4655 annorum

1937 4696 2205 4753 curricula
2244 4695 2447 4767 absque
2486 4694 2865 4751 communione
2896 4693 3159 4750 Dominici
3199 4692 3441 4763 corporis
3471 4701 3529 4748 et

1938 4788 2216 4860 sanguinis
2239 4789 2422 4853 ducat,
2455 4788 2527 4841 ita
2564 4787 2779 4858 quidem
2820 4795 2879 4840 ut
2911 4769 3161 4840 omnibus
3187 4785 3376 4839 diebus
3402 4784 3527 4838 vitae

1937 4895 2048 4936 suae
2073 4896 2291 4936 carnem
2337 4894 2446 4934 non
2491 4878 2809 4942 manducet;
2838 4885 2891 4931 et
2915 4876 2968 4930 in
3007 4876 3109 4931 isto
3143 4875 3422 4946 septennio
3446 4874 3528 4929 vi-

1937 4987 2067 5026 num
2107 4985 2212 5026 non
2254 4978 2451 5033 sumat,
2489 4969 2589 5023 nisi
2625 4969 2812 5023 diebus
2843 4967 3142 5022 Dominicis
3174 4975 3230 5023 et
3257 4966 3525 5022 festivita-

1938 5072 2052 5119 tum
2093 5081 2106 5118 :
2141 5063 2336 5118 abinde
2370 5060 2761 5131 quinquennio,
2791 5061 2964 5115 tribus
2997 5058 3184 5114 diebus
3223 5074 3322 5128 per
3355 5059 3524 5130 septi-

1937 5170 2152 5211 manam
2176 5171 2204 5208 a
2231 5153 2356 5207 vino
2377 5151 2666 5216 abstineat,
2686 5160 2746 5204 ut
2769 5149 3051 5206 duodecim
3074 5147 3231 5204 annis
3249 5134 3524 5219 quantitas

1936 5247 2267 5319 paenitentia:
2318 5227 2662 5300 extendatur.
2719 5241 2905 5298 Liceat
2953 5243 3135 5313 itaque
3175 5242 3246 5296 illi
3301 5258 3524 5298 uxorem

1936 5340 2211 5410 propriam
2247 5353 2354 5392 non
2384 5337 2656 5399 deserere,
2696 5350 2763 5388 ne
2803 5333 2940 5390 forte
2991 5334 3188 5388 incidat
3225 5335 3278 5389 in
3317 5335 3525 5410 adulte-

1941 5407 2100 5498 rium,
2152 5439 2206 5486 et
2247 5444 2346 5500 pro
2397 5427 2680 5484 occasione
2731 5427 2887 5482 unius
2931 5427 3110 5481 delicti
3158 5407 3524 5497 praecipitetur

1941 5523 2229 5594 fragilitate
2261 5521 2443 5577 carnis
2471 5519 2522 5574 in
2553 5517 2723 5589 pejus.
2756 5519 3132 5573 Concessimus
3164 5517 3305 5573 enim
3333 5516 3381 5570 ei
3410 5513 3524 5569 cal-

1940 5624 2152 5671 ceatum
2181 5613 2249 5668 ad
2286 5627 2382 5668 vos
2407 5611 2712 5682 pervenire,
2747 5626 2809 5665 ac
2838 5611 3032 5665 deinde
3061 5607 3290 5662 triennio
3319 5602 3520 5659 discal-

1938 5716 2151 5762 ceatum
2181 5704 2256 5758 ire
2278 5703 2492 5767 debere,
2527 5711 2581 5756 et
2603 5703 2936 5757 vestimentis
2965 5701 3258 5756 secundum
3283 5694 3519 5764 qualitat-

1942 5807 2048 5852 tem
2088 5795 2340 5865 temporis
2367 5803 2422 5849 et
2463 5795 2606 5849 acris
2637 5795 2952 5866 temperiem
2985 5790 3156 5856 indui,
3187 5798 3346 5858 atque
3381 5786 3521 5842 lacte

3004 5886 3080 5944 3G
