4060 6338
556 233 584 288 1
595 232 689 288 151
1895 251 2128 313 NICOLA

2235 259 2402 316 ἈΡΑΞ
2433 261 2455 316 l
3735 291 3771 346 1
3790 291 3908 349 132

553 346 781 420 perfrui.
810 349 1078 408 Caeterum
1104 370 1235 412 vero
1266 344 1340 413 ita
1377 363 1727 433 actus‘ipsius
1753 366 2145 439 discernentes,
2177 381 2223 437 Α
2252 384 2458 444 quanto
2483 384 2723 448 tempore
2749 397 2781 436 a
2821 382 3109 441 missarum
3148 388 3428 450 solemniis
3452 400 3898 469 suspendamr,

553 455 653 469 ιηιικ
681 442 854 469 luunt-
891 446 1224 469 --_-:.I-_-.-
1290 458 1440 469 A.__-A
1496 453 1529 469 ι·
1675 457 1706 469 ι.
2270 465 2281 469 -

550 455 653 510 per
677 442 855 496 omnia
888 446 1248 513 considerate,
1286 458 1447 520 atque
1479 453 1766 524 disponite,
1791 468 2059 527 quatenus
2092 472 2147 518 et
2250 465 2428 521 denuo
2481 472 2546 524 ad
2591 474 2927 530 sacerdotale
2968 480 3207 546 posthaec
3259 485 3533 542 rediturus
3557 442 3893 547 Ιὀίῖὶεὶιιιιι.

553 537 864 605 evangelica
889 540 1254 598 misericordia
1279 545 1331 599 in
1363 545 1454 603 illo
1476 562 1853 620 cognoscatur.
1890 556 2142 613 Attamen
2249 556 2407 624 Quod
2459 561 2503 616 si
2546 564 2815 619 veraciter
2872 567 3234 640 qualicunque
3278 578 3651 643 percussione
3711 582 3892 638 istius

552 627 924 695 permittimus
962 646 1083 686 eum
1126 648 1341 688 caseum
1383 651 1617 703 sumere,
1647 650 1811 713 atque
1840 649 2144 714 possessio-
2247 652 2548 724 presbyteri
2583 655 2670 712 ille
2702 668 2947 715 mortuus
2974 672 3059 719 est
3085 627 3365 731 diaconus.
3396 669 3544 724 nulla
3573 672 3750 729 hunc
3786 691 3889 729 ra-

553 731 678 773 nem
715 735 866 775 suam
904 722 1125 789 habere,
1176 730 1230 781 'et
1263 737 1385 797 post
1413 733 1695 801 septimum
1734 751 1933 791 annum
1975 754 2146 810 usque
2247 722 2750 803 tioneﬁmiuistrare
2799 752 3097 808 sacerdotis
3131 764 3283 815 more
3312 758 3703 828 decernimus,
3738 780 3887 833 quo-

556 808 622 833 ..ι-1
652 810 784 833 .12-...
820 814 1001 833 ..-ῃιὲᾲ
1042 831 1097 833 ,_,
1335 830 1343 833 _
1388 822 1398 833 ι
1467 823 1479 833 .
1633 826 1664 833 ..
1932 830 1942 833 -

554 808 623 863 ad
648 810 787 865 diem
818 814 1006 869 mortis
1041 830 1349 885 perseveret
1385 822 1436 876 in
1457 823 1570 893 jam
1614 826 1757 881 dicta
1800 808 2140 899 poenitentia,

553 912 715 975 atque
739 921 909 973 arma,
938 909 1039 966 nisi
1063 923 1250 968 contra
1272 932 1531 985 paganos,
1566 936 1670 974 non
1704 921 1859 976 ferat.
1883 923 2145 995 Optamus

553 999 896 1056 sanctitatem
919 1014 1154 1060 vestram
1183 1008 1235 1062 in
1264 1007 1481 1065 Christo
1507 1011 1645 1067 bene
1673 1015 1873 1070 valere.

1192 1117 1277 1173 CX
1288 1117 1495 1176 XXV“.

980 1222 1046 1260 AD
1086 1224 1353 1265 JEREMIAM
1395 1228 1710 1271 EPISCOPUI.

907 1299 1306 1370 Fragmentum.
1338 1335 1412 1348 —
1433 1306 1609 1378 (Anno
1638 1309 1789 1381 867.)

691 1387 863 1454 Quam
902 1393 1163 1462 nefarium
1198 1398 1267 1450 sit
1297 1402 1696 1471 consanguineis
1721 1402 1991 1474 populari.

1149 1510 1282 1585 [lvo,
1313 1531 1390 1579 ιι,
1424 1516 1536 1589 12.]

616 1615 886 1677 NICOLAUS
906 1622 1154 1682 iisunum
1184 1630 1458 1700 episcopo.

614 1710 716 1778 Qui
758 1721 1205 1786 consanguinatis
1240 1723 1463 1792 copulas
1489 1724 1739 1796 diligunt,
1790 1743 2133 1803 summopere
2160 1735 2209 1801 B

544 1817 603 1858 se
633 1819 829 1861 cavere
880 1819 1112 1878 oportet,
1169 1829 1234 1867 ne
1281 1815 1334 1868 in
1382 1814 1632 1886 laqueum
1665 1820 1865 1877 diaboli
1908 1827 2129 1890 cadant,

542 1911 817 1967 quamque
850 1900 921 1954 sit
960 1902 1223 1959 nefarium
1278 1909 1734 1977 sanctimoniales,
1780 1928 1901 1983 quae
1945 1917 2132 1971 mundi

542 1996 853 2058 contempto
883 1994 1128 2064 conjugio
1154 1996 1369 2055 Christo
1399 2014 1458 2056 se
1494 2000 1842 2070 devoverunt,
1883 2015 1977 2061 aut
2005 2022 2131 2063 con-

543 2077 820 2132 sobrinam
848 2081 931 2135 vel
966 2086 1036 2138 de
1056 2088 1276 2156 propria
1311 2092 1777 2162 consanguinitate
1804 2111 1999 2151 uxores
2033 2097 2131 2152 du-

542 2186 690 2236 cere,
732 2175 980 2231 omnibus
1014 2178 1070 2233 in
1116 2191 1264 2237 recta
1304 2182 1409 2238 ﬁde
1438 2182 1636 2241 Christi
1682 2191 2127 2258 permanentibus

540 2271 710 2330 putet.

1165 2360 1492 2425 CXXXVIII.

648 2461 716 2501 AD
766 2463 1040 2510 οεΒΑιυωι
1088 2471 1518 2518 (ΣΗΟΒΕΡΙΞΩΟΡΙΙΗ
1577 2474 2016 2530 QUADBANTINUM.

898 2566 1305 2642 Fragmentum.
1324 2608 1392 2616 —-
1417 2578 1594 2648 (Anno
1616 2580 1767 2652 867.)

541 2675 645 2743 Qui
685 2680 1008 2750 defendenda
1054 2704 1108 2742 se
1156 2706 1421 2759 paganum
1471 2696 1755 2763 occiderit,
1807 2699 2128 2759 sacerdotali

1134 2772 1309 2815 careat
1340 2766 1526 2834 o/ﬁrio.

1093 2869 1267 2943 [ϐπ-αι.
1299 2892 1341 2941 i,
1376 2876 1462 2939 50,
1498 2878 1576 2952 6.]

609 2971 684 3027 De
708 2973 793 3030 his
816 2974 1030 3032 clericis
1055 2994 1154 3048 pro
1182 2983 1377 3051 quibus
1412 2988 1755 3055 consuluisti,
1800 2992 2008 3049 scilicet
2030 2996 2125 3067 qui

536 3077 595 3117 se
635 3064 970 3175 defendendo
1007 3086 1279 3146 paganum
1326 3074 1663 3145 occiderunt,
1716 3084 1761 3138 si
1802 3097 1988 3154 postea
2154 3109 2203 3179 ς

538 3164 912 3229 paenitentiam
943 3173 1212 3225 emendati
1241 3176 1450 3242 possint
1483 3179 1553 3231 ad
1581 3182 1806 3248 gradum
1840 3184 2125 3251 pristinum

542 3253 746 3319 redire,
796 3267 887 3310 aut
939 3259 1004 3312 ad
1063 3262 1310 3318 altiorem
1369 3270 1736 3325 conscendere
1780 3290 1793 3324 :

539 3345 737 3399 nullam
765 3352 1104 3408 occasionem
1144 3356 1294 3421 dare,
1338 3374 1438 3414 nec
1469 3360 1629 3415 ullam
1674 3365 1911 3421 tribuere
1950 3368 2031 3423 eis
2054 3369 2125 3424 li-

537 3440 770 3495 centiam
817 3446 1111 3513 quemlibet
1161 3451 1435 3507 hominem
1486 3455 1727 3523 quolihet
1780 3462 1940 3535 modo
1981 3464 2131 3519 occi-

536 3531 715 3585 dendi.
747 3531 946 3590 Verum
983 3539 1027 3592 si
1056 3542 1360 3609 contigerit,
1395 3553 1453 3599 ut
1492 3546 1723 3602 clericus
1769 3531 2129 3613 saeeﬁot‘alis

533 3623 740 3678 ordinis
771 3626 963 3681 saltem
993 3645 1258 3700 paganum
1298 3635 1578 3700 occiderit,
1613 3640 1843 3695 multum
1868 3644 1967 3701 sibi
1994 3661 2131 3703 cur»

534 3712 680 3777 suiit,
707 3717 752 3770 si
780 3718 850 3773 ab
899 3718 1078 3774 otiicio
1120 3723 1441 3781 sacerdotaii
1487 3732 1810 3791 recesserit:
1846 3736 2129 3808 satiusque

532 3813 636 3868 est,
670 3806 745 3860 nn
782 3808 835 3862 in
868 3809 970 3866 hac
996 3811 1104 3867 vita
1136 3815 1364 3872 Domino
1383 3819 1487 3873 sub
1507 3820 1751 3880 inferiori
1775 3827 1960 3883 habitu
1990 3806 2129 3887 me.

531 3899 971 3967 prehensibiliter
1008 3904 1278 3976 famulari,
1330 3926 1493 3981 quam
1536 3916 1641 3971 alte
1679 3918 1923 3978 indebita
1952 3938 2127 3996 oppon»

536 3991 696 4047 tendo
723 3992 1105 4053 damnabiliter
1130 4000 1184 4055 in
1212 4002 1535 4070 profundum
1561 4008 1822 4084 demergi.

1181 4114 1466 4173 CXXXIX.

986 4219 1053 4259 AD
1101 4221 1321 4264 EUMDEM
1360 4227 1655 4270 OSBALDUH.

1142 4301 1319 4367 (Anno
1347 4302 1495 4375 867.)

641 4384 716 4440 De
743 4404 893 4458 paena
917 4386 1201 4461 presbyteri
1235 4396 1326 4466 qui
1353 4396 1637 4454 diaconum
1675 4406 2007 4472 percusserit.

1136 4484 1268 4558 [lvo,
1298 4504 1351 4552 x,
1381 4488 1499 4562 24.}

598 4569 865 4630 Nicoutus
895 4574 1143 4632 Οεωιιυο
1176 4578 1430 4648 episcopo
1462 4579 1854 4648 Quadrantino.

597 4683 826 4742 Studeat
846 4688 1110 4746 sanctitas
1135 4698 1225 4745 tua
1250 4690 1860 4767 persuadere-episcopo
1890 4705 1983 4753 tuo
2012 4700 2116 4756 sibi

526 4779 843 4837 canonicum
869 4783 1078 4837 sociare
1109 4798 1392 4837 numerum
1426 4783 1776 4856 collegarum,
1808 4789 1860 4843 id
1895 4800 1977 4847 est
2018 4809 2112 4850 sex

524 4885 594 4925 ex
640 4871 1163 4943 vicinisprovinciis
1215 4873 1413 4928 fratres
1462 4883 1519 4930 et
1566 4877 1915 4949 coepiscopos
1954 4891 2107 4940 tuos:

524 4961 722 5030 quibus
744 4972 921 5018 tecum
937 4963 1160 5033 junctis,
1194 4974 1247 5017 et
1273 4964 1691 5023 decernentibus
1714 4968 2002 5040 diligenter
2026 4972 2109 5027 in-

524 5055 812 5124 vestigare,
839 5066 896 5121 et,
927 5058 1073 5113 omni
1099 5057 1289 5113 anuisu
1332 5060 1564 5115 scrutari
1589 5072 1897 5132 procurate,
1924 5075 2114 5136 quate-

528 5159 628 5198 nus
656 5144 899 5199 invenire
923 5145 1153 5202 valeatis
1192 5158 1374 5203 utrum
1424 5152 1774 5219 percussione
1794 5153 1908 5223 jam
1940 5156 2113 5212 nomi-

524 5233 635 5289 nati
664 5235 991 5306 presbyteri,
1022 5251 1091 5293 an
1120 5238 1350 5295 cervicis
1377 5237 1638 5297 fractione
1661 5242 1801 5300 idem
1827 5243 2109 5312 diaconus,

523 5333 583 5384 ut
611 5325 783 5385 fertur
816 5328 1117 5391 exstinctus
1165 5339 1268 5389 est.
1321 5331 1387 5399 Et
1427 5333 1475 5388 si
1517 5333 1735 5404 quidem
1781 5352 1812 5391 a
1854 5335 2111 5406 saepefato

523 5420 842 5493 presbytero
889 5436 994 5476 non
1041 5422 1110 5477 ad
1163 5432 1394 5480 mortem
1422 5440 1713 5497 percussus
1756 5434 1863 5493 est,
1908 5427 2006 5484 sed
2041 5436 2109 5485 ex

447 5568 456 5579 ,
526 5528 664 5583 equo
689 5515 889 5570 cadens
929 5516 1139 5572 cervice
1166 5516 1337 5573 fracta
1382 5517 1613 5585 interiit,
1645 5521 1941 5576 secundum
1968 5522 2113 5578 arbi-

527 5605 688 5659 trium
733 5615 973 5662 vestrum
1020 5624 1120 5678 pro
1151 5610 1499 5678 percussione
1531 5612 1745 5668 incaute
1782 5613 1963 5682 agenti
1988 5627 2113 5683 pre—

524 5697 747 5767 sbytero
781 5698 1156 5769 paenitentiam
1189 5710 1586 5777 competentem
1630 5702 1892 5759 indicite:
1925 5712 1982 5760 et
2010 5702 2109 5759 ali-

1847 3274 1987 3327 scito
2026 3292 2126 3331 nos
2167 3317 2172 3321 -

2245 834 2391 887 niam
2441 837 2540 891 etsi
2585 840 2913 897 voluntatem
2954 845 3234 901 occidendi
3270 864 3379 903 non
3431 851 3660 916 habuit,
3713 854 3884 910 furor

2247 932 2427 981 tamen
2457 938 2512 982 et
2556 929 2853 1001 indignatio
2900 950 2963 990 ex
3011 937 3205 1005 quibus
3232 941 3399 995 motio
3427 942 3517 997 illa
3562 947 3875 1004 mortifer:

2243 1020 2462 1089 prodiit,
2511 1020 2563 1076 in
2592 1025 2863 1092 omnibus,
2913 1027 3005 1082 sed
3033 1031 3302 1101 prtecipue
3333 1033 3386 1087 in
3434 1033 3533 1090 Dei
3578 1038 3877 1095 ministris

2244 1109 2615 1180 multipliciter
2656 1116 2992 1185 inhibentur,
3046 1130 3211 1190 atque
3249 1122 3451 1194 ubique
3486 1127 3868 1185 damnantur.

2242 1201 2444 1259 Verum
2479 1206 2525 1260 si
2554 1210 2838 1280 presbyter
2881 1215 3016 1267 adeo
3045 1224 3228 1271 vestro
3257 1218 3437 1273 studio
3464 1221 3682 1275 noxius
3720 1221 3871 1279 forte

2243 1295 2517 1364 claruerit,
2553 1302 2895 1374 praecipimus
2932 1315 2993 1360 ut
3030 1307 3138 1360 tale
3174 1306 3499 1366 beneficium
3527 1314 3646 1370 sibi
3680 1315 3868 1371 eccle-

2241 1388 2335 1443 sim
2369 1402 2478 1445 suae
2522 1393 2876 1462 concedatur,
2919 1412 3027 1467 quo
3056 1406 3111 1452 et
3140 1399 3253 1469 ipse
3278 1410 3333 1456 ‘et
3374 1403 3457 1458 sui
3500 1405 3866 1464 suﬁcienter

2237 1482 2448 1551 possint
2487 1482 2686 1541 habere
2720 1502 2831 1543 suae
2859 1492 3273 1549 sustentationis
3302 1493 3589 1552 solatium.

2949 1600 3108 1658 CXL.

2630 1707 2700 1749 EX
2736 1708 2996 1751 DECRETIS
3027 1712 3245 1755 NICOLAI
3281 1715 3449 1756 PAPE.

2857 1811 3037 1885 (Auno
3068 1816 3222 1887 867.)

2741 1920 2921 1995 [Apud
2944 1925 3153 1994 transi,
3168 1928 3333 2003 ibid.)

2309 2034 2368 2091 Si
2416 2036 2536 2106 quis
2576 2032 2877 2093 fornicatus
2911 2038 3072 2094 fuerit
3101 2054 3223 2096 cum
3264 2043 3468 2099 duabus
3514 2048 3843 2113 sororibus,

2234 2128 2319 2185 vel
2345 2145 2470 2185 cum
2497 2145 2726 2185 noverca
2761 2146 2879 2196 sua,
2909 2131 3011 2187 hoc
3041 2140 3125 2188 est
3156 2148 3277 2190 cum
3311 2136 3495 2192 relicta
3529 2141 3721 2208 patris
3744 2143 3842 2206 sui,

2232 2221 2317 2277 vel
2345 2238 2466 2277 cum
2500 2222 2689 2289 amita,
2717 2238 2809 2280 seu
2842 2238 2965 2280 eum
2995 2233 3284 2282 matertera
3312 2244 3429 2294 sua,
3456 2231 3549 2285 vel
3564 2234 3711 2287 eum
3738 2233 3843 2288 tilia

2232 2316 2409 2387 patrui
2444 2317 2547 2380 sui,
2583 2318 2696 2371 sive
2727 2319 3002 2384 avunculi,
3037 2319 3118 2374 vel
3149 2334 3271 2375 cum
3321 2322 3431 2377 filia
3462 2325 3656 2379 amitae
3697 2342 3838 2411 suae.

2232 2417 2538 2464 matertera:
2579 2426 2711 2475 suae,
2740 2420 2831 2465 aut
2857 2428 2978 2467 cum
3012 2413 3114 2466 filia
3146 2414 3299 2479 tiliae,
3324 2416 3409 2470 vel
3441 2415 3535 2471 filii
3569 2419 3698 2485 sui;
3729 2422 3840 2476 sive

2231 2499 2397 2559 etiam,
2424 2516 2544 2554 cum
2573 2517 2693 2566 ava,
2724 2502 2839 2559 sive
2868 2502 3029 2556 etiam
3063 2517 3183 2557 cum
3212 2514 3410 2574 proava
3435 2522 3555 2572 sua,
3584 2519 3689 2563 aut
3717 2527 3837 2566 cum

2230 2590 2341 2645 ﬁlia
2378 2591 2580 2659 fratris,
2613 2595 2726 2649 sive
2756 2596 2961 2655 sororis
2988 2611 3117 2658 suae,
3147 2598 3260 2652 sive
3294 2612 3413 2654 cum
3445 2614 3621 2658 usore
3645 2603 3837 2660 fratris

2229 2691 2323 2735 aut
2348 2680 2442 2736 ﬁlii
2473 2683 2576 2738 sui.
2610 2680 2871 2740 Similiter
2896 2684 2940 2740 si
2969 2702 3089 2757 quae
3118 2688 3313 2743 mulier
3347 2700 3443 2759 per
3480 2693 3835 2761 supradictus

2229 2773 2715 2842 consanguinitatis
2776 2772 2975 2845 gradus
3033 2791 3090 2832 se
3153 2777 3412 2834 fornicari
3468 2784 3829 2851 permiserit,

2230 2866 2601 2935 unusquisque
2627 2876 2815 2921 eorum
2846 2868 3167 2940 singillatim
3196 2884 3293 2940 per
3321 2883 3378 2925 sc
3400 2886 3490 2926 xvi
3513 2871 3747 2946 [annos]
3776 2876 3828 2929 in

2228 2952 2373 3010 hunc
2399 2955 2616 3009 modum
2646 2957 2930 3026 poeniteat.
2982 2958 3037 3012 in
3084 2959 3272 3028 primis
3316 2959 3531 3030 quidem
3576 2972 3697 3018 toto
3742 2964 3831 3019 illo

2232 3060 2373 3098 anno
2420 3045 2661 3102 inclusus
2712 3056 2930 3102 maneat
2975 3049 3042 3102 ad
3081 3047 3359 3120 ingressus
3383 3050 3573 3105 domus
3604 3051 3739 3113 Dei,
3776 3061 3829 3107 et

2232 3136 2420 3190 eodem
2461 3152 2641 3202 anno,
2684 3139 2931 3209 exceptis
2969 3138 3263 3195 Dominicis
3296 3140 3484 3196 diebus
3524 3147 3582 3195 et
3628 3140 3824 3208 festis,

2230 3228 2568 3285 solummodo
2598 3242 2761 3300 pane,
2787 3242 2945 3301 aqua,
2980 3241 3034 3286 et
3062 3230 3177 3288 safe
3199 3242 3406 3287 utatur.

2302 3317 2551 3375 Secundo
2596 3335 2738 3375 anno
2788 3320 3162 3391 ingrediantur
3203 3322 3419 3395 quidem
3463 3323 3685 3379 domum
3716 3324 3824 3381 Do-

2229 3411 2385 3476 mini,
2417 3411 2511 3467 sed
2533 3412 2791 3468 carnibus
2819 3419 2873 3468 et
2899 3414 3025 3468 vino
3051 3422 3145 3469 aut
3184 3415 3361 3470 Sicera
3398 3416 3629 3472 minime
3660 3427 3819 3472 utan-

2230 3509 2318 3556 tur
2341 3502 2394 3556 in
2426 3500 2564 3577 [Det
2599 3504 2653 3557 in
2678 3513 2727 3557 et
2757 3502 2943 3573 Stppl'.
2977 3496 3252 3577 exceptis,
3278 3516 3341 3559 ut
3368 3504 3539 3578 infra}
3563 3508 3721 3561 festis
3763 3516 3821 3563 et

2228 3596 2524 3653 Dominicis
2556 3597 2777 3666 diebus;
2809 3608 2996 3671 postea
3025 3613 3154 3655 vero
3193 3600 3319 3656 aliis
3341 3601 3551 3655 duobus
3582 3615 3823 3671 sequen-

2227 3689 2371 3744 tibus
2401 3691 2557 3744 annis
2586 3702 2681 3760 per
2718 3698 2889 3745 totum
2918 3691 3045 3745 anni
3089 3688 3357 3745 cii-cuium
3399 3691 3621 3760 Quando
3644 3706 3823 3750 cano

2225 3780 2459 3849 vescint,
2489 3785 2558 3839 ab
2579 3782 2727 3838 omni
2755 3791 2883 3855 potu
2908 3796 3017 3855 quo
3042 3780 3296 3839 inebriari
3328 3788 3522 3855 potest,
3554 3798 3615 3838 se
3634 3785 3819 3840 conti-

2225 3882 2418 3940 neant;
2450 3884 2503 3929 et
2527 3875 2571 3929 si
2602 3883 2791 3945 potum
2817 3874 3057 3930 biberint
3079 3916 3092 3936 ,
3122 3875 3347 3929 minime
3372 3888 3538 3929 carne
3564 3884 3813 3931 vescant.

2224 3955 2369 4021 infra
2393 3966 2781 4022 hebdomadam
2809 3966 3017 4023 scilicet
3045 3968 3221 4023 (Mm
3245 3964 3413 4032 terim,
3437 3977 3489 4022 et
3509 3967 3731 4039 quintae,
3760 3976 3823 4025 et

2227 4057 2497 4125 Sabbato;
2525 4060 2643 4116 alia:
2670 4068 2850 4115 autem
2882 4059 3031 4116 feriae
3051 4060 3159 4116 sint
3182 4068 3349 4130 parte,
3381 4061 3435 4117 id
3464 4072 3549 4117 est
3574 4060 3816 4117 secunda

2224 4151 2280 4205 et
2307 4160 2500 4222 quarta
2529 4160 2582 4206 et
2608 4158 2778 4207 serta.
3584 4206 3608 4217 ,

2296 4240 2562 4298 Dominici
2590 4254 2721 4296 vero
2746 4240 2867 4297 dies
2888 4240 2998 4297 sint
3026 4236 3276 4297 absoluti.
3303 4240 3509 4297 Deinde
3538 4254 3715 4312 usque
3740 4240 3819 4298 ad

2226 4332 2387 4387 linem
2420 4330 2615 4386 decimi
2645 4330 2777 4385 amri
2799 4340 2909 4386 tres
2933 4331 3199 4402 legitimas
3222 4329 3388 4388 hstias
3418 4347 3516 4403 per
3539 4332 3819 4400 tresQua-

2226 4422 2556 4493 dragesimas
2584 4422 2635 4476 in
2664 4436 2805 4475 anno
2830 4421 3067 4491 legitime
3096 4422 3391 4488 custodiat,
3430 4429 3660 4477 seutam‘
3680 4438 3817 4479 vero

2148 4477 2198 4541 D
2224 4477 2414 4568 feriam
2438 4553 2453 4578 ,
2485 4513 2722 4582 quandiu
2753 4477 2982 4575 vixerit,
3014 4511 3075 4565 in
3098 4522 3262 4581 pane,
3290 4519 3346 4566 et
3370 4526 3509 4581 aqua
3536 4512 3811 4567 observet.

2222 4604 2389 4657 Arma
2412 4614 2517 4657 non
2554 4601 2697 4656 iam
2724 4601 2833 4656 nisi
2864 4609 3060 4656 eum
3098 4616 3357 4672 paganos.
3389 4601 3640 4658 Osculum
3678 4601 3815 4658 nulli

2223 4694 2474 4764 praebeat.
2506 4691 2847 4748 Sacriﬁcium
2869 4693 3099 4762 Iisipro
3119 4692 3324 4749 viatico
3346 4693 3569 4747 ntinime
3592 4700 3810 4760 sumat,

2220 4788 2338 4841 etsi
2367 4786 2482 4841 sine
2513 4801 2691 4842 uoco
2709 4800 2831 4843 esse
2856 4784 2951 4858 ΠΖ,
2979 4784 3295 4859 contigerit]
3318 4799 3594 4856 nunquam
3616 4785 3810 4854 conju-

2220 4881 2307 4951 gio
2331 4880 2626 4950 copuletur.

2291 4971 2349 5026 Si
2396 4987 2526 5027 vero
2573 4968 2890 5042 coniugatus
2937 4974 3051 5033 est,
3096 4975 3219 5039 post
3266 4967 3506 5038 quinque
3541 4982 3815 5024 annorum

2217 5061 2591 5133 pcenitentiam
2632 5075 2737 5114 non
2768 5060 2987 5130 penitus
3006 5057 3251 5127 privetur
3271 5057 3549 5127 coniugio.
3573 5055 3681 5124 Qui
3714 5072 3788 5111 au

2221 5159 2326 5206 tem
2373 5150 2428 5205 in
2477 5150 2598 5205 aliis
2641 5149 2901 5221 gradibus
2938 5161 3117 5219 usque
3155 5146 3225 5201 ad
3263 5147 3551 5217 septimam
3608 5147 3812 5203 inetur

2218 5242 2485 5298 incestum
2536 5241 2952 5313 perpetraveril,
2992 5241 3190 5296 decem
3226 5240 3406 5307 annis,
3452 5239 3597 5295 sicut
3640 5252 3814 5312 supra

2218 5324 2421 5391 dictum
2453 5338 2554 5395 e‘s‘t,
2594 5333 2878 5404 poeniteat.

2290 5420 2443 5479 Sane
2468 5422 2737 5478 sacerdoti
2772 5417 3237 5477 considerandum
3263 5427 3351 5477 est
3385 5419 3437 5476 si
3475 5417 3651 5476 and
3679 5434 3814 5490 peu-

2217 5515 2397 5581 cavit,
2441 5524 2534 5571 aut
2582 5524 2786 5585 quanto
2827 5523 3073 5585 tempore
3105 5515 3239 5586 quis
3273 5515 3329 5569 in
3370 5514 3507 5571 vito
3544 5513 3814 5585 pedm-

2217 5608 2338 5673 vit,
2394 5617 2487 5663 aut
2541 5608 2588 5663 si
2640 5623 2806 5673 casu,
2863 5616 2957 5661 aut
3002 5607 3048 5661 si
3106 5622 3213 5663 non
3266 5615 3498 5677 sponte,
3551 5613 3651 5660 aut
3704 5618 3813 5661 no-

2218 5701 2424 5759 sciente
2473 5700 2738 5759 incestum
2782 5698 3137 5772 perpetravit,
3166 5705 3220 5753 et
3250 5697 3595 5756 consident:
3624 5695 3813 5769 M-
