4060 6338
245 305 397 362 H55

1462 284 1823 348 EPISTOLAS
1849 282 1936 339 ET
1973 279 2311 338 DECRETA.

3382 274 3527 337 H36

242 425 401 482 tate,
446 413 563 472 sive
598 410 906 485 quantitate
930 406 1143 481 peccati
1186 402 1412 478 provida
1462 408 1645 456 meme
1688 394 1839 467 lapso
1866 396 1918 458 Α
1942 392 2389 485 quatuordecim;
2421 390 2706 463 episcopus
2734 390 2919 447 decem
2942 397 2999 447 et
3016 397 3165 458 octo,
3194 397 3251 447 et
3273 390 3361 446 his
3380 389 3529 448 simi-

241 509 632 581 pmnitcntiam
665 504 925 575 injungat.

329 602 389 658 Si
423 601 545 672 quis
578 598 875 655 fornicatus
911 592 1073 649 fuerit
1099 605 1222 648 cum
1251 594 1425 644 matre
1448 601 1567 650 sua,
1591 591 1683 639 aut
1717 595 1842 637 cum

248 708 448 750 sorore
493 705 622 753 sua,
667 687 781 742 sive
818 700 942 742 cum
985 678 1092 737 filia
1137 694 1268 742 sua,
1318 677 1374 732 in
1412 674 1601 746 primis
1636 679 1844 742 septem

250 798 437 839 annos
462 782 514 836 in
545 780 660 837 solo
687 793 822 851 pane
843 786 899 833 et
924 790 1071 846 aqua
1088 770 1417 836 vivat,.sicut
1446 782 1609 838 supra
1638 765 1840 820 dictum

250 883 366 941 est,
391 866 634 945 exceptis
660 867 955 926 Dominicis
978 873 1032 935 et
1058 863 1213 919 festis
1238 861 1448 926 diebus,
1471 866 1526 913 et
1555 857 1612 913 in
1635 855 1844 911 eisdem

251 974 470 1035 septem
501 962 655 1019 annis
687 961 905 1016 domum
950 950 1164 1035 Domini
1206 950 1428 1007 minime
1473 945 1840 1018 ingrediatur;

253 1057 387 1113 dein
416 1069 585 1126 usque
610 1053 677 1108 ad
705 1030 1063 1125 cxpletionem
1088 1045 1331 1119 vigesimi
1373 1041 1534 1115 primi
1569 1038 1695 1097 anni
1736 1047 1848 1095 tres

254 1145 533 1217 legitimas
579 1144 742 1199 ferias
784 1141 1047 1197 observet
1085 1138 1138 1193 in
1179 1150 1320 1208 pane
1346 1143 1401 1191 et
1441 1147 1616 1203 aqua;
1658 1138 1849 1200 postea

253 1252 395 1293 vero
438 1236 692 1292 omnibus
741 1233 933 1289 diebus
979 1231 1105 1287 vita:
1151 1243 1263 1284 suae
1306 1235 1515 1283 sextam
1562 1223 1754 1279 feriam
1794 1221 1849 1276 in

253 1344 422 1400 pane,
449 1337 504 1383 et
530 1344 668 1398 aqua
703 1325 1007 1389 custodiat,
1036 1330 1091 1378 et
1113 1320 1159 1377 si
1187 1322 1304 1377 sine
1342 1334 1509 1374 uxore
1552 1325 1670 1381 est,
1712 1330 1851 1369 nun-

255 1432 425 1494 Quam
474 1421 765 1491 aliquando
806 1419 1104 1489 copuletur.
1148 1414 1304 1483 Quod
1347 1412 1391 1467 si
1434 1423 1657 1465 uxorem
1687 1405 1852 1461 habet

254 1521 387 1585 post
408 1513 701 1583 septimum
714 1524 913 1564 annum
942 1508 1097 1562 uxori
1122 1505 1397 1561 reddatur.
1410 1501 1490 1555 De
1511 1499 1677 1582 armis
1698 1511 1850 1565 vero,

258 1614 317 1661 et
346 1620 482 1675 pace
507 1613 560 1659 et
588 1602 730 1658 sacri
757 1600 1002 1672 corporis
1026 1595 1392 1670 perceptione,
1418 1593 1559 1650 sicut
1586 1606 1746 1664 supra
1769 1589 1853 1645 di-

260 1698 413 1753 etum
446 1703 545 1757 est,
573 1694 684 1749 ﬂat.

286 1814 291 1823 ν
336 1784 394 1841 Si
426 1792 548 1841 cum
578 1783 744 1839 amita
775 1781 857 1837 vel
885 1784 1210 1844 matertera,
1253 1776 1299 1833 si
1341 1774 1697 1831 consobrinus
1730 1785 1850 1826 cum
1881 1767 1927 1825 B

261 1874 633 1939 consobrina,
679 1871 974 1929 secundum
1035 1868 1315 1939 antiquam
1372 1864 1743 1921 difiinitionem
1803 1861 1859 1916 in

262 1968 552 2023 duodecim
598 1967 756 2021 annis
786 1965 1049 2035 pmniteat
1071 1975 1097 2003 ει
1126 1960 1627 2017 excommunicatus
1669 1958 1861 2012 huma-

266 2060 391 2115 nius
419 2056 703 2122 diliiniere,
735 2058 921 2112 decem
945 2055 992 2110 si
1019 2069 1141 2110 eum
1174 2060 1401 2125 agnata,
1444 2049 1528 2105 vel
1574 2058 1801 2120 cognata
1828 2063 1860 2103 a

267 2149 428 2203 tertia
468 2146 734 2217 usquead
757 2145 1042 2215 septimam
1068 2141 1527 2213 propinquitatem
1563 2137 1860 2193 secundum

266 2243 545 2312 antiquam
572 2250 627 2296 et
656 2241 950 2294 humanam
992 2236 1395 2299 diﬂiultionem;
1425 2233 1470 2287 si
1506 2232 1662 2286 tertia
1703 2230 1863 2286 fuerit

267 2333 551 2389 duodecim
579 2332 736 2386 annis
762 2330 1042 2401 pmniteat,
1071 2327 1115 2382 si
1152 2335 1343 2398 quarta
1368 2324 1576 2387 decem,
1604 2323 1648 2379 si
1671 2322 1862 2394 quinta

269 2437 415 2491 octo,
440 2427 487 2481 si
526 2432 679 2481 sexta
707 2433 932 2494 septem,
972 2422 1017 2476 si
1047 2421 1273 2490 septima
1312 2418 1582 2489 quinque;
1619 2415 1663 2469 si
1706 2429 1867 2470 socer

271 2535 396 2577 eum
423 2532 586 2582 nuru,
611 2516 655 2571 si
688 2529 856 2588 gener
875 2529 997 2568 cum
1022 2527 1204 2576 socru,
1229 2511 1273 2564 si
1298 2510 1521 2564 vitricus
1541 2525 1662 2563 cum
1691 2506 1860 2578 privi—

273 2627 378 2685 gna
397 2611 485 2675 ;-si
511 2610 788 2681 privignus
809 2620 935 2661 cum
962 2618 1226 2668 noverca;
1260 2602 1303 2657 si
1329 2608 1591 2671 cognatus
1614 2615 1735 2654 cum
1767 2615 1862 2653 co-

273 2684 456 2771 gnata,
480 2713 602 2769 quae
623 2706 707 2752 est
726 2711 863 2751 uxor
882 2692 1125 2767 germani
1148 2684 1254 2758 sui,
1277 2698 1368 2745 aut
1393 2704 1649 2761 germana
1681 2688 1871 2742 uxoris

276 2806 387 2850 sua)
402 2789 696 2845 secundum
719 2791 995 2858 antiquam
1017 2793 1071 2838 et
1091 2781 1465 2837 humaniorem
1494 2778 1863 2835 diﬂinitionetn

277 2886 464 2941 decem
489 2881 647 2937 annis
666 2880 965 2951 pmnitcat;
993 2877 1037 2933 si
1054 2876 1288 2931 secunda
1310 2874 1495 2928 uxoris
1521 2887 1632 2927 sum
1657 2882 1863 2943 septem

278 2974 437 3028 annis
451 2971 741 3043 poeniteat;
771 2969 817 3024 si
842 2968 998 3023 tertia
1021 2976 1260 3037 septem;
1288 2966 1331 3020 si
1348 2971 1539 3035 quarta
1565 2979 1689 3029 sex;
1714 2963 1757 3017 si
1773 2978 1867 3032 pa-

279 3073 361 3119 ter
382 3072 436 3117 et
456 3062 616 3127 filius,
634 3061 850 3115 autduo
864 3059 1061 3113 fratres
1087 3071 1209 3112 cum
1227 3070 1331 3110 una
1360 3055 1605 3120 muliere,
1624 3064 1718 3107 aut
1741 3066 1866 3108 cum

1945 483 2017 539 lia
2046 501 2167 557 qua:
2189 492 2512 554 sequuntur.

2644 575 2825 633 CXLI.

1943 674 2203 731 seis'r‘ou
2217 686 2284 726 an
2299 684 2582 728 manorum
2598 683 3049 726 ABCHIEPISCOPUI
3066 677 3534 729 miomne".

2563 763 2742 833 (Anno
2779 760 2929 832 867.)

2068 853 2149 911 De
2170 853 2583 927 ﬂagellatoribus
2609 863 2657 908 et
2682 852 3001 909 occisoribus
3024 850 3405 924 episcoporum.

2553 967 2702 1042 [Ivo,
2734 983 2794 1035 ι,
2833 965 2955 1040 20.]

2019 1081 2289 1140 NICOLAUS
2324 1082 2565 1138 TIADONI
2590 1081 2999 1151 archiepiscopo
3019 1076 3344 1134 Mediolano.

2020 1180 2097 1235 De
2130 1179 2568 1248 presbyterorum
2611 1173 3029 1246 ﬂagellatoribus
3066 1180 3123 1226 et
3162 1170 3498 1227 occisoribus
3521 1210 3537 1234 ,

1949 1269 2297 1342 praedonibus
2338 1267 2549 1324 scilicet
2594 1266 2685 1335 qui
2732 1264 2978 1321 saeculari
3022 1261 3264 1319 brachio
3317 1260 3544 1315 minime

1924 1356 2295 1426 coercentur,
2330 1362 2485 1427 juxta
2523 1366 2853 1428 przeceptum
2894 1354 3141 1421 Domini,
3181 1352 3383 1423 placuit
3427 1348 3546 1404 fra-

1954 1463 2111 1513 terno
2135 1469 2321 1509 amore
2344 1452 2741 1509 conveniantur
2760 1450 2999 1506 secunde
3022 1463 3086 1504 ac
3121 1448 3283 1504 tertio
3298 1487 3315 1514 ,
3341 1446 3546 1518 quique

1955 1547 2003 1604 si
2033 1554 2087 1602 te
2115 1562 2222 1601 non
2260 1545 2551 1607 audierint,
2584 1544 2939 1600 conveniente
2963 1541 3189 1597 ecclesia
3213 1554 3309 1595 eos
3343 1537 3546 1594 eucha-

1958 1637 2114 1692 ristia
2141 1636 2357 1707 privare
2384 1651 2398 1689 :
2424 1645 2590 1704 atque
2617 1633 2662 1687 si
2707 1633 2760 1687 in
2790 1647 2886 1687 sua
2932 1628 3346 1693 obstinatione”
3363 1625 3547 1698 parvi-

1956 1729 2254 1799 pendeutes
2279 1725 2638 1783 sacerdotalia
2667 1724 2902 1788 monita,
2932 1721 3071 1777 forte
3106 1719 3506 1792 permanserint
3529 1758 3547 1785 ,

1958 1823 2028 1877 ab
2050 1819 2307 1877 Ecclesiae
2329 1834 2589 1889 compage
2625 1816 2725 1873 sub
2760 1814 3125 1870 anathematis
3169 1808 3551 1867 interdictione

1960 1928 2209 1971 resecare
2233 1912 2506 1967 licentiam
2529 1909 2833 1965 tribuimus.
2862 1908 3009 1975 Quos
3038 1907 3205 1963 etiam
3228 1903 3552 1974 resipiscen-

1960 2015 2065 2074 tes,
2087 2008 2302 2062 tandem
2325 2006 2487 2076 digna
2512 2002 2882 2061 satisfactione
2909 2001 3209 2072 praemissa,
3243 1997 3297 2051 in
3338 1992 3547 2067 gremio

1963 2108 2163 2159 sanctae
2185 2097 2375 2153 matris
2401 2095 2658 2152 Ecclesiae
2687 2094 2929 2148 revocari
2958 2092 3176 2146 noveris
3200 2101 3382 2159 posse.

2650 2202 2853 2257 CXLII.

2426 2311 2497 2352 AD
2529 2306 2748 2352 BUIDEI
2787 2307 3093 2351 THADONBI.

2584 2389 2765 2458 (Anno
2801 2386 2955 2456 867.)
3056 2454 3063 2464 η

1969 2482 2036 2541 Ut
2073 2485 2236 2556 juxta
2270 2480 2468 2553 gradus
2498 2478 2825 2549 cognationis
2864 2475 3051 2529 modus
3083 2472 3253 2543 culpae
3274 2477 3555 2527 tractatur.

2543 2588 2697 2663 five,
2740 2606 2826 2654 ιχ,
2868 2585 2989 2660 14.]

2038 2711 2308 2768 NICOLAUS
2332 2709 2571 2764 Tnanom
2606 2706 3009 2775 archiepiscopo
3034 2700 3354 2757 Mediolano.

2037 2802 2146 2856 Eos
2170 2801 2259 2870 qui
2289 2816 2411 2853 cum
2438 2799 2616 2853 amita:
2640 2812 2751 2855 suae
2782 2796 2889 2849 tilia
2924 2794 3005 2849 vel
3031 2792 3243 2864 patrui,
3274 2789 3359 2845 vel
3392 2804 3562 2843 avun-

1969 2892 2073 2948 culi
2101 2892 2272 2959 (heu!)
2299 2890 2434 2944 forte
2457 2885 2979 2957 peccaverint,juxta
3003 2883 3202 2956 gradus
3224 2878 3563 2952 cognationis

1971 2982 2265 3037 statuimus
2305 2981 2522 3034 Inedum
2566 2978 2739 3047 culpae
2767 2976 3009 3039 tractari,
3043 2972 3202 3029 sicuti
3231 2970 3438 3043 pridem
3464 2968 3560 3023 tibi

1972 3092 2070 3148 per
2102 3063 2451 3145 apostolicam
2484 3071 2763 3142 epistolam
2797 3072 2861 3125 de
2891 3070 2976 3125 bis
2999 3067 3089 3139 qui
3131 3082 3254 3121 cum
3297 3061 3565 3134 sitirituali

278 3164 454 3210 matre
479 3162 536 3207 θι
558 3151 667 3205 mm
696 3188 711 3215 ’
746 3158 839 3204 am
880 3163 1003 3203 cum
1036 3148 1246 3240 animus
1279 3145 1589 3240 sornr'bus’
1624 3151 1714 3240 a"_t
1741 3157 1864 3198 cum
1894 3138 1939 3201 Ω
1972 3180 2145 3227 matre
2170 3168 2392 3240 hujusce
2418 3148 2678 3238 ﬂagitium
2710 3162 3102 3228 commiserint,
3127 3161 3478 3214 innotuitnus.

279 3247 488 3303 duabus
515 3242 905 3299 commatribus
930 3239 1228 3296 secundum
1266 3237 1544 3306 antiquam
1587 3243 1641 3290 et
1684 3237 1873 3289 huma-

278 3339 484 3397 niorem
529 3335 900 3391 ditiiuitiouem
944 3340 1070 3387 octo
1110 3328 1267 3384 annis
1312 3328 1612 3399 pmniteat;
1666 3326 1711 3381 si
1746 3338 1873 3381 cum

281 3441 492 3486 saerata
544 3428 790 3498 virgine,
838 3425 925 3481 vel
970 3436 1095 3478 cum
1134 3421 1555 3485 sanctimonia“,
1600 3419 1713 3474 sive
1748 3433 1873 3474 cum

280 3538 449 3580 uxore
479 3522 732 3584 alterius;
764 3520 808 3574 si
839 3528 1120 3588 compater
1145 3529 1269 3571 cum
1300 3522 1620 3578 eommatre,
1647 3512 1733 3566 vel
1762 3511 1879 3566 frad-

282 3623 366 3672 ter
396 3629 518 3669 cum
549 3624 737 3668 sorore
761 3611 815 3664 in
837 3607 1054 3665 Christo
1079 3606 1377 3660 secundum
1420 3604 1698 3671 antiquam
1738 3590 1876 3654 ditii—

286 3708 545 3764 nitiunem
592 3704 781 3756 decem
823 3698 984 3752 anuis
1028 3697 1320 3767 pmuiteat,
1352 3692 1526 3748 Tolet.
1550 3691 1602 3757 I,
1630 3706 1749 3761 cap.
1783 3689 1873 3757 l6,

284 3800 523 3855 humana
561 3790 878 3848 diliinitione
923 3795 1161 3858 septem;
1214 3800 1338 3838 cum
1388 3786 1579 3838 devota
1621 3797 1744 3851 qua:
1790 3787 1878 3836 est

254 3942 257 3945 .
288 3899 437 3946 veste
468 3895 706 3949 mutata;
741 3882 787 3938 si
815 3896 938 3937 eum
979 3880 1150 3933 electa
1179 3876 1374 3941 vidua,
1424 3875 1508 3932 vel
1551 3875 1876 3946 desponsata

294 3982 545 4046 aIterius;
590 3980 635 4034 si
683 3990 807 4032 eum
854 3974 1208 4046 presbytera,
1251 3969 1338 4025 vel
1377 3969 1635 4033 diacoua;
1680 3968 1722 4022 si
1753 3978 1877 4023 cum

289 4076 451 4131 vidua
485 4070 568 4127 vel
599 4083 807 4141 pagana
849 4067 1141 4121 secundum
1185 4062 1464 4131 antiquam
1506 4057 1877 4113 difﬁnitionem

295 4166 476 4223 decem
502 4162 658 4217 annis
684 4158 945 4230 poeniteat
969 4172 985 4221 ;
1020 4157 1254 4209 humana
1277 4149 1599 4205 dilﬁnitione
1628 4159 1834 4218 septem
1858 4162 1874 4210 ;

293 4259 337 4315 si
370 4272 493 4314 cum
524 4254 684 4308 vidua
711 4249 928 4321 aequali,
950 4246 1034 4303 vel
1057 4244 1273 4317 publica
1304 4241 1615 4305 meretrice,
1642 4250 1735 4294 aut
1779 4253 1879 4291 an.

294 4351 413 4408 cilla
440 4348 661 4403 alterius
693 4343 988 4400 secundum
1012 4339 1291 4408 antiquam
1335 4345 1391 4391 et
1422 4335 1713 4389 humanam
1741 4331 1882 4387 ditii-

295 4442 555 4498 nitiouem
595 4435 753 4492 annis
788 4433 1029 4504 quinque
1052 4428 1352 4501 pteniteat;
1382 4425 1426 4481 si
1455 4440 1579 4479 cum
1612 4424 1749 4480 laica
1775 4426 1884 4481 vir-

2655 3275 2878 3334 CXLIII.

2604 3388 2673 3427 AD
2709 3385 2952 3427 EUMDEII.

2545 3465 2568 3538 (
2604 3465 2761 3520 Anno
2814 3462 2939 3519 867.
2978 3460 3001 3533 )

2049 3580 2118 3637 Ut
2144 3580 2409 3652 presbyter
2434 3575 2721 3632 homicidia
2751 3570 3070 3628 sacerdotali
3101 3570 3267 3641 oﬁicio
3295 3574 3492 3622 careat.

2583 3684 2721 3758 μω,
2758 3698 2816 3751 x,
2848 3680 2965 3755 29.]

2047 3799 2315 3857 Ntcouus
2346 3794 2589 3853 THADONI
2616 3794 3023 3865 archiepiscopo
3048 3789 3365 3845 Mediolano.

2048 3895 2338 3967 Propterea
2370 3894 2435 3948 de
2461 3890 2792 3964 presbyteris
2818 3886 2907 3957 qui
2948 3901 3055 3941 non
3103 3891 3291 3955 sponte
3338 3874 3564 3936 homici-

1969 3991 2125 4061 dium
2174 3991 2584 4060 perpetrarunt,
2618 3994 2672 4037 et
2704 3990 2881 4036 tamen
2911 3976 3184 4035 homicidii
3219 3988 3413 4028 noxam
3450 3985 3571 4043 qua

1982 4098 2170 4139 revera
2199 4079 2481 4136 homicidae
2513 4084 2641 4130 sunt
2687 4075 2998 4134 incurrunt,
3029 4067 3301 4123 sancimus
3341 4073 3400 4117 ut
3447 4062 3573 4118 sub-

1982 4175 2127 4230 ducti
2176 4189 2204 4227 a
2252 4167 2570 4226 sacerdotali
2635 4162 2969 4226 ministerio,
3038 4155 3353 4228 poenitentia
3412 4150 3572 4223 juxta

1983 4281 2169 4323 sacros
2197 4264 2418 4319 ordines
2452 4266 2814 4318 macerentur,
2841 4259 3062 4322 etpost,
3099 4249 3334 4306 emensis
3369 4257 3575 4314 tempo-

1984 4360 2136 4415 ribus
2184 4356 2514 4428 poenitentiae
2567 4352 2780 4408 indicta:
2814 4391 2829 4416 ,
2880 4349 3093 4418 dignam
3145 4341 3573 4400 satisfactionem

1985 4450 2289 4523 praebentes
2312 4444 2706 4500 communionis
2728 4440 2956 4512 gratiam
2981 4441 3412 4504 consequantur;
3438 4430 3577 4483 inte-

295 4536 437 4606 θῆκ’
470 4547 633 4603 quam
659 4543 758 4584 nec
784 4525 1041 4598 quoniam
1080 4522 1280 4592 “cum
1317 4534 1540 4575 "mrem
1585 4518 1880 4603 δθθίῖθδωπ
1908 4495 1961 4555 D
1986 4495 2208 4598 lr’neratis
2229 4540 2491 4593 duntaxat
2526 4537 2578 4589 in
2609 4495 2858 4589 omnibus
2887 4543 3044 4585 sacro
3074 4525 3277 4581 sanctis
3299 4518 3578 4576 canonicis

297 4627 573 4695 antiquam
601 4630 655 4676 et
693 4621 982 4674 humanam
1029 4614 1401 4670 ditiiuitionem
1449 4621 1683 4681 quatuor
1724 4611 1881 4668 annis

297 4716 575 4790 paeniteat.
617 4712 715 4767 His
766 4719 945 4764 autem
983 4707 1201 4763 feminis
1244 4721 1369 4761 cum
1399 4705 1596 4776 quibus
1632 4705 1886 4761 omnibus

298 4805 681 4881 suprascriptis
707 4801 952 4874 personis
981 4799 1201 4854 incestis
1237 4808 1292 4853 et
1331 4796 1579 4851 nefandis
1620 4797 1886 4852 commix-

302 4903 536 4961 tionihus
560 4896 1025 4957 commisceretur,
1053 4890 1302 4947 similiter
1324 4899 1383 4945 ut
1409 4889 1544 4945 ordo
1576 4898 1661 4944 est
1696 4888 1889 4943 mulie-

303 5007 420 5048 rum
440 5031 456 5055 ,
484 4989 554 5043 ita
590 4986 873 5059 paniteat.
919 4983 1010 5037 Sic
1037 4989 1246 5037 tantum
1274 4991 1331 5037 et
1358 4981 1405 5036 is
1430 4980 1521 5050 qui
1550 4980 1654 5035 hoc
1683 4978 1887 5034 malum

304 5083 674 5146 consenserit;
708 5079 946 5148 alioquin
974 5077 1054 5132 sic
1078 5085 1138 5131 ut
1168 5076 1331 5131 fuerit
1367 5077 1560 5130 modus
1584 5073 1754 5143 culpa:
1772 5113 1787 5140 ,
1812 5073 1888 5127 ita

305 5196 333 5236 a
363 5174 787 5252 prudentissimo
823 5170 1109 5227 sacerdote
1150 5168 1487 5241 iudicentur.
1517 5166 1785 5223 Praeterea
1812 5166 1889 5233 si,

306 5272 446 5344 quod
468 5269 632 5333 absit,
659 5267 726 5323 de
752 5264 946 5321 ordine
965 5262 1287 5319 clericorum
1314 5259 1457 5317 forte
1482 5274 1548 5315 ex
1592 5259 1677 5314 his
1717 5258 1895 5313 omni-

307 5367 404 5424 bus
429 5364 677 5437 personis
703 5375 825 5433 que
843 5374 1004 5431 supra
1032 5365 1468 5415 commemoratae
1488 5362 1615 5411 sunt
1638 5356 1692 5409 in
1715 5353 1893 5424 aliqua

310 5460 499 5528 ruerit,
535 5472 656 5530 quae
682 5458 900 5513 incestat
918 5453 1196 5520 dicuntur,
1224 5448 1517 5507 notandum
1538 5448 1681 5521 quod
1702 5462 1898 5502 unum-

314 5564 579 5621 quemque
603 5549 775 5605 iaicus
812 5546 1052 5619 quinque
1080 5545 1238 5601 annis
1269 5543 1577 5613 iudicatur;
1611 5539 1901 5597 subdiaco-

316 5657 415 5698 nus
436 5651 662 5712 septem,
686 5640 947 5697 diaconus
971 5647 1027 5695 et
1049 5637 1349 5694 monachus
1374 5636 1593 5701 decem;
1618 5631 1899 5703 presbyter

388 5766 413 5798 ι
453 5754 628 5814 Locus
655 5768 761 5810 non
782 5764 965 5810 sanus.

1989 4646 2053 4690 ac
2080 4631 2389 4703 apostolicae
2418 4628 2561 4684 sedis
2594 4626 2905 4698 pontificum
2933 4619 3163 4678 decretis
3183 4658 3198 4683 ,
3226 4612 3420 4686 quibus
3449 4620 3579 4666 con-

1990 4728 2162 4782 versis
2182 4735 2236 4781 et
2258 4720 2642 4795 poenitentihus
2664 4714 3090 4775 misericordiam
3120 4708 3305 4779 largiri
3336 4720 3497 4777 posse
3519 4709 3578 4760 et

1991 4821 2236 4878 ecclesia:
2265 4819 2468 4873 aditum
2503 4831 2609 4869 non
2641 4814 2999 4883 denegamus,
3033 4805 3142 4860 imo
3183 4804 3466 4858 hortamur
3491 4812 3580 4854 sa-

1992 4913 2221 4971 lubriter
2255 4920 2415 4981 atque
2435 4910 2709 4981 iubemus.

2678 5016 2903 5074 CXLIV.

2172 5135 2240 5175 AD
2275 5132 2512 5175 JOANNEI
2548 5124 3002 5172 ARCBIEPISCOPU!
3038 5114 3416 5162 MVENNA'I'EI.

2615 5205 2792 5280 (Anno
2831 5200 2983 5272 867.)

2002 5329 2070 5387 Ut
2115 5346 2162 5384 st
2205 5329 2473 5400 episcopus
2503 5325 2705 5400 occisus
2736 5321 2914 5400 fuerit,
2938 5318 3072 5374 alter
3253 5310 3587 5380 subrepet”,

2412 5399 2514 5455 nisi
2540 5396 2641 5452 rei:
2664 5388 2878 5449 detectis
2904 5400 2950 5445 et
2979 5388 3196 5460 punitis.

2600 5511 2753 5585 [ιω.
2785 5525 2851 5573 ι,
2895 5505 3009 5579 ια]

2072 5632 2345 5689 Nicotaus
2366 5627 2557 5689 lcum
2588 5624 2998 5696 archiepiscopo
3023 5620 3315 5675 Ravennae.
