4060 6338
465 232 602 290 1155

463 449 598 492 nece
629 436 860 494 multum
889 441 1220 511 apostolatus
1243 451 1426 498 noster
1449 445 1744 513 condoluit,
1772 456 1830 504 et
1853 463 2050 520 magno

462 539 701 583 maerore
725 527 952 587 affectus
981 541 1066 588 est
1088 547 1102 586 :
1127 534 1222 589 sed
1252 550 1444 594 rursus
1473 552 1580 594 non
1606 539 1786 595 minus
1815 542 2051 612 pruden-

463 616 598 673 tiam
645 627 794 676 tuam
839 623 1124 691 miramur,
1152 633 1336 681 utrum
1375 643 1565 684 verum
1615 632 1686 686 sit
1734 633 1875 701 quod
1925 631 2053 689 illuc

462 719 702 769 vestrum
724 714 931 773 factura
950 719 1262 792 episc0pum
1281 723 1398 780 sine
1421 733 1604 781 nostra
1633 727 1848 782 licentia
1880 736 2055 783 trans-

463 806 696 875 miserit,
725 826 847 867 cum
877 811 1084 870 licitum
1112 833 1221 874 non
1249 819 1354 887 sit,
1383 822 1522 878 sicut
1551 823 1730 880 dicitis
1752 866 1766 891 ,
1804 825 2049 881 missum.

463 903 625 962 Certe
663 908 767 963 etsi
806 909 952 966 aliud
996 927 1104 970 non
1142 917 1449 987 impediret,
1478 920 1670 975 saltem
1697 936 1794 977 vos
1836 922 2052 978 tandem

463 995 640 1052 scelus
669 999 946 1068 paululum
982 1007 1265 1062 retardare
1298 1009 1578 1077 debuerat,
1624 1027 1693 1066 ne
1729 1013 1839 1067 cito
1873 1013 1928 1068 in
1961 1013 2053 1069 tali

464 1092 519 1140 et
548 1085 617 1142 de
649 1088 745 1144 tali
774 1091 970 1163 populo
998 1095 1312 1168 episcopum
1343 1103 1777 1166 constitueretis,
1808 1104 1898 1168 ubi
1925 1121 2056 1162 oves

463 1177 745 1245 morbidae,
773 1179 1084 1240 Judaeorum
1104 1229 1118 1253 ,
1149 1189 1201 1243 in
1229 1189 1515 1247 Dominum
1545 1191 1881 1252 Salvatorem
1929 1196 2055 1252 imi-

463 1277 642 1325 tantes
669 1269 958 1344 ﬂagitium,
988 1280 1267 1349 proprium
1296 1285 1415 1339 ausi
1441 1295 1567 1340 sunt
1594 1294 1846 1344 truncare
1874 1299 2058 1359 pasto-

463 1373 598 1414 rem.
649 1360 928 1422 Sustinete
974 1369 1139 1441 igitur
1183 1373 1475 1444 paulisper,
1527 1386 1584 1432 et
1631 1393 1850 1433 causam
1892 1395 2055 1450 quam

462 1451 688 1509 nescitis
731 1458 1026 1514 secundum
1066 1459 1285 1518 beatum
1312 1464 1414 1522 Job
1454 1467 1865 1540 diligentissime
1908 1471 2060 1528 inve-

464 1543 685 1616 stigate,
730 1565 799 1605 ne
830 1550 988 1617 forte,
1023 1554 1124 1611 nisi
1159 1558 1318 1629 digna
1347 1561 1676 1619 examinatio
1702 1567 2055 1634 prazvenerit,

464 1652 658 1694 manus
683 1655 847 1711 super
875 1656 1037 1716 caput
1065 1652 1329 1722 sanguine
1356 1653 1575 1723 plenum
1615 1656 1884 1725 posuisse,
1915 1657 2056 1729 quod

463 1729 604 1786 absit
629 1773 643 1796 ,
677 1733 1052 1796 inveniamini.
1081 1742 1212 1798 Cum
1242 1753 1422 1802 autem
1475 1747 1703 1804 detectis
1744 1749 1854 1804 reis
1894 1759 2058 1821 atque
2086 1730 2134 1791 Β

463 1822 666 1889 punitis
691 1827 784 1896 qui
815 1828 1008 1900 dignus
1033 1834 1109 1904 sit
1133 1838 1468 1906 apparuerit,
1500 1848 1556 1894 et
1583 1839 1714 1895 cleri
1744 1841 2055 1914 plebisque,

416 1919 418 1922 ’
463 1922 518 1969 et
553 1915 710 1974 ducis
738 1923 908 1979 nostri
950 1935 1192 1982 nostram
1227 1931 1478 1988 habentis
1523 1933 1934 2002 auctoritatem,
1965 1936 2058 2007 qui

409 5302 422 5355 ί

464 2007 652 2078 utique
676 2027 816 2070 unus
836 2029 866 2068 e
892 2016 1049 2085 plebe
1070 2021 1257 2076 eadem
1297 2038 1418 2078 esse
1448 2024 1802 2096 dignoscitur,
1827 2042 2059 2085 concor-

463 2096 551 2190 dia
581 2097 772 2158 efl‘ecta
795 2101 981 2172 fuerit,
1011 2108 1318 2168 celebretur
1345 2114 1572 2182 electio,
1597 2118 1784 2190 sicque
1809 2121 2023 2176 demum
2040 2163 2055 2188 ,

463 2189 606 2247 sicut
627 2192 680 2248 in
708 2200 915 2267 synodo
943 2199 1298 2258 deliberatum
1334 2213 1421 2260 est
1454 2216 1618 2277 atque
1654 2189 2012 2266 constitutum
2040 2255 2055 2279 ,

465 2285 621 2340 nobis
671 2287 776 2344 hoc
831 2291 1152 2352 innotescite
1198 2313 1213 2351 :
1256 2308 1310 2354 et
1359 2315 1481 2355 cum
1529 2301 1595 2356 de
1648 2302 1821 2360 electo
1872 2313 2060 2362 nostro

464 2378 788 2456 apostolatui
816 2385 1120 2444 nuntiatum
1151 2388 1343 2454 fuerit,
1373 2392 1663 2462 adjuvante
1685 2395 1915 2454 Domino
1936 2413 2062 2455 san-

463 2469 644 2526 ctione
665 2477 967 2545 praemissa,
998 2481 1283 2553 episcopus
1303 2498 1335 2540 a
1361 2493 1542 2542 vestra
1566 2487 1902 2546 beatitudine
1931 2506 2061 2547 con-

464 2571 730 2621 secretur.

1159 2729 1366 2790 CXLV.

587 2896 656 2938 ΔΙ)
693 2897 1006 2944 HINCIABUI
1042 2905 1362 2948 RBEIENSEH
1399 2907 1944 2956 Αιιοιιίεριωοιιοιιωί.

1077 3023 1256 3095 (Anno
1290 3026 1440 3101 867.)

467 3150 591 3206 Non
625 3152 822 3220 studio,
852 3157 944 3211 sed
969 3174 1035 3212 ex
1064 3161 1371 3238 necessitate
1397 3161 1475 3217 vel
1497 3165 1800 3234 ignorantia
1839 3183 2061 3238 peccan-

968 3238 1041 3284 tes
1071 3230 1414 3288 absolvendos
1442 3230 1572 3289 esse.

805 3359 986 3434 [Apud
1011 3361 1209 3431 Mansi,
1238 3361 1399 3421 Cone.
1429 3375 1559 3423 tom.
1582 3367 1726 3444 XV.]
1793 3439 1804 3448 ι

539 3491 810 3552 Νιεοιλυε
845 3496 1176 3554 Rhemorum
1208 3500 1638 3572 archiepiscopo.
1911 3549 1919 3557 .

539 3585 1046 3645 Excellentissimus
1070 3605 1168 3646 rex
1181 3589 1410 3648 Carolus
1430 3593 1791 3664 apostolatum
1815 3606 2060 3653 nostrum

469 3680 766 3748 consuluit,
795 3682 926 3754 quid
955 3685 1224 3756 agendum
1276 3686 1346 3741 sit
1390 3687 1458 3742 de
1496 3685 1613 3752 his,
1643 3688 1737 3758 qui
1762 3689 2064 3744 communi-

468 3782 596 3827 cant
649 3789 770 3829 cum
824 3775 930 3840 his,
975 3776 1067 3846 qui
1116 3791 1238 3832 cum
1289 3776 1592 3846 lngeltrude
1636 3793 1778 3850 saepe
1808 3764 2064 3836 damnata

472 3863 880 3920 communicant
923 3864 1149 3933 femina,
1181 3868 1436 3938 quoniam
1476 3883 1569 3925 eos
1593 3885 1717 3926 cum
1743 3886 2062 3927 excommu-

471 3955 668 4012 nicatis
699 3967 754 4012 et
779 3955 1086 4015 fautoribus
1108 3960 1269 4016 simul
1305 3963 1458 4032 prius
1485 3962 1702 4020 vinculo
1727 3963 2062 4019 anathemati

469 4047 693 4102 retineri
722 4057 938 4103 constat
967 4051 1240 4107 astrictos.
1271 4051 1613 4125 Quapropter
1651 4071 1796 4110 nunc
1821 4055 2059 4110 beatitu-

469 4137 585 4192 dini
631 4146 736 4194 tua:
767 4137 1118 4210 injungimus,
1151 4153 1206 4200 ut
1241 4159 1404 4216 super
1440 4146 1546 4202 hoc
1589 4155 1776 4203 nostra
1821 4149 2062 4217 auctori-

469 4239 584 4287 tate
631 4231 789 4298 freta,
839 4249 1026 4290 curam
1060 4238 1128 4292 de
1170 4238 1254 4294 his
1296 4254 1515 4296 sumere
1559 4243 1775 4298 audeat.
1823 4242 1891 4296 Et
1935 4242 2062 4312 quia

477 4325 636 4380 docta
682 4324 944 4382 divinitus
989 4329 1252 4385 sanctitas
1290 4340 1381 4387 tua
1417 4331 1573 4389 valde
1598 4335 1748 4390 novit
1770 4334 1914 4390 aliud
1941 4350 2062 4391 esse

470 4431 539 4472 ex
571 4419 922 4487 necessitate,
947 4419 1095 4476 aliud
1122 4437 1190 4478 ex
1209 4423 1535 4496 ignorantia,
1563 4435 1728 4498 atque
1748 4428 1892 4485 aliud
1916 4429 2062 4499 quod

1800 243 2077 302 NICOLAI
2112 244 2317 305 ΡΑΡίΕ
2351 246 2377 302 1

531 342 610 399 De
657 343 928 403 Oleoberti
972 348 1211 420 episcopi
1258 350 1622 409 Gravellensis
1674 355 2132 421 crudelissimaA

3663 249 3857 308 1156

2833 382 3060 440 CXLVI.

2556 536 2624 577 AD
2658 536 3053 581 THEUTBEBGAI
3092 540 3347 582 REGINAI.

2769 658 2950 730 (Anno
2974 658 3122 732 867.)

2152 791 2340 863 Arguit
2378 790 2517 862 quod
2559 799 2744 847 contra
2781 792 3005 864 seipsam
3042 792 3198 848 twdio
3233 793 3370 848 victa
3411 793 3667 855 scribat,
3717 810 3832 846 ne—

2224 893 2412 954 gatque
2437 882 2554 952 ﬁeri
2578 899 2728 954 posse
2747 883 2887 955 quod
2915 884 3163 954 suggerit,
3190 893 3247 938 ut
3273 883 3634 938 continentia:
3687 893 3831 937 διει-

2225 973 2312 1026 dio
2343 972 2642 1044 conjugium
2675 973 2942 1038 dissolvat,
2967 974 3069 1028 nisi
3093 972 3372 1029 Lotharius
3397 974 3651 1028 maritus
3690 989 3823 1028 ca?—

2227 1064 2380 1120 Iibem
2401 1082 2605 1138 quoque
2626 1066 2786 1121 vitam
2810 1067 3101 1138 promittat.

2653 1177 2832 1251 [Apud
2863 1176 3056 1246 Mansi,
3089 1179 3198 1233 ibid
3206 1178 3245 1251 .]

2229 1289 2498 1346 NICOLAUS
2527 1289 2832 1360 episcopus,
2856 1303 3049 1345 servus
3077 1305 3357 1347 servorum
3387 1290 3509 1357 Dei,
3546 1291 3806 1348 dilecta

2159 1382 2282 1438 filiae
2309 1383 2646 1440 Teumeson;
2681 1381 3085 1452 gloriosissimas
3114 1383 3330 1454 reginae.

2230 1473 2528 1545 Epistolam
2561 1470 2922 1544 suggestionis
2948 1481 3054 1527 tua;
3082 1471 3396 1542 priesulatui
3442 1482 3646 1527 nostro
3682 1473 3800 1528 de-

2161 1563 2462 1621 ferentibus
2501 1563 2690 1634 legatis
2731 1563 2838 1618 tuis
2886 1563 3105 1619 missam
3143 1564 3501 1634 suscepimus,
3525 1573 3592 1620 et
3623 1565 3798 1634 quod

2161 1655 2294 1711 nihil
2326 1656 2438 1726 ipsa
2467 1655 2686 1720 litteris,
2718 1669 2881 1724 quam
2912 1655 3056 1725 quod
3090 1654 3164 1709 illi
3196 1655 3376 1711 verbis
3404 1655 3793 1722 indicaverit,

2162 1747 2443 1804 evidenter
2466 1747 2804 1820 agnovimus.
2833 1743 3028 1802 Verum
3053 1746 3106 1801 in
3134 1754 3364 1818 utroque
3389 1746 3794 1818 obstupefacti

2159 1841 2450 1913 pariter‘et
2492 1839 2674 1895 mirati
2717 1854 2925 1905 sumus,
2957 1847 3119 1909 atque
3142 1847 3252 1894 tam
3279 1849 3504 1911 repente
3531 1840 3677 1913 styli
3724 1850 3794 1897 et

2159 1931 2440 2004 petitionis
2482 1937 2689 1986 mutata
2715 1930 2882 1985 verba
2920 1930 3343 1996 considerantes,
3373 1930 3509 1986 nihil
3553 1931 3680 1986 tale
3724 1940 3790 1986 te

2160 2022 2318 2080 nobis
2364 2023 2646 2078 intimasse
2692 2037 2910 2092 quoquo
2962 2032 3206 2094 tempore
3256 2023 3612 2080 recoluimus.
3666 2024 3790 2081 Sed

2159 2116 2289 2187 quid
2313 2116 2469 2172 nobis
2495 2116 2622 2171 talia
2651 2116 2847 2172 scribis
2881 2124 2936 2172 et
2972 2117 3244 2189 suggeris,
3275 2133 3398 2174 cum
3440 2134 3542 2174 nos
3578 2127 3644 2175 te
3679 2135 3789 2174 no-

2159 2205 2246 2262 bis
2279 2205 2397 2260 haec
2439 2214 2495 2260 et
2529 2206 2853 2276 scripturam
2901 2214 2956 2261 et
2999 2215 3374 2278 suggesturam
3426 2207 3587 2279 longe
3641 2218 3787 2264 ante

2158 2298 2594 2368 praescierimus?
2623 2298 2824 2354 Verum
2867 2313 2990 2355 cum
3039 2300 3107 2355 ad
3150 2299 3468 2356 relationem
3510 2301 3781 2358 omnium

2159 2404 2299 2460 pene
2343 2390 2634 2462 insignium
2681 2405 3057 2463 personarum,
3093 2406 3212 2461 quae
3262 2392 3316 2448 in
3357 2391 3667 2449 Gallicanis
3720 2404 3784 2449 et

2160 2483 2502 2540 Germanicis
2552 2484 2864 2555 regionibus
2911 2486 3245 2554 consistunt,
3288 2487 3486 2544 mentis
3527 2487 3781 2544 inﬂecti-

2161 2589 2283 2631 mus
2315 2575 2524 2642 oculos,
2561 2575 2790 2632 multum
2829 2576 2974 2634 inter
3015 2592 3074 2633 se
3119 2578 3322 2634 distare
3368 2579 3776 2648 conspicimus,

2161 2669 2304 2742 quod
2331 2670 2447 2742 ipsa
2473 2686 2618 2726 nunc
2642 2670 2909 2726 duntaxat
2935 2670 3232 2744 significas,
3260 2680 3316 2728 et
3343 2673 3483 2743 quod
3510 2673 3588 2728 illi
3617 2689 3776 2745 quo-

2163 2762 2296 2818 tidie
2318 2763 2707 2834 propemodum
2729 2764 2913 2820 verbis
2936 2775 2991 2820 et
3021 2764 3262 2834 apicibus
3287 2764 3534 2822 innuunt.
3553 2765 3774 2823 Omnes

2162 2853 2309 2908 enim
2350 2862 2404 2909 te
2449 2853 2765 2911 irremotam
2804 2853 3180 2924 aﬂlictionem,
3224 2856 3621 2913 intolerabilem
3665 2873 3775 2928 op-

2162 2945 2520 3016 pressionem,
2553 2947 2889 3018 nimiamque
2933 2948 3250 3005 violentiam
3302 2951 3417 3023 pati
3465 2959 3767 3007 testantur.

2163 3038 2246 3093 Tu
2290 3048 2472 3095 autem
2514 3039 2601 3095 his
2641 3039 2915 3095 contraria
2960 3055 3279 3112 suggerens,
3316 3042 3464 3098 nullo
3504 3053 3763 3114 cogente,

2087 3115 2134 3181 C
2165 3140 2358 3204 sponte
2389 3147 2454 3188 ac
2481 3131 2712 3189 libenter
2748 3149 2781 3188 a
2814 3133 2963 3205 regia
2993 3134 3254 3207 dignitate
3281 3137 3406 3191 exui
3439 3145 3492 3193 te
3513 3135 3650 3192 velle
3689 3152 3766 3192 ac

2165 3231 2356 3294 optare
2387 3223 2601 3291 fateris,
2632 3233 2688 3279 et
2712 3234 2932 3292 czetera,
2959 3241 3080 3296 quae
3127 3225 3205 3281 illi
3243 3227 3460 3298 quidem
3497 3228 3656 3284 aliter
3695 3238 3758 3284 tu

2163 3330 2296 3372 vero
2339 3314 2502 3371 aliter
2541 3325 2831 3386 prosecuta
2879 3331 2998 3373 esse
3041 3317 3395 3385 dignosceris.
3431 3317 3506 3374 Ita
3549 3329 3607 3374 ut
3634 3335 3757 3375 om-

2164 3406 2313 3461 nium
2345 3405 2742 3463 assertionibus
2768 3405 3010 3478 legitime
3037 3421 3066 3461 a
3099 3405 3359 3462 Lothario
3397 3423 3524 3478 rege
3556 3408 3757 3464 admis-

2165 3509 2248 3562 sa,
2279 3494 2466 3566 inique
2493 3496 2692 3553 deinde
2723 3505 3002 3562 accusata,
3029 3505 3150 3568 post
3181 3498 3297 3553 haec
3327 3508 3576 3569 purgata,
3599 3498 3753 3553 dein-

2166 3600 2293 3656 ceps
2332 3589 2509 3646 denuo
2546 3589 2783 3660 repulsa,
2825 3597 3104 3660 postremo
3144 3589 3368 3646 decreto
3408 3599 3594 3646 nostro
3630 3589 3755 3662 jure

2165 3687 2385 3750 recepta
2433 3679 2635 3739 dicaris
2667 3699 2680 3736 :
2716 3689 2771 3736 tu
2820 3690 3000 3736 autem
3053 3681 3140 3738 his
3185 3681 3437 3738 omnibus
3480 3684 3750 3738 contraria

2165 3787 2312 3829 nunc
2333 3771 2546 3842 effecta,
2575 3781 2630 3831 et
2653 3781 2756 3830 tua:
2783 3774 2953 3846 ipsius
2973 3774 3138 3831 oblita
3165 3775 3540 3846 professionis,
3573 3777 3749 3834 nescio

2167 3879 2288 3935 quae
2315 3864 2508 3924 frivola
2540 3865 2782 3934 fatearis,
2813 3881 2934 3938 qua
2971 3866 3222 3923 videlicet
3247 3867 3498 3924 nolumus
3526 3882 3748 3938 exagge-

2166 3975 2312 4028 rare,
2349 3962 2476 4032 quia
2501 3960 2752 4021 nolumus
2798 3977 3131 4033 supervacue
3171 3961 3440 4017 laborare.
3484 3959 3747 4016 Intellexi-

2166 4069 2287 4110 mus
2330 4061 2512 4109 tamen
2552 4069 2674 4111 eum
2718 4053 2810 4124 qui
2858 4054 3039 4110 nocuit
3081 4064 3286 4110 sancta:
3340 4054 3434 4108 Dei
3475 4053 3742 4120 Ecclesiae,

2167 4164 2364 4205 nocere
2409 4149 2607 4214 adhuc,
2637 4157 2691 4203 et
2727 4148 2821 4218 qui
2872 4148 2926 4203 in
2976 4147 3226 4203 sordibus
3267 4155 3407 4213 erat,
3441 4147 3745 4203 sordescere

2167 4241 2360 4297 adhuc.
2406 4239 2794 4305 intelleximus,
2837 4239 3078 4310 inquam,
3118 4239 3364 4310 jumenta
3416 4238 3470 4294 in
3518 4246 3744 4292 stercore

2167 4346 2266 4388 suo
2292 4331 2639 4402 proposuisse
2667 4340 3000 4401 putrescere,
3025 4337 3081 4386 et
3110 4329 3198 4384 cui
3224 4343 3334 4385 non
3356 4325 3554 4384 suﬂicit
3579 4327 3742 4384 solum

2168 4425 2493 4482 adulterium
2540 4431 2921 4496 perpetrasse,
2967 4431 3023 4478 et
3073 4422 3327 4477 falsitatis
3369 4421 3640 4492 praestigia
3682 4435 3742 4475 ac

470 4523 540 4566 ex
584 4510 764 4568 studio
809 4512 1140 4584 delinquitur
1169 4555 1185 4580 ,
1233 4516 1484 4588 istudque
1530 4519 1804 4588 posterius
1853 4520 2064 4575 duobus
2089 4519 2142 4581 ι)
2167 4517 2471 4588 iniquitatis
2500 4515 2914 4571 adinventiones
2954 4515 3008 4570 in
3051 4512 3293 4569 funiculo
3331 4511 3588 4568 vanitatis
3623 4526 3742 4566 eon-

470 4604 746 4672 prioribus
781 4607 1026 4664 strictius
1056 4622 1178 4665 esse
1218 4611 1584 4681 puniendum,
1611 4612 1811 4668 idcirco
1832 4612 2063 4669 solerter

470 4698 733 4769 invigilet,
761 4709 818 4757 et
843 4709 1002 4757 cauta
1029 4702 1355 4759 discretione
1397 4702 1729 4772 singulorum
1773 4719 1952 4760 mores
1983 4705 2062 4760 di-

463 4789 690 4860 judicet,
707 4800 976 4862 quatenus
993 4795 1178 4864 hi,'qui
1199 4810 1266 4849 ex
1287 4793 1632 4858 necessitate,
1652 4793 1736 4848 vel
1757 4794 2059 4866 ignorantia

469 4883 814 4954 delinquunt,
842 4889 1167 4944 auctoritate
1195 4896 1378 4942 nostra
1407 4903 1505 4957 per
1535 4897 1585 4943 te
1615 4871 1985 4956 absolvantur,
2015 4891 2059 4947 si

472 4982 654 5030 tamen
685 4976 801 5046 ipsa
839 4993 1026 5033 eorum
1060 4980 1364 5050 ignorantia
1390 4979 1477 5035 vel
1507 4981 1804 5037 necessitas
1827 4997 1979 5049 vera,
2009 4994 2065 5038 et

469 5081 578 5120 non
612 5066 885 5134 simulata,
916 5070 998 5125 vel
1023 5086 1127 5124 non
1156 5087 1220 5124 ex
1255 5071 1530 5127 voluntate
1557 5074 1901 5142 processerit,
1926 5090 2062 5145 qua-

469 5158 595 5214 liter
619 5159 756 5215 bene
783 5162 946 5217 nosti.
972 5161 1224 5232 Plerique
1266 5173 1393 5218 sunt
1432 5165 1522 5234 qui
1553 5176 1777 5236 possunt
1818 5167 2058 5236 quidem,

418 5273 422 5330 έ
467 5251 564 5307 sed
595 5250 788 5308 nolunt
833 5261 980 5309 recta
1027 5269 1218 5323 nosse;
1251 5257 1394 5313 unde
1446 5259 1726 5327 psalmista
1775 5259 1842 5314 de
1873 5259 2062 5330 hujus-

468 5343 615 5400 modi
647 5362 661 5399 :
691 5343 991 5403 Noluerunt
1015 5388 1030 5414 ,
1069 5347 1274 5421 inquit,
1308 5351 1610 5423 intelligere
1633 5393 1648 5418 ,
1677 5361 1738 5406 ut
1763 5351 1900 5407 bene
1927 5367 2055 5423 age-

468 5444 593 5495 rent
626 5434 802 5510 (Psal.
829 5440 1017 5511 xxxv).
1046 5439 1171 5500 Illos
1194 5450 1374 5499 autem
1406 5444 1498 5515 qui
1553 5444 1733 5500 studio
1781 5457 1880 5499 suo
1924 5443 2058 5499 obli-

469 5538 684 5601 gantur,
715 5541 771 5587 et
812 5541 1123 5605 contemptu
1155 5535 1442 5591 interdicta
1474 5547 1662 5592 nostra
1688 5543 2018 5606 postponunt
2040 5578 2054 5602 ,

470 5621 688 5677 nonnisi
717 5624 876 5695 digna
901 5626 1273 5684 satisfactione
1303 5630 1688 5700 prazveniente,
1737 5628 1984 5686 volumus
2027 5644 2057 5683 a

470 5720 526 5768 te
553 5729 777 5786 prorsus
811 5717 1033 5775 absolvi.

2171 4607 2425 4673 traxisse,
2458 4607 2709 4679 apposuit
2746 4615 2806 4660 ut
2843 4605 3005 4661 etiam
3053 4603 3264 4658 animas
3313 4602 3594 4658 hominum
3631 4615 3741 4670 per—

2164 4699 2292 4771 jurii
2320 4699 2528 4771 laqueis
2556 4698 2799 4754 irretitas
2829 4698 2884 4752 in
2919 4704 3224 4753 extremum
3252 4693 3616 4765 praecipitaret
3639 4692 3741 4747 exi-

2170 4791 2327 4847 tium.
2366 4791 2473 4848 Sed
2519 4791 2651 4862 quid
2694 4791 2916 4852 mirum,
2941 4789 2984 4844 si
3021 4803 3317 4860 paucorum
3349 4786 3631 4841 animabus
3654 4801 3740 4856 per

2168 4881 2469 4953 periurium
2500 4881 2790 4953 acquisivit
2822 4881 3124 4946 interitum,
3152 4879 3243 4950 qui
3279 4879 3330 4933 in
3362 4877 3579 4934 sublimi
3613 4878 3742 4949 posi-

2170 4985 2257 5032 tus
2285 4991 2383 5046 per
2409 4976 2714 5047 exemplum
2748 4989 2858 5030 suae
2888 4973 3137 5029 mtechiaa
3169 4979 3248 5027 tot
3279 4970 3560 5028 hominum
3589 4969 3735 5025 millia

2169 5067 2222 5123 in
2275 5066 2597 5137 perditionis
2647 5063 3154 5122 chaos‘demersit?
3202 5062 3335 5117 Illud
3388 5070 3568 5117 tamen
3613 5060 3736 5130 quod

2165 5154 2474 5212 Waldrada:
2504 5157 2760 5227 perhibes
2786 5154 3183 5218 testimonium,
3216 5152 3406 5208 dicens
3433 5166 3554 5207 eam
3590 5149 3734 5205 fuisse

2163 5247 2466 5319 legitimam
2488 5261 2714 5303 uxorem
2734 5245 3003 5311 Lotharii,
3023 5243 3226 5300 frustra
3250 5242 3467 5299 conaris
3488 5250 3729 5305 astruere,

2165 5338 2604 5411 quandoquidem
2658 5347 2750 5394 tuo
2800 5336 2949 5394 nullo
2993 5351 3218 5408 prorsus
3266 5334 3396 5390 hinc
3449 5331 3732 5389 testimonio

2166 5433 2290 5505 quis
2324 5431 2562 5502 indigeat
2593 5448 2606 5485 :
2632 5446 2758 5487 cum
2804 5429 2981 5500 magis
3021 5443 3121 5485 nos
3161 5428 3236 5483 ita
3275 5426 3572 5482 sentiamus
3609 5423 3731 5496 quod

2160 5525 2367 5596 justum
2405 5533 2508 5588 est,
2539 5532 2595 5578 et
2622 5523 2694 5578 ita
2722 5521 3091 5594 intelligamus
3120 5519 3263 5590 quod
3302 5533 3518 5588 aequum
3549 5516 3728 5578 existit.

2167 5627 2225 5673 ut
2254 5627 2305 5673 te
2329 5617 2492 5672 etiam
2522 5615 2829 5687 reprobata,
2860 5614 3026 5670 etiam
3055 5624 3291 5678 mortua,
3317 5611 3607 5666 Lotharius
3633 5607 3730 5663 mil-

2168 5709 2234 5765 lis
2262 5707 2492 5780 legibus,
2521 5707 2682 5766 nullis
2721 5706 2836 5764 sine
2880 5707 2964 5763 sui
3003 5703 3317 5764 discrimine
3349 5701 3572 5776 regulis,
3602 5698 3728 5755 Wal-
