  <div class='ocr_page' id='page_1' title='image "/cluster/home/n/w/nwhite01/storage/ocr_20150623/119/hvd.32044015466915/574.png"; bbox 0 0 4060 6338; ppageno 0'>
   <div class='ocr_carea' id='block_1_1' title="bbox 263 423 412 480">
    <p class='ocr_par' dir='ltr' id='par_1_1' title="bbox 263 423 412 480">
     <span class='ocr_line' id='line_1_1' title="bbox 263 423 412 480; baseline 0.007 -1"><span class='ocrx_word' id='word_1_1' title='bbox 263 423 412 480; x_wconf 74' lang='lat' dir='ltr'><strong>H37</strong></span> 
     </span>
    </p>
   </div>
   <div class='ocr_carea' id='block_1_2' title="bbox 1465 412 2330 475">
    <p class='ocr_par' dir='ltr' id='par_1_2' title="bbox 1465 412 2330 475">
     <span class='ocr_line' id='line_1_2' title="bbox 1465 412 2330 475; baseline -0.002 -1"><span class='ocrx_word' id='word_1_2' title='bbox 1465 413 1825 475; x_wconf 66' lang='lat' dir='ltr'><strong>EPISTOLE</strong></span> <span class='ocrx_word' id='word_1_3' title='bbox 1865 412 1954 474; x_wconf 83' lang='grc' dir='ltr'><strong>ΕΤ</strong></span> <span class='ocrx_word' id='word_1_4' title='bbox 1989 417 2330 475; x_wconf 81' lang='lat' dir='ltr'><strong>DECRETA.</strong></span> 
     </span>
    </p>
   </div>
   <div class='ocr_carea' id='block_1_3' title="bbox 3401 418 3539 478">
    <p class='ocr_par' dir='ltr' id='par_1_3' title="bbox 3401 418 3539 478">
     <span class='ocr_line' id='line_1_3' title="bbox 3401 418 3539 478; baseline -0.022 0"><span class='ocrx_word' id='word_1_5' title='bbox 3401 418 3539 478; x_wconf 75' lang='lat' dir='ltr'><strong>H38</strong></span> 
     </span>
    </p>
   </div>
   <div class='ocr_carea' id='block_1_4' title="bbox 260 528 3542 600">
    <p class='ocr_par' dir='ltr' id='par_1_4' title="bbox 260 528 3542 600">
     <span class='ocr_line' id='line_1_4' title="bbox 260 528 3542 600; baseline 0 -7"><span class='ocrx_word' id='word_1_6' title='bbox 260 536 490 593; x_wconf 86' lang='lat' dir='ltr'><strong>dradam</strong></span> <span class='ocrx_word' id='word_1_7' title='bbox 521 533 791 590; x_wconf 66' lang='lat' dir='ltr'><strong>moecham</strong></span> <span class='ocrx_word' id='word_1_8' title='bbox 823 533 878 588; x_wconf 92' lang='lat' dir='ltr'><strong>in</strong></span> <span class='ocrx_word' id='word_1_9' title='bbox 908 546 1132 589; x_wconf 78' lang='lat' dir='ltr'><strong>uxorem</strong></span> <span class='ocrx_word' id='word_1_10' title='bbox 1173 545 1409 600; x_wconf 84' lang='lat' dir='ltr'><strong>unquam</strong></span> <span class='ocrx_word' id='word_1_11' title='bbox 1447 531 1853 600; x_wconf 75' lang='lat' dir='ltr'><strong>permitteretur</strong></span> <span class='ocrx_word' id='word_1_12' title='bbox 1877 533 1930 595; x_wconf 73' lang='grc' dir='ltr'><strong>Α</strong></span> <span class='ocrx_word' id='word_1_13' title='bbox 1956 537 2062 586; x_wconf 87' lang='lat' dir='ltr'><strong>test</strong></span> <span class='ocrx_word' id='word_1_14' title='bbox 2108 544 2437 585; x_wconf 84' lang='lat' dir='ltr'><strong>accrescere.</strong></span> <span class='ocrx_word' id='word_1_15' title='bbox 2485 528 2724 600; x_wconf 85' lang='lat' dir='ltr'><strong>Denique</strong></span> <span class='ocrx_word' id='word_1_16' title='bbox 2773 530 2817 586; x_wconf 91' lang='lat' dir='ltr'><strong>si</strong></span> <span class='ocrx_word' id='word_1_17' title='bbox 2861 531 2964 585; x_wconf 91' lang='lat' dir='ltr'><strong>hoc</strong></span> <span class='ocrx_word' id='word_1_18' title='bbox 3007 529 3169 600; x_wconf 86' lang='lat' dir='ltr'><strong>licet,</strong></span> <span class='ocrx_word' id='word_1_19' title='bbox 3208 548 3398 592; x_wconf 90' lang='lat' dir='ltr'><strong>omnes</strong></span> <span class='ocrx_word' id='word_1_20' title='bbox 3440 539 3542 594; x_wconf 87' lang='lat' dir='ltr'><strong>viri</strong></span> 
     </span>
    </p>
   </div>
   <div class='ocr_carea' id='block_1_5' title="bbox 257 619 1845 696">
    <p class='ocr_par' dir='ltr' id='par_1_5' title="bbox 257 619 1845 696">
     <span class='ocr_line' id='line_1_5' title="bbox 257 619 1845 696; baseline -0.004 -14"><span class='ocrx_word' id='word_1_21' title='bbox 257 640 566 682; x_wconf 82' lang='lat' dir='ltr'><strong>assumere.</strong></span> <span class='ocrx_word' id='word_1_22' title='bbox 598 624 790 681; x_wconf 88' lang='lat' dir='ltr'><strong>Utrum</strong></span> <span class='ocrx_word' id='word_1_23' title='bbox 818 638 947 696; x_wconf 87' lang='lat' dir='ltr'><strong>ergo</strong></span> <span class='ocrx_word' id='word_1_24' title='bbox 973 621 1265 678; x_wconf 86' lang='lat' dir='ltr'><strong>Waldrada</strong></span> <span class='ocrx_word' id='word_1_25' title='bbox 1297 620 1533 690; x_wconf 87' lang='lat' dir='ltr'><strong>legitima</strong></span> <span class='ocrx_word' id='word_1_26' title='bbox 1563 619 1727 676; x_wconf 86' lang='lat' dir='ltr'><strong>fuerit</strong></span> <span class='ocrx_word' id='word_1_27' title='bbox 1753 620 1845 675; x_wconf 89' lang='lat' dir='ltr'><strong>ali-</strong></span> 
     </span>
    </p>
   </div>
   <div class='ocr_carea' id='block_1_6' title="bbox 257 715 1850 791">
    <p class='ocr_par' dir='ltr' id='par_1_6' title="bbox 257 715 1850 791">
     <span class='ocr_line' id='line_1_6' title="bbox 257 715 1850 791; baseline -0.003 -17"><span class='ocrx_word' id='word_1_28' title='bbox 257 719 486 791; x_wconf 84' lang='lat' dir='ltr'><strong>quando</strong></span> <span class='ocrx_word' id='word_1_29' title='bbox 524 718 743 790; x_wconf 78' lang='lat' dir='ltr'><strong>conjux,</strong></span> <span class='ocrx_word' id='word_1_30' title='bbox 774 717 1013 773; x_wconf 84' lang='lat' dir='ltr'><strong>Ecclesia</strong></span> <span class='ocrx_word' id='word_1_31' title='bbox 1051 717 1146 772; x_wconf 85' lang='lat' dir='ltr'><strong>Dei</strong></span> <span class='ocrx_word' id='word_1_32' title='bbox 1190 715 1561 772; x_wconf 86' lang='lat' dir='ltr'><strong>satisfactione</strong></span> <span class='ocrx_word' id='word_1_33' title='bbox 1602 724 1694 770; x_wconf 92' lang='lat' dir='ltr'><strong>tua</strong></span> <span class='ocrx_word' id='word_1_34' title='bbox 1739 731 1850 770; x_wconf 87' lang='lat' dir='ltr'><strong>non</strong></span> 
     </span>
    </p>
   </div>
   <div class='ocr_carea' id='block_1_7' title="bbox 256 808 1852 883">
    <p class='ocr_par' dir='ltr' id='par_1_7' title="bbox 256 808 1852 883">
     <span class='ocr_line' id='line_1_7' title="bbox 256 808 1852 883; baseline -0.004 -15"><span class='ocrx_word' id='word_1_35' title='bbox 256 822 408 883; x_wconf 88' lang='lat' dir='ltr'><strong>eget.</strong></span> <span class='ocrx_word' id='word_1_36' title='bbox 440 810 616 867; x_wconf 89' lang='lat' dir='ltr'><strong>Unum</strong></span> <span class='ocrx_word' id='word_1_37' title='bbox 647 819 827 864; x_wconf 89' lang='lat' dir='ltr'><strong>tamen</strong></span> <span class='ocrx_word' id='word_1_38' title='bbox 857 809 1016 876; x_wconf 92' lang='lat' dir='ltr'><strong>scito,</strong></span> <span class='ocrx_word' id='word_1_39' title='bbox 1045 808 1301 879; x_wconf 91' lang='lat' dir='ltr'><strong>quoniam</strong></span> <span class='ocrx_word' id='word_1_40' title='bbox 1335 822 1437 864; x_wconf 89' lang='lat' dir='ltr'><strong>nec</strong></span> <span class='ocrx_word' id='word_1_41' title='bbox 1474 822 1596 873; x_wconf 90' lang='lat' dir='ltr'><strong>nos,</strong></span> <span class='ocrx_word' id='word_1_42' title='bbox 1627 822 1728 863; x_wconf 90' lang='lat' dir='ltr'><strong>nec</strong></span> <span class='ocrx_word' id='word_1_43' title='bbox 1761 823 1852 863; x_wconf 81' lang='lat' dir='ltr'><strong>ea—</strong></span> 
     </span>
    </p>
   </div>
   <div class='ocr_carea' id='block_1_8' title="bbox 255 900 1855 971">
    <p class='ocr_par' dir='ltr' id='par_1_8' title="bbox 255 900 1855 971">
     <span class='ocr_line' id='line_1_8' title="bbox 255 900 1855 971; baseline -0.004 -11"><span class='ocrx_word' id='word_1_44' title='bbox 255 905 390 962; x_wconf 89' lang='lat' dir='ltr'><strong>dem</strong></span> <span class='ocrx_word' id='word_1_45' title='bbox 433 913 622 960; x_wconf 91' lang='lat' dir='ltr'><strong>sancta</strong></span> <span class='ocrx_word' id='word_1_46' title='bbox 648 903 912 969; x_wconf 85' lang='lat' dir='ltr'><strong>Ecclesia,</strong></span> <span class='ocrx_word' id='word_1_47' title='bbox 935 903 1046 958; x_wconf 92' lang='lat' dir='ltr'><strong>Deo</strong></span> <span class='ocrx_word' id='word_1_48' title='bbox 1077 910 1318 967; x_wconf 89' lang='lat' dir='ltr'><strong>auctore,</strong></span> <span class='ocrx_word' id='word_1_49' title='bbox 1344 900 1438 971; x_wconf 88' lang='lat' dir='ltr'><strong>qui</strong></span> <span class='ocrx_word' id='word_1_50' title='bbox 1477 900 1750 957; x_wconf 83' lang='lat' dir='ltr'><strong>adulteros</strong></span> <span class='ocrx_word' id='word_1_51' title='bbox 1769 901 1855 971; x_wconf 89' lang='lat' dir='ltr'><strong>ju-</strong></span> 
     </span>
    </p>
   </div>
   <div class='ocr_carea' id='block_1_9' title="bbox 257 991 1855 1062">
    <p class='ocr_par' dir='ltr' id='par_1_9' title="bbox 257 991 1855 1062">
     <span class='ocr_line' id='line_1_9' title="bbox 257 991 1855 1062; baseline -0.004 -10"><span class='ocrx_word' id='word_1_52' title='bbox 257 996 492 1061; x_wconf 89' lang='lat' dir='ltr'><strong>dicabit,</strong></span> <span class='ocrx_word' id='word_1_53' title='bbox 528 995 868 1061; x_wconf 88' lang='lat' dir='ltr'><strong>Lotharium,</strong></span> <span class='ocrx_word' id='word_1_54' title='bbox 912 996 957 1050; x_wconf 92' lang='lat' dir='ltr'><strong>si</strong></span> <span class='ocrx_word' id='word_1_55' title='bbox 999 992 1349 1049; x_wconf 86' lang='lat' dir='ltr'><strong>Waldradam</strong></span> <span class='ocrx_word' id='word_1_56' title='bbox 1401 991 1722 1062; x_wconf 86' lang='lat' dir='ltr'><strong>quandoque</strong></span> <span class='ocrx_word' id='word_1_57' title='bbox 1767 1005 1855 1046; x_wconf 87' lang='lat' dir='ltr'><strong>re-</strong></span> 
     </span>
    </p>
   </div>
   <div class='ocr_carea' id='block_1_10' title="bbox 257 1081 1858 1157">
    <p class='ocr_par' dir='ltr' id='par_1_10' title="bbox 257 1081 1858 1157">
     <span class='ocr_line' id='line_1_10' title="bbox 257 1081 1858 1157; baseline -0.004 -15"><span class='ocrx_word' id='word_1_58' title='bbox 257 1086 580 1157; x_wconf 87' lang='lat' dir='ltr'><strong>sumpserit,</strong></span> <span class='ocrx_word' id='word_1_59' title='bbox 606 1087 772 1141; x_wconf 92' lang='lat' dir='ltr'><strong>etiam</strong></span> <span class='ocrx_word' id='word_1_60' title='bbox 818 1095 873 1140; x_wconf 92' lang='lat' dir='ltr'><strong>te</strong></span> <span class='ocrx_word' id='word_1_61' title='bbox 913 1096 974 1140; x_wconf 93' lang='lat' dir='ltr'><strong>ut</strong></span> <span class='ocrx_word' id='word_1_62' title='bbox 1013 1082 1748 1156; x_wconf 62' lang='lat' dir='ltr'><strong>pratulimus-decendente,</strong></span> <span class='ocrx_word' id='word_1_63' title='bbox 1779 1081 1858 1137; x_wconf 90' lang='lat' dir='ltr'><strong>di-</strong></span> 
     </span>
    </p>
   </div>
   <div class='ocr_carea' id='block_1_11' title="bbox 258 1174 1856 1246">
    <p class='ocr_par' dir='ltr' id='par_1_11' title="bbox 258 1174 1856 1246">
     <span class='ocr_line' id='line_1_11' title="bbox 258 1174 1856 1246; baseline -0.003 -12"><span class='ocrx_word' id='word_1_64' title='bbox 258 1179 446 1234; x_wconf 87' lang='lat' dir='ltr'><strong>mittet</strong></span> <span class='ocrx_word' id='word_1_65' title='bbox 485 1178 738 1234; x_wconf 89' lang='lat' dir='ltr'><strong>omnibus</strong></span> <span class='ocrx_word' id='word_1_66' title='bbox 780 1177 956 1233; x_wconf 90' lang='lat' dir='ltr'><strong>modis</strong></span> <span class='ocrx_word' id='word_1_67' title='bbox 995 1177 1336 1246; x_wconf 85' lang='lat' dir='ltr'><strong>impunitum.</strong></span> <span class='ocrx_word' id='word_1_68' title='bbox 1373 1175 1507 1230; x_wconf 87' lang='lat' dir='ltr'><strong>Illud</strong></span> <span class='ocrx_word' id='word_1_69' title='bbox 1545 1189 1676 1230; x_wconf 89' lang='lat' dir='ltr'><strong>vero</strong></span> <span class='ocrx_word' id='word_1_70' title='bbox 1712 1174 1856 1244; x_wconf 89' lang='lat' dir='ltr'><strong>quod</strong></span> 
     </span>
    </p>
   </div>
   <div class='ocr_carea' id='block_1_12' title="bbox 259 1268 1858 1338">
    <p class='ocr_par' dir='ltr' id='par_1_12' title="bbox 259 1268 1858 1338">
     <span class='ocr_line' id='line_1_12' title="bbox 259 1268 1858 1338; baseline -0.005 -10"><span class='ocrx_word' id='word_1_71' title='bbox 259 1271 423 1337; x_wconf 87' lang='lat' dir='ltr'><strong>dicis,</strong></span> <span class='ocrx_word' id='word_1_72' title='bbox 456 1272 685 1326; x_wconf 82' lang='lat' dir='ltr'><strong>Romam</strong></span> <span class='ocrx_word' id='word_1_73' title='bbox 719 1279 771 1326; x_wconf 91' lang='lat' dir='ltr'><strong>te</strong></span> <span class='ocrx_word' id='word_1_74' title='bbox 799 1270 935 1326; x_wconf 83' lang='lat' dir='ltr'><strong>velle</strong></span> <span class='ocrx_word' id='word_1_75' title='bbox 963 1270 1172 1335; x_wconf 83' lang='lat' dir='ltr'><strong>venire,</strong></span> <span class='ocrx_word' id='word_1_76' title='bbox 1202 1268 1468 1337; x_wconf 89' lang='lat' dir='ltr'><strong>nobisque</strong></span> <span class='ocrx_word' id='word_1_77' title='bbox 1499 1268 1774 1338; x_wconf 79' lang='lat' dir='ltr'><strong>passiones</strong></span> <span class='ocrx_word' id='word_1_78' title='bbox 1800 1273 1858 1322; x_wconf 93' lang='lat' dir='ltr'><strong>et</strong></span> 
     </span>
    </p>
   </div>
   <div class='ocr_carea' id='block_1_13' title="bbox 259 1358 1858 1435">
    <p class='ocr_par' dir='ltr' id='par_1_13' title="bbox 259 1358 1858 1435">
     <span class='ocr_line' id='line_1_13' title="bbox 259 1358 1858 1435; baseline -0.004 -17"><span class='ocrx_word' id='word_1_79' title='bbox 259 1363 514 1435; x_wconf 63' lang='lat' dir='ltr'><strong>quaedam</strong></span> <span class='ocrx_word' id='word_1_80' title='bbox 541 1369 747 1419; x_wconf 87' lang='lat' dir='ltr'><strong>secreta</strong></span> <span class='ocrx_word' id='word_1_81' title='bbox 776 1361 849 1416; x_wconf 91' lang='lat' dir='ltr'><strong>tui</strong></span> <span class='ocrx_word' id='word_1_82' title='bbox 878 1360 1116 1431; x_wconf 86' lang='lat' dir='ltr'><strong>pectoris</strong></span> <span class='ocrx_word' id='word_1_83' title='bbox 1147 1374 1426 1422; x_wconf 80' lang='lat' dir='ltr'><strong>reserare,-</strong></span> <span class='ocrx_word' id='word_1_84' title='bbox 1456 1358 1568 1414; x_wconf 86' lang='lat' dir='ltr'><strong>fieri</strong></span> <span class='ocrx_word' id='word_1_85' title='bbox 1600 1372 1706 1412; x_wconf 94' lang='lat' dir='ltr'><strong>non</strong></span> <span class='ocrx_word' id='word_1_86' title='bbox 1735 1372 1858 1412; x_wconf 84' lang='lat' dir='ltr'><strong>con-</strong></span> 
     </span>
    </p>
   </div>
   <div class='ocr_carea' id='block_1_14' title="bbox 263 1449 1856 1524">
    <p class='ocr_par' dir='ltr' id='par_1_14' title="bbox 263 1449 1856 1524">
     <span class='ocr_line' id='line_1_14' title="bbox 263 1449 1856 1524; baseline -0.003 -16"><span class='ocrx_word' id='word_1_87' title='bbox 263 1454 436 1519; x_wconf 91' lang='lat' dir='ltr'><strong>venit,</strong></span> <span class='ocrx_word' id='word_1_88' title='bbox 466 1452 722 1524; x_wconf 91' lang='lat' dir='ltr'><strong>quoniam</strong></span> <span class='ocrx_word' id='word_1_89' title='bbox 749 1463 804 1507; x_wconf 91' lang='lat' dir='ltr'><strong>ct</strong></span> <span class='ocrx_word' id='word_1_90' title='bbox 829 1451 1094 1508; x_wconf 80' lang='lat' dir='ltr'><strong>securitas</strong></span> <span class='ocrx_word' id='word_1_91' title='bbox 1122 1451 1332 1505; x_wconf 86' lang='lat' dir='ltr'><strong>itineris</strong></span> <span class='ocrx_word' id='word_1_92' title='bbox 1356 1464 1515 1518; x_wconf 90' lang='lat' dir='ltr'><strong>quam</strong></span> <span class='ocrx_word' id='word_1_93' title='bbox 1543 1449 1856 1518; x_wconf 78' lang='lat' dir='ltr'><strong>praetendis,</strong></span> 
     </span>
    </p>
   </div>
   <div class='ocr_carea' id='block_1_15' title="bbox 262 1541 1856 1615">
    <p class='ocr_par' dir='ltr' id='par_1_15' title="bbox 262 1541 1856 1615">
     <span class='ocr_line' id='line_1_15' title="bbox 262 1541 1856 1615; baseline -0.004 -14"><span class='ocrx_word' id='word_1_94' title='bbox 262 1546 412 1602; x_wconf 87' lang='lat' dir='ltr'><strong>nulla</strong></span> <span class='ocrx_word' id='word_1_95' title='bbox 453 1553 556 1610; x_wconf 92' lang='lat' dir='ltr'><strong>est,</strong></span> <span class='ocrx_word' id='word_1_96' title='bbox 589 1554 644 1600; x_wconf 90' lang='lat' dir='ltr'><strong>et</strong></span> <span class='ocrx_word' id='word_1_97' title='bbox 683 1545 919 1615; x_wconf 89' lang='lat' dir='ltr'><strong>quandin</strong></span> <span class='ocrx_word' id='word_1_98' title='bbox 955 1543 1245 1598; x_wconf 87' lang='lat' dir='ltr'><strong>Waldrada</strong></span> <span class='ocrx_word' id='word_1_99' title='bbox 1295 1542 1368 1596; x_wconf 91' lang='lat' dir='ltr'><strong>ita</strong></span> <span class='ocrx_word' id='word_1_100' title='bbox 1409 1541 1667 1596; x_wconf 89' lang='lat' dir='ltr'><strong>Lothario</strong></span> <span class='ocrx_word' id='word_1_101' title='bbox 1703 1541 1856 1612; x_wconf 84' lang='lat' dir='ltr'><strong>juxta</strong></span> 
     </span>
    </p>
   </div>
   <div class='ocr_carea' id='block_1_16' title="bbox 201 1635 1860 1708">
    <p class='ocr_par' dir='ltr' id='par_1_16' title="bbox 201 1635 1860 1708">
     <span class='ocr_line' id='line_1_16' title="bbox 201 1635 1860 1708; baseline -0.003 -16"><span class='ocrx_word' id='word_1_102' title='bbox 201 1681 204 1684; x_wconf 86' lang='lat'><strong>.</strong></span> <span class='ocrx_word' id='word_1_103' title='bbox 262 1639 445 1708; x_wconf 88' lang='lat' dir='ltr'><strong>posita</strong></span> <span class='ocrx_word' id='word_1_104' title='bbox 478 1646 581 1703; x_wconf 80' lang='lat' dir='ltr'><strong>est,</strong></span> <span class='ocrx_word' id='word_1_105' title='bbox 616 1639 685 1692; x_wconf 90' lang='lat' dir='ltr'><strong>ab</strong></span> <span class='ocrx_word' id='word_1_106' title='bbox 733 1637 825 1693; x_wconf 90' lang='lat' dir='ltr'><strong>illo</strong></span> <span class='ocrx_word' id='word_1_107' title='bbox 867 1651 1138 1707; x_wconf 90' lang='lat' dir='ltr'><strong>quoquam</strong></span> <span class='ocrx_word' id='word_1_108' title='bbox 1183 1644 1234 1689; x_wconf 92' lang='lat' dir='ltr'><strong>te</strong></span> <span class='ocrx_word' id='word_1_109' title='bbox 1281 1635 1558 1690; x_wconf 84' lang='lat' dir='ltr'><strong>discedere</strong></span> <span class='ocrx_word' id='word_1_110' title='bbox 1601 1648 1705 1688; x_wconf 91' lang='lat' dir='ltr'><strong>non</strong></span> <span class='ocrx_word' id='word_1_111' title='bbox 1738 1649 1860 1703; x_wconf 89' lang='lat' dir='ltr'><strong>per-</strong></span> 
     </span>
    </p>
   </div>
   <div class='ocr_carea' id='block_1_17' title="bbox 262 1722 1860 1794">
    <p class='ocr_par' dir='ltr' id='par_1_17' title="bbox 262 1722 1860 1794">
     <span class='ocr_line' id='line_1_17' title="bbox 262 1722 1860 1794; baseline -0.005 -10"><span class='ocrx_word' id='word_1_112' title='bbox 262 1729 551 1784; x_wconf 88' lang='lat' dir='ltr'><strong>mittimus.</strong></span> <span class='ocrx_word' id='word_1_113' title='bbox 576 1728 712 1783; x_wconf 89' lang='lat' dir='ltr'><strong>Dum</strong></span> <span class='ocrx_word' id='word_1_114' title='bbox 743 1727 887 1782; x_wconf 90' lang='lat' dir='ltr'><strong>enim</strong></span> <span class='ocrx_word' id='word_1_115' title='bbox 916 1737 972 1783; x_wconf 91' lang='lat' dir='ltr'><strong>tu</strong></span> <span class='ocrx_word' id='word_1_116' title='bbox 997 1726 1338 1790; x_wconf 88' lang='lat' dir='ltr'><strong>discesseris,</strong></span> <span class='ocrx_word' id='word_1_117' title='bbox 1364 1725 1450 1779; x_wconf 89' lang='lat' dir='ltr'><strong>illa</strong></span> <span class='ocrx_word' id='word_1_118' title='bbox 1484 1724 1648 1794; x_wconf 86' lang='lat' dir='ltr'><strong>recipi</strong></span> <span class='ocrx_word' id='word_1_119' title='bbox 1670 1722 1860 1794; x_wconf 90' lang='lat' dir='ltr'><strong>procul</strong></span> 
     </span>
    </p>
   </div>
   <div class='ocr_carea' id='block_1_18' title="bbox 263 1813 1858 1890">
    <p class='ocr_par' dir='ltr' id='par_1_18' title="bbox 263 1813 1858 1890">
     <span class='ocr_line' id='line_1_18' title="bbox 263 1813 1858 1890; baseline -0.004 -15"><span class='ocrx_word' id='word_1_120' title='bbox 263 1819 432 1876; x_wconf 87' lang='lat' dir='ltr'><strong>dubio</strong></span> <span class='ocrx_word' id='word_1_121' title='bbox 457 1819 720 1885; x_wconf 83' lang='lat' dir='ltr'><strong>creditur,</strong></span> <span class='ocrx_word' id='word_1_122' title='bbox 742 1829 798 1875; x_wconf 92' lang='lat' dir='ltr'><strong>et</strong></span> <span class='ocrx_word' id='word_1_123' title='bbox 820 1819 873 1874; x_wconf 92' lang='lat' dir='ltr'><strong>in</strong></span> <span class='ocrx_word' id='word_1_124' title='bbox 901 1818 1296 1890; x_wconf 91' lang='lat' dir='ltr'><strong>longinquitate</strong></span> <span class='ocrx_word' id='word_1_125' title='bbox 1323 1826 1412 1871; x_wconf 90' lang='lat' dir='ltr'><strong>tua</strong></span> <span class='ocrx_word' id='word_1_126' title='bbox 1437 1817 1551 1886; x_wconf 91' lang='lat' dir='ltr'><strong>ipsa</strong></span> <span class='ocrx_word' id='word_1_127' title='bbox 1572 1813 1858 1870; x_wconf 80' lang='lat' dir='ltr'><strong>confestim</strong></span> 
     </span>
    </p>
   </div>
   <div class='ocr_carea' id='block_1_19' title="bbox 1954 619 3547 693">
    <p class='ocr_par' dir='ltr' id='par_1_19' title="bbox 1954 619 3547 693">
     <span class='ocr_line' id='line_1_19' title="bbox 1954 619 3547 693; baseline 0.004 -15"><span class='ocrx_word' id='word_1_128' title='bbox 1954 630 2200 693; x_wconf 91' lang='lat' dir='ltr'><strong>possunt,</strong></span> <span class='ocrx_word' id='word_1_129' title='bbox 2232 637 2366 692; x_wconf 90' lang='lat' dir='ltr'><strong>quas</strong></span> <span class='ocrx_word' id='word_1_130' title='bbox 2400 620 2522 690; x_wconf 90' lang='lat' dir='ltr'><strong>jure</strong></span> <span class='ocrx_word' id='word_1_131' title='bbox 2553 621 2741 676; x_wconf 71' lang='lat' dir='ltr'><strong>sortiti</strong></span> <span class='ocrx_word' id='word_1_132' title='bbox 2771 630 2901 676; x_wconf 89' lang='lat' dir='ltr'><strong>sunt</strong></span> <span class='ocrx_word' id='word_1_133' title='bbox 2930 619 3183 691; x_wconf 80' lang='lat' dir='ltr'><strong>feminas,</strong></span> <span class='ocrx_word' id='word_1_134' title='bbox 3214 624 3259 680; x_wconf 90' lang='lat' dir='ltr'><strong>si</strong></span> <span class='ocrx_word' id='word_1_135' title='bbox 3291 626 3389 682; x_wconf 88' lang='lat' dir='ltr'><strong>has</strong></span> <span class='ocrx_word' id='word_1_136' title='bbox 3420 629 3547 684; x_wconf 89' lang='lat' dir='ltr'><strong>odio</strong></span> 
     </span>
    </p>
   </div>
   <div class='ocr_carea' id='block_1_20' title="bbox 1953 710 3547 788">
    <p class='ocr_par' dir='ltr' id='par_1_20' title="bbox 1953 710 3547 788">
     <span class='ocr_line' id='line_1_20' title="bbox 1953 710 3547 788; baseline 0.006 -23"><span class='ocrx_word' id='word_1_137' title='bbox 1953 710 2268 776; x_wconf 86' lang='lat' dir='ltr'><strong>habuerint,</strong></span> <span class='ocrx_word' id='word_1_138' title='bbox 2298 711 2530 766; x_wconf 86' lang='lat' dir='ltr'><strong>diversis</strong></span> <span class='ocrx_word' id='word_1_139' title='bbox 2559 710 2938 768; x_wconf 89' lang='lat' dir='ltr'><strong>alllictionibus</strong></span> <span class='ocrx_word' id='word_1_140' title='bbox 2976 727 3276 782; x_wconf 86' lang='lat' dir='ltr'><strong>macerare,</strong></span> <span class='ocrx_word' id='word_1_141' title='bbox 3311 725 3368 772; x_wconf 89' lang='lat' dir='ltr'><strong>et</strong></span> <span class='ocrx_word' id='word_1_142' title='bbox 3403 717 3547 788; x_wconf 91' lang='lat' dir='ltr'><strong>quod</strong></span> 
     </span>
    </p>
   </div>
   <div class='ocr_carea' id='block_1_21' title="bbox 1953 801 3549 882">
    <p class='ocr_par' dir='ltr' id='par_1_21' title="bbox 1953 801 3549 882">
     <span class='ocr_line' id='line_1_21' title="bbox 1953 801 3549 882; baseline 0.006 -25"><span class='ocrx_word' id='word_1_143' title='bbox 1953 803 2195 874; x_wconf 79' lang='lat' dir='ltr'><strong>legitime</strong></span> <span class='ocrx_word' id='word_1_144' title='bbox 2226 818 2336 858; x_wconf 91' lang='lat' dir='ltr'><strong>non</strong></span> <span class='ocrx_word' id='word_1_145' title='bbox 2374 801 2576 858; x_wconf 75' lang='lat' dir='ltr'><strong>fuerint</strong></span> <span class='ocrx_word' id='word_1_146' title='bbox 2603 811 2910 874; x_wconf 72' lang='lat' dir='ltr'><strong>assumptze,</strong></span> <span class='ocrx_word' id='word_1_147' title='bbox 2944 803 3104 860; x_wconf 88' lang='lat' dir='ltr'><strong>fateri</strong></span> <span class='ocrx_word' id='word_1_148' title='bbox 3137 821 3332 879; x_wconf 80' lang='lat' dir='ltr'><strong>cogere</strong></span> <span class='ocrx_word' id='word_1_149' title='bbox 3363 827 3378 865; x_wconf 92' lang='lat'><strong>:</strong></span> <span class='ocrx_word' id='word_1_150' title='bbox 3415 809 3549 882; x_wconf 89' lang='lat' dir='ltr'><strong>quin</strong></span> 
     </span>
    </p>
   </div>
   <div class='ocr_carea' id='block_1_22' title="bbox 1955 897 3553 967">
    <p class='ocr_par' dir='ltr' id='par_1_22' title="bbox 1955 897 3553 967">
     <span class='ocr_line' id='line_1_22' title="bbox 1955 897 3553 967; baseline 0.006 -15"><span class='ocrx_word' id='word_1_151' title='bbox 1955 897 2142 965; x_wconf 91' lang='lat' dir='ltr'><strong>etiam,</strong></span> <span class='ocrx_word' id='word_1_152' title='bbox 2170 906 2231 952; x_wconf 91' lang='lat' dir='ltr'><strong>ut</strong></span> <span class='ocrx_word' id='word_1_153' title='bbox 2257 899 2485 954; x_wconf 88' lang='lat' dir='ltr'><strong>mortale</strong></span> <span class='ocrx_word' id='word_1_154' title='bbox 2510 899 2716 954; x_wconf 89' lang='lat' dir='ltr'><strong>crimen</strong></span> <span class='ocrx_word' id='word_1_155' title='bbox 2743 907 2932 954; x_wconf 88' lang='lat' dir='ltr'><strong>contra</strong></span> <span class='ocrx_word' id='word_1_156' title='bbox 2963 914 3022 955; x_wconf 90' lang='lat' dir='ltr'><strong>se</strong></span> <span class='ocrx_word' id='word_1_157' title='bbox 3051 899 3255 967; x_wconf 88' lang='lat' dir='ltr'><strong>dicant,</strong></span> <span class='ocrx_word' id='word_1_158' title='bbox 3281 901 3445 960; x_wconf 86' lang='lat' dir='ltr'><strong>illatis</strong></span> <span class='ocrx_word' id='word_1_159' title='bbox 3472 905 3553 961; x_wconf 87' lang='lat' dir='ltr'><strong>in-</strong></span> 
     </span>
    </p>
   </div>
   <div class='ocr_carea' id='block_1_23' title="bbox 1956 987 3550 1066">
    <p class='ocr_par' dir='ltr' id='par_1_23' title="bbox 1956 987 3550 1066">
     <span class='ocr_line' id='line_1_23' title="bbox 1956 987 3550 1066; baseline 0.003 -22"><span class='ocrx_word' id='word_1_160' title='bbox 1956 987 2329 1045; x_wconf 89' lang='lat' dir='ltr'><strong>tolerabilibus</strong></span> <span class='ocrx_word' id='word_1_161' title='bbox 2379 989 2557 1061; x_wconf 66' lang='lat' dir='ltr'><strong>poenis</strong></span> <span class='ocrx_word' id='word_1_162' title='bbox 2605 989 2950 1058; x_wconf 88' lang='lat' dir='ltr'><strong>compellere.</strong></span> <span class='ocrx_word' id='word_1_163' title='bbox 2997 989 3131 1058; x_wconf 89' lang='lat' dir='ltr'><strong>Quis</strong></span> <span class='ocrx_word' id='word_1_164' title='bbox 3183 991 3327 1047; x_wconf 89' lang='lat' dir='ltr'><strong>enim</strong></span> <span class='ocrx_word' id='word_1_165' title='bbox 3378 995 3550 1066; x_wconf 89' lang='lat' dir='ltr'><strong>magis</strong></span> 
     </span>
    </p>
   </div>
   <div class='ocr_carea' id='block_1_24' title="bbox 1955 1079 3551 1156">
    <p class='ocr_par' dir='ltr' id='par_1_24' title="bbox 1955 1079 3551 1156">
     <span class='ocr_line' id='line_1_24' title="bbox 1955 1079 3551 1156; baseline 0.006 -23"><span class='ocrx_word' id='word_1_166' title='bbox 1955 1092 2154 1135; x_wconf 89' lang='lat' dir='ltr'><strong>nocere</strong></span> <span class='ocrx_word' id='word_1_167' title='bbox 2193 1079 2356 1145; x_wconf 88' lang='lat' dir='ltr'><strong>valet,</strong></span> <span class='ocrx_word' id='word_1_168' title='bbox 2387 1095 2550 1150; x_wconf 90' lang='lat' dir='ltr'><strong>quam</strong></span> <span class='ocrx_word' id='word_1_169' title='bbox 2581 1081 2756 1136; x_wconf 86' lang='lat' dir='ltr'><strong>civilis</strong></span> <span class='ocrx_word' id='word_1_170' title='bbox 2789 1081 3000 1137; x_wconf 84' lang='lat' dir='ltr'><strong>hostis?</strong></span> <span class='ocrx_word' id='word_1_171' title='bbox 3029 1083 3114 1137; x_wconf 87' lang='lat' dir='ltr'><strong>vel</strong></span> <span class='ocrx_word' id='word_1_172' title='bbox 3159 1084 3282 1154; x_wconf 92' lang='lat' dir='ltr'><strong>quis</strong></span> <span class='ocrx_word' id='word_1_173' title='bbox 3320 1085 3551 1156; x_wconf 89' lang='lat' dir='ltr'><strong>amplius</strong></span> 
     </span>
    </p>
   </div>
   <div class='ocr_carea' id='block_1_25' title="bbox 1956 1170 3554 1246">
    <p class='ocr_par' dir='ltr' id='par_1_25' title="bbox 1956 1170 3554 1246">
     <span class='ocr_line' id='line_1_25' title="bbox 1956 1170 3554 1246; baseline 0.006 -22"><span class='ocrx_word' id='word_1_174' title='bbox 1956 1170 2154 1227; x_wconf 75' lang='lat' dir='ltr'><strong>laedere</strong></span> <span class='ocrx_word' id='word_1_175' title='bbox 2173 1171 2397 1246; x_wconf 77' lang='lat' dir='ltr'><strong>poterit,</strong></span> <span class='ocrx_word' id='word_1_176' title='bbox 2430 1187 2590 1242; x_wconf 89' lang='lat' dir='ltr'><strong>quam</strong></span> <span class='ocrx_word' id='word_1_177' title='bbox 2619 1187 2842 1229; x_wconf 82' lang='lat' dir='ltr'><strong>uxorem</strong></span> <span class='ocrx_word' id='word_1_178' title='bbox 2867 1174 3132 1230; x_wconf 88' lang='lat' dir='ltr'><strong>maritus?</strong></span> <span class='ocrx_word' id='word_1_179' title='bbox 3157 1173 3262 1230; x_wconf 89' lang='lat' dir='ltr'><strong>Sed</strong></span> <span class='ocrx_word' id='word_1_180' title='bbox 3291 1191 3390 1232; x_wconf 85' lang='lat' dir='ltr'><strong>nos</strong></span> <span class='ocrx_word' id='word_1_181' title='bbox 3415 1177 3554 1233; x_wconf 86' lang='lat' dir='ltr'><strong>tales</strong></span> 
     </span>
    </p>
   </div>
   <div class='ocr_carea' id='block_1_26' title="bbox 1958 1259 3556 1336">
    <p class='ocr_par' dir='ltr' id='par_1_26' title="bbox 1958 1259 3556 1336">
     <span class='ocr_line' id='line_1_26' title="bbox 1958 1259 3556 1336; baseline 0.004 -22"><span class='ocrx_word' id='word_1_182' title='bbox 1958 1259 2177 1316; x_wconf 88' lang='lat' dir='ltr'><strong>fraudes</strong></span> <span class='ocrx_word' id='word_1_183' title='bbox 2200 1276 2509 1332; x_wconf 78' lang='lat' dir='ltr'><strong>przecavcre</strong></span> <span class='ocrx_word' id='word_1_184' title='bbox 2532 1263 2811 1329; x_wconf 84' lang='lat' dir='ltr'><strong>debemus,</strong></span> <span class='ocrx_word' id='word_1_185' title='bbox 2840 1270 2894 1318; x_wconf 91' lang='lat' dir='ltr'><strong>et</strong></span> <span class='ocrx_word' id='word_1_186' title='bbox 2923 1278 2991 1319; x_wconf 91' lang='lat' dir='ltr'><strong>ne</strong></span> <span class='ocrx_word' id='word_1_187' title='bbox 3016 1263 3322 1334; x_wconf 81' lang='lat' dir='ltr'><strong>proficiant,</strong></span> <span class='ocrx_word' id='word_1_188' title='bbox 3347 1266 3403 1319; x_wconf 90' lang='lat' dir='ltr'><strong>in</strong></span> <span class='ocrx_word' id='word_1_189' title='bbox 3436 1265 3556 1336; x_wconf 91' lang='lat' dir='ltr'><strong>ipso</strong></span> 
     </span>
    </p>
   </div>
   <div class='ocr_carea' id='block_1_27' title="bbox 1958 1351 3555 1424">
    <p class='ocr_par' dir='ltr' id='par_1_27' title="bbox 1958 1351 3555 1424">
     <span class='ocr_line' id='line_1_27' title="bbox 1958 1351 3555 1424; baseline 0.004 -18"><span class='ocrx_word' id='word_1_190' title='bbox 1958 1351 2220 1408; x_wconf 85' lang='lat' dir='ltr'><strong>novitatis</strong></span> <span class='ocrx_word' id='word_1_191' title='bbox 2267 1368 2455 1408; x_wconf 90' lang='lat' dir='ltr'><strong>earum</strong></span> <span class='ocrx_word' id='word_1_192' title='bbox 2500 1355 2769 1424; x_wconf 85' lang='lat' dir='ltr'><strong>principio</strong></span> <span class='ocrx_word' id='word_1_193' title='bbox 2821 1356 3162 1411; x_wconf 89' lang='lat' dir='ltr'><strong>detruncare.</strong></span> <span class='ocrx_word' id='word_1_194' title='bbox 3206 1356 3318 1412; x_wconf 89' lang='lat' dir='ltr'><strong>Nec</strong></span> <span class='ocrx_word' id='word_1_195' title='bbox 3368 1365 3555 1413; x_wconf 86' lang='lat' dir='ltr'><strong>tamen</strong></span> 
     </span>
    </p>
   </div>
   <div class='ocr_carea' id='block_1_28' title="bbox 1958 1443 3554 1513">
    <p class='ocr_par' dir='ltr' id='par_1_28' title="bbox 1958 1443 3554 1513">
     <span class='ocr_line' id='line_1_28' title="bbox 1958 1443 3554 1513; baseline 0.004 -17"><span class='ocrx_word' id='word_1_196' title='bbox 1958 1450 2214 1512; x_wconf 77' lang='lat' dir='ltr'><strong>putamus</strong></span> <span class='ocrx_word' id='word_1_197' title='bbox 2251 1443 2588 1510; x_wconf 85' lang='lat' dir='ltr'><strong>Lotharium,</strong></span> <span class='ocrx_word' id='word_1_198' title='bbox 2622 1446 2800 1500; x_wconf 91' lang='lat' dir='ltr'><strong>virum</strong></span> <span class='ocrx_word' id='word_1_199' title='bbox 2838 1445 3091 1501; x_wconf 87' lang='lat' dir='ltr'><strong>videlicet</strong></span> <span class='ocrx_word' id='word_1_200' title='bbox 3130 1455 3302 1513; x_wconf 91' lang='lat' dir='ltr'><strong>tuum,</strong></span> <span class='ocrx_word' id='word_1_201' title='bbox 3334 1447 3388 1502; x_wconf 90' lang='lat' dir='ltr'><strong>in</strong></span> <span class='ocrx_word' id='word_1_202' title='bbox 3431 1457 3554 1502; x_wconf 83' lang='lat' dir='ltr'><strong>tan-</strong></span> 
     </span>
    </p>
   </div>
   <div class='ocr_carea' id='block_1_29' title="bbox 1960 1534 3555 1604">
    <p class='ocr_par' dir='ltr' id='par_1_29' title="bbox 1960 1534 3555 1604">
     <span class='ocr_line' id='line_1_29' title="bbox 1960 1534 3555 1604; baseline 0.003 -16"><span class='ocrx_word' id='word_1_203' title='bbox 1960 1541 2074 1589; x_wconf 85' lang='lat' dir='ltr'><strong>tam</strong></span> <span class='ocrx_word' id='word_1_204' title='bbox 2120 1534 2200 1589; x_wconf 91' lang='lat' dir='ltr'><strong>sui</strong></span> <span class='ocrx_word' id='word_1_205' title='bbox 2250 1536 2546 1604; x_wconf 88' lang='lat' dir='ltr'><strong>perniciem</strong></span> <span class='ocrx_word' id='word_1_206' title='bbox 2587 1535 2999 1602; x_wconf 86' lang='lat' dir='ltr'><strong>devolvendum,</strong></span> <span class='ocrx_word' id='word_1_207' title='bbox 3026 1545 3088 1591; x_wconf 92' lang='lat' dir='ltr'><strong>ut</strong></span> <span class='ocrx_word' id='word_1_208' title='bbox 3125 1537 3250 1591; x_wconf 88' lang='lat' dir='ltr'><strong>vitae</strong></span> <span class='ocrx_word' id='word_1_209' title='bbox 3281 1545 3385 1592; x_wconf 75' lang='lat' dir='ltr'><strong>tua:</strong></span> <span class='ocrx_word' id='word_1_210' title='bbox 3416 1537 3555 1592; x_wconf 87' lang='lat' dir='ltr'><strong>insi-</strong></span> 
     </span>
    </p>
   </div>
   <div class='ocr_carea' id='block_1_30' title="bbox 1962 1627 3556 1697">
    <p class='ocr_par' dir='ltr' id='par_1_30' title="bbox 1962 1627 3556 1697">
     <span class='ocr_line' id='line_1_30' title="bbox 1962 1627 3556 1697; baseline 0.002 -16"><span class='ocrx_word' id='word_1_211' title='bbox 1962 1627 2099 1681; x_wconf 89' lang='lat' dir='ltr'><strong>diari</strong></span> <span class='ocrx_word' id='word_1_212' title='bbox 2125 1642 2451 1697; x_wconf 90' lang='lat' dir='ltr'><strong>quocunque</strong></span> <span class='ocrx_word' id='word_1_213' title='bbox 2480 1630 2641 1684; x_wconf 92' lang='lat' dir='ltr'><strong>modo</strong></span> <span class='ocrx_word' id='word_1_214' title='bbox 2669 1629 2995 1693; x_wconf 88' lang='lat' dir='ltr'><strong>consentiat,</strong></span> <span class='ocrx_word' id='word_1_215' title='bbox 3027 1644 3147 1684; x_wconf 91' lang='lat' dir='ltr'><strong>eum</strong></span> <span class='ocrx_word' id='word_1_216' title='bbox 3186 1644 3294 1684; x_wconf 89' lang='lat' dir='ltr'><strong>non</strong></span> <span class='ocrx_word' id='word_1_217' title='bbox 3329 1629 3430 1684; x_wconf 90' lang='lat' dir='ltr'><strong>sibi</strong></span> <span class='ocrx_word' id='word_1_218' title='bbox 3466 1630 3556 1684; x_wconf 89' lang='lat' dir='ltr'><strong>vel</strong></span> 
     </span>
    </p>
   </div>
   <div class='ocr_carea' id='block_1_31' title="bbox 1961 1719 3556 1790">
    <p class='ocr_par' dir='ltr' id='par_1_31' title="bbox 1961 1719 3556 1790">
     <span class='ocr_line' id='line_1_31' title="bbox 1961 1719 3556 1790; baseline 0.004 -19"><span class='ocrx_word' id='word_1_219' title='bbox 1961 1731 2130 1787; x_wconf 85' lang='lat' dir='ltr'><strong>regno</strong></span> <span class='ocrx_word' id='word_1_220' title='bbox 2160 1733 2257 1773; x_wconf 91' lang='lat' dir='ltr'><strong>suo</strong></span> <span class='ocrx_word' id='word_1_221' title='bbox 2291 1719 2472 1774; x_wconf 90' lang='lat' dir='ltr'><strong>minus</strong></span> <span class='ocrx_word' id='word_1_222' title='bbox 2497 1735 2661 1790; x_wconf 91' lang='lat' dir='ltr'><strong>quam</strong></span> <span class='ocrx_word' id='word_1_223' title='bbox 2695 1721 2808 1785; x_wconf 89' lang='lat' dir='ltr'><strong>tibi,</strong></span> <span class='ocrx_word' id='word_1_224' title='bbox 2838 1721 2883 1776; x_wconf 90' lang='lat' dir='ltr'><strong>si</strong></span> <span class='ocrx_word' id='word_1_225' title='bbox 2925 1722 2994 1776; x_wconf 89' lang='lat' dir='ltr'><strong>ad</strong></span> <span class='ocrx_word' id='word_1_226' title='bbox 3029 1722 3132 1777; x_wconf 92' lang='lat' dir='ltr'><strong>hoc</strong></span> <span class='ocrx_word' id='word_1_227' title='bbox 3162 1730 3272 1776; x_wconf 89' lang='lat' dir='ltr'><strong>tam</strong></span> <span class='ocrx_word' id='word_1_228' title='bbox 3317 1721 3556 1778; x_wconf 86' lang='lat' dir='ltr'><strong>immane</strong></span> 
     </span>
    </p>
   </div>
   <div class='ocr_carea' id='block_1_32' title="bbox 1960 1809 3557 1886">
    <p class='ocr_par' dir='ltr' id='par_1_32' title="bbox 1960 1809 3557 1886">
     <span class='ocr_line' id='line_1_32' title="bbox 1960 1809 3557 1886; baseline 0.005 -23"><span class='ocrx_word' id='word_1_229' title='bbox 1960 1809 2233 1880; x_wconf 89' lang='lat' dir='ltr'><strong>piaculum</strong></span> <span class='ocrx_word' id='word_1_230' title='bbox 2271 1811 2514 1880; x_wconf 90' lang='lat' dir='ltr'><strong>dilapsus</strong></span> <span class='ocrx_word' id='word_1_231' title='bbox 2548 1822 2715 1877; x_wconf 91' lang='lat' dir='ltr'><strong>esset,</strong></span> <span class='ocrx_word' id='word_1_232' title='bbox 2747 1813 3056 1883; x_wconf 89' lang='lat' dir='ltr'><strong>acquireret</strong></span> <span class='ocrx_word' id='word_1_233' title='bbox 3083 1815 3304 1870; x_wconf 89' lang='lat' dir='ltr'><strong>omnino</strong></span> <span class='ocrx_word' id='word_1_234' title='bbox 3335 1815 3557 1886; x_wconf 88' lang='lat' dir='ltr'><strong>dispen-</strong></span> 
     </span>
    </p>
   </div>
   <div class='ocr_carea' id='block_1_33' title="bbox 266 1901 3557 1981">
    <p class='ocr_par' dir='ltr' id='par_1_33' title="bbox 266 1901 3557 1981">
     <span class='ocr_line' id='line_1_33' title="bbox 266 1901 3557 1981; baseline -0.002 -12"><span class='ocrx_word' id='word_1_235' title='bbox 266 1913 592 1969; x_wconf 83' lang='lat' dir='ltr'><strong>admittitur.</strong></span> <span class='ocrx_word' id='word_1_236' title='bbox 620 1912 774 1981; x_wconf 84' lang='lat' dir='ltr'><strong>Quod</strong></span> <span class='ocrx_word' id='word_1_237' title='bbox 820 1920 999 1968; x_wconf 90' lang='lat' dir='ltr'><strong>autem</strong></span> <span class='ocrx_word' id='word_1_238' title='bbox 1038 1911 1259 1976; x_wconf 89' lang='lat' dir='ltr'><strong>sterilis,</strong></span> <span class='ocrx_word' id='word_1_239' title='bbox 1291 1920 1350 1964; x_wconf 91' lang='lat' dir='ltr'><strong>ut</strong></span> <span class='ocrx_word' id='word_1_240' title='bbox 1397 1909 1618 1973; x_wconf 89' lang='lat' dir='ltr'><strong>asseris,</strong></span> <span class='ocrx_word' id='word_1_241' title='bbox 1648 1922 1861 1978; x_wconf 85' lang='lat' dir='ltr'><strong>perma-</strong></span> <span class='ocrx_word' id='word_1_242' title='bbox 1887 1901 1936 1962; x_wconf 91' lang='lat' dir='ltr'><strong>B</strong></span> <span class='ocrx_word' id='word_1_243' title='bbox 1964 1901 2134 1956; x_wconf 91' lang='lat' dir='ltr'><strong>dium.</strong></span> <span class='ocrx_word' id='word_1_244' title='bbox 2177 1902 2456 1972; x_wconf 88' lang='lat' dir='ltr'><strong>Siquidem</strong></span> <span class='ocrx_word' id='word_1_245' title='bbox 2499 1913 2588 1970; x_wconf 93' lang='lat' dir='ltr'><strong>tu,</strong></span> <span class='ocrx_word' id='word_1_246' title='bbox 2630 1913 2894 1974; x_wconf 89' lang='lat' dir='ltr'><strong>quantum</strong></span> <span class='ocrx_word' id='word_1_247' title='bbox 2937 1907 3207 1962; x_wconf 91' lang='lat' dir='ltr'><strong>humanus</strong></span> <span class='ocrx_word' id='word_1_248' title='bbox 3250 1907 3557 1963; x_wconf 86' lang='lat' dir='ltr'><strong>intellectus</strong></span> 
     </span>
    </p>
   </div>
   <div class='ocr_carea' id='block_1_34' title="bbox 265 1997 1858 2074">
    <p class='ocr_par' dir='ltr' id='par_1_34' title="bbox 265 1997 1858 2074">
     <span class='ocr_line' id='line_1_34' title="bbox 265 1997 1858 2074; baseline -0.004 -16"><span class='ocrx_word' id='word_1_249' title='bbox 265 2018 400 2059; x_wconf 86' lang='lat' dir='ltr'><strong>nere</strong></span> <span class='ocrx_word' id='word_1_250' title='bbox 423 2003 778 2074; x_wconf 81' lang='lat' dir='ltr'><strong>dignosceris.</strong></span> <span class='ocrx_word' id='word_1_251' title='bbox 807 2018 913 2058; x_wconf 92' lang='lat' dir='ltr'><strong>non</strong></span> <span class='ocrx_word' id='word_1_252' title='bbox 944 2002 1049 2057; x_wconf 90' lang='lat' dir='ltr'><strong>hoc</strong></span> <span class='ocrx_word' id='word_1_253' title='bbox 1079 2002 1324 2071; x_wconf 89' lang='lat' dir='ltr'><strong>corporis</strong></span> <span class='ocrx_word' id='word_1_254' title='bbox 1352 1999 1731 2062; x_wconf 90' lang='lat' dir='ltr'><strong>infecunditas,</strong></span> <span class='ocrx_word' id='word_1_255' title='bbox 1765 1997 1858 2052; x_wconf 89' lang='lat' dir='ltr'><strong>sed</strong></span> 
     </span>
    </p>
   </div>
   <div class='ocr_carea' id='block_1_35' title="bbox 264 2091 1860 2166">
    <p class='ocr_par' dir='ltr' id='par_1_35' title="bbox 264 2091 1860 2166">
     <span class='ocr_line' id='line_1_35' title="bbox 264 2091 1860 2166; baseline -0.003 -17"><span class='ocrx_word' id='word_1_256' title='bbox 264 2095 370 2150; x_wconf 88' lang='lat' dir='ltr'><strong>viri</strong></span> <span class='ocrx_word' id='word_1_257' title='bbox 418 2095 546 2152; x_wconf 84' lang='lat' dir='ltr'><strong>facit</strong></span> <span class='ocrx_word' id='word_1_258' title='bbox 589 2096 886 2166; x_wconf 90' lang='lat' dir='ltr'><strong>iniquitas:</strong></span> <span class='ocrx_word' id='word_1_259' title='bbox 920 2095 1169 2165; x_wconf 89' lang='lat' dir='ltr'><strong>quamvis</strong></span> <span class='ocrx_word' id='word_1_260' title='bbox 1195 2095 1306 2150; x_wconf 91' lang='lat' dir='ltr'><strong>Deo</strong></span> <span class='ocrx_word' id='word_1_261' title='bbox 1350 2092 1674 2149; x_wconf 87' lang='lat' dir='ltr'><strong>fecundante</strong></span> <span class='ocrx_word' id='word_1_262' title='bbox 1715 2091 1860 2162; x_wconf 86' lang='lat' dir='ltr'><strong>lega-</strong></span> 
     </span>
    </p>
   </div>
   <div class='ocr_carea' id='block_1_36' title="bbox 264 2182 1859 2256">
    <p class='ocr_par' dir='ltr' id='par_1_36' title="bbox 264 2182 1859 2256">
     <span class='ocr_line' id='line_1_36' title="bbox 264 2182 1859 2256; baseline -0.003 -16"><span class='ocrx_word' id='word_1_263' title='bbox 264 2200 411 2251; x_wconf 87' lang='lat' dir='ltr'><strong>mus,</strong></span> <span class='ocrx_word' id='word_1_264' title='bbox 438 2188 692 2256; x_wconf 90' lang='lat' dir='ltr'><strong>quoniam</strong></span> <span class='ocrx_word' id='word_1_265' title='bbox 715 2185 908 2240; x_wconf 77' lang='lat' dir='ltr'><strong>sterilis</strong></span> <span class='ocrx_word' id='word_1_266' title='bbox 932 2186 1127 2256; x_wconf 81' lang='lat' dir='ltr'><strong>peperit</strong></span> <span class='ocrx_word' id='word_1_267' title='bbox 1147 2183 1424 2254; x_wconf 83' lang='lat' dir='ltr'><strong>plurimos,</strong></span> <span class='ocrx_word' id='word_1_268' title='bbox 1452 2193 1498 2238; x_wconf 87' lang='lat' dir='ltr'><strong>et</strong></span> <span class='ocrx_word' id='word_1_269' title='bbox 1521 2199 1638 2253; x_wconf 78' lang='lat' dir='ltr'><strong>qua:</strong></span> <span class='ocrx_word' id='word_1_270' title='bbox 1664 2182 1859 2236; x_wconf 79' lang='lat' dir='ltr'><strong>multos</strong></span> 
     </span>
    </p>
   </div>
   <div class='ocr_carea' id='block_1_37' title="bbox 263 2271 1858 2345">
    <p class='ocr_par' dir='ltr' id='par_1_37' title="bbox 263 2271 1858 2345">
     <span class='ocr_line' id='line_1_37' title="bbox 263 2271 1858 2345; baseline -0.001 -19"><span class='ocrx_word' id='word_1_271' title='bbox 263 2273 486 2328; x_wconf 79' lang='lat' dir='ltr'><strong>habebat</strong></span> <span class='ocrx_word' id='word_1_272' title='bbox 509 2273 668 2344; x_wconf 80' lang='lat' dir='ltr'><strong>ﬁlios,</strong></span> <span class='ocrx_word' id='word_1_273' title='bbox 686 2274 953 2343; x_wconf 78' lang='lat' dir='ltr'><strong>infirmata</strong></span> <span class='ocrx_word' id='word_1_274' title='bbox 975 2282 1050 2327; x_wconf 76' lang='lat' dir='ltr'><strong>est</strong></span> <span class='ocrx_word' id='word_1_275' title='bbox 1073 2272 1125 2345; x_wconf 85' lang='grc' dir='ltr'><strong>(Ι</strong></span> <span class='ocrx_word' id='word_1_276' title='bbox 1139 2271 1265 2344; x_wconf 84' lang='lat' dir='ltr'><strong>Reg.</strong></span> <span class='ocrx_word' id='word_1_277' title='bbox 1284 2273 1366 2343; x_wconf 90' lang='grc' dir='ltr'>ιι).</span> <span class='ocrx_word' id='word_1_278' title='bbox 1393 2273 1652 2328; x_wconf 84' lang='lat' dir='ltr'><strong>Perhibes</strong></span> <span class='ocrx_word' id='word_1_279' title='bbox 1667 2272 1858 2336; x_wconf 86' lang='lat' dir='ltr'><strong>etiam,</strong></span> 
     </span>
    </p>
   </div>
   <div class='ocr_carea' id='block_1_38' title="bbox 265 2361 1860 2432">
    <p class='ocr_par' dir='ltr' id='par_1_38' title="bbox 265 2361 1860 2432">
     <span class='ocr_line' id='line_1_38' title="bbox 265 2361 1860 2432; baseline -0.001 -14"><span class='ocrx_word' id='word_1_280' title='bbox 265 2364 409 2432; x_wconf 89' lang='lat' dir='ltr'><strong>quod</strong></span> <span class='ocrx_word' id='word_1_281' title='bbox 455 2364 862 2419; x_wconf 87' lang='lat' dir='ltr'><strong>matrimonium</strong></span> <span class='ocrx_word' id='word_1_282' title='bbox 914 2365 1055 2419; x_wconf 90' lang='lat' dir='ltr'><strong>inter</strong></span> <span class='ocrx_word' id='word_1_283' title='bbox 1099 2379 1196 2419; x_wconf 89' lang='lat' dir='ltr'><strong>vos</strong></span> <span class='ocrx_word' id='word_1_284' title='bbox 1243 2379 1349 2418; x_wconf 90' lang='lat' dir='ltr'><strong>non</strong></span> <span class='ocrx_word' id='word_1_285' title='bbox 1401 2364 1661 2419; x_wconf 91' lang='lat' dir='ltr'><strong>divinitus</strong></span> <span class='ocrx_word' id='word_1_286' title='bbox 1696 2361 1860 2418; x_wconf 88' lang='lat' dir='ltr'><strong>fuerit</strong></span> 
     </span>
    </p>
   </div>
   <div class='ocr_carea' id='block_1_39' title="bbox 266 2453 1862 2524">
    <p class='ocr_par' dir='ltr' id='par_1_39' title="bbox 266 2453 1862 2524">
     <span class='ocr_line' id='line_1_39' title="bbox 266 2453 1862 2524; baseline -0.001 -15"><span class='ocrx_word' id='word_1_287' title='bbox 266 2453 603 2518; x_wconf 88' lang='lat' dir='ltr'><strong>ordinatum,</strong></span> <span class='ocrx_word' id='word_1_288' title='bbox 630 2462 685 2508; x_wconf 91' lang='lat' dir='ltr'><strong>et</strong></span> <span class='ocrx_word' id='word_1_289' title='bbox 728 2454 931 2508; x_wconf 90' lang='lat' dir='ltr'><strong>idcirco</strong></span> <span class='ocrx_word' id='word_1_290' title='bbox 972 2469 1294 2523; x_wconf 87' lang='lat' dir='ltr'><strong>permanere</strong></span> <span class='ocrx_word' id='word_1_291' title='bbox 1335 2468 1442 2508; x_wconf 89' lang='lat' dir='ltr'><strong>non</strong></span> <span class='ocrx_word' id='word_1_292' title='bbox 1486 2453 1701 2524; x_wconf 87' lang='lat' dir='ltr'><strong>possit:</strong></span> <span class='ocrx_word' id='word_1_293' title='bbox 1729 2468 1862 2522; x_wconf 87' lang='lat' dir='ltr'><strong>quo-</strong></span> 
     </span>
    </p>
   </div>
   <div class='ocr_carea' id='block_1_40' title="bbox 266 2541 1860 2614">
    <p class='ocr_par' dir='ltr' id='par_1_40' title="bbox 266 2541 1860 2614">
     <span class='ocr_line' id='line_1_40' title="bbox 266 2541 1860 2614; baseline 0.001 -17"><span class='ocrx_word' id='word_1_294' title='bbox 266 2542 415 2597; x_wconf 89' lang='lat' dir='ltr'><strong>niam</strong></span> <span class='ocrx_word' id='word_1_295' title='bbox 442 2545 610 2597; x_wconf 81' lang='lat' dir='ltr'><strong>omnis</strong></span> <span class='ocrx_word' id='word_1_296' title='bbox 631 2541 905 2612; x_wconf 85' lang='lat' dir='ltr'><strong>plantatio,</strong></span> <span class='ocrx_word' id='word_1_297' title='bbox 929 2560 1089 2614; x_wconf 86' lang='lat' dir='ltr'><strong>quam</strong></span> <span class='ocrx_word' id='word_1_298' title='bbox 1119 2559 1221 2597; x_wconf 83' lang='lat' dir='ltr'><strong>non</strong></span> <span class='ocrx_word' id='word_1_299' title='bbox 1248 2541 1501 2613; x_wconf 77' lang='lat' dir='ltr'><strong>plantavit</strong></span> <span class='ocrx_word' id='word_1_300' title='bbox 1532 2542 1696 2597; x_wconf 89' lang='lat' dir='ltr'><strong>Pater</strong></span> <span class='ocrx_word' id='word_1_301' title='bbox 1715 2560 1860 2598; x_wconf 79' lang='lat' dir='ltr'><strong>meus</strong></span> 
     </span>
    </p>
   </div>
   <div class='ocr_carea' id='block_1_41' title="bbox 269 2632 1862 2706">
    <p class='ocr_par' dir='ltr' id='par_1_41' title="bbox 269 2632 1862 2706">
     <span class='ocr_line' id='line_1_41' title="bbox 269 2632 1862 2706; baseline -0.001 -17"><span class='ocrx_word' id='word_1_302' title='bbox 269 2635 509 2700; x_wconf 71' lang='lat' dir='ltr'><strong>caelestis,</strong></span> <span class='ocrx_word' id='word_1_303' title='bbox 554 2634 907 2690; x_wconf 83' lang='lat' dir='ltr'><strong>eradicabitur</strong></span> <span class='ocrx_word' id='word_1_304' title='bbox 937 2633 1152 2706; x_wconf 79' lang='lat' dir='ltr'><strong>(Matth.</strong></span> <span class='ocrx_word' id='word_1_305' title='bbox 1196 2634 1310 2704; x_wconf 83' lang='lat' dir='ltr'><strong>xv).</strong></span> <span class='ocrx_word' id='word_1_306' title='bbox 1358 2632 1464 2688; x_wconf 90' lang='lat' dir='ltr'><strong>Sed</strong></span> <span class='ocrx_word' id='word_1_307' title='bbox 1511 2633 1690 2689; x_wconf 87' lang='lat' dir='ltr'><strong>recole</strong></span> <span class='ocrx_word' id='word_1_308' title='bbox 1737 2635 1862 2704; x_wconf 85' lang='lat' dir='ltr'><strong>quia</strong></span> 
     </span>
    </p>
   </div>
   <div class='ocr_carea' id='block_1_42' title="bbox 269 2725 1861 2798">
    <p class='ocr_par' dir='ltr' id='par_1_42' title="bbox 269 2725 1861 2798">
     <span class='ocr_line' id='line_1_42' title="bbox 269 2725 1861 2798; baseline 0.001 -17"><span class='ocrx_word' id='word_1_309' title='bbox 269 2728 483 2782; x_wconf 86' lang='lat' dir='ltr'><strong>vineam</strong></span> <span class='ocrx_word' id='word_1_310' title='bbox 501 2728 644 2784; x_wconf 90' lang='lat' dir='ltr'><strong>Deus</strong></span> <span class='ocrx_word' id='word_1_311' title='bbox 658 2727 940 2798; x_wconf 89' lang='lat' dir='ltr'><strong>plantavit,</strong></span> <span class='ocrx_word' id='word_1_312' title='bbox 959 2743 1120 2798; x_wconf 91' lang='lat' dir='ltr'><strong>quam</strong></span> <span class='ocrx_word' id='word_1_313' title='bbox 1143 2726 1478 2797; x_wconf 82' lang='lat' dir='ltr'><strong>exspectavit</strong></span> <span class='ocrx_word' id='word_1_314' title='bbox 1493 2725 1648 2796; x_wconf 82' lang='lat' dir='ltr'><strong>juxta</strong></span> <span class='ocrx_word' id='word_1_315' title='bbox 1668 2726 1861 2782; x_wconf 88' lang='lat' dir='ltr'><strong>Isaiam</strong></span> 
     </span>
    </p>
   </div>
   <div class='ocr_carea' id='block_1_43' title="bbox 270 2819 1864 2893">
    <p class='ocr_par' dir='ltr' id='par_1_43' title="bbox 270 2819 1864 2893">
     <span class='ocr_line' id='line_1_43' title="bbox 270 2819 1864 2893; baseline 0.001 -17"><span class='ocrx_word' id='word_1_316' title='bbox 270 2829 331 2876; x_wconf 90' lang='lat' dir='ltr'><strong>ut</strong></span> <span class='ocrx_word' id='word_1_317' title='bbox 379 2819 586 2877; x_wconf 89' lang='lat' dir='ltr'><strong>faceret</strong></span> <span class='ocrx_word' id='word_1_318' title='bbox 639 2837 790 2887; x_wconf 88' lang='lat' dir='ltr'><strong>uvas,</strong></span> <span class='ocrx_word' id='word_1_319' title='bbox 820 2822 948 2876; x_wconf 91' lang='lat' dir='ltr'><strong>fecit</strong></span> <span class='ocrx_word' id='word_1_320' title='bbox 993 2829 1174 2876; x_wconf 89' lang='lat' dir='ltr'><strong>autem</strong></span> <span class='ocrx_word' id='word_1_321' title='bbox 1222 2820 1500 2876; x_wconf 88' lang='lat' dir='ltr'><strong>labruscas</strong></span> <span class='ocrx_word' id='word_1_322' title='bbox 1531 2819 1663 2893; x_wconf 59' lang='lat' dir='ltr'><strong>(Ira.</strong></span> <span class='ocrx_word' id='word_1_323' title='bbox 1699 2821 1777 2891; x_wconf 90' lang='lat' dir='ltr'><strong>v),</strong></span> <span class='ocrx_word' id='word_1_324' title='bbox 1808 2830 1864 2877; x_wconf 91' lang='lat' dir='ltr'><strong>et</strong></span> 
     </span>
    </p>
   </div>
   <div class='ocr_carea' id='block_1_44' title="bbox 272 2912 1860 2983">
    <p class='ocr_par' dir='ltr' id='par_1_44' title="bbox 272 2912 1860 2983">
     <span class='ocr_line' id='line_1_44' title="bbox 272 2912 1860 2983; baseline 0 -16"><span class='ocrx_word' id='word_1_325' title='bbox 272 2928 391 2983; x_wconf 72' lang='lat' dir='ltr'><strong>qua:</strong></span> <span class='ocrx_word' id='word_1_326' title='bbox 436 2912 730 2968; x_wconf 88' lang='lat' dir='ltr'><strong>secundum</strong></span> <span class='ocrx_word' id='word_1_327' title='bbox 771 2912 1064 2969; x_wconf 78' lang='lat' dir='ltr'><strong>Jeremiam</strong></span> <span class='ocrx_word' id='word_1_328' title='bbox 1095 2927 1356 2968; x_wconf 90' lang='lat' dir='ltr'><strong>conversa</strong></span> <span class='ocrx_word' id='word_1_329' title='bbox 1388 2921 1472 2967; x_wconf 92' lang='lat' dir='ltr'><strong>est</strong></span> <span class='ocrx_word' id='word_1_330' title='bbox 1512 2912 1566 2966; x_wconf 93' lang='lat' dir='ltr'><strong>in</strong></span> <span class='ocrx_word' id='word_1_331' title='bbox 1599 2913 1860 2967; x_wconf 88' lang='lat' dir='ltr'><strong>amaritu-</strong></span> 
     </span>
    </p>
   </div>
   <div class='ocr_carea' id='block_1_45' title="bbox 272 3003 1865 3077">
    <p class='ocr_par' dir='ltr' id='par_1_45' title="bbox 272 3003 1865 3077">
     <span class='ocr_line' id='line_1_45' title="bbox 272 3003 1865 3077; baseline 0 -18"><span class='ocrx_word' id='word_1_332' title='bbox 272 3005 454 3060; x_wconf 89' lang='lat' dir='ltr'><strong>dinem</strong></span> <span class='ocrx_word' id='word_1_333' title='bbox 484 3007 610 3061; x_wconf 89' lang='lat' dir='ltr'><strong>vitis</strong></span> <span class='ocrx_word' id='word_1_334' title='bbox 640 3005 828 3060; x_wconf 77' lang='lat' dir='ltr'><strong>aliena:</strong></span> <span class='ocrx_word' id='word_1_335' title='bbox 857 3004 990 3077; x_wconf 87' lang='lat' dir='ltr'><strong>(Jer.</strong></span> <span class='ocrx_word' id='word_1_336' title='bbox 1024 3003 1108 3076; x_wconf 88' lang='grc' dir='ltr'><strong>ιι).</strong></span> <span class='ocrx_word' id='word_1_337' title='bbox 1139 3003 1280 3058; x_wconf 88' lang='lat' dir='ltr'><strong>Deus</strong></span> <span class='ocrx_word' id='word_1_338' title='bbox 1305 3016 1434 3074; x_wconf 87' lang='lat' dir='ltr'><strong>ergo</strong></span> <span class='ocrx_word' id='word_1_339' title='bbox 1461 3003 1726 3074; x_wconf 88' lang='lat' dir='ltr'><strong>plantavit</strong></span> <span class='ocrx_word' id='word_1_340' title='bbox 1754 3019 1865 3059; x_wconf 87' lang='lat' dir='ltr'><strong>ma-</strong></span> 
     </span>
    </p>
   </div>
   <div class='ocr_carea' id='block_1_46' title="bbox 273 3100 1865 3174">
    <p class='ocr_par' dir='ltr' id='par_1_46' title="bbox 273 3100 1865 3174">
     <span class='ocr_line' id='line_1_46' title="bbox 273 3100 1865 3174; baseline 0.001 -19"><span class='ocrx_word' id='word_1_341' title='bbox 273 3101 583 3158; x_wconf 84' lang='lat' dir='ltr'><strong>trimonium</strong></span> <span class='ocrx_word' id='word_1_342' title='bbox 613 3109 897 3157; x_wconf 88' lang='lat' dir='ltr'><strong>vestrum:</strong></span> <span class='ocrx_word' id='word_1_343' title='bbox 930 3102 1024 3157; x_wconf 90' lang='lat' dir='ltr'><strong>sed</strong></span> <span class='ocrx_word' id='word_1_344' title='bbox 1069 3100 1313 3174; x_wconf 79' lang='lat' dir='ltr'><strong>conjugis</strong></span> <span class='ocrx_word' id='word_1_345' title='bbox 1356 3102 1432 3156; x_wconf 90' lang='lat' dir='ltr'><strong>tui</strong></span> <span class='ocrx_word' id='word_1_346' title='bbox 1477 3101 1608 3156; x_wconf 91' lang='lat' dir='ltr'><strong>vitio</strong></span> <span class='ocrx_word' id='word_1_347' title='bbox 1638 3117 1865 3157; x_wconf 85' lang='lat' dir='ltr'><strong>conver-</strong></span> 
     </span>
    </p>
   </div>
   <div class='ocr_carea' id='block_1_47' title="bbox 275 3193 1866 3263">
    <p class='ocr_par' dir='ltr' id='par_1_47' title="bbox 275 3193 1866 3263">
     <span class='ocr_line' id='line_1_47' title="bbox 275 3193 1866 3263; baseline -0.001 -14"><span class='ocrx_word' id='word_1_348' title='bbox 275 3209 393 3250; x_wconf 90' lang='lat' dir='ltr'><strong>sum</strong></span> <span class='ocrx_word' id='word_1_349' title='bbox 419 3203 503 3249; x_wconf 90' lang='lat' dir='ltr'><strong>est</strong></span> <span class='ocrx_word' id='word_1_350' title='bbox 535 3195 588 3248; x_wconf 93' lang='lat' dir='ltr'><strong>in</strong></span> <span class='ocrx_word' id='word_1_351' title='bbox 630 3193 1050 3248; x_wconf 88' lang='lat' dir='ltr'><strong>amaritudinem</strong></span> <span class='ocrx_word' id='word_1_352' title='bbox 1085 3212 1098 3247; x_wconf 91' lang='lat'><strong>:</strong></span> <span class='ocrx_word' id='word_1_353' title='bbox 1137 3202 1192 3248; x_wconf 90' lang='lat' dir='ltr'><strong>et</strong></span> <span class='ocrx_word' id='word_1_354' title='bbox 1220 3193 1346 3248; x_wconf 89' lang='lat' dir='ltr'><strong>dum</strong></span> <span class='ocrx_word' id='word_1_355' title='bbox 1376 3201 1748 3263; x_wconf 78' lang='lat' dir='ltr'><strong>exspectatum</strong></span> <span class='ocrx_word' id='word_1_356' title='bbox 1783 3201 1866 3250; x_wconf 88' lang='lat' dir='ltr'><strong>est</strong></span> 
     </span>
    </p>
   </div>
   <div class='ocr_carea' id='block_1_48' title="bbox 1963 1989 3558 2068">
    <p class='ocr_par' dir='ltr' id='par_1_48' title="bbox 1963 1989 3558 2068">
     <span class='ocr_line' id='line_1_48' title="bbox 1963 1989 3558 2068; baseline 0.004 -22"><span class='ocrx_word' id='word_1_357' title='bbox 1963 1989 2162 2046; x_wconf 80' lang='lat' dir='ltr'><strong>sufﬁcit</strong></span> <span class='ocrx_word' id='word_1_358' title='bbox 2203 1991 2480 2059; x_wconf 88' lang='lat' dir='ltr'><strong>invenire,</strong></span> <span class='ocrx_word' id='word_1_359' title='bbox 2522 2010 2631 2049; x_wconf 92' lang='lat' dir='ltr'><strong>non</strong></span> <span class='ocrx_word' id='word_1_360' title='bbox 2672 1995 2845 2051; x_wconf 90' lang='lat' dir='ltr'><strong>solum</strong></span> <span class='ocrx_word' id='word_1_361' title='bbox 2881 1995 3102 2051; x_wconf 78' lang='lat' dir='ltr'><strong>innoxia</strong></span> <span class='ocrx_word' id='word_1_362' title='bbox 3138 2011 3279 2066; x_wconf 63' lang='lat' dir='ltr'><strong>saepe</strong></span> <span class='ocrx_word' id='word_1_363' title='bbox 3306 2012 3558 2068; x_wconf 82' lang='lat' dir='ltr'><strong>compro-</strong></span> 
     </span>
    </p>
   </div>
   <div class='ocr_carea' id='block_1_49' title="bbox 1962 2083 3562 2157">
    <p class='ocr_par' dir='ltr' id='par_1_49' title="bbox 1962 2083 3562 2157">
     <span class='ocr_line' id='line_1_49' title="bbox 1962 2083 3562 2157; baseline 0.003 -19"><span class='ocrx_word' id='word_1_364' title='bbox 1962 2083 2088 2138; x_wconf 87' lang='lat' dir='ltr'><strong>bata</strong></span> <span class='ocrx_word' id='word_1_365' title='bbox 2115 2098 2195 2148; x_wconf 89' lang='lat' dir='ltr'><strong>es,</strong></span> <span class='ocrx_word' id='word_1_366' title='bbox 2222 2097 2414 2138; x_wconf 88' lang='lat' dir='ltr'><strong>verum</strong></span> <span class='ocrx_word' id='word_1_367' title='bbox 2451 2092 2506 2138; x_wconf 90' lang='lat' dir='ltr'><strong>et</strong></span> <span class='ocrx_word' id='word_1_368' title='bbox 2543 2084 2799 2140; x_wconf 85' lang='lat' dir='ltr'><strong>Ecclesiae</strong></span> <span class='ocrx_word' id='word_1_369' title='bbox 2833 2101 3050 2155; x_wconf 90' lang='lat' dir='ltr'><strong>semper</strong></span> <span class='ocrx_word' id='word_1_370' title='bbox 3075 2087 3332 2141; x_wconf 79' lang='lat' dir='ltr'><strong>auxilium</strong></span> <span class='ocrx_word' id='word_1_371' title='bbox 3360 2103 3562 2157; x_wconf 84' lang='lat' dir='ltr'><strong>provo-</strong></span> 
     </span>
    </p>
   </div>
   <div class='ocr_carea' id='block_1_50' title="bbox 1961 2165 3560 2248">
    <p class='ocr_par' dir='ltr' id='par_1_50' title="bbox 1961 2165 3560 2248">
     <span class='ocr_line' id='line_1_50' title="bbox 1961 2165 3560 2248; baseline 0.005 -20"><span class='ocrx_word' id='word_1_372' title='bbox 1961 2165 2117 2228; x_wconf 82' lang='lat' dir='ltr'><strong>casse</strong></span> <span class='ocrx_word' id='word_1_373' title='bbox 2161 2173 2516 2244; x_wconf 89' lang='lat' dir='ltr'><strong>dignosceris.</strong></span> <span class='ocrx_word' id='word_1_374' title='bbox 2570 2175 2794 2244; x_wconf 86' lang='lat' dir='ltr'><strong>Insuper</strong></span> <span class='ocrx_word' id='word_1_375' title='bbox 2842 2184 2898 2231; x_wconf 91' lang='lat' dir='ltr'><strong>et</strong></span> <span class='ocrx_word' id='word_1_376' title='bbox 2954 2178 3128 2232; x_wconf 89' lang='lat' dir='ltr'><strong>sancti</strong></span> <span class='ocrx_word' id='word_1_377' title='bbox 3188 2179 3560 2248; x_wconf 87' lang='lat' dir='ltr'><strong>apostolorum</strong></span> 
     </span>
    </p>
   </div>
   <div class='ocr_carea' id='block_1_51' title="bbox 1959 2263 3564 2340">
    <p class='ocr_par' dir='ltr' id='par_1_51' title="bbox 1959 2263 3564 2340">
     <span class='ocr_line' id='line_1_51' title="bbox 1959 2263 3564 2340; baseline 0.008 -24"><span class='ocrx_word' id='word_1_378' title='bbox 1959 2263 2224 2334; x_wconf 88' lang='lat' dir='ltr'><strong>principis</strong></span> <span class='ocrx_word' id='word_1_379' title='bbox 2248 2266 2560 2334; x_wconf 68' lang='lat' dir='ltr'><strong>praasidium</strong></span> <span class='ocrx_word' id='word_1_380' title='bbox 2587 2267 2964 2339; x_wconf 88' lang='lat' dir='ltr'><strong>refugiumque</strong></span> <span class='ocrx_word' id='word_1_381' title='bbox 2991 2271 3193 2340; x_wconf 87' lang='lat' dir='ltr'><strong>petisti.</strong></span> <span class='ocrx_word' id='word_1_382' title='bbox 3221 2271 3373 2328; x_wconf 92' lang='lat' dir='ltr'><strong>Unde</strong></span> <span class='ocrx_word' id='word_1_383' title='bbox 3401 2273 3564 2328; x_wconf 86' lang='lat' dir='ltr'><strong>sedes</strong></span> 
     </span>
    </p>
   </div>
   <div class='ocr_carea' id='block_1_52' title="bbox 1963 2357 3562 2435">
    <p class='ocr_par' dir='ltr' id='par_1_52' title="bbox 1963 2357 3562 2435">
     <span class='ocr_line' id='line_1_52' title="bbox 1963 2357 3562 2435; baseline 0.008 -27"><span class='ocrx_word' id='word_1_384' title='bbox 1963 2357 2260 2424; x_wconf 89' lang='lat' dir='ltr'><strong>apostolica</strong></span> <span class='ocrx_word' id='word_1_385' title='bbox 2289 2366 2436 2412; x_wconf 89' lang='lat' dir='ltr'><strong>tuam</strong></span> <span class='ocrx_word' id='word_1_386' title='bbox 2467 2373 2686 2414; x_wconf 86' lang='lat' dir='ltr'><strong>causam</strong></span> <span class='ocrx_word' id='word_1_387' title='bbox 2725 2362 2891 2435; x_wconf 65' lang='lat' dir='ltr'><strong>coepit</strong></span> <span class='ocrx_word' id='word_1_388' title='bbox 2931 2362 3220 2427; x_wconf 88' lang='lat' dir='ltr'><strong>discutere,</strong></span> <span class='ocrx_word' id='word_1_389' title='bbox 3251 2374 3304 2418; x_wconf 90' lang='lat' dir='ltr'><strong>et</strong></span> <span class='ocrx_word' id='word_1_390' title='bbox 3336 2365 3562 2435; x_wconf 86' lang='lat' dir='ltr'><strong>speciali</strong></span> 
     </span>
    </p>
   </div>
   <div class='ocr_carea' id='block_1_53' title="bbox 1964 2431 3563 2518">
    <p class='ocr_par' dir='ltr' id='par_1_53' title="bbox 1964 2431 3563 2518">
     <span class='ocr_line' id='line_1_53' title="bbox 1964 2431 3563 2518; baseline 0.006 -18"><span class='ocrx_word' id='word_1_391' title='bbox 1964 2447 2227 2516; x_wconf 86' lang='lat' dir='ltr'><strong>quidquid</strong></span> <span class='ocrx_word' id='word_1_392' title='bbox 2249 2449 2567 2518; x_wconf 65' lang='lat' dir='ltr'><strong>quaestionis</strong></span> <span class='ocrx_word' id='word_1_393' title='bbox 2593 2431 2904 2506; x_wconf 68' lang='lat' dir='ltr'><strong>emersisset</strong></span> <span class='ocrx_word' id='word_1_394' title='bbox 2921 2451 3128 2518; x_wconf 86' lang='lat' dir='ltr'><strong>judicio</strong></span> <span class='ocrx_word' id='word_1_395' title='bbox 3153 2468 3250 2507; x_wconf 91' lang='lat' dir='ltr'><strong>suo</strong></span> <span class='ocrx_word' id='word_1_396' title='bbox 3275 2431 3563 2510; x_wconf 78' lang='lat' dir='ltr'><strong>reservare</strong></span> 
     </span>
    </p>
   </div>
   <div class='ocr_carea' id='block_1_54' title="bbox 1963 2533 3561 2618">
    <p class='ocr_par' dir='ltr' id='par_1_54' title="bbox 1963 2533 3561 2618">
     <span class='ocr_line' id='line_1_54' title="bbox 1963 2533 3561 2618; baseline 0.008 -27"><span class='ocrx_word' id='word_1_397' title='bbox 1963 2540 2264 2608; x_wconf 90' lang='lat' dir='ltr'><strong>proposuit.</strong></span> <span class='ocrx_word' id='word_1_398' title='bbox 2295 2540 2662 2616; x_wconf 12' lang='lat' dir='ltr'><strong>Quamobrem.</strong></span> <span class='ocrx_word' id='word_1_399' title='bbox 2686 2533 2930 2612; x_wconf 82' lang='lat' dir='ltr'><strong>quiSquis</strong></span> <span class='ocrx_word' id='word_1_400' title='bbox 2957 2555 3147 2599; x_wconf 87' lang='lat' dir='ltr'><strong>contra</strong></span> <span class='ocrx_word' id='word_1_401' title='bbox 3191 2555 3257 2601; x_wconf 59' lang='lat' dir='ltr'><strong>te.</strong></span> <span class='ocrx_word' id='word_1_402' title='bbox 3286 2547 3414 2618; x_wconf 87' lang='lat' dir='ltr'><strong>agit,</strong></span> <span class='ocrx_word' id='word_1_403' title='bbox 3449 2563 3561 2603; x_wconf 85' lang='lat' dir='ltr'><strong>non</strong></span> 
     </span>
    </p>
   </div>
   <div class='ocr_carea' id='block_1_55' title="bbox 1965 2628 3560 2704">
    <p class='ocr_par' dir='ltr' id='par_1_55' title="bbox 1965 2628 3560 2704">
     <span class='ocr_line' id='line_1_55' title="bbox 1965 2628 3560 2704; baseline 0.008 -20"><span class='ocrx_word' id='word_1_404' title='bbox 1965 2628 2140 2684; x_wconf 90' lang='lat' dir='ltr'><strong>solum</strong></span> <span class='ocrx_word' id='word_1_405' title='bbox 2184 2630 2486 2686; x_wconf 88' lang='lat' dir='ltr'><strong>Ecclesiam</strong></span> <span class='ocrx_word' id='word_1_406' title='bbox 2527 2632 2624 2687; x_wconf 92' lang='lat' dir='ltr'><strong>Dei</strong></span> <span class='ocrx_word' id='word_1_407' title='bbox 2666 2635 2904 2704; x_wconf 87' lang='lat' dir='ltr'><strong>graviter</strong></span> <span class='ocrx_word' id='word_1_408' title='bbox 2947 2635 3112 2702; x_wconf 62' lang='lat' dir='ltr'><strong>Redit,</strong></span> <span class='ocrx_word' id='word_1_409' title='bbox 3155 2652 3345 2692; x_wconf 81' lang='lat' dir='ltr'><strong>verum</strong></span> <span class='ocrx_word' id='word_1_410' title='bbox 3394 2641 3560 2696; x_wconf 91' lang='lat' dir='ltr'><strong>etiam</strong></span> 
     </span>
    </p>
   </div>
   <div class='ocr_carea' id='block_1_56' title="bbox 1965 2721 3563 2795">
    <p class='ocr_par' dir='ltr' id='par_1_56' title="bbox 1965 2721 3563 2795">
     <span class='ocr_line' id='line_1_56' title="bbox 1965 2721 3563 2795; baseline 0.008 -20"><span class='ocrx_word' id='word_1_411' title='bbox 1965 2721 2147 2775; x_wconf 89' lang='lat' dir='ltr'><strong>sedem</strong></span> <span class='ocrx_word' id='word_1_412' title='bbox 2186 2722 2537 2792; x_wconf 89' lang='lat' dir='ltr'><strong>apostolicam</strong></span> <span class='ocrx_word' id='word_1_413' title='bbox 2567 2724 2632 2779; x_wconf 92' lang='lat' dir='ltr'><strong>de</strong></span> <span class='ocrx_word' id='word_1_414' title='bbox 2659 2723 2813 2794; x_wconf 90' lang='lat' dir='ltr'><strong>cujus</strong></span> <span class='ocrx_word' id='word_1_415' title='bbox 2835 2724 3040 2795; x_wconf 90' lang='lat' dir='ltr'><strong>judicio</strong></span> <span class='ocrx_word' id='word_1_416' title='bbox 3081 2743 3189 2783; x_wconf 89' lang='lat' dir='ltr'><strong>non</strong></span> <span class='ocrx_word' id='word_1_417' title='bbox 3234 2730 3360 2786; x_wconf 89' lang='lat' dir='ltr'><strong>licet</strong></span> <span class='ocrx_word' id='word_1_418' title='bbox 3386 2739 3563 2788; x_wconf 87' lang='lat' dir='ltr'><strong>retra-</strong></span> 
     </span>
    </p>
   </div>
   <div class='ocr_carea' id='block_1_57' title="bbox 1966 2815 3562 2881">
    <p class='ocr_par' dir='ltr' id='par_1_57' title="bbox 1966 2815 3562 2881">
     <span class='ocr_line' id='line_1_57' title="bbox 1966 2815 3562 2881; baseline 0.006 -11"><span class='ocrx_word' id='word_1_419' title='bbox 1966 2815 2128 2881; x_wconf 84' lang='lat' dir='ltr'><strong>ctari,</strong></span> <span class='ocrx_word' id='word_1_420' title='bbox 2155 2815 2504 2872; x_wconf 89' lang='lat' dir='ltr'><strong>vehementer</strong></span> <span class='ocrx_word' id='word_1_421' title='bbox 2537 2817 2798 2875; x_wconf 89' lang='lat' dir='ltr'><strong>adversus</strong></span> <span class='ocrx_word' id='word_1_422' title='bbox 2825 2836 2884 2875; x_wconf 90' lang='lat' dir='ltr'><strong>se</strong></span> <span class='ocrx_word' id='word_1_423' title='bbox 2911 2834 3256 2878; x_wconf 88' lang='lat' dir='ltr'><strong>commovere</strong></span> <span class='ocrx_word' id='word_1_424' title='bbox 3285 2825 3562 2880; x_wconf 88' lang='lat' dir='ltr'><strong>convinci-</strong></span> 
     </span>
    </p>
   </div>
   <div class='ocr_carea' id='block_1_58' title="bbox 1967 2911 3561 2988">
    <p class='ocr_par' dir='ltr' id='par_1_58' title="bbox 1967 2911 3561 2988">
     <span class='ocr_line' id='line_1_58' title="bbox 1967 2911 3561 2988; baseline 0.004 -21"><span class='ocrx_word' id='word_1_425' title='bbox 1967 2920 2075 2967; x_wconf 90' lang='lat' dir='ltr'><strong>tur.</strong></span> <span class='ocrx_word' id='word_1_426' title='bbox 2112 2911 2252 2968; x_wconf 88' lang='lat' dir='ltr'><strong>Sane</strong></span> <span class='ocrx_word' id='word_1_427' title='bbox 2279 2914 2324 2968; x_wconf 89' lang='lat' dir='ltr'><strong>si</strong></span> <span class='ocrx_word' id='word_1_428' title='bbox 2353 2923 2409 2968; x_wconf 87' lang='lat' dir='ltr'><strong>tu</strong></span> <span class='ocrx_word' id='word_1_429' title='bbox 2442 2913 2668 2970; x_wconf 82' lang='lat' dir='ltr'><strong>Romam</strong></span> <span class='ocrx_word' id='word_1_430' title='bbox 2698 2916 2885 2971; x_wconf 88' lang='lat' dir='ltr'><strong>venire</strong></span> <span class='ocrx_word' id='word_1_431' title='bbox 2911 2917 3173 2988; x_wconf 87' lang='lat' dir='ltr'><strong>disponis,</strong></span> <span class='ocrx_word' id='word_1_432' title='bbox 3204 2927 3258 2974; x_wconf 91' lang='lat' dir='ltr'><strong>et</strong></span> <span class='ocrx_word' id='word_1_433' title='bbox 3282 2919 3561 2976; x_wconf 88' lang='lat' dir='ltr'><strong>licentiam</strong></span> 
     </span>
    </p>
   </div>
   <div class='ocr_carea' id='block_1_59' title="bbox 1964 3004 3562 3080">
    <p class='ocr_par' dir='ltr' id='par_1_59' title="bbox 1964 3004 3562 3080">
     <span class='ocr_line' id='line_1_59' title="bbox 1964 3004 3562 3080; baseline 0.008 -22"><span class='ocrx_word' id='word_1_434' title='bbox 1964 3004 2342 3074; x_wconf 83' lang='lat' dir='ltr'><strong>proficiscendi</strong></span> <span class='ocrx_word' id='word_1_435' title='bbox 2370 3021 2400 3060; x_wconf 91' lang='lat' dir='ltr'><strong>a</strong></span> <span class='ocrx_word' id='word_1_436' title='bbox 2434 3006 2663 3077; x_wconf 90' lang='lat' dir='ltr'><strong>conjuge</strong></span> <span class='ocrx_word' id='word_1_437' title='bbox 2709 3018 2798 3062; x_wconf 90' lang='lat' dir='ltr'><strong>tuo</strong></span> <span class='ocrx_word' id='word_1_438' title='bbox 2830 3010 3050 3080; x_wconf 87' lang='lat' dir='ltr'><strong>adipisci</strong></span> <span class='ocrx_word' id='word_1_439' title='bbox 3089 3013 3194 3077; x_wconf 70' lang='lat' dir='ltr'><strong>vis;</strong></span> <span class='ocrx_word' id='word_1_440' title='bbox 3232 3029 3333 3069; x_wconf 90' lang='lat' dir='ltr'><strong>nos</strong></span> <span class='ocrx_word' id='word_1_441' title='bbox 3371 3030 3402 3069; x_wconf 93' lang='lat' dir='ltr'><strong>e</strong></span> <span class='ocrx_word' id='word_1_442' title='bbox 3431 3029 3562 3070; x_wconf 88' lang='lat' dir='ltr'><strong>con-</strong></span> 
     </span>
    </p>
   </div>
   <div class='ocr_carea' id='block_1_60' title="bbox 1967 3097 3565 3169">
    <p class='ocr_par' dir='ltr' id='par_1_60' title="bbox 1967 3097 3565 3169">
     <span class='ocr_line' id='line_1_60' title="bbox 1967 3097 3565 3169; baseline 0.008 -19"><span class='ocrx_word' id='word_1_443' title='bbox 1967 3104 2048 3150; x_wconf 89' lang='lat' dir='ltr'><strong>tra</strong></span> <span class='ocrx_word' id='word_1_444' title='bbox 2077 3097 2248 3151; x_wconf 90' lang='lat' dir='ltr'><strong>multo</strong></span> <span class='ocrx_word' id='word_1_445' title='bbox 2282 3099 2454 3169; x_wconf 82' lang='lat' dir='ltr'><strong>magis</strong></span> <span class='ocrx_word' id='word_1_446' title='bbox 2484 3099 2857 3164; x_wconf 78' lang='lat' dir='ltr'><strong>exhortamur,</strong></span> <span class='ocrx_word' id='word_1_447' title='bbox 2891 3111 2950 3157; x_wconf 91' lang='lat' dir='ltr'><strong>ut</strong></span> <span class='ocrx_word' id='word_1_448' title='bbox 2983 3104 3211 3159; x_wconf 86' lang='lat' dir='ltr'><strong>suadere</strong></span> <span class='ocrx_word' id='word_1_449' title='bbox 3240 3107 3417 3161; x_wconf 89' lang='lat' dir='ltr'><strong>modis</strong></span> <span class='ocrx_word' id='word_1_450' title='bbox 3443 3121 3565 3161; x_wconf 81' lang='lat' dir='ltr'><strong>om-</strong></span> 
     </span>
    </p>
   </div>
   <div class='ocr_carea' id='block_1_61' title="bbox 1967 3181 3562 3269">
    <p class='ocr_par' dir='ltr' id='par_1_61' title="bbox 1967 3181 3562 3269">
     <span class='ocr_line' id='line_1_61' title="bbox 1967 3181 3562 3269; baseline 0.008 -27"><span class='ocrx_word' id='word_1_451' title='bbox 1967 3189 2129 3244; x_wconf 90' lang='lat' dir='ltr'><strong>nibus</strong></span> <span class='ocrx_word' id='word_1_452' title='bbox 2153 3191 2328 3245; x_wconf 89' lang='lat' dir='ltr'><strong>eidem</strong></span> <span class='ocrx_word' id='word_1_453' title='bbox 2354 3192 2470 3269; x_wconf 72' lang='lat' dir='ltr'><strong>viro</strong></span> <span class='ocrx_word' id='word_1_454' title='bbox 2501 3181 2592 3247; x_wconf 87' lang='lat' dir='ltr'><strong>tuo</strong></span> <span class='ocrx_word' id='word_1_455' title='bbox 2617 3208 2902 3263; x_wconf 88' lang='lat' dir='ltr'><strong>procures,</strong></span> <span class='ocrx_word' id='word_1_456' title='bbox 2929 3205 3200 3265; x_wconf 88' lang='lat' dir='ltr'><strong>quatenus</strong></span> <span class='ocrx_word' id='word_1_457' title='bbox 3223 3200 3374 3269; x_wconf 93' lang='lat' dir='ltr'><strong>prius</strong></span> <span class='ocrx_word' id='word_1_458' title='bbox 3399 3215 3562 3256; x_wconf 86' lang='lat' dir='ltr'><strong>secu-</strong></span> 
     </span>
    </p>
   </div>
   <div class='ocr_carea' id='block_1_62' title="bbox 274 3266 3564 3366">
    <p class='ocr_par' dir='ltr' id='par_1_62' title="bbox 274 3266 3564 3366">
     <span class='ocr_line' id='line_1_62' title="bbox 274 3266 3564 3366; baseline 0.001 -20"><span class='ocrx_word' id='word_1_459' title='bbox 274 3298 334 3344; x_wconf 87' lang='lat' dir='ltr'><strong>ut</strong></span> <span class='ocrx_word' id='word_1_460' title='bbox 363 3289 563 3344; x_wconf 83' lang='lat' dir='ltr'><strong>faceret</strong></span> <span class='ocrx_word' id='word_1_461' title='bbox 589 3303 742 3354; x_wconf 82' lang='lat' dir='ltr'><strong>uvas,</strong></span> <span class='ocrx_word' id='word_1_462' title='bbox 773 3287 920 3353; x_wconf 74' lang='lat' dir='ltr'><strong>fecit,</strong></span> <span class='ocrx_word' id='word_1_463' title='bbox 951 3287 1088 3346; x_wconf 84' lang='lat' dir='ltr'><strong>heu!</strong></span> <span class='ocrx_word' id='word_1_464' title='bbox 1120 3287 1421 3354; x_wconf 89' lang='lat' dir='ltr'><strong>labruscas,</strong></span> <span class='ocrx_word' id='word_1_465' title='bbox 1449 3286 1532 3342; x_wconf 90' lang='lat' dir='ltr'><strong>vel</strong></span> <span class='ocrx_word' id='word_1_466' title='bbox 1557 3287 1720 3342; x_wconf 88' lang='lat' dir='ltr'><strong>etiam</strong></span> <span class='ocrx_word' id='word_1_467' title='bbox 1750 3287 1864 3358; x_wconf 86' lang='lat' dir='ltr'><strong>spi-</strong></span> <span class='ocrx_word' id='word_1_468' title='bbox 1891 3301 1936 3366; x_wconf 69' lang='grc' dir='ltr'><strong>ρ</strong></span> <span class='ocrx_word' id='word_1_469' title='bbox 1967 3281 2182 3336; x_wconf 87' lang='lat' dir='ltr'><strong>ritatem</strong></span> <span class='ocrx_word' id='word_1_470' title='bbox 2213 3283 2307 3337; x_wconf 89' lang='lat' dir='ltr'><strong>tibi</strong></span> <span class='ocrx_word' id='word_1_471' title='bbox 2336 3266 2692 3339; x_wconf 68' lang='lat' dir='ltr'><strong>certissimam</strong></span> <span class='ocrx_word' id='word_1_472' title='bbox 2720 3287 2939 3352; x_wconf 89' lang='lat' dir='ltr'><strong>tribuat,</strong></span> <span class='ocrx_word' id='word_1_473' title='bbox 2965 3303 3072 3358; x_wconf 89' lang='lat' dir='ltr'><strong>qua</strong></span> <span class='ocrx_word' id='word_1_474' title='bbox 3098 3266 3266 3345; x_wconf 70' lang='lat' dir='ltr'><strong>fretra</strong></span> <span class='ocrx_word' id='word_1_475' title='bbox 3293 3307 3564 3362; x_wconf 87' lang='lat' dir='ltr'><strong>nusquam</strong></span> 
     </span>
    </p>
   </div>
   <div class='ocr_carea' id='block_1_63' title="bbox 274 3375 1864 3448">
    <p class='ocr_par' dir='ltr' id='par_1_63' title="bbox 274 3375 1864 3448">
     <span class='ocr_line' id='line_1_63' title="bbox 274 3375 1864 3448; baseline -0.001 -14"><span class='ocrx_word' id='word_1_476' title='bbox 274 3395 390 3435; x_wconf 88' lang='lat' dir='ltr'><strong>nas.</strong></span> <span class='ocrx_word' id='word_1_477' title='bbox 425 3378 530 3434; x_wconf 89' lang='lat' dir='ltr'><strong>Sed</strong></span> <span class='ocrx_word' id='word_1_478' title='bbox 583 3379 700 3435; x_wconf 69' lang='lat' dir='ltr'><strong>haec</strong></span> <span class='ocrx_word' id='word_1_479' title='bbox 745 3378 961 3448; x_wconf 90' lang='lat' dir='ltr'><strong>quidem</strong></span> <span class='ocrx_word' id='word_1_480' title='bbox 1011 3392 1078 3432; x_wconf 83' lang='lat' dir='ltr'><strong>ex</strong></span> <span class='ocrx_word' id='word_1_481' title='bbox 1121 3376 1422 3432; x_wconf 92' lang='lat' dir='ltr'><strong>innumeris</strong></span> <span class='ocrx_word' id='word_1_482' title='bbox 1470 3375 1710 3448; x_wconf 72' lang='lat' dir='ltr'><strong>epistolae</strong></span> <span class='ocrx_word' id='word_1_483' title='bbox 1759 3385 1864 3432; x_wconf 77' lang='lat' dir='ltr'><strong>tute</strong></span> 
     </span>
    </p>
   </div>
   <div class='ocr_carea' id='block_1_64' title="bbox 275 3468 1865 3540">
    <p class='ocr_par' dir='ltr' id='par_1_64' title="bbox 275 3468 1865 3540">
     <span class='ocr_line' id='line_1_64' title="bbox 275 3468 1865 3540; baseline -0.003 -13"><span class='ocrx_word' id='word_1_484' title='bbox 275 3471 386 3527; x_wconf 89' lang='lat' dir='ltr'><strong>sola</strong></span> <span class='ocrx_word' id='word_1_485' title='bbox 417 3485 845 3526; x_wconf 87' lang='lat' dir='ltr'><strong>commemorare</strong></span> <span class='ocrx_word' id='word_1_486' title='bbox 870 3469 1046 3525; x_wconf 90' lang='lat' dir='ltr'><strong>libuit.</strong></span> <span class='ocrx_word' id='word_1_487' title='bbox 1075 3468 1339 3524; x_wconf 65' lang='lat' dir='ltr'><strong>Caeterum</strong></span> <span class='ocrx_word' id='word_1_488' title='bbox 1363 3469 1484 3539; x_wconf 88' lang='lat' dir='ltr'><strong>quis</strong></span> <span class='ocrx_word' id='word_1_489' title='bbox 1513 3468 1865 3540; x_wconf 66' lang='lat' dir='ltr'><strong>ignorathaec</strong></span> 
     </span>
    </p>
   </div>
   <div class='ocr_carea' id='block_1_65' title="bbox 275 3559 1870 3633">
    <p class='ocr_par' dir='ltr' id='par_1_65' title="bbox 275 3559 1870 3633">
     <span class='ocr_line' id='line_1_65' title="bbox 275 3559 1870 3633; baseline -0.004 -14"><span class='ocrx_word' id='word_1_490' title='bbox 275 3559 327 3619; x_wconf 78' lang='lat' dir='ltr'><strong>té</strong></span> <span class='ocrx_word' id='word_1_491' title='bbox 369 3563 553 3618; x_wconf 88' lang='lat' dir='ltr'><strong>multis</strong></span> <span class='ocrx_word' id='word_1_492' title='bbox 602 3562 874 3633; x_wconf 90' lang='lat' dir='ltr'><strong>pressuris</strong></span> <span class='ocrx_word' id='word_1_493' title='bbox 913 3562 1196 3616; x_wconf 88' lang='lat' dir='ltr'><strong>subactam</strong></span> <span class='ocrx_word' id='word_1_494' title='bbox 1234 3561 1573 3630; x_wconf 90' lang='lat' dir='ltr'><strong>depromere,</strong></span> <span class='ocrx_word' id='word_1_495' title='bbox 1605 3575 1669 3613; x_wconf 91' lang='lat' dir='ltr'><strong>ac</strong></span> <span class='ocrx_word' id='word_1_496' title='bbox 1711 3560 1870 3613; x_wconf 80' lang='lat' dir='ltr'><strong>innu-</strong></span> 
     </span>
    </p>
   </div>
   <div class='ocr_carea' id='block_1_66' title="bbox 277 3651 1870 3724">
    <p class='ocr_par' dir='ltr' id='par_1_66' title="bbox 277 3651 1870 3724">
     <span class='ocr_line' id='line_1_66' title="bbox 277 3651 1870 3724; baseline -0.006 -10"><span class='ocrx_word' id='word_1_497' title='bbox 277 3659 440 3714; x_wconf 90' lang='lat' dir='ltr'><strong>meris</strong></span> <span class='ocrx_word' id='word_1_498' title='bbox 474 3656 634 3712; x_wconf 89' lang='lat' dir='ltr'><strong>malis</strong></span> <span class='ocrx_word' id='word_1_499' title='bbox 673 3654 917 3709; x_wconf 89' lang='lat' dir='ltr'><strong>attritam</strong></span> <span class='ocrx_word' id='word_1_500' title='bbox 959 3652 1226 3724; x_wconf 89' lang='lat' dir='ltr'><strong>proferre,</strong></span> <span class='ocrx_word' id='word_1_501' title='bbox 1253 3667 1376 3708; x_wconf 91' lang='lat' dir='ltr'><strong>cum</strong></span> <span class='ocrx_word' id='word_1_502' title='bbox 1423 3651 1614 3715; x_wconf 89' lang='lat' dir='ltr'><strong>etiam,</strong></span> <span class='ocrx_word' id='word_1_503' title='bbox 1647 3659 1707 3704; x_wconf 88' lang='lat' dir='ltr'><strong>ut</strong></span> <span class='ocrx_word' id='word_1_504' title='bbox 1746 3665 1870 3720; x_wconf 81' lang='lat' dir='ltr'><strong>pre-</strong></span> 
     </span>
    </p>
   </div>
   <div class='ocr_carea' id='block_1_67' title="bbox 276 3738 1868 3815">
    <p class='ocr_par' dir='ltr' id='par_1_67' title="bbox 276 3738 1868 3815">
     <span class='ocr_line' id='line_1_67' title="bbox 276 3738 1868 3815; baseline -0.006 -11"><span class='ocrx_word' id='word_1_505' title='bbox 276 3749 532 3814; x_wconf 77' lang='lat' dir='ltr'><strong>diximus,</strong></span> <span class='ocrx_word' id='word_1_506' title='bbox 564 3761 754 3802; x_wconf 91' lang='lat' dir='ltr'><strong>omnes</strong></span> <span class='ocrx_word' id='word_1_507' title='bbox 784 3744 1018 3815; x_wconf 88' lang='lat' dir='ltr'><strong>religiosi</strong></span> <span class='ocrx_word' id='word_1_508' title='bbox 1055 3753 1112 3798; x_wconf 91' lang='lat' dir='ltr'><strong>et</strong></span> <span class='ocrx_word' id='word_1_509' title='bbox 1149 3743 1283 3798; x_wconf 89' lang='lat' dir='ltr'><strong>clari</strong></span> <span class='ocrx_word' id='word_1_510' title='bbox 1326 3741 1622 3798; x_wconf 88' lang='lat' dir='ltr'><strong>Galliarum</strong></span> <span class='ocrx_word' id='word_1_511' title='bbox 1652 3749 1708 3795; x_wconf 92' lang='lat' dir='ltr'><strong>et</strong></span> <span class='ocrx_word' id='word_1_512' title='bbox 1733 3738 1868 3796; x_wconf 84' lang='lat' dir='ltr'><strong>Ger-</strong></span> 
     </span>
    </p>
   </div>
   <div class='ocr_carea' id='block_1_68' title="bbox 279 3831 1868 3902">
    <p class='ocr_par' dir='ltr' id='par_1_68' title="bbox 279 3831 1868 3902">
     <span class='ocr_line' id='line_1_68' title="bbox 279 3831 1868 3902; baseline -0.007 -7"><span class='ocrx_word' id='word_1_513' title='bbox 279 3841 472 3896; x_wconf 77' lang='lat' dir='ltr'><strong>maniae</strong></span> <span class='ocrx_word' id='word_1_514' title='bbox 516 3839 617 3893; x_wconf 85' lang='lat' dir='ltr'><strong>viri</strong></span> <span class='ocrx_word' id='word_1_515' title='bbox 663 3838 778 3893; x_wconf 66' lang='lat' dir='ltr'><strong>haec</strong></span> <span class='ocrx_word' id='word_1_516' title='bbox 825 3837 899 3890; x_wconf 88' lang='lat' dir='ltr'><strong>ita</strong></span> <span class='ocrx_word' id='word_1_517' title='bbox 945 3849 1002 3890; x_wconf 90' lang='lat' dir='ltr'><strong>se</strong></span> <span class='ocrx_word' id='word_1_518' title='bbox 1051 3834 1251 3890; x_wconf 88' lang='lat' dir='ltr'><strong>habere</strong></span> <span class='ocrx_word' id='word_1_519' title='bbox 1299 3831 1568 3902; x_wconf 86' lang='lat' dir='ltr'><strong>frequenti</strong></span> <span class='ocrx_word' id='word_1_520' title='bbox 1609 3831 1868 3886; x_wconf 89' lang='lat' dir='ltr'><strong>relatione</strong></span> 
     </span>
    </p>
   </div>
   <div class='ocr_carea' id='block_1_69' title="bbox 277 3921 1870 3996">
    <p class='ocr_par' dir='ltr' id='par_1_69' title="bbox 277 3921 1870 3996">
     <span class='ocr_line' id='line_1_69' title="bbox 277 3921 1870 3996; baseline -0.005 -10"><span class='ocrx_word' id='word_1_521' title='bbox 277 3939 571 3996; x_wconf 89' lang='lat' dir='ltr'><strong>testentur,</strong></span> <span class='ocrx_word' id='word_1_522' title='bbox 607 3928 740 3983; x_wconf 90' lang='lat' dir='ltr'><strong>adeo</strong></span> <span class='ocrx_word' id='word_1_523' title='bbox 790 3935 850 3980; x_wconf 97' lang='grc' dir='ltr'><strong>ιιι</strong></span> <span class='ocrx_word' id='word_1_524' title='bbox 905 3925 1021 3981; x_wconf 71' lang='lat' dir='ltr'><strong>haec</strong></span> <span class='ocrx_word' id='word_1_525' title='bbox 1073 3933 1126 3979; x_wconf 91' lang='lat' dir='ltr'><strong>te</strong></span> <span class='ocrx_word' id='word_1_526' title='bbox 1173 3923 1329 3978; x_wconf 90' lang='lat' dir='ltr'><strong>nobis</strong></span> <span class='ocrx_word' id='word_1_527' title='bbox 1380 3922 1703 3994; x_wconf 86' lang='lat' dir='ltr'><strong>scripturam</strong></span> <span class='ocrx_word' id='word_1_528' title='bbox 1751 3921 1870 3978; x_wconf 88' lang='lat' dir='ltr'><strong>fore</strong></span> 
     </span>
    </p>
   </div>
   <div class='ocr_carea' id='block_1_70' title="bbox 280 4013 1866 4089">
    <p class='ocr_par' dir='ltr' id='par_1_70' title="bbox 280 4013 1866 4089">
     <span class='ocr_line' id='line_1_70' title="bbox 280 4013 1866 4089; baseline -0.008 -10"><span class='ocrx_word' id='word_1_529' title='bbox 280 4031 404 4078; x_wconf 87' lang='lat' dir='ltr'><strong>ante</strong></span> <span class='ocrx_word' id='word_1_530' title='bbox 437 4021 662 4077; x_wconf 92' lang='lat' dir='ltr'><strong>multum</strong></span> <span class='ocrx_word' id='word_1_531' title='bbox 683 4018 955 4088; x_wconf 87' lang='lat' dir='ltr'><strong>temporis</strong></span> <span class='ocrx_word' id='word_1_532' title='bbox 993 4015 1408 4089; x_wconf 85' lang='lat' dir='ltr'><strong>agnoverimus?</strong></span> <span class='ocrx_word' id='word_1_533' title='bbox 1441 4013 1548 4068; x_wconf 90' lang='lat' dir='ltr'><strong>Sed</strong></span> <span class='ocrx_word' id='word_1_534' title='bbox 1581 4014 1666 4069; x_wconf 91' lang='lat' dir='ltr'><strong>his</strong></span> <span class='ocrx_word' id='word_1_535' title='bbox 1697 4013 1866 4068; x_wconf 87' lang='lat' dir='ltr'><strong>omis-</strong></span> 
     </span>
    </p>
   </div>
   <div class='ocr_carea' id='block_1_71' title="bbox 277 4103 1868 4177">
    <p class='ocr_par' dir='ltr' id='par_1_71' title="bbox 277 4103 1868 4177">
     <span class='ocr_line' id='line_1_71' title="bbox 277 4103 1868 4177; baseline -0.007 -8"><span class='ocrx_word' id='word_1_536' title='bbox 277 4114 373 4177; x_wconf 89' lang='lat' dir='ltr'><strong>sis,</strong></span> <span class='ocrx_word' id='word_1_537' title='bbox 398 4113 682 4166; x_wconf 87' lang='lat' dir='ltr'><strong>hortamur</strong></span> <span class='ocrx_word' id='word_1_538' title='bbox 703 4118 776 4175; x_wconf 89' lang='lat' dir='ltr'><strong>te,</strong></span> <span class='ocrx_word' id='word_1_539' title='bbox 806 4123 870 4164; x_wconf 90' lang='lat' dir='ltr'><strong>ac</strong></span> <span class='ocrx_word' id='word_1_540' title='bbox 891 4108 1241 4162; x_wconf 87' lang='lat' dir='ltr'><strong>vehementer</strong></span> <span class='ocrx_word' id='word_1_541' title='bbox 1263 4105 1634 4168; x_wconf 90' lang='lat' dir='ltr'><strong>admonemus,</strong></span> <span class='ocrx_word' id='word_1_542' title='bbox 1664 4112 1724 4158; x_wconf 91' lang='lat' dir='ltr'><strong>ut</strong></span> <span class='ocrx_word' id='word_1_543' title='bbox 1752 4103 1868 4174; x_wconf 87' lang='lat' dir='ltr'><strong>ipsa</strong></span> 
     </span>
    </p>
   </div>
   <div class='ocr_carea' id='block_1_72' title="bbox 278 4194 1871 4265">
    <p class='ocr_par' dir='ltr' id='par_1_72' title="bbox 278 4194 1871 4265">
     <span class='ocr_line' id='line_1_72' title="bbox 278 4194 1871 4265; baseline -0.004 -9"><span class='ocrx_word' id='word_1_544' title='bbox 278 4202 490 4258; x_wconf 83' lang='lat' dir='ltr'><strong>tibimet</strong></span> <span class='ocrx_word' id='word_1_545' title='bbox 524 4215 742 4256; x_wconf 87' lang='lat' dir='ltr'><strong>manum</strong></span> <span class='ocrx_word' id='word_1_546' title='bbox 771 4214 879 4254; x_wconf 90' lang='lat' dir='ltr'><strong>non</strong></span> <span class='ocrx_word' id='word_1_547' title='bbox 912 4197 1134 4262; x_wconf 90' lang='lat' dir='ltr'><strong>inferas,</strong></span> <span class='ocrx_word' id='word_1_548' title='bbox 1169 4211 1268 4251; x_wconf 90' lang='lat' dir='ltr'><strong>nec</strong></span> <span class='ocrx_word' id='word_1_549' title='bbox 1298 4195 1488 4250; x_wconf 89' lang='lat' dir='ltr'><strong>mortis</strong></span> <span class='ocrx_word' id='word_1_550' title='bbox 1515 4194 1760 4250; x_wconf 87' lang='lat' dir='ltr'><strong>fomitem</strong></span> <span class='ocrx_word' id='word_1_551' title='bbox 1781 4209 1871 4265; x_wconf 86' lang='lat' dir='ltr'><strong>ge-</strong></span> 
     </span>
    </p>
   </div>
   <div class='ocr_carea' id='block_1_73' title="bbox 281 4289 1867 4365">
    <p class='ocr_par' dir='ltr' id='par_1_73' title="bbox 281 4289 1867 4365">
     <span class='ocr_line' id='line_1_73' title="bbox 281 4289 1867 4365; baseline -0.003 -15"><span class='ocrx_word' id='word_1_552' title='bbox 281 4309 454 4350; x_wconf 90' lang='lat' dir='ltr'><strong>neres.</strong></span> <span class='ocrx_word' id='word_1_553' title='bbox 479 4294 668 4350; x_wconf 84' lang='lat' dir='ltr'><strong>Melius</strong></span> <span class='ocrx_word' id='word_1_554' title='bbox 691 4293 890 4365; x_wconf 88' lang='lat' dir='ltr'><strong>quippe</strong></span> <span class='ocrx_word' id='word_1_555' title='bbox 915 4293 1010 4348; x_wconf 90' lang='lat' dir='ltr'><strong>tibi</strong></span> <span class='ocrx_word' id='word_1_556' title='bbox 1032 4301 1134 4358; x_wconf 89' lang='lat' dir='ltr'><strong>est,</strong></span> <span class='ocrx_word' id='word_1_557' title='bbox 1159 4299 1218 4345; x_wconf 90' lang='lat' dir='ltr'><strong>ut</strong></span> <span class='ocrx_word' id='word_1_558' title='bbox 1243 4291 1530 4346; x_wconf 89' lang='lat' dir='ltr'><strong>veritatem</strong></span> <span class='ocrx_word' id='word_1_559' title='bbox 1557 4289 1867 4360; x_wconf 89' lang='lat' dir='ltr'><strong>loquentem</strong></span> 
     </span>
    </p>
   </div>
   <div class='ocr_carea' id='block_1_74' title="bbox 281 4381 1871 4455">
    <p class='ocr_par' dir='ltr' id='par_1_74' title="bbox 281 4381 1871 4455">
     <span class='ocr_line' id='line_1_74' title="bbox 281 4381 1871 4455; baseline -0.003 -15"><span class='ocrx_word' id='word_1_560' title='bbox 281 4385 414 4441; x_wconf 86' lang='lat' dir='ltr'><strong>alius</strong></span> <span class='ocrx_word' id='word_1_561' title='bbox 455 4395 507 4441; x_wconf 90' lang='lat' dir='ltr'><strong>te</strong></span> <span class='ocrx_word' id='word_1_562' title='bbox 555 4385 792 4452; x_wconf 86' lang='lat' dir='ltr'><strong>occidat,</strong></span> <span class='ocrx_word' id='word_1_563' title='bbox 819 4399 982 4455; x_wconf 89' lang='lat' dir='ltr'><strong>quam</strong></span> <span class='ocrx_word' id='word_1_564' title='bbox 1023 4392 1076 4437; x_wconf 90' lang='lat' dir='ltr'><strong>tu</strong></span> <span class='ocrx_word' id='word_1_565' title='bbox 1111 4390 1163 4437; x_wconf 90' lang='lat' dir='ltr'><strong>te</strong></span> <span class='ocrx_word' id='word_1_566' title='bbox 1196 4381 1364 4452; x_wconf 91' lang='lat' dir='ltr'><strong>ipsam</strong></span> <span class='ocrx_word' id='word_1_567' title='bbox 1405 4381 1747 4436; x_wconf 89' lang='lat' dir='ltr'><strong>mendacium</strong></span> <span class='ocrx_word' id='word_1_568' title='bbox 1789 4382 1871 4436; x_wconf 84' lang='lat' dir='ltr'><strong>di-</strong></span> 
     </span>
    </p>
   </div>
   <div class='ocr_carea' id='block_1_75' title="bbox 279 4474 1866 4551">
    <p class='ocr_par' dir='ltr' id='par_1_75' title="bbox 279 4474 1866 4551">
     <span class='ocr_line' id='line_1_75' title="bbox 279 4474 1866 4551; baseline -0.003 -17"><span class='ocrx_word' id='word_1_569' title='bbox 279 4491 406 4534; x_wconf 89' lang='lat' dir='ltr'><strong>cens</strong></span> <span class='ocrx_word' id='word_1_570' title='bbox 438 4477 742 4534; x_wconf 88' lang='lat' dir='ltr'><strong>interimas.</strong></span> <span class='ocrx_word' id='word_1_571' title='bbox 773 4476 868 4532; x_wconf 92' lang='lat' dir='ltr'><strong>Sta</strong></span> <span class='ocrx_word' id='word_1_572' title='bbox 902 4476 1066 4548; x_wconf 82' lang='lat' dir='ltr'><strong>igitur</strong></span> <span class='ocrx_word' id='word_1_573' title='bbox 1094 4474 1365 4551; x_wconf 91' lang='lat' dir='ltr'><strong>intrepida</strong></span> <span class='ocrx_word' id='word_1_574' title='bbox 1397 4482 1560 4544; x_wconf 88' lang='lat' dir='ltr'><strong>atque</strong></span> <span class='ocrx_word' id='word_1_575' title='bbox 1589 4481 1866 4540; x_wconf 87' lang='lat' dir='ltr'><strong>constans,</strong></span> 
     </span>
    </p>
   </div>
   <div class='ocr_carea' id='block_1_76' title="bbox 280 4565 1870 4640">
    <p class='ocr_par' dir='ltr' id='par_1_76' title="bbox 280 4565 1870 4640">
     <span class='ocr_line' id='line_1_76' title="bbox 280 4565 1870 4640; baseline -0.004 -14"><span class='ocrx_word' id='word_1_576' title='bbox 280 4579 331 4626; x_wconf 90' lang='lat' dir='ltr'><strong>et</strong></span> <span class='ocrx_word' id='word_1_577' title='bbox 364 4580 620 4637; x_wconf 91' lang='lat' dir='ltr'><strong>mortem,</strong></span> <span class='ocrx_word' id='word_1_578' title='bbox 647 4575 831 4640; x_wconf 76' lang='lat' dir='ltr'><strong>{quam</strong></span> <span class='ocrx_word' id='word_1_579' title='bbox 885 4567 1261 4640; x_wconf 90' lang='lat' dir='ltr'><strong>quoquomodo</strong></span> <span class='ocrx_word' id='word_1_580' title='bbox 1302 4565 1469 4622; x_wconf 88' lang='lat' dir='ltr'><strong>semel</strong></span> <span class='ocrx_word' id='word_1_581' title='bbox 1505 4565 1739 4635; x_wconf 76' lang='lat' dir='ltr'><strong>experiri</strong></span> <span class='ocrx_word' id='word_1_582' title='bbox 1777 4565 1870 4619; x_wconf 85' lang='lat' dir='ltr'><strong>de-</strong></span> 
     </span>
    </p>
   </div>
   <div class='ocr_carea' id='block_1_77' title="bbox 1967 3376 3562 3449">
    <p class='ocr_par' dir='ltr' id='par_1_77' title="bbox 1967 3376 3562 3449">
     <span class='ocr_line' id='line_1_77' title="bbox 1967 3376 3562 3449; baseline 0.006 -20"><span class='ocrx_word' id='word_1_583' title='bbox 1967 3381 2178 3429; x_wconf 89' lang='lat' dir='ltr'><strong>metuas</strong></span> <span class='ocrx_word' id='word_1_584' title='bbox 2225 3382 2277 3429; x_wconf 92' lang='lat' dir='ltr'><strong>te</strong></span> <span class='ocrx_word' id='word_1_585' title='bbox 2319 3389 2418 3444; x_wconf 90' lang='lat' dir='ltr'><strong>per</strong></span> <span class='ocrx_word' id='word_1_586' title='bbox 2463 3376 2735 3433; x_wconf 87' lang='lat' dir='ltr'><strong>hominem</strong></span> <span class='ocrx_word' id='word_1_587' title='bbox 2773 3378 2976 3449; x_wconf 88' lang='lat' dir='ltr'><strong>aliquid</strong></span> <span class='ocrx_word' id='word_1_588' title='bbox 3018 3381 3257 3438; x_wconf 91' lang='lat' dir='ltr'><strong>incidere</strong></span> <span class='ocrx_word' id='word_1_589' title='bbox 3304 3383 3562 3441; x_wconf 65' lang='lat' dir='ltr'><strong>laesionis.</strong></span> 
     </span>
    </p>
   </div>
   <div class='ocr_carea' id='block_1_78' title="bbox 1971 3466 3566 3542">
    <p class='ocr_par' dir='ltr' id='par_1_78' title="bbox 1971 3466 3566 3542">
     <span class='ocr_line' id='line_1_78' title="bbox 1971 3466 3566 3542; baseline 0.008 -20"><span class='ocrx_word' id='word_1_590' title='bbox 1971 3466 2122 3534; x_wconf 90' lang='lat' dir='ltr'><strong>Quod</strong></span> <span class='ocrx_word' id='word_1_591' title='bbox 2152 3469 2375 3524; x_wconf 92' lang='lat' dir='ltr'><strong>omnino</strong></span> <span class='ocrx_word' id='word_1_592' title='bbox 2419 3485 2527 3525; x_wconf 91' lang='lat' dir='ltr'><strong>non</strong></span> <span class='ocrx_word' id='word_1_593' title='bbox 2569 3472 2858 3539; x_wconf 87' lang='lat' dir='ltr'><strong>provenire</strong></span> <span class='ocrx_word' id='word_1_594' title='bbox 2887 3473 3104 3542; x_wconf 90' lang='lat' dir='ltr'><strong>poterit,</strong></span> <span class='ocrx_word' id='word_1_595' title='bbox 3133 3475 3236 3530; x_wconf 90' lang='lat' dir='ltr'><strong>nisi</strong></span> <span class='ocrx_word' id='word_1_596' title='bbox 3269 3474 3566 3534; x_wconf 82' lang='lat' dir='ltr'><strong>Waldrada</strong></span> 
     </span>
    </p>
   </div>
   <div class='ocr_carea' id='block_1_79' title="bbox 1966 3558 3566 3632">
    <p class='ocr_par' dir='ltr' id='par_1_79' title="bbox 1966 3558 3566 3632">
     <span class='ocr_line' id='line_1_79' title="bbox 1966 3558 3566 3632; baseline 0.008 -22"><span class='ocrx_word' id='word_1_597' title='bbox 1966 3559 2120 3628; x_wconf 91' lang='lat' dir='ltr'><strong>prius</strong></span> <span class='ocrx_word' id='word_1_598' title='bbox 2146 3558 2376 3613; x_wconf 80' lang='lat' dir='ltr'><strong>Romam</strong></span> <span class='ocrx_word' id='word_1_599' title='bbox 2404 3561 2673 3626; x_wconf 88' lang='lat' dir='ltr'><strong>mittatur,</strong></span> <span class='ocrx_word' id='word_1_600' title='bbox 2703 3570 2758 3616; x_wconf 89' lang='lat' dir='ltr'><strong>et</strong></span> <span class='ocrx_word' id='word_1_601' title='bbox 2782 3562 2848 3616; x_wconf 90' lang='lat' dir='ltr'><strong>de</strong></span> <span class='ocrx_word' id='word_1_602' title='bbox 2874 3579 2936 3618; x_wconf 91' lang='lat' dir='ltr'><strong>ea</strong></span> <span class='ocrx_word' id='word_1_603' title='bbox 2963 3565 3105 3632; x_wconf 92' lang='lat' dir='ltr'><strong>quod</strong></span> <span class='ocrx_word' id='word_1_604' title='bbox 3131 3565 3462 3621; x_wconf 86' lang='lat' dir='ltr'><strong>conveniens</strong></span> <span class='ocrx_word' id='word_1_605' title='bbox 3492 3568 3566 3622; x_wconf 84' lang='lat' dir='ltr'><strong>sit</strong></span> 
     </span>
    </p>
   </div>
   <div class='ocr_carea' id='block_1_80' title="bbox 1969 3647 3566 3711">
    <p class='ocr_par' dir='ltr' id='par_1_80' title="bbox 1969 3647 3566 3711">
     <span class='ocr_line' id='line_1_80' title="bbox 1969 3647 3566 3711; baseline 0.007 -12"><span class='ocrx_word' id='word_1_606' title='bbox 1969 3647 2292 3711; x_wconf 78' lang='lat' dir='ltr'><strong>dilfiniatnr;</strong></span> <span class='ocrx_word' id='word_1_607' title='bbox 2321 3657 2377 3702; x_wconf 93' lang='lat' dir='ltr'><strong>et</strong></span> <span class='ocrx_word' id='word_1_608' title='bbox 2405 3649 2476 3702; x_wconf 88' lang='lat' dir='ltr'><strong>ita</strong></span> <span class='ocrx_word' id='word_1_609' title='bbox 2505 3650 2721 3704; x_wconf 90' lang='lat' dir='ltr'><strong>demum</strong></span> <span class='ocrx_word' id='word_1_610' title='bbox 2752 3650 2873 3706; x_wconf 91' lang='lat' dir='ltr'><strong>talis</strong></span> <span class='ocrx_word' id='word_1_611' title='bbox 2898 3653 3259 3708; x_wconf 81' lang='lat' dir='ltr'><strong>immanitatis</strong></span> <span class='ocrx_word' id='word_1_612' title='bbox 3293 3655 3566 3711; x_wconf 91' lang='lat' dir='ltr'><strong>certitudo</strong></span> 
     </span>
    </p>
   </div>
   <div class='ocr_carea' id='block_1_81' title="bbox 1970 3739 3567 3813">
    <p class='ocr_par' dir='ltr' id='par_1_81' title="bbox 1970 3739 3567 3813">
     <span class='ocr_line' id='line_1_81' title="bbox 1970 3739 3567 3813; baseline 0.007 -20"><span class='ocrx_word' id='word_1_613' title='bbox 1970 3739 2350 3809; x_wconf 88' lang='lat' dir='ltr'><strong>subsequatur,</strong></span> <span class='ocrx_word' id='word_1_614' title='bbox 2375 3748 2435 3794; x_wconf 88' lang='lat' dir='ltr'><strong>ut</strong></span> <span class='ocrx_word' id='word_1_615' title='bbox 2462 3750 2516 3794; x_wconf 91' lang='lat' dir='ltr'><strong>tu</strong></span> <span class='ocrx_word' id='word_1_616' title='bbox 2545 3755 2647 3796; x_wconf 90' lang='lat' dir='ltr'><strong>nec</strong></span> <span class='ocrx_word' id='word_1_617' title='bbox 2669 3743 2917 3809; x_wconf 84' lang='lat' dir='ltr'><strong>veniens,</strong></span> <span class='ocrx_word' id='word_1_618' title='bbox 2944 3759 3046 3799; x_wconf 90' lang='lat' dir='ltr'><strong>nec</strong></span> <span class='ocrx_word' id='word_1_619' title='bbox 3069 3760 3438 3813; x_wconf 89' lang='lat' dir='ltr'><strong>commorans,</strong></span> <span class='ocrx_word' id='word_1_620' title='bbox 3464 3764 3567 3804; x_wconf 89' lang='lat' dir='ltr'><strong>nec</strong></span> 
     </span>
    </p>
   </div>
   <div class='ocr_carea' id='block_1_82' title="bbox 1971 3828 3564 3902">
    <p class='ocr_par' dir='ltr' id='par_1_82' title="bbox 1971 3828 3564 3902">
     <span class='ocr_line' id='line_1_82' title="bbox 1971 3828 3564 3902; baseline 0.006 -19"><span class='ocrx_word' id='word_1_621' title='bbox 1971 3828 2099 3883; x_wconf 87' lang='lat' dir='ltr'><strong>hinc</strong></span> <span class='ocrx_word' id='word_1_622' title='bbox 2135 3829 2350 3884; x_wconf 89' lang='lat' dir='ltr'><strong>rediens</strong></span> <span class='ocrx_word' id='word_1_623' title='bbox 2376 3829 2594 3899; x_wconf 90' lang='lat' dir='ltr'><strong>aliquod</strong></span> <span class='ocrx_word' id='word_1_624' title='bbox 2622 3830 2852 3900; x_wconf 88' lang='lat' dir='ltr'><strong>patiaris</strong></span> <span class='ocrx_word' id='word_1_625' title='bbox 2877 3832 3300 3890; x_wconf 89' lang='lat' dir='ltr'><strong>incommodum.</strong></span> <span class='ocrx_word' id='word_1_626' title='bbox 3326 3834 3480 3902; x_wconf 88' lang='lat' dir='ltr'><strong>Quod</strong></span> <span class='ocrx_word' id='word_1_627' title='bbox 3516 3839 3564 3893; x_wconf 91' lang='lat' dir='ltr'><strong>si</strong></span> 
     </span>
    </p>
   </div>
   <div class='ocr_carea' id='block_1_83' title="bbox 1971 3920 3566 3999">
    <p class='ocr_par' dir='ltr' id='par_1_83' title="bbox 1971 3920 3566 3999">
     <span class='ocr_line' id='line_1_83' title="bbox 1971 3920 3566 3999; baseline 0.006 -25"><span class='ocrx_word' id='word_1_628' title='bbox 1971 3920 2150 3976; x_wconf 89' lang='lat' dir='ltr'><strong>renuit</strong></span> <span class='ocrx_word' id='word_1_629' title='bbox 2176 3921 2243 3975; x_wconf 90' lang='lat' dir='ltr'><strong>ad</strong></span> <span class='ocrx_word' id='word_1_630' title='bbox 2275 3921 2636 3991; x_wconf 89' lang='lat' dir='ltr'><strong>repellendam</strong></span> <span class='ocrx_word' id='word_1_631' title='bbox 2664 3938 2694 3976; x_wconf 89' lang='lat' dir='ltr'><strong>a</strong></span> <span class='ocrx_word' id='word_1_632' title='bbox 2719 3938 2777 3978; x_wconf 91' lang='lat' dir='ltr'><strong>se</strong></span> <span class='ocrx_word' id='word_1_633' title='bbox 2799 3922 3075 3979; x_wconf 90' lang='lat' dir='ltr'><strong>sinistram</strong></span> <span class='ocrx_word' id='word_1_634' title='bbox 3103 3925 3412 3996; x_wconf 90' lang='lat' dir='ltr'><strong>opinionem</strong></span> <span class='ocrx_word' id='word_1_635' title='bbox 3444 3943 3566 3999; x_wconf 80' lang='lat' dir='ltr'><strong>age-</strong></span> 
     </span>
    </p>
   </div>
   <div class='ocr_carea' id='block_1_84' title="bbox 1971 4016 3567 4092">
    <p class='ocr_par' dir='ltr' id='par_1_84' title="bbox 1971 4016 3567 4092">
     <span class='ocr_line' id='line_1_84' title="bbox 1971 4016 3567 4092; baseline 0.003 -20"><span class='ocrx_word' id='word_1_636' title='bbox 1971 4031 2049 4079; x_wconf 88' lang='lat' dir='ltr'><strong>re,</strong></span> <span class='ocrx_word' id='word_1_637' title='bbox 2083 4031 2257 4081; x_wconf 89' lang='lat' dir='ltr'><strong>cessa,</strong></span> <span class='ocrx_word' id='word_1_638' title='bbox 2291 4025 2346 4070; x_wconf 90' lang='lat' dir='ltr'><strong>et</strong></span> <span class='ocrx_word' id='word_1_639' title='bbox 2376 4030 2445 4070; x_wconf 91' lang='lat' dir='ltr'><strong>ne</strong></span> <span class='ocrx_word' id='word_1_640' title='bbox 2485 4016 2684 4072; x_wconf 89' lang='lat' dir='ltr'><strong>talibus</strong></span> <span class='ocrx_word' id='word_1_641' title='bbox 2730 4016 2939 4074; x_wconf 87' lang='lat' dir='ltr'><strong>fraudis</strong></span> <span class='ocrx_word' id='word_1_642' title='bbox 2983 4019 3195 4075; x_wconf 88' lang='lat' dir='ltr'><strong>insidiis</strong></span> <span class='ocrx_word' id='word_1_643' title='bbox 3245 4022 3567 4092; x_wconf 88' lang='lat' dir='ltr'><strong>acquiescas</strong></span> 
     </span>
    </p>
   </div>
   <div class='ocr_carea' id='block_1_85' title="bbox 1971 4109 3566 4184">
    <p class='ocr_par' dir='ltr' id='par_1_85' title="bbox 1971 4109 3566 4184">
     <span class='ocr_line' id='line_1_85' title="bbox 1971 4109 3566 4184; baseline 0.002 -18"><span class='ocrx_word' id='word_1_644' title='bbox 1971 4109 2196 4166; x_wconf 89' lang='lat' dir='ltr'><strong>omnino</strong></span> <span class='ocrx_word' id='word_1_645' title='bbox 2220 4125 2487 4182; x_wconf 63' lang='lat' dir='ltr'><strong>praecave.</strong></span> <span class='ocrx_word' id='word_1_646' title='bbox 2513 4109 2718 4165; x_wconf 90' lang='lat' dir='ltr'><strong>Callide</strong></span> <span class='ocrx_word' id='word_1_647' title='bbox 2753 4111 2950 4182; x_wconf 90' lang='lat' dir='ltr'><strong>quippe</strong></span> <span class='ocrx_word' id='word_1_648' title='bbox 2985 4121 3093 4166; x_wconf 88' lang='lat' dir='ltr'><strong>tam</strong></span> <span class='ocrx_word' id='word_1_649' title='bbox 3138 4112 3246 4179; x_wconf 91' lang='lat' dir='ltr'><strong>ille,</strong></span> <span class='ocrx_word' id='word_1_650' title='bbox 3275 4129 3438 4184; x_wconf 89' lang='lat' dir='ltr'><strong>quam</strong></span> <span class='ocrx_word' id='word_1_651' title='bbox 3477 4131 3566 4169; x_wconf 90' lang='lat' dir='ltr'><strong>sa-</strong></span> 
     </span>
    </p>
   </div>
   <div class='ocr_carea' id='block_1_86' title="bbox 1973 4201 3564 4272">
    <p class='ocr_par' dir='ltr' id='par_1_86' title="bbox 1973 4201 3564 4272">
     <span class='ocr_line' id='line_1_86' title="bbox 1973 4201 3564 4272; baseline 0.002 -15"><span class='ocrx_word' id='word_1_652' title='bbox 1973 4202 2172 4257; x_wconf 88' lang='lat' dir='ltr'><strong>tellites</strong></span> <span class='ocrx_word' id='word_1_653' title='bbox 2203 4201 2338 4272; x_wconf 89' lang='lat' dir='ltr'><strong>ejus,</strong></span> <span class='ocrx_word' id='word_1_654' title='bbox 2372 4211 2424 4258; x_wconf 92' lang='lat' dir='ltr'><strong>te</strong></span> <span class='ocrx_word' id='word_1_655' title='bbox 2452 4202 2702 4272; x_wconf 88' lang='lat' dir='ltr'><strong>decipere</strong></span> <span class='ocrx_word' id='word_1_656' title='bbox 2744 4201 3058 4269; x_wconf 91' lang='lat' dir='ltr'><strong>moliuntur,</strong></span> <span class='ocrx_word' id='word_1_657' title='bbox 3088 4212 3142 4259; x_wconf 89' lang='lat' dir='ltr'><strong>et</strong></span> <span class='ocrx_word' id='word_1_658' title='bbox 3181 4213 3413 4260; x_wconf 73' lang='lat' dir='ltr'><strong>versuta:</strong></span> <span class='ocrx_word' id='word_1_659' title='bbox 3451 4218 3564 4260; x_wconf 64' lang='lat' dir='ltr'><strong>sum</strong></span> 
     </span>
    </p>
   </div>
   <div class='ocr_carea' id='block_1_87' title="bbox 1974 4291 3564 4365">
    <p class='ocr_par' dir='ltr' id='par_1_87' title="bbox 1974 4291 3564 4365">
     <span class='ocr_line' id='line_1_87' title="bbox 1974 4291 3564 4365; baseline 0.001 -17"><span class='ocrx_word' id='word_1_660' title='bbox 1974 4292 2439 4364; x_wconf 89' lang='lat' dir='ltr'><strong>tergiversationis</strong></span> <span class='ocrx_word' id='word_1_661' title='bbox 2487 4292 2692 4362; x_wconf 89' lang='lat' dir='ltr'><strong>pedicis</strong></span> <span class='ocrx_word' id='word_1_662' title='bbox 2745 4291 3091 4362; x_wconf 87' lang='lat' dir='ltr'><strong>supplantare</strong></span> <span class='ocrx_word' id='word_1_663' title='bbox 3147 4295 3335 4365; x_wconf 90' lang='lat' dir='ltr'><strong>procul</strong></span> <span class='ocrx_word' id='word_1_664' title='bbox 3400 4295 3564 4351; x_wconf 87' lang='lat' dir='ltr'><strong>dubio</strong></span> 
     </span>
    </p>
   </div>
   <div class='ocr_carea' id='block_1_88' title="bbox 1934 4368 3562 4456">
    <p class='ocr_par' dir='ltr' id='par_1_88' title="bbox 1934 4368 3562 4456">
     <span class='ocr_line' id='line_1_88' title="bbox 1934 4368 3562 4456; baseline 0.002 -16"><span class='ocrx_word' id='word_1_665' title='bbox 1934 4368 2371 4441; x_wconf 47' lang='lat' dir='ltr'><strong>.machinantnr.</strong></span> <span class='ocrx_word' id='word_1_666' title='bbox 2409 4384 2581 4440; x_wconf 90' lang='lat' dir='ltr'><strong>Porro</strong></span> <span class='ocrx_word' id='word_1_667' title='bbox 2610 4386 2655 4440; x_wconf 92' lang='lat' dir='ltr'><strong>si</strong></span> <span class='ocrx_word' id='word_1_668' title='bbox 2696 4400 2882 4440; x_wconf 90' lang='lat' dir='ltr'><strong>amore</strong></span> <span class='ocrx_word' id='word_1_669' title='bbox 2925 4386 3222 4456; x_wconf 86' lang='lat' dir='ltr'><strong>pudicitiae,</strong></span> <span class='ocrx_word' id='word_1_670' title='bbox 3245 4397 3306 4442; x_wconf 93' lang='lat' dir='ltr'><strong>ut</strong></span> <span class='ocrx_word' id='word_1_671' title='bbox 3341 4388 3562 4454; x_wconf 88' lang='lat' dir='ltr'><strong>asseris,</strong></span> 
     </span>
    </p>
   </div>
   <div class='ocr_carea' id='block_1_89' title="bbox 1971 4478 3566 4550">
    <p class='ocr_par' dir='ltr' id='par_1_89' title="bbox 1971 4478 3566 4550">
     <span class='ocr_line' id='line_1_89' title="bbox 1971 4478 3566 4550; baseline -0.002 -15"><span class='ocrx_word' id='word_1_672' title='bbox 1971 4479 2294 4535; x_wconf 88' lang='lat' dir='ltr'><strong>solutionem</strong></span> <span class='ocrx_word' id='word_1_673' title='bbox 2327 4478 2657 4534; x_wconf 89' lang='lat' dir='ltr'><strong>matrimonii</strong></span> <span class='ocrx_word' id='word_1_674' title='bbox 2689 4479 2908 4548; x_wconf 68' lang='lat' dir='ltr'><strong>quaeris,</strong></span> <span class='ocrx_word' id='word_1_675' title='bbox 2934 4479 3074 4534; x_wconf 83' lang='lat' dir='ltr'><strong>hanc</strong></span> <span class='ocrx_word' id='word_1_676' title='bbox 3103 4479 3200 4533; x_wconf 89' lang='lat' dir='ltr'><strong>tibi</strong></span> <span class='ocrx_word' id='word_1_677' title='bbox 3232 4479 3380 4534; x_wconf 87' lang='lat' dir='ltr'><strong>nullo</strong></span> <span class='ocrx_word' id='word_1_678' title='bbox 3405 4487 3566 4550; x_wconf 86' lang='lat' dir='ltr'><strong>pacto</strong></span> 
     </span>
    </p>
   </div>
   <div class='ocr_carea' id='block_1_90' title="bbox 1973 4569 3566 4640">
    <p class='ocr_par' dir='ltr' id='par_1_90' title="bbox 1973 4569 3566 4640">
     <span class='ocr_line' id='line_1_90' title="bbox 1973 4569 3566 4640; baseline -0.001 -15"><span class='ocrx_word' id='word_1_679' title='bbox 1973 4570 2191 4626; x_wconf 88' lang='lat' dir='ltr'><strong>noveris</strong></span> <span class='ocrx_word' id='word_1_680' title='bbox 2212 4569 2579 4640; x_wconf 84' lang='lat' dir='ltr'><strong>tribuendam,</strong></span> <span class='ocrx_word' id='word_1_681' title='bbox 2599 4569 2704 4624; x_wconf 89' lang='lat' dir='ltr'><strong>nisi</strong></span> <span class='ocrx_word' id='word_1_682' title='bbox 2726 4569 2809 4624; x_wconf 88' lang='lat' dir='ltr'><strong>vir</strong></span> <span class='ocrx_word' id='word_1_683' title='bbox 2832 4578 2957 4625; x_wconf 91' lang='lat' dir='ltr'><strong>tuus</strong></span> <span class='ocrx_word' id='word_1_684' title='bbox 2977 4569 3223 4626; x_wconf 89' lang='lat' dir='ltr'><strong>eamdem</strong></span> <span class='ocrx_word' id='word_1_685' title='bbox 3246 4569 3566 4640; x_wconf 87' lang='lat' dir='ltr'><strong>pudicitiam</strong></span> 
     </span>
    </p>
   </div>
   <div class='ocr_carea' id='block_1_91' title="bbox 280 4652 3567 4733">
    <p class='ocr_par' dir='ltr' id='par_1_91' title="bbox 280 4652 3567 4733">
     <span class='ocr_line' id='line_1_91' title="bbox 280 4652 3567 4733; baseline -0 -16"><span class='ocrx_word' id='word_1_686' title='bbox 280 4663 394 4729; x_wconf 90' lang='lat' dir='ltr'><strong>bes,</strong></span> <span class='ocrx_word' id='word_1_687' title='bbox 421 4662 692 4733; x_wconf 68' lang='lat' dir='ltr'><strong>praecipue</strong></span> <span class='ocrx_word' id='word_1_688' title='bbox 714 4676 813 4732; x_wconf 91' lang='lat' dir='ltr'><strong>pro</strong></span> <span class='ocrx_word' id='word_1_689' title='bbox 845 4661 1076 4716; x_wconf 90' lang='lat' dir='ltr'><strong>veritate</strong></span> <span class='ocrx_word' id='word_1_690' title='bbox 1101 4659 1371 4715; x_wconf 89' lang='lat' dir='ltr'><strong>sustinere</strong></span> <span class='ocrx_word' id='word_1_691' title='bbox 1397 4673 1465 4712; x_wconf 88' lang='lat' dir='ltr'><strong>ne</strong></span> <span class='ocrx_word' id='word_1_692' title='bbox 1487 4672 1704 4728; x_wconf 89' lang='lat' dir='ltr'><strong>paveas.</strong></span> <span class='ocrx_word' id='word_1_693' title='bbox 1729 4656 1872 4724; x_wconf 83' lang='lat' dir='ltr'><strong>Quo-</strong></span> <span class='ocrx_word' id='word_1_694' title='bbox 1893 4663 1948 4724; x_wconf 88' lang='lat' dir='ltr'><strong>D</strong></span> <span class='ocrx_word' id='word_1_695' title='bbox 1974 4679 2082 4718; x_wconf 90' lang='lat' dir='ltr'><strong>non</strong></span> <span class='ocrx_word' id='word_1_696' title='bbox 2121 4662 2245 4729; x_wconf 81' lang='lat' dir='ltr'><strong>licte</strong></span> <span class='ocrx_word' id='word_1_697' title='bbox 2275 4671 2515 4719; x_wconf 88' lang='lat' dir='ltr'><strong>sectatus</strong></span> <span class='ocrx_word' id='word_1_698' title='bbox 2545 4661 2838 4718; x_wconf 81' lang='lat' dir='ltr'><strong>exstiterit.</strong></span> <span class='ocrx_word' id='word_1_699' title='bbox 2872 4663 3115 4732; x_wconf 89' lang='lat' dir='ltr'><strong>Denique</strong></span> <span class='ocrx_word' id='word_1_700' title='bbox 3153 4671 3215 4717; x_wconf 92' lang='lat' dir='ltr'><strong>ut</strong></span> <span class='ocrx_word' id='word_1_701' title='bbox 3253 4678 3375 4718; x_wconf 86' lang='lat' dir='ltr'><strong>cum</strong></span> <span class='ocrx_word' id='word_1_702' title='bbox 3405 4652 3567 4719; x_wconf 68' lang='lat' dir='ltr'><strong>b&#39;eato</strong></span> 
     </span>
    </p>
   </div>
   <div class='ocr_carea' id='block_1_92' title="bbox 282 4750 1870 4822">
    <p class='ocr_par' dir='ltr' id='par_1_92' title="bbox 282 4750 1870 4822">
     <span class='ocr_line' id='line_1_92' title="bbox 282 4750 1870 4822; baseline -0.004 -11"><span class='ocrx_word' id='word_1_703' title='bbox 282 4755 428 4811; x_wconf 87' lang='lat' dir='ltr'><strong>niam</strong></span> <span class='ocrx_word' id='word_1_704' title='bbox 461 4771 584 4809; x_wconf 90' lang='lat' dir='ltr'><strong>cum</strong></span> <span class='ocrx_word' id='word_1_705' title='bbox 612 4753 864 4810; x_wconf 89' lang='lat' dir='ltr'><strong>Christus</strong></span> <span class='ocrx_word' id='word_1_706' title='bbox 890 4753 962 4809; x_wconf 88' lang='lat' dir='ltr'><strong>sit</strong></span> <span class='ocrx_word' id='word_1_707' title='bbox 989 4753 1212 4819; x_wconf 90' lang='lat' dir='ltr'><strong>veritas,</strong></span> <span class='ocrx_word' id='word_1_708' title='bbox 1245 4751 1492 4822; x_wconf 91' lang='lat' dir='ltr'><strong>quisquis</strong></span> <span class='ocrx_word' id='word_1_709' title='bbox 1517 4765 1613 4822; x_wconf 91' lang='lat' dir='ltr'><strong>pro</strong></span> <span class='ocrx_word' id='word_1_710' title='bbox 1642 4750 1870 4805; x_wconf 90' lang='lat' dir='ltr'><strong>veritate</strong></span> 
     </span>
    </p>
   </div>
   <div class='ocr_carea' id='block_1_93' title="bbox 282 4843 1869 4916">
    <p class='ocr_par' dir='ltr' id='par_1_93' title="bbox 282 4843 1869 4916">
     <span class='ocr_line' id='line_1_93' title="bbox 282 4843 1869 4916; baseline -0.003 -14"><span class='ocrx_word' id='word_1_711' title='bbox 282 4845 529 4912; x_wconf 90' lang='lat' dir='ltr'><strong>moritur,</strong></span> <span class='ocrx_word' id='word_1_712' title='bbox 559 4860 660 4916; x_wconf 92' lang='lat' dir='ltr'><strong>pro</strong></span> <span class='ocrx_word' id='word_1_713' title='bbox 683 4843 903 4902; x_wconf 89' lang='lat' dir='ltr'><strong>Christo</strong></span> <span class='ocrx_word' id='word_1_714' title='bbox 929 4843 1117 4916; x_wconf 88' lang='lat' dir='ltr'><strong>procul</strong></span> <span class='ocrx_word' id='word_1_715' title='bbox 1147 4844 1312 4899; x_wconf 88' lang='lat' dir='ltr'><strong>dubio</strong></span> <span class='ocrx_word' id='word_1_716' title='bbox 1353 4844 1604 4909; x_wconf 91' lang='lat' dir='ltr'><strong>moritur,</strong></span> <span class='ocrx_word' id='word_1_717' title='bbox 1635 4858 1734 4914; x_wconf 93' lang='lat' dir='ltr'><strong>pro</strong></span> <span class='ocrx_word' id='word_1_718' title='bbox 1762 4858 1869 4913; x_wconf 90' lang='lat' dir='ltr'><strong>qua</strong></span> 
     </span>
    </p>
   </div>
   <div class='ocr_carea' id='block_1_94' title="bbox 283 4935 1868 5006">
    <p class='ocr_par' dir='ltr' id='par_1_94' title="bbox 283 4935 1868 5006">
     <span class='ocr_line' id='line_1_94' title="bbox 283 4935 1868 5006; baseline -0.002 -14"><span class='ocrx_word' id='word_1_719' title='bbox 283 4939 532 4994; x_wconf 90' lang='lat' dir='ltr'><strong>videlicet</strong></span> <span class='ocrx_word' id='word_1_720' title='bbox 583 4946 639 4992; x_wconf 90' lang='lat' dir='ltr'><strong>et</strong></span> <span class='ocrx_word' id='word_1_721' title='bbox 689 4935 926 4993; x_wconf 85' lang='lat' dir='ltr'><strong>Joannes</strong></span> <span class='ocrx_word' id='word_1_722' title='bbox 979 4936 1192 4992; x_wconf 92' lang='lat' dir='ltr'><strong>occisus</strong></span> <span class='ocrx_word' id='word_1_723' title='bbox 1252 4936 1490 5006; x_wconf 86' lang='lat' dir='ltr'><strong>Baptista</strong></span> <span class='ocrx_word' id='word_1_724' title='bbox 1548 4935 1868 5006; x_wconf 88' lang='lat' dir='ltr'><strong>martyrium</strong></span> 
     </span>
    </p>
   </div>
   <div class='ocr_carea' id='block_1_95' title="bbox 284 5026 1868 5101">
    <p class='ocr_par' dir='ltr' id='par_1_95' title="bbox 284 5026 1868 5101">
     <span class='ocr_line' id='line_1_95' title="bbox 284 5026 1868 5101; baseline -0.001 -17"><span class='ocrx_word' id='word_1_725' title='bbox 284 5029 576 5099; x_wconf 88' lang='lat' dir='ltr'><strong>sumpsisse</strong></span> <span class='ocrx_word' id='word_1_726' title='bbox 598 5028 948 5101; x_wconf 88' lang='lat' dir='ltr'><strong>dignoscitur.</strong></span> <span class='ocrx_word' id='word_1_727' title='bbox 981 5027 1134 5096; x_wconf 88' lang='lat' dir='ltr'><strong>Quod</strong></span> <span class='ocrx_word' id='word_1_728' title='bbox 1162 5028 1208 5084; x_wconf 90' lang='lat' dir='ltr'><strong>si</strong></span> <span class='ocrx_word' id='word_1_729' title='bbox 1233 5027 1324 5083; x_wconf 91' lang='lat' dir='ltr'><strong>ille</strong></span> <span class='ocrx_word' id='word_1_730' title='bbox 1356 5028 1585 5098; x_wconf 78' lang='lat' dir='ltr'><strong>proximi</strong></span> <span class='ocrx_word' id='word_1_731' title='bbox 1603 5026 1868 5097; x_wconf 86' lang='lat' dir='ltr'><strong>justitiam</strong></span> 
     </span>
    </p>
   </div>
   <div class='ocr_carea' id='block_1_96' title="bbox 284 5117 1866 5192">
    <p class='ocr_par' dir='ltr' id='par_1_96' title="bbox 284 5117 1866 5192">
     <span class='ocr_line' id='line_1_96' title="bbox 284 5117 1866 5192; baseline -0.001 -17"><span class='ocrx_word' id='word_1_732' title='bbox 284 5120 509 5192; x_wconf 88' lang='lat' dir='ltr'><strong>loquens</strong></span> <span class='ocrx_word' id='word_1_733' title='bbox 551 5121 910 5177; x_wconf 82' lang='lat' dir='ltr'><strong>interficitur:</strong></span> <span class='ocrx_word' id='word_1_734' title='bbox 944 5131 1147 5191; x_wconf 90' lang='lat' dir='ltr'><strong>quanto</strong></span> <span class='ocrx_word' id='word_1_735' title='bbox 1188 5120 1368 5191; x_wconf 92' lang='lat' dir='ltr'><strong>potius</strong></span> <span class='ocrx_word' id='word_1_736' title='bbox 1399 5129 1454 5173; x_wconf 93' lang='lat' dir='ltr'><strong>tu</strong></span> <span class='ocrx_word' id='word_1_737' title='bbox 1483 5119 1574 5174; x_wconf 87' lang='lat' dir='ltr'><strong>Dei</strong></span> <span class='ocrx_word' id='word_1_738' title='bbox 1601 5117 1866 5188; x_wconf 82' lang='lat' dir='ltr'><strong>justitiam</strong></span> 
     </span>
    </p>
   </div>
   <div class='ocr_carea' id='block_1_97' title="bbox 283 5211 1870 5284">
    <p class='ocr_par' dir='ltr' id='par_1_97' title="bbox 283 5211 1870 5284">
     <span class='ocr_line' id='line_1_97' title="bbox 283 5211 1870 5284; baseline -0.001 -16"><span class='ocrx_word' id='word_1_739' title='bbox 283 5213 529 5284; x_wconf 89' lang='lat' dir='ltr'><strong>loquens,</strong></span> <span class='ocrx_word' id='word_1_740' title='bbox 555 5223 611 5271; x_wconf 89' lang='lat' dir='ltr'><strong>et</strong></span> <span class='ocrx_word' id='word_1_741' title='bbox 630 5214 697 5271; x_wconf 90' lang='lat' dir='ltr'><strong>de</strong></span> <span class='ocrx_word' id='word_1_742' title='bbox 717 5213 944 5270; x_wconf 89' lang='lat' dir='ltr'><strong>veritate</strong></span> <span class='ocrx_word' id='word_1_743' title='bbox 975 5223 1062 5268; x_wconf 90' lang='lat' dir='ltr'><strong>tua</strong></span> <span class='ocrx_word' id='word_1_744' title='bbox 1094 5213 1412 5278; x_wconf 78' lang='lat' dir='ltr'><strong>testificaris,</strong></span> <span class='ocrx_word' id='word_1_745' title='bbox 1439 5211 1637 5268; x_wconf 87' lang='lat' dir='ltr'><strong>nullius</strong></span> <span class='ocrx_word' id='word_1_746' title='bbox 1677 5211 1870 5268; x_wconf 90' lang='lat' dir='ltr'><strong>mortis</strong></span> 
     </span>
    </p>
   </div>
   <div class='ocr_carea' id='block_1_98' title="bbox 285 5303 1868 5375">
    <p class='ocr_par' dir='ltr' id='par_1_98' title="bbox 285 5303 1868 5375">
     <span class='ocr_line' id='line_1_98' title="bbox 285 5303 1868 5375; baseline 0 -15"><span class='ocrx_word' id='word_1_747' title='bbox 285 5303 575 5362; x_wconf 85' lang='lat' dir='ltr'><strong>formidare</strong></span> <span class='ocrx_word' id='word_1_748' title='bbox 616 5309 780 5364; x_wconf 86' lang='lat' dir='ltr'><strong>debes</strong></span> <span class='ocrx_word' id='word_1_749' title='bbox 809 5306 1073 5364; x_wconf 79' lang='lat' dir='ltr'><strong>exitium?</strong></span> <span class='ocrx_word' id='word_1_750' title='bbox 1105 5306 1256 5362; x_wconf 90' lang='lat' dir='ltr'><strong>Beati</strong></span> <span class='ocrx_word' id='word_1_751' title='bbox 1289 5305 1433 5362; x_wconf 91' lang='lat' dir='ltr'><strong>enim</strong></span> <span class='ocrx_word' id='word_1_752' title='bbox 1476 5305 1568 5374; x_wconf 89' lang='lat' dir='ltr'><strong>qui</strong></span> <span class='ocrx_word' id='word_1_753' title='bbox 1619 5319 1868 5375; x_wconf 62' lang='lat' dir='ltr'><strong>persecue</strong></span> 
     </span>
    </p>
   </div>
   <div class='ocr_carea' id='block_1_99' title="bbox 289 5397 1868 5472">
    <p class='ocr_par' dir='ltr' id='par_1_99' title="bbox 289 5397 1868 5472">
     <span class='ocr_line' id='line_1_99' title="bbox 289 5397 1868 5472; baseline 0 -19"><span class='ocrx_word' id='word_1_754' title='bbox 289 5400 484 5455; x_wconf 91' lang='lat' dir='ltr'><strong>tionem</strong></span> <span class='ocrx_word' id='word_1_755' title='bbox 515 5402 795 5472; x_wconf 89' lang='lat' dir='ltr'><strong>patiuntur</strong></span> <span class='ocrx_word' id='word_1_756' title='bbox 833 5408 1057 5472; x_wconf 89' lang='lat' dir='ltr'><strong>propter</strong></span> <span class='ocrx_word' id='word_1_757' title='bbox 1090 5399 1356 5472; x_wconf 90' lang='lat' dir='ltr'><strong>justitiam</strong></span> <span class='ocrx_word' id='word_1_758' title='bbox 1393 5397 1612 5471; x_wconf 83' lang='lat' dir='ltr'><strong>(Matth.</strong></span> <span class='ocrx_word' id='word_1_759' title='bbox 1645 5397 1725 5470; x_wconf 91' lang='lat' dir='ltr'><strong>v),</strong></span> <span class='ocrx_word' id='word_1_760' title='bbox 1759 5413 1868 5454; x_wconf 91' lang='lat' dir='ltr'><strong>non</strong></span> 
     </span>
    </p>
   </div>
   <div class='ocr_carea' id='block_1_100' title="bbox 287 5491 1868 5562">
    <p class='ocr_par' dir='ltr' id='par_1_100' title="bbox 287 5491 1868 5562">
     <span class='ocr_line' id='line_1_100' title="bbox 287 5491 1868 5562; baseline 0.001 -17"><span class='ocrx_word' id='word_1_761' title='bbox 287 5491 456 5547; x_wconf 89' lang='lat' dir='ltr'><strong>solum</strong></span> <span class='ocrx_word' id='word_1_762' title='bbox 489 5494 730 5562; x_wconf 89' lang='lat' dir='ltr'><strong>alterius,</strong></span> <span class='ocrx_word' id='word_1_763' title='bbox 761 5493 856 5550; x_wconf 90' lang='lat' dir='ltr'><strong>sed</strong></span> <span class='ocrx_word' id='word_1_764' title='bbox 886 5502 943 5550; x_wconf 91' lang='lat' dir='ltr'><strong>et</strong></span> <span class='ocrx_word' id='word_1_765' title='bbox 969 5508 1143 5549; x_wconf 89' lang='lat' dir='ltr'><strong>suam.</strong></span> <span class='ocrx_word' id='word_1_766' title='bbox 1177 5493 1373 5548; x_wconf 81' lang='lat' dir='ltr'><strong>Verum</strong></span> <span class='ocrx_word' id='word_1_767' title='bbox 1415 5506 1515 5547; x_wconf 89' lang='lat' dir='ltr'><strong>nos</strong></span> <span class='ocrx_word' id='word_1_768' title='bbox 1559 5493 1697 5548; x_wconf 89' lang='lat' dir='ltr'><strong>hanc</strong></span> <span class='ocrx_word' id='word_1_769' title='bbox 1737 5506 1868 5547; x_wconf 89' lang='lat' dir='ltr'><strong>con-</strong></span> 
     </span>
    </p>
   </div>
   <div class='ocr_carea' id='block_1_101' title="bbox 289 5581 1871 5656">
    <p class='ocr_par' dir='ltr' id='par_1_101' title="bbox 289 5581 1871 5656">
     <span class='ocr_line' id='line_1_101' title="bbox 289 5581 1871 5656; baseline 0.001 -20"><span class='ocrx_word' id='word_1_770' title='bbox 289 5581 572 5640; x_wconf 79' lang='lat' dir='ltr'><strong>fessionem</strong></span> <span class='ocrx_word' id='word_1_771' title='bbox 602 5594 774 5653; x_wconf 86' lang='lat' dir='ltr'><strong>tuam,</strong></span> <span class='ocrx_word' id='word_1_772' title='bbox 800 5601 964 5656; x_wconf 90' lang='lat' dir='ltr'><strong>quam</strong></span> <span class='ocrx_word' id='word_1_773' title='bbox 1007 5600 1112 5640; x_wconf 90' lang='lat' dir='ltr'><strong>non</strong></span> <span class='ocrx_word' id='word_1_774' title='bbox 1142 5583 1414 5649; x_wconf 90' lang='lat' dir='ltr'><strong>voluntas,</strong></span> <span class='ocrx_word' id='word_1_775' title='bbox 1443 5582 1540 5638; x_wconf 88' lang='lat' dir='ltr'><strong>sed</strong></span> <span class='ocrx_word' id='word_1_776' title='bbox 1569 5583 1654 5640; x_wconf 85' lang='lat' dir='ltr'><strong>vis</strong></span> <span class='ocrx_word' id='word_1_777' title='bbox 1690 5590 1871 5639; x_wconf 80' lang='lat' dir='ltr'><strong>extor-</strong></span> 
     </span>
    </p>
   </div>
   <div class='ocr_carea' id='block_1_102' title="bbox 289 5673 1873 5748">
    <p class='ocr_par' dir='ltr' id='par_1_102' title="bbox 289 5673 1873 5748">
     <span class='ocr_line' id='line_1_102' title="bbox 289 5673 1873 5748; baseline 0.002 -20"><span class='ocrx_word' id='word_1_778' title='bbox 289 5673 376 5739; x_wconf 86' lang='lat' dir='ltr'><strong>sit,</strong></span> <span class='ocrx_word' id='word_1_779' title='bbox 403 5689 740 5748; x_wconf 88' lang='lat' dir='ltr'><strong>nequaquam</strong></span> <span class='ocrx_word' id='word_1_780' title='bbox 769 5692 866 5748; x_wconf 85' lang='lat' dir='ltr'><strong>pro</strong></span> <span class='ocrx_word' id='word_1_781' title='bbox 888 5677 1232 5734; x_wconf 79' lang='lat' dir='ltr'><strong>confessione</strong></span> <span class='ocrx_word' id='word_1_782' title='bbox 1257 5676 1550 5747; x_wconf 88' lang='lat' dir='ltr'><strong>recipimus</strong></span> <span class='ocrx_word' id='word_1_783' title='bbox 1577 5694 1589 5729; x_wconf 90' lang='lat'><strong>:</strong></span> <span class='ocrx_word' id='word_1_784' title='bbox 1627 5690 1726 5732; x_wconf 90' lang='lat' dir='ltr'><strong>nec</strong></span> <span class='ocrx_word' id='word_1_785' title='bbox 1751 5691 1873 5747; x_wconf 88' lang='lat' dir='ltr'><strong>per-</strong></span> 
     </span>
    </p>
   </div>
   <div class='ocr_carea' id='block_1_103' title="bbox 291 5767 1871 5838">
    <p class='ocr_par' dir='ltr' id='par_1_103' title="bbox 291 5767 1871 5838">
     <span class='ocr_line' id='line_1_103' title="bbox 291 5767 1871 5838; baseline 0.001 -16"><span class='ocrx_word' id='word_1_786' title='bbox 291 5767 554 5824; x_wconf 88' lang='lat' dir='ltr'><strong>mittimus</strong></span> <span class='ocrx_word' id='word_1_787' title='bbox 578 5779 781 5824; x_wconf 89' lang='lat' dir='ltr'><strong>tantnm</strong></span> <span class='ocrx_word' id='word_1_788' title='bbox 807 5771 995 5827; x_wconf 86' lang='lat' dir='ltr'><strong>vitium</strong></span> <span class='ocrx_word' id='word_1_789' title='bbox 1020 5771 1230 5827; x_wconf 88' lang='lat' dir='ltr'><strong>radices</strong></span> <span class='ocrx_word' id='word_1_790' title='bbox 1257 5769 1570 5835; x_wconf 82' lang='lat' dir='ltr'><strong>extendere,</strong></span> <span class='ocrx_word' id='word_1_791' title='bbox 1598 5769 1743 5838; x_wconf 91' lang='lat' dir='ltr'><strong>quod</strong></span> <span class='ocrx_word' id='word_1_792' title='bbox 1767 5769 1871 5825; x_wconf 90' lang='lat' dir='ltr'><strong>nisi</strong></span> 
     </span>
    </p>
   </div>
   <div class='ocr_carea' id='block_1_104' title="bbox 293 5862 1874 5937">
    <p class='ocr_par' dir='ltr' id='par_1_104' title="bbox 293 5862 1874 5937">
     <span class='ocr_line' id='line_1_104' title="bbox 293 5862 1874 5937; baseline 0.002 -21"><span class='ocrx_word' id='word_1_793' title='bbox 293 5862 528 5918; x_wconf 85' lang='lat' dir='ltr'><strong>evulsum</strong></span> <span class='ocrx_word' id='word_1_794' title='bbox 574 5865 759 5919; x_wconf 77' lang='lat' dir='ltr'><strong>intime</strong></span> <span class='ocrx_word' id='word_1_795' title='bbox 803 5866 980 5928; x_wconf 59' lang='lat' dir='ltr'><strong>fuerit,</strong></span> <span class='ocrx_word' id='word_1_796' title='bbox 1013 5867 1076 5919; x_wconf 84' lang='lat' dir='ltr'><strong>a-I</strong></span> <span class='ocrx_word' id='word_1_797' title='bbox 1121 5865 1410 5919; x_wconf 87' lang='lat' dir='ltr'><strong>multorum</strong></span> <span class='ocrx_word' id='word_1_798' title='bbox 1451 5863 1745 5934; x_wconf 73' lang='lat' dir='ltr'><strong>perniciem</strong></span> <span class='ocrx_word' id='word_1_799' title='bbox 1783 5879 1874 5937; x_wconf 83' lang='lat' dir='ltr'><strong>po-</strong></span> 
     </span>
    </p>
   </div>
   <div class='ocr_carea' id='block_1_105' title="bbox 1974 4754 3568 4827">
    <p class='ocr_par' dir='ltr' id='par_1_105' title="bbox 1974 4754 3568 4827">
     <span class='ocr_line' id='line_1_105' title="bbox 1974 4754 3568 4827; baseline -0.001 -16"><span class='ocrx_word' id='word_1_800' title='bbox 1974 4754 2237 4826; x_wconf 82' lang='lat' dir='ltr'><strong>Gregorio</strong></span> <span class='ocrx_word' id='word_1_801' title='bbox 2277 4769 2416 4825; x_wconf 90' lang='lat' dir='ltr'><strong>papa</strong></span> <span class='ocrx_word' id='word_1_802' title='bbox 2459 4755 2691 4822; x_wconf 90' lang='lat' dir='ltr'><strong>dicatur,</strong></span> <span class='ocrx_word' id='word_1_803' title='bbox 2731 4756 2775 4812; x_wconf 92' lang='lat' dir='ltr'><strong>si</strong></span> <span class='ocrx_word' id='word_1_804' title='bbox 2815 4756 3236 4823; x_wconf 90' lang='lat' dir='ltr'><strong>continentiam,</strong></span> <span class='ocrx_word' id='word_1_805' title='bbox 3277 4771 3438 4827; x_wconf 87' lang='lat' dir='ltr'><strong>quam</strong></span> <span class='ocrx_word' id='word_1_806' title='bbox 3481 4757 3568 4810; x_wconf 84' lang='lat' dir='ltr'><strong>vir</strong></span> 
     </span>
    </p>
   </div>
   <div class='ocr_carea' id='block_1_106' title="bbox 1975 4845 3563 4919">
    <p class='ocr_par' dir='ltr' id='par_1_106' title="bbox 1975 4845 3563 4919">
     <span class='ocr_line' id='line_1_106' title="bbox 1975 4845 3563 4919; baseline 0 -19"><span class='ocrx_word' id='word_1_807' title='bbox 1975 4845 2200 4916; x_wconf 89' lang='lat' dir='ltr'><strong>appetit,</strong></span> <span class='ocrx_word' id='word_1_808' title='bbox 2233 4862 2372 4901; x_wconf 81' lang='lat' dir='ltr'><strong>uxor</strong></span> <span class='ocrx_word' id='word_1_809' title='bbox 2408 4860 2516 4902; x_wconf 90' lang='lat' dir='ltr'><strong>non</strong></span> <span class='ocrx_word' id='word_1_810' title='bbox 2557 4847 2823 4914; x_wconf 89' lang='lat' dir='ltr'><strong>sequitur,</strong></span> <span class='ocrx_word' id='word_1_811' title='bbox 2865 4853 2958 4900; x_wconf 89' lang='lat' dir='ltr'><strong>aut</strong></span> <span class='ocrx_word' id='word_1_812' title='bbox 2982 4861 3143 4915; x_wconf 90' lang='lat' dir='ltr'><strong>quam</strong></span> <span class='ocrx_word' id='word_1_813' title='bbox 3170 4861 3311 4901; x_wconf 85' lang='lat' dir='ltr'><strong>uxor</strong></span> <span class='ocrx_word' id='word_1_814' title='bbox 3336 4847 3563 4919; x_wconf 89' lang='lat' dir='ltr'><strong>appetit,</strong></span> 
     </span>
    </p>
   </div>
   <div class='ocr_carea' id='block_1_107' title="bbox 1973 4936 3566 5008">
    <p class='ocr_par' dir='ltr' id='par_1_107' title="bbox 1973 4936 3566 5008">
     <span class='ocr_line' id='line_1_107' title="bbox 1973 4936 3566 5008; baseline 0.002 -19"><span class='ocrx_word' id='word_1_815' title='bbox 1973 4938 2058 4991; x_wconf 90' lang='lat' dir='ltr'><strong>vir</strong></span> <span class='ocrx_word' id='word_1_816' title='bbox 2086 4945 2322 5003; x_wconf 90' lang='lat' dir='ltr'><strong>recusat,</strong></span> <span class='ocrx_word' id='word_1_817' title='bbox 2353 4937 2516 4991; x_wconf 90' lang='lat' dir='ltr'><strong>dividi</strong></span> <span class='ocrx_word' id='word_1_818' title='bbox 2559 4936 2870 5008; x_wconf 90' lang='lat' dir='ltr'><strong>conjugium</strong></span> <span class='ocrx_word' id='word_1_819' title='bbox 2920 4953 3028 4991; x_wconf 92' lang='lat' dir='ltr'><strong>non</strong></span> <span class='ocrx_word' id='word_1_820' title='bbox 3073 4937 3199 4993; x_wconf 90' lang='lat' dir='ltr'><strong>licet</strong></span> <span class='ocrx_word' id='word_1_821' title='bbox 3229 4956 3241 4991; x_wconf 92' lang='lat'>:</span> <span class='ocrx_word' id='word_1_822' title='bbox 3273 4939 3398 5008; x_wconf 90' lang='lat' dir='ltr'><strong>quia</strong></span> <span class='ocrx_word' id='word_1_823' title='bbox 3429 4939 3566 4994; x_wconf 87' lang='lat' dir='ltr'><strong>scri-</strong></span> 
     </span>
    </p>
   </div>
   <div class='ocr_carea' id='block_1_108' title="bbox 1974 5026 3562 5098">
    <p class='ocr_par' dir='ltr' id='par_1_108' title="bbox 1974 5026 3562 5098">
     <span class='ocr_line' id='line_1_108' title="bbox 1974 5026 3562 5098; baseline 0.002 -17"><span class='ocrx_word' id='word_1_824' title='bbox 1974 5036 2124 5098; x_wconf 91' lang='lat' dir='ltr'><strong>ptum</strong></span> <span class='ocrx_word' id='word_1_825' title='bbox 2152 5037 2235 5084; x_wconf 89' lang='lat' dir='ltr'><strong>est</strong></span> <span class='ocrx_word' id='word_1_826' title='bbox 2263 5047 2276 5081; x_wconf 86' lang='lat'>:</span> <span class='ocrx_word' id='word_1_827' title='bbox 2313 5026 2508 5082; x_wconf 81' lang='lat' dir='ltr'><strong>Mulier</strong></span> <span class='ocrx_word' id='word_1_828' title='bbox 2537 5028 2620 5082; x_wconf 77' lang='lat' dir='ltr'><strong>sui</strong></span> <span class='ocrx_word' id='word_1_829' title='bbox 2649 5029 2882 5098; x_wconf 78' lang='lat' dir='ltr'><strong>corporis</strong></span> <span class='ocrx_word' id='word_1_830' title='bbox 2909 5039 3215 5097; x_wconf 78' lang='lat' dir='ltr'><strong>potestatem</strong></span> <span class='ocrx_word' id='word_1_831' title='bbox 3253 5046 3358 5085; x_wconf 81' lang='lat' dir='ltr'><strong>non</strong></span> <span class='ocrx_word' id='word_1_832' title='bbox 3388 5031 3562 5096; x_wconf 76' lang='lat' dir='ltr'><strong>habet,</strong></span> 
     </span>
    </p>
   </div>
   <div class='ocr_carea' id='block_1_109' title="bbox 1975 5121 3564 5192">
    <p class='ocr_par' dir='ltr' id='par_1_109' title="bbox 1975 5121 3564 5192">
     <span class='ocr_line' id='line_1_109' title="bbox 1975 5121 3564 5192; baseline 0 -14"><span class='ocrx_word' id='word_1_833' title='bbox 1975 5123 2065 5178; x_wconf 75' lang='lat' dir='ltr'><strong>sed</strong></span> <span class='ocrx_word' id='word_1_834' title='bbox 2095 5125 2201 5189; x_wconf 78' lang='lat' dir='ltr'><strong>vir;</strong></span> <span class='ocrx_word' id='word_1_835' title='bbox 2230 5133 2276 5178; x_wconf 84' lang='lat' dir='ltr'><strong>et</strong></span> <span class='ocrx_word' id='word_1_836' title='bbox 2309 5123 2389 5176; x_wconf 83' lang='lat' dir='ltr'><strong>vir</strong></span> <span class='ocrx_word' id='word_1_837' title='bbox 2416 5123 2499 5175; x_wconf 83' lang='lat' dir='ltr'><strong>sui</strong></span> <span class='ocrx_word' id='word_1_838' title='bbox 2527 5121 2760 5192; x_wconf 77' lang='lat' dir='ltr'><strong>corporis</strong></span> <span class='ocrx_word' id='word_1_839' title='bbox 2793 5131 3098 5192; x_wconf 82' lang='lat' dir='ltr'><strong>potestatem</strong></span> <span class='ocrx_word' id='word_1_840' title='bbox 3133 5139 3237 5177; x_wconf 85' lang='lat' dir='ltr'><strong>non</strong></span> <span class='ocrx_word' id='word_1_841' title='bbox 3269 5122 3443 5190; x_wconf 85' lang='lat' dir='ltr'><strong>habet,</strong></span> <span class='ocrx_word' id='word_1_842' title='bbox 3472 5125 3564 5178; x_wconf 80' lang='lat' dir='ltr'><strong>sed</strong></span> 
     </span>
    </p>
   </div>
   <div class='ocr_carea' id='block_1_110' title="bbox 1975 5213 3566 5287">
    <p class='ocr_par' dir='ltr' id='par_1_110' title="bbox 1975 5213 3566 5287">
     <span class='ocr_line' id='line_1_110' title="bbox 1975 5213 3566 5287; baseline 0.003 -17"><span class='ocrx_word' id='word_1_843' title='bbox 1975 5216 2167 5270; x_wconf 86' lang='lat' dir='ltr'><strong>mulier</strong></span> <span class='ocrx_word' id='word_1_844' title='bbox 2193 5214 2243 5287; x_wconf 90' lang='lat' dir='ltr'><strong>(I</strong></span> <span class='ocrx_word' id='word_1_845' title='bbox 2275 5214 2397 5270; x_wconf 87' lang='lat' dir='ltr'><strong>Cor.</strong></span> <span class='ocrx_word' id='word_1_846' title='bbox 2430 5215 2551 5286; x_wconf 90' lang='lat' dir='ltr'><strong>vn).</strong></span> <span class='ocrx_word' id='word_1_847' title='bbox 2579 5213 2842 5285; x_wconf 89' lang='lat' dir='ltr'><strong>Optamus</strong></span> <span class='ocrx_word' id='word_1_848' title='bbox 2868 5215 3094 5287; x_wconf 84' lang='lat' dir='ltr'><strong>gloriam</strong></span> <span class='ocrx_word' id='word_1_849' title='bbox 3126 5223 3274 5271; x_wconf 87' lang='lat' dir='ltr'><strong>tuam</strong></span> <span class='ocrx_word' id='word_1_850' title='bbox 3313 5216 3368 5272; x_wconf 90' lang='lat' dir='ltr'><strong>in</strong></span> <span class='ocrx_word' id='word_1_851' title='bbox 3407 5217 3566 5274; x_wconf 83' lang='lat' dir='ltr'><strong>Chri-</strong></span> 
     </span>
    </p>
   </div>
   <div class='ocr_carea' id='block_1_111' title="bbox 1977 5309 3558 5380">
    <p class='ocr_par' dir='ltr' id='par_1_111' title="bbox 1977 5309 3558 5380">
     <span class='ocr_line' id='line_1_111' title="bbox 1977 5309 3558 5380; baseline -0.001 -14"><span class='ocrx_word' id='word_1_852' title='bbox 1977 5317 2063 5366; x_wconf 91' lang='lat' dir='ltr'><strong>sto</strong></span> <span class='ocrx_word' id='word_1_853' title='bbox 2089 5325 2231 5365; x_wconf 91' lang='lat' dir='ltr'><strong>nunc</strong></span> <span class='ocrx_word' id='word_1_854' title='bbox 2266 5318 2321 5364; x_wconf 91' lang='lat' dir='ltr'><strong>et</strong></span> <span class='ocrx_word' id='word_1_855' title='bbox 2358 5324 2574 5380; x_wconf 91' lang='lat' dir='ltr'><strong>semper</strong></span> <span class='ocrx_word' id='word_1_856' title='bbox 2618 5310 2756 5366; x_wconf 91' lang='lat' dir='ltr'><strong>bene</strong></span> <span class='ocrx_word' id='word_1_857' title='bbox 2793 5309 2998 5376; x_wconf 83' lang='lat' dir='ltr'><strong>valere,</strong></span> <span class='ocrx_word' id='word_1_858' title='bbox 3039 5309 3388 5367; x_wconf 84' lang='lat' dir='ltr'><strong>dilectissima</strong></span> <span class='ocrx_word' id='word_1_859' title='bbox 3431 5309 3558 5365; x_wconf 90' lang='lat' dir='ltr'><strong>lilia.</strong></span> 
     </span>
    </p>
   </div>
   <div class='ocr_carea' id='block_1_112' title="bbox 1977 5400 3242 5461">
    <p class='ocr_par' dir='ltr' id='par_1_112' title="bbox 1977 5400 3242 5461">
     <span class='ocr_line' id='line_1_112' title="bbox 1977 5400 3242 5461; baseline 0.005 -6"><span class='ocrx_word' id='word_1_860' title='bbox 1977 5401 2111 5457; x_wconf 87' lang='lat' dir='ltr'><strong>Data</strong></span> <span class='ocrx_word' id='word_1_861' title='bbox 2143 5419 2196 5456; x_wconf 76' lang='lat' dir='ltr'><strong>Ix</strong></span> <span class='ocrx_word' id='word_1_862' title='bbox 2228 5401 2498 5456; x_wconf 83' lang='lat' dir='ltr'><strong>Kalendas</strong></span> <span class='ocrx_word' id='word_1_863' title='bbox 2519 5400 2799 5457; x_wconf 88' lang='lat' dir='ltr'><strong>Februarii</strong></span> <span class='ocrx_word' id='word_1_864' title='bbox 2832 5402 3124 5459; x_wconf 90' lang='lat' dir='ltr'><strong>indictione</strong></span> <span class='ocrx_word' id='word_1_865' title='bbox 3151 5419 3242 5461; x_wconf 87' lang='lat' dir='ltr'><strong>xv.</strong></span> 
     </span>
    </p>
   </div>
  </div>
