4060 6338
504 341 639 401 ιιδο
1484 414 1493 419 θ

1167 450 1411 510 CXLVII.

582 584 656 637 ΑΒ
689 584 967 633 81⁵1800908
1006 585 1061 626 IN
1096 583 1266 626 ηειιο
1303 579 1559 625 ιοτιιιι
1594 581 1983 627 αοιηετιτιιτοε.

1103 679 1281 752 (Anno
1323 679 1474 751 867.)
1511 755 1513 758 Q

498 788 908 862 DeWaldradw
944 793 1478 847 excommunicatione
1514 793 1664 846 tertio
1698 792 1811 862 jam
1854 790 2076 847 δεήὺίιῖ

570 872 715 933 notat
758 861 966 916 illorum
1010 863 1284 933 desidiam,
1317 871 1365 916 et
1415 863 1598 931 referri
1630 861 1784 916 udae
1805 863 1978 933 jubet,
2007 874 2079 933 an

566 932 849 1055 Lothariu:
871 948 990 1055 cum
1018 932 1341 1005 Theutberga
1366 942 1716 999 conversetur,
1740 942 1786 987 et
1810 932 2078 1005 quomodo

568 1018 685 1055 eam
712 1013 824 1055 trac
848 1020 875 1055 c
902 1041 919 1055 .

568 1018 685 1056 eam
712 1013 919 1058 tractet.

1001 1073 1177 1146 [Apud
1208 1071 1399 1136 Mansi,
1423 1071 1578 1147 ibid.]

567 1183 838 1243 ΝιαοιΑυε
861 1187 1164 1259 episcopus,
1194 1202 1386 1242 servus
1410 1202 1691 1243 servorum
1720 1163 1843 1249 Dei,’
1858 1187 2084 1245 sanctis-

501 1277 656 1334 simis
679 1286 736 1333 et
761 1278 1216 1336 reverentissimis
1250 1277 1611 1333 confratribus
1640 1278 1861 1342 nostris,
1904 1277 2083 1332 avehi-

498 1371 766 1442 episcopis
799 1380 856 1427 et
888 1372 1156 1442 episcOpis
1186 1371 1238 1426 in
1266 1386 1431 1442 regno
1454 1370 1697 1426 Lotharii
1726 1370 1870 1438 regis
1899 1368 2085 1427 Eccle-

496 1461 631 1517 siam
663 1463 755 1518 Dei
782 1462 1225 1533 gubernantibus.

571 1553 897 1624 Optaremus
951 1558 1166 1611 tandem
1216 1557 1507 1628 aliquando
1558 1557 1731 1614 securi
1783 1556 1851 1613 de
1900 1570 2085 1614 corre-

496 1644 677 1700 ctione
704 1645 946 1701 Lotharii
975 1649 1116 1720 regis
1138 1648 1337 1715 effecti,
1361 1651 1427 1705 ad
1455 1649 1558 1704 alia
1589 1649 2083 1704 ecclesiasticarum

1827 334 2102 395 NICOLAI
2139 336 2344 393 PAPIE
2382 335 2403 391 ι

2098 461 2149 525 Α
2174 453 2397 524 quidem
2441 450 2734 509 Lotharius
2772 452 2910 508 adeo
2950 452 3294 522 iniquitatem
3344 466 3505 509 suam
3549 454 3821 523 agnos-II.

3642 295 3822 389 tuo

2179 555 2238 600 ut
2268 546 2407 600 hanc
2435 545 2598 599 etiam
2627 556 2682 599 et
2708 544 3026 616 corrigeret.
3056 544 3177 615 Ipsa
3219 560 3349 601 vero
3378 561 3483 601 nec
3525 547 3813 614 agnovit,

2176 653 2280 693 nec
2309 636 2555 692 confessa
2585 647 2691 703 est,
2722 653 2823 694 nec
2852 653 3116 693 venenum
3144 653 3256 693 sua:
3281 639 3481 694 mentis
3504 641 3813 694 deseruit.

2178 727 2566 785 Verumtamen
2596 732 2666 785 ab
2688 731 2882 785 itinere
2904 741 3085 801 ca-pto
3106 731 3351 793 reducta,
3383 747 3486 787 nec
3512 746 3811 802 percussa

2180 813 2369 885 doluit,
2395 835 2495 875 nec
2518 821 2705 875 attrita
2738 821 2907 875 voluit
2934 821 3177 889 recipere
3202 820 3569 890 disciplinam.
3605 821 3808 890 Quip-

2178 926 2248 982 pe
2291 926 2411 980 quae
2454 926 2559 979 nec
2606 925 2822 966 reversa
2867 919 2950 967 est
2994 912 3063 966 ad
3108 912 3506 982 percutientem
3556 928 3651 977 se,
3690 927 3809 969 nec

2180 1002 2346 1059 etiam
2385 1002 2604 1056 duriora
2643 1003 2868 1057 vulnera
2896 1003 3086 1058 sensit.
3119 1003 3312 1058 Merito
3338 1019 3470 1074 ergo
3514 1018 3585 1058 ea
3640 1005 3813 1058 inter

2180 1100 2425 1146 mortuos
2454 1099 2697 1160 rcputata
2730 1110 2743 1145 :
2770 1107 2891 1161 quae
2920 1092 3175 1149 nimirum
3212 1109 3386 1164 neque
3416 1092 3574 1165 [edin
3601 1093 3789 1148 Rom.

2180 1182 2332 1236 addit
2375 1190 2436 1235 ut
2470 1182 2592 1235 viva
2630 1197 2816 1238 vocem
2858 1183 3263 1254 praadicantium
3305 1185 3457 1239 audit
3498 1201 3701 1255 neque
3738 1186 3803 1241 in

2182 1273 2317 1335 suis,
2347 1270 2480 1344 etc.]
2510 1272 2565 1325 in
2614 1272 2728 1328 suis
2774 1273 3141 1342 penetralibus
3178 1274 3476 1341 occultata,
3519 1276 3639 1330 imo
3672 1275 3803 1344 jam

2183 1361 2369 1417 fmtida
2415 1361 2625 1431 ja'eens,
2674 1379 2773 1435 per
2826 1365 3220 1420 confessionem
3272 1363 3422 1423 foras
3469 1368 3794 1437 egreditur.

2183 1451 2348 1509 V'obis
2399 1455 2638 1524 ejusdem
2693 1456 2744 1509 in
2790 1454 2904 1524 jam
2955 1455 3122 1512 tatam
3170 1459 3439 1512 mtuebam
3488 1462 3805 1515 sententi:

2184 1544 2419 1621 prolatae
2439 1547 2712 1601 notionem
2742 1546 2994 1602 duximus
3025 1548 3228 1603 nostris
3257 1547 3455 1603 litteris
3488 1560 3799 1606 exaratam

2187 1638 2362 1693 denuo
2410 1638 2785 1692 dcstinandam
2820 1655 2834 1692 :
2869 1640 3222 1709 admonentes
3262 1641 3536 1704 videlicet,
3575 1652 3643 1697 ut
3682 1642 3803 1696 salo

495 1735 908 1813 dispositionum
954 1741 1169 1811 negotia
1219 1742 1418 1812 stylum
1463 1743 1802 1813 protendere.
1840 1741 1946 1797 Sed
1986 1756 2086 1797 nec

2190 1739 2296 1787 tem
2330 1747 2424 1786 vos
2449 1740 2503 1784 et
2529 1730 2800 1798 subjectos
2844 1740 3054 1788 vestros
3096 1733 3165 1789 ab
3207 1736 3464 1804 operibus
3489 1736 3616 1804 ejus
3642 1750 3805 1790 mor-

490 1838 717 1899 peccata
748 1841 1122 1886 consummata
1161 1833 1348 1902 ipsius,
1379 1848 1500 1902 quae
1541 1840 1770 1887 mortem
1798 1839 2081 1903 generant,

2191 1823 2297 1879 tuis
2338 1823 2747 1903 observaretis,
2778 1831 2832 1877 et
2878 1832 2939 1878 ut
2985 1834 3316 1895 praeceptum
3359 1837 3465 1891 est,
3512 1827 3799 1897 miluum

492 1930 768 1992 utcunque
797 1923 1138 2007 permittunt,
1175 1940 1277 1980 nec
1312 1925 1551 1980 studium
1580 1937 1842 1991 vestrum,
1869 1940 1978 1995 quo
2016 1925 2084 1980 ﬁo

495 2027 621 2068 nem
657 2022 867 2070 tantum
892 2015 1069 2073 scelus
1092 2017 1346 2088 accipiat,
1371 2018 1445 2073 ita
1474 2018 1757 2088 vigilanter
1779 2033 1841 2072 ac
1871 2017 2086 2088 episeo-

491 2108 691 2181 paliter
749 2110 1007 2168 adversus
1066 2112 1121 2167 id
1172 2112 1365 2167 saltem
1416 2113 1698 2168 nobiscum
1755 2111 2088 2168 decertands

494 2195 767 2269 fervorem
805 2198 1033 2270 justitite
1082 2203 1439 2258 demonstrat.
1481 2204 1823 2272 Quapropter
1858 2203 2088 2263 attonito

492 2291 630 2348 satis
661 2308 757 2348 cor
786 2304 1024 2350 vestrum
1055 2312 1161 2351 non
1192 2295 1366 2352 solum
1398 2296 1680 2362 miramur,
1710 2296 1805 2352 sed
1840 2305 1898 2351 et
1928 2294 2089 2352 deﬂe—

492 2397 637 2440 mus.
666 2383 798 2452 Quis
817 2386 964 2442 enim
989 2402 1095 2442 non
1120 2387 1301 2459 lugeat
1334 2396 1539 2443 tantam
1567 2386 1761 2459 lingua:
1786 2385 2088 2444 desidiam?

492 2480 605 2527 tam
634 2475 890 2532 remissas
924 2476 1262 2548 negligentiae
1300 2478 1529 2534 manus?
1555 2479 1773 2548 quando
1820 2478 1965 2533 inter
2006 2483 2089 2533 tot

493 2574 775 2636 pastorum
822 2568 1118 2634 custodias,
1154 2584 1255 2625 nec
1306 2569 1416 2641 lupi
1460 2571 1608 2641 gregi
1657 2586 1766 2626 non
1814 2570 2090 2640 parcentis

494 2655 708 2712 insidia:
755 2668 1148 2729 praecaventur,
1191 2674 1293 2716 nec
1320 2660 1510 2716 leonis
1566 2662 1745 2717 aditus
1794 2662 2089 2734 quaerentis

493 2762 655 2815 quem
681 2748 907 2804 devoret
925 2748 1302 2806 excluduntur.
1325 2749 1392 2806 Et
1416 2759 1563 2807 certe
1585 2767 1708 2807 cum
1732 2767 2091 2822 unumquemo

492 2852 601 2907 quc
627 2834 996 2895 Christianum
1027 2839 1175 2895 zelus
1211 2839 1306 2896 Dei
1346 2841 1632 2897 comedere
1670 2842 2090 2909 debeat,‘multo

496 2930 671 3001 niagis
704 2946 802 2986 vos
849 2931 1039 2987 eodem
1090 2931 1206 2987 zelo
1252 2932 1330 2987 uti
1380 2934 1651 3004 oportuit,
1698 2934 1793 3006 qui
1844 2933 2091 3003 ejusdem

495 3031 699 3079 sanctae
725 3023 938 3090 domus,
969 3023 1175 3079 utinam
1203 3039 1311 3081 non
1343 3025 1411 3080 ad
1442 3024 1619 3095 majus
1651 3026 1954 3096 periculum
1989 3042 2087 3083 ve-

495 3119 692 3179 strum,
723 3114 1137 3169 eminentiorem
1168 3115 1392 3187 gradum
1424 3116 1555 3172 estis
1581 3124 1637 3169 et
1665 3117 1913 3172 ordinem
1951 3131 2086 3173 con-

498 3205 693 3261 secuti.
737 3204 845 3261 Sed
882 3207 970 3263 bis
1009 3207 1320 3278 praelibatis,
1364 3222 1492 3264 ecce
1543 3209 1703 3263 tertio
1744 3224 1889 3265 nunc
1931 3210 2086 3267 vobis

496 3298 755 3353 omnibus
780 3313 900 3353 esse
927 3297 1299 3364 Waldradam,
1332 3298 1456 3355 tiliae
1495 3309 1693 3356 nostra:
1730 3299 2088 3375 Theutbergm

496 3388 699 3462 reginae
727 3388 1104 3460 iuquissimam
1133 3390 1405 3459 aemulam,
1436 3393 1712 3448 consortio
1743 3390 2085 3453 Christiano-

496 3495 619 3537 rum
653 3489 707 3536 et
749 3481 1131 3539 communione
1170 3482 1440 3554 privatam
1485 3484 1688 3541 nostris
1722 3485 1966 3556 epistolis
2005 3488 2092 3545 ins-

495 3571 762 3629 dicamus.
794 3570 1037 3646 Denique
1080 3582 1368 3647 postquam
1409 3576 1749 3633 imminentia
1792 3577 1945 3634 missi
1991 3593 2089 3636 no-

496 3668 619 3735 stri,
659 3667 803 3724 sicut
843 3668 946 3740 ipsi
996 3669 1190 3737 nostis,
1229 3667 1522 3727 Lotharius
1547 3670 1842 3728 Waldrada
1870 3672 2087 3745 repulsa

496 3758 858 3832 Theutbergae
911 3759 1113 3850 regina:
1165 3761 1379 3833 conjugi
1436 3777 1548 3818 sua:
1596 3760 1915 3819 obedienter
1965 3778 2089 3825 sese

496 3854 759 3922 restituit,
787 3863 843 3910 et
873 3852 1101 3925 praestiti
1130 3854 1460 3912 sacramenti
1491 3854 1866 3913 satisfactione
1895 3857 2090 3914 certis-

495 3945 636 4002 sima
682 3944 848 4003 ﬁnem
896 3945 1095 4002 sceleri
1139 3946 1354 4002 dedisse
1398 3949 1594 4003 merito
1630 3950 1780 4006 credi
1822 3958 2085 4021 poterat:

497 4046 761 4095 statutum
789 4046 893 4107 est,
923 4046 984 4094 ut
1013 4046 1164 4094 tanto
1194 4038 1349 4094 ﬁeret
1376 4042 1443 4095 ab
1471 4040 1663 4097 eodem
1692 4057 1820 4114 rege
1842 4041 2090 4101 Waldrao

497 4132 566 4188 da
590 4132 869 4200 remotior,
900 4139 1104 4203 quanto
1126 4132 1333 4203 antiqui
1371 4132 1546 4189 hostis
1578 4134 1848 4193 calliditas
1890 4135 2087 4194 talibus

498 4237 610 4279 non
638 4222 829 4279 deesse
857 4223 1217 4280 convincitur.
1257 4223 1528 4281 Statutum
1552 4234 1637 4281 est
1654 4226 1841 4293 etiam,
1871 4235 1931 4282 ut
1970 4227 2087 4299 ipsa

498 4315 696 4373 mulier
725 4316 782 4373 in
809 4315 963 4374 Italia
998 4318 1219 4374 interim
1256 4328 1554 4387 remorata,
1583 4328 1785 4377 nostrae
1809 4322 2089 4394 praestola-

500 4422 653 4470 retur
691 4428 934 4471 censurae
974 4422 1217 4471 tenorem
1248 4434 1263 4471 :
1293 4424 1349 4472 et
1382 4415 1430 4472 si
1471 4417 1612 4473 hanc
1640 4417 1870 4474 Romam
1900 4418 2088 4476 venire

2186 1914 2412 1971 minime
2440 1902 2747 1987 taugcretis
2774 1916 2910 1989 (Ita.
2937 1917 3060 1988 xu).
3090 1917 3354 1986 Quamvis
3386 1920 3614 1975 easdem
3646 1922 3802 1975 litte-

2187 2025 2308 2074 ras,
2360 2017 2419 2062 ut
2469 2008 2732 2065 relatione
2780 2010 3161 2066 nonnullorum
3195 2011 3522 2074 audivimus,
3564 2012 3691 2066 imo
3734 2020 3801 2065 ιι

2185 2099 2325 2156 lucri
2360 2100 2558 2156 nullius
2594 2101 2788 2159 eﬂectu
2833 2103 3121 2159 didicimus
3170 2104 3412 2173 recipere
3459 2102 3802 2159 fraternita

2186 2200 2369 2248 vestra
2400 2193 2662 2258 renuerit,
2692 2208 2792 2249 nec
2818 2193 2871 2247 in
2901 2192 3006 2249 hoc
3028 2209 3128 2264 pro
3149 2209 3258 2264 quo
3295 2195 3470 2249 missae
3511 2202 3676 2256 sunt,
3710 2192 3800 2250 vd

2188 2300 2220 2340 a
2263 2286 2422 2342 nobis
2465 2285 2703 2342 excitata
2752 2285 3010 2357 vigilare,
3050 2287 3165 2341 sive
3211 2285 3513 2355 quamlibet
3553 2298 3797 2357 opera.

2188 2377 2318 2434 dare
2338 2381 2635 2436 curaverit.
2665 2378 2797 2447 Quae
2828 2393 2916 2434 res
2943 2379 2991 2433 si
3016 2378 3247 2434 veritate
3292 2379 3518 2433 minime
3560 2378 3801 2435 [idcirc-

2191 2479 2299 2538 tur,
2323 2466 2566 2542 profecto
2586 2480 2848 2543 quantum
2871 2469 3182 2541 proliceret,
3208 2480 3304 2525 aut
3330 2486 3434 2526 non
3462 2471 3794 2540 proﬁceret,

2188 2564 2467 2634 pontificio
2495 2575 2684 2621 nostro
2712 2563 2931 2619 solertia
2959 2571 3141 2619 vestra
3178 2561 3497 2632 jamdudum
3536 2577 3799 2634 congruo

2193 2656 2307 2729 [pro
2348 2673 2611 2729 congrue,
2638 2656 2838 2730 Hann]
2867 2657 3159 2713 retulisset.
3185 2657 3256 2711 At
3292 2671 3424 2711 vero
3450 2671 3577 2712 cum
3601 2656 3686 2711 nil
3720 2668 3794 2712 et

2189 2750 2292 2807 hoc
2336 2751 2490 2805 nobis
2542 2750 2809 2815 retulerit,
2850 2757 3101 2821 patenter
3135 2750 3296 2804 datur
3342 2749 3591 2819 intelligi,
3643 2747 3796 2805 nihil

2190 2839 2318 2895 hinc
2338 2840 2523 2905 studii,
2556 2848 2616 2893 ut
2635 2840 2911 2895 admonita
2938 2839 3137 2905 fuerat,
3163 2854 3287 2895 eam
3314 2840 3529 2911 penitus
3558 2838 3796 2896 habuis-

2189 2948 2267 2988 se.
2296 2930 2354 2987 lu
2379 2946 2488 3002 quo
2516 2930 2726 3003 liquido
2754 2940 2921 3002 patet,
2964 2932 3093 3004 quid
3132 2934 3369 3004 ageretis
3396 2932 3559 2988 nullis
3593 2934 3795 2988 horta-

2192 3022 2336 3079 tibus
2384 3022 2590 3078 nostris
2642 3022 2866 3093 pulsati,
2896 3024 2989 3095 qui
3041 3024 3248 3080 nullum
3296 3024 3352 3079 in
3393 3023 3792 3081 ecclesiasticis

2191 3115 2620 3173 correctionibus
2653 3115 2895 3173 laborem
2936 3118 3126 3187 geritis
3164 3117 3331 3173 etiam
3360 3133 3392 3170 a
3433 3116 3590 3172 nobis
3620 3118 3792 3174 totis

2189 3211 2422 3268 incitati.
2452 3210 2560 3268 Sed
2605 3210 2798 3267 saltem
2846 3225 2990 3267 nunc
3026 3213 3170 3282 quod
3210 3212 3481 3267 hactenus
3515 3210 3788 3266 omisistis

2190 3303 2431 3374 incipite,
2463 3304 2538 3358 ita
2558 3310 2618 3357 ut
2638 3303 3008 3373 unusquisque
3036 3311 3276 3358 vestrum
3304 3301 3574 3356 veraciter
3594 3303 3787 3357 dicere

2189 3414 2314 3455 cum
2343 3398 2624 3468 psalmista
2655 3398 2832 3453 valeat
2861 3413 2877 3452 :
2907 3395 3068 3452 Nunc
3095 3398 3223 3469 εωρὶ
3253 3393 3425 3467 (PsaL
3464 3396 3677 3465 um).
3712 3395 3786 3452 Β

2191 3491 2489 3551 novissime
2524 3505 2652 3546 cum
2686 3489 2932 3561 apostolo
2966 3504 3193 3545 securus
3230 3495 3289 3543 et
3323 3486 3663 3543 letabondus
3695 3486 3788 3543 fa-

2191 3576 2297 3641 teri
2331 3602 2345 3639 :
2377 3583 2587 3640 Bonum
2617 3593 2882 3639 certamen
2909 3582 3122 3647 επιειυῂ
3146 3595 3359 3636 suum
3394 3582 3784 3648 “namadd,

2189 3675 2349 3746 ﬁdem
2387 3675 2609 3740 seruaui,
2637 3684 2688 3729 et
2729 3674 2796 3729 de
2838 3682 3023 3728 cetera
3056 3671 3285 3742 «posita
3313 3680 3391 3725 est
3418 3672 3548 3727 mihi
3583 3684 3788 3727 corona

2183 3768 2410 3840 justitiw
2439 3765 2527 3841 (II
2564 3766 2696 3822 Tim.
2739 3765 2839 3838 tv).
2888 3765 3087 3822 Verum
3133 3763 3248 3832 jam
3292 3763 3525 3820 fortasse
3574 3762 3785 3820 malitia

2192 3859 2296 3916 sibi
2339 3858 2504 3913 finem
2549 3858 2870 3926 imponeret,
2910 3855 3014 3911 nisi
3054 3856 3277 3925 quidam
3323 3864 3565 3910 vestrum
3608 3854 3788 3925 magis

2192 3962 2311 4011 sua,
2337 3961 2501 4018 quam
2544 3962 2665 4017 qua:
2710 3946 2841 4003 Jesu
2880 3944 3085 4002 Christi
3122 3954 3274 4012 sunt,
3299 3953 3625 4015 quaererent.
3652 3943 3790 4011 Qut-

2193 4042 2317 4099 dam
2357 4040 2463 4096 sibi
2505 4038 2748 4111 peritura
2795 4055 2889 4095 seu
2936 4040 3173 4095 toxicata
3218 4039 3480 4095 beneﬁcia
3531 4034 3785 4095 subth

2192 4140 2463 4198 metuunt,
2496 4146 2594 4202 pro
2627 4132 2839 4202 justitia
2882 4131 3105 4202 quidam
3136 4132 3280 4201 loqui
3315 4139 3569 4196 renuunt,
3598 4128 3787 4187 favet.

2191 4222 2633 4279 autemmtechis
2670 4231 2782 4278 tota
2818 4222 3022 4278 virtute
3065 4223 3418 4286 contendunt,
3448 4238 3512 4279 ac
3544 4238 3641 4294 per
3678 4221 3785 4279 hoc

2191 4315 2410 4372 aeternis
2436 4314 2717 4371 beneficiis
2736 4313 2887 4384 justo
2908 4313 3093 4383 judice
3118 4313 3444 4371 decernente
3473 4314 3780 4385 privamur.

2192 4406 2511 4477 Quanquam
2560 4406 2873 4464 meminisse
2942 4405 3299 4463 nihilominus
3365 4407 3634 4471 debeant,
3681 4416 3783 4461 uel

499 4505 870 4562 necessarium
916 4505 1270 4573 duceremus,
1319 4508 1702 4564 incunctanter
1731 4518 2084 4566 occurreret:

2194 4500 2408 4570 penitus
2452 4514 2562 4555 non
2602 4498 2792 4566 latere,
2823 4501 3091 4570 quantum
3132 4500 3235 4570 ipsi
3274 4498 3512 4555 favorem
3550 4499 3782 4555 moechis

498 4607 769 4668 quatenus
809 4612 994 4654 coram
1044 4597 1199 4653 nobis
1241 4598 1564 4664 consistens,
1599 4607 1691 4654 aut
1728 4614 1788 4655 se
1824 4599 1870 4675 si
1908 4609 2091 4670 posset

498 4690 782 4747 innoxiam
824 4690 1128 4756 exhiberet,
1157 4697 1251 4746 aut
1299 4690 1649 4746 commissum
1696 4691 1946 4748 confessa
1987 4693 2092 4749 mi-

499 4781 857 4838 sericordiam
887 4781 1225 4851 impetraret.
1268 4782 1340 4835 At
1378 4778 1469 4834 illa
1516 4780 1570 4834 in
1612 4779 1825 4836 italiam
1869 4783 2089 4853 quidem

500 4871 631 4929 licet
655 4881 843 4931 coacta
868 4873 1015 4929 venit
1040 4886 1055 4925 :
1086 4871 1314 4927 Romam
1343 4885 1473 4927 vero
1500 4872 1699 4929 mentis
1726 4874 2091 4932 obstinatione

498 4965 643 5021 victa
668 4965 939 5037 proficisci
965 4965 1228 5035 despexit.
1262 4964 1376 5020 lmo
1405 4973 1661 5036 tanquam
1693 4966 2088 5038 irreprehensi-

498 5054 629 5110 bilis
659 5056 1007 5112 conscientiae
1038 5066 1186 5111 retro
1212 5071 1472 5111 conversa
1508 5057 1563 5111 in
1602 5058 1938 5127 provinciam
1968 5074 2095 5131 pro-

499 5143 729 5215 perandi
758 5160 1001 5216 gressum
1032 5145 1322 5216 protendit.
1348 5145 1465 5213 Quo
1492 5147 1698 5213 audito,
1728 5150 2092 5225 intelleximus

502 5249 626 5291 eam
666 5234 927 5307 ﬂagitium
966 5251 1123 5292 suum
1167 5235 1313 5290 nulla
1355 5237 1491 5294 velle
1535 5241 1877 5297 correctione
1905 5243 2093 5299 termi-

499 5326 655 5391 nari,
691 5340 792 5381 nec
834 5327 1110 5397 proprium
1160 5326 1355 5383 vulnus
1393 5329 1496 5385 ulla
1546 5332 1854 5389 desiderare
1899 5335 2093 5401 subse-

500 5427 703 5490 quente
750 5415 956 5472 medela
1003 5418 1206 5472 curari.
1257 5419 1598 5493 Quapropter
1660 5426 1983 5481 sententiam
2031 5427 2088 5484 in

500 5522 622 5563 eam
648 5506 1248 5574 excommunicationis,
1280 5525 1453 5583 usque
1490 5515 1556 5568 ad
1592 5516 2007 5585 correctionem,
2033 5526 2090 5574 et

501 5600 752 5656 idoneam
785 5607 1028 5655 nostram
1066 5608 1120 5656 et
1156 5601 1319 5657 totius
1354 5604 1596 5661 ecclesia:
1634 5609 2082 5679 satisfactionem,

500 5694 845 5765 protulimus.
878 5692 1013 5750 Nam
1045 5706 1305 5765 quantum
1336 5697 1406 5751 sit
1443 5699 1555 5768 ipsa
1598 5702 1806 5755 cunctis
1843 5705 2086 5761 severius

501 5788 796 5864 punienda,
828 5790 882 5849 in
910 5790 1014 5851 hoc
1043 5801 1249 5851 certum
1278 5802 1363 5852 est
1396 5793 1780 5866 demonstrari,
1815 5801 1957 5871 quod
1988 5815 2081 5858 rex

2192 4592 2553 4664 praestiterint
2593 4610 2606 4646 :
2656 4593 2915 4648 nimirum
2968 4594 3061 4663 qui
3114 4593 3490 4663 surreptiones
3536 4605 3669 4647 suas
3724 4590 3782 4646 ἢ

2192 4683 2437 4757 profanis
2470 4685 2638 4756 gestis
2671 4700 2773 4753 nos
2812 4686 3015 4741 dudum
3056 4686 3326 4757 reperisse
3358 4698 3468 4740 non
3510 4685 3782 4740 nesciunt.

2193 4779 2401 4848 Quibus
2421 4781 2526 4837 etsi
2558 4780 2700 4837 forte
2724 4782 3021 4852 apostolica
3049 4780 3426 4845 moderatione
3454 4780 3783 4852 ignovimus,

2193 4871 2428 4942 qualiter
2454 4879 2634 4928 tamen
2676 4872 2764 4929 his
2799 4874 2998 4942 quibus
3036 4873 3381 4943 pepercimus
3418 4871 3582 4927 fuerit
3625 4873 3786 4944 igno-

2197 4974 2310 5019 tum
2342 4962 2655 5021 recolimus.
2694 4964 2937 5035 Denique
2962 4964 3041 5019 sic
3063 4964 3337 5034 praeterita
3365 4964 3691 5028 dimisimus,
3720 4971 3786 5020 ut

2193 5058 2392 5114 futuris
2434 5073 2731 5131 congruam
2771 5057 3153 5114 adhiberemus
3185 5056 3489 5124 cautelam;
3514 5067 3573 5113 et
3610 5059 3693 5113 sic
3722 5071 3788 5114 ae

2192 5158 2417 5207 nossent
2451 5150 2527 5205 illi
2572 5151 2849 5221 provisum
2876 5148 3139 5220 judicium
3170 5164 3453 5216 evasuros,
3482 5150 3529 5204 si
3570 5164 3632 5206 se
3670 5150 3785 5205 sd-

2192 5251 2316 5303 rent
2358 5242 2413 5297 in
2463 5242 2606 5298 idem
2655 5240 2918 5313 ﬂagitium
2965 5240 3196 5298 favendo
3242 5254 3521 5313 nunquam
3568 5242 3789 5314 penitus

2191 5333 2529 5389 incursuros.
2562 5332 2716 5391 Nunc
2748 5350 2902 5405 ergo,
2924 5332 3187 5406 quoniam
3234 5336 3420 5391 ιιίιιιις
3462 5350 3586 5391 sese
3624 5342 3790 5391 caute

2199 5427 2268 5482 ab
2296 5441 2362 5482 eo
2390 5427 2724 5494 munierunt,
2754 5429 2809 5484 in
2846 5428 3110 5499 judicium
3138 5430 3280 5500 quod
3308 5429 3536 5485 dilatum
3574 5437 3660 5485 est
3702 5429 3792 5483 in-

2198 5521 2465 5586 ciderunt,
2511 5521 2760 5591 quamvis
2798 5530 2854 5577 et
2882 5521 3021 5588 illis,
3052 5532 3109 5578 et
3150 5523 3258 5591 his,
3303 5522 3398 5593 qui
3438 5523 3659 5577 mittere
3686 5534 3790 5591 pro

2196 5614 2537 5683 impetranda
2582 5615 2738 5670 venia
2791 5624 3255 5686 contempserunt,
3294 5614 3451 5669 valde
3494 5613 3792 5685 providea-
3842 5650 3853 5663 .

2194 5709 2322 5763 dum
2349 5718 2453 5772 est,
2486 5724 2553 5764 ne
2589 5724 2621 5762 a
2664 5710 3049 5764 communione
3092 5716 3298 5771 nostra,
3330 5723 3394 5762 ac
3434 5720 3534 5779 per
3574 5707 3678 5763 hoc
3715 5703 3790 5763 ab

2195 5801 2522 5861 universalis
2546 5803 2804 5863 Ecclesiae
2833 5816 3094 5880 compage
3123 5810 3303 5873 ruant,
3333 5803 3521 5880 sicque
3565 5800 3788 5871 domum

3988 888 3993 991 l
