  <div class='ocr_page' id='page_1' title='image "/cluster/home/n/w/nwhite01/storage/ocr_20150623/119/hvd.32044015466915/576.png"; bbox 0 0 4060 6338; ppageno 0'>
   <div class='ocr_carea' id='block_1_1' title="bbox 264 379 427 440">
    <p class='ocr_par' dir='ltr' id='par_1_1' title="bbox 264 379 427 440">
     <span class='ocr_line' id='line_1_1' title="bbox 264 379 427 440; baseline -0.006 0"><span class='ocrx_word' id='word_1_1' title='bbox 264 379 427 440; x_wconf 69' lang='lat' dir='ltr'><strong>ﬂ“</strong></span> 
     </span>
    </p>
   </div>
   <div class='ocr_carea' id='block_1_2' title="bbox 1481 378 2338 437">
    <p class='ocr_par' dir='ltr' id='par_1_2' title="bbox 1481 378 2338 437">
     <span class='ocr_line' id='line_1_2' title="bbox 1481 378 2338 437; baseline -0.004 -1"><span class='ocrx_word' id='word_1_2' title='bbox 1481 378 1839 437; x_wconf 69' lang='lat' dir='ltr'><strong>EPISTOLE</strong></span> <span class='ocrx_word' id='word_1_3' title='bbox 1875 378 1965 436; x_wconf 81' lang='lat' dir='ltr'><strong>ET</strong></span> <span class='ocrx_word' id='word_1_4' title='bbox 2002 378 2338 436; x_wconf 80' lang='lat' dir='ltr'><strong>DECRETA.</strong></span> 
     </span>
    </p>
   </div>
   <div class='ocr_carea' id='block_1_3' title="bbox 3391 381 3583 436">
    <p class='ocr_par' dir='ltr' id='par_1_3' title="bbox 3391 381 3583 436">
     <span class='ocr_line' id='line_1_3' title="bbox 3391 381 3583 436; baseline 0.01 -1"><span class='ocrx_word' id='word_1_5' title='bbox 3391 381 3529 436; x_wconf 65' lang='grc'><strong>114⁵3</strong></span> <span class='ocrx_word' id='word_1_6' title='bbox 3580 422 3583 425; x_wconf 94' lang='grc'><strong><em>-</em></strong></span> 
     </span>
    </p>
   </div>
   <div class='ocr_carea' id='block_1_4' title="bbox 266 491 3534 567">
    <p class='ocr_par' dir='ltr' id='par_1_4' title="bbox 266 491 3534 567">
     <span class='ocr_line' id='line_1_4' title="bbox 266 491 3534 567; baseline -0.002 -12"><span class='ocrx_word' id='word_1_7' title='bbox 266 498 352 555; x_wconf 82' lang='lat' dir='ltr'><strong>de</strong></span> <span class='ocrx_word' id='word_1_8' title='bbox 370 495 627 567; x_wconf 75' lang='lat' dir='ltr'><strong>gradibus</strong></span> <span class='ocrx_word' id='word_1_9' title='bbox 651 496 763 552; x_wconf 83' lang='lat' dir='ltr'><strong>suis</strong></span> <span class='ocrx_word' id='word_1_10' title='bbox 776 496 954 551; x_wconf 78' lang='lat' dir='ltr'><strong>minus</strong></span> <span class='ocrx_word' id='word_1_11' title='bbox 980 495 1034 550; x_wconf 92' lang='lat' dir='ltr'><strong>in</strong></span> <span class='ocrx_word' id='word_1_12' title='bbox 1058 495 1240 561; x_wconf 80' lang='lat' dir='ltr'><strong>tinent,</strong></span> <span class='ocrx_word' id='word_1_13' title='bbox 1262 508 1423 563; x_wconf 86' lang='lat' dir='ltr'><strong>quam</strong></span> <span class='ocrx_word' id='word_1_14' title='bbox 1446 494 1656 560; x_wconf 82' lang='lat' dir='ltr'><strong>volunt,</strong></span> <span class='ocrx_word' id='word_1_15' title='bbox 1677 492 1856 549; x_wconf 78' lang='lat' dir='ltr'><strong>exsul-</strong></span> <span class='ocrx_word' id='word_1_16' title='bbox 1880 501 1935 560; x_wconf 69' lang='grc' dir='ltr'>Α</span> <span class='ocrx_word' id='word_1_17' title='bbox 1956 493 2323 562; x_wconf 80' lang='lat' dir='ltr'><strong>gregationem</strong></span> <span class='ocrx_word' id='word_1_18' title='bbox 2350 508 2365 548; x_wconf 87' lang='lat'><strong>:</strong></span> <span class='ocrx_word' id='word_1_19' title='bbox 2395 506 2515 563; x_wconf 75' lang='lat' dir='ltr'><strong>quae</strong></span> <span class='ocrx_word' id='word_1_20' title='bbox 2540 491 2590 548; x_wconf 88' lang='lat' dir='ltr'><strong>si</strong></span> <span class='ocrx_word' id='word_1_21' title='bbox 2614 492 2807 563; x_wconf 88' lang='lat' dir='ltr'><strong>pudica</strong></span> <span class='ocrx_word' id='word_1_22' title='bbox 2841 493 3054 547; x_wconf 87' lang='lat' dir='ltr'><strong>inventa</strong></span> <span class='ocrx_word' id='word_1_23' title='bbox 3086 492 3250 547; x_wconf 82' lang='lat' dir='ltr'><strong>fuerit</strong></span> <span class='ocrx_word' id='word_1_24' title='bbox 3276 507 3305 546; x_wconf 89' lang='lat' dir='ltr'><strong>a</strong></span> <span class='ocrx_word' id='word_1_25' title='bbox 3336 508 3534 564; x_wconf 83' lang='lat' dir='ltr'><strong>sponso</strong></span> 
     </span>
    </p>
   </div>
   <div class='ocr_carea' id='block_1_5' title="bbox 270 586 1856 657">
    <p class='ocr_par' dir='ltr' id='par_1_5' title="bbox 270 586 1856 657">
     <span class='ocr_line' id='line_1_5' title="bbox 270 586 1856 657; baseline -0.004 -12"><span class='ocrx_word' id='word_1_26' title='bbox 270 599 425 645; x_wconf 84' lang='lat' dir='ltr'><strong>tent.</strong></span> <span class='ocrx_word' id='word_1_27' title='bbox 469 587 736 644; x_wconf 67' lang='lat' dir='ltr'><strong>Praterea</strong></span> <span class='ocrx_word' id='word_1_28' title='bbox 767 589 812 643; x_wconf 88' lang='lat' dir='ltr'><strong>si</strong></span> <span class='ocrx_word' id='word_1_29' title='bbox 850 589 992 657; x_wconf 83' lang='lat' dir='ltr'><strong>quis,</strong></span> <span class='ocrx_word' id='word_1_30' title='bbox 1022 597 1082 642; x_wconf 89' lang='lat' dir='ltr'><strong>ut</strong></span> <span class='ocrx_word' id='word_1_31' title='bbox 1119 586 1262 641; x_wconf 87' lang='lat' dir='ltr'><strong>fama</strong></span> <span class='ocrx_word' id='word_1_32' title='bbox 1304 587 1580 651; x_wconf 88' lang='lat' dir='ltr'><strong>mentitur,</strong></span> <span class='ocrx_word' id='word_1_33' title='bbox 1621 586 1856 640; x_wconf 78' lang='lat' dir='ltr'><strong>aestimat</strong></span> 
     </span>
    </p>
   </div>
   <div class='ocr_carea' id='block_1_6' title="bbox 269 675 1855 739">
    <p class='ocr_par' dir='ltr' id='par_1_6' title="bbox 269 675 1855 739">
     <span class='ocr_line' id='line_1_6' title="bbox 269 675 1855 739; baseline -0.005 -4"><span class='ocrx_word' id='word_1_34' title='bbox 269 697 389 735; x_wconf 86' lang='lat' dir='ltr'><strong>nos</strong></span> <span class='ocrx_word' id='word_1_35' title='bbox 417 679 722 735; x_wconf 61' lang='lat' dir='ltr'><strong>Waldradae</strong></span> <span class='ocrx_word' id='word_1_36' title='bbox 757 680 812 732; x_wconf 91' lang='lat' dir='ltr'><strong>in</strong></span> <span class='ocrx_word' id='word_1_37' title='bbox 860 678 1090 739; x_wconf 77' lang='lat' dir='ltr'><strong>Galliam</strong></span> <span class='ocrx_word' id='word_1_38' title='bbox 1136 677 1410 733; x_wconf 84' lang='lat' dir='ltr'><strong>remeandi</strong></span> <span class='ocrx_word' id='word_1_39' title='bbox 1455 676 1725 731; x_wconf 72' lang='lat' dir='ltr'><strong>licentiam</strong></span> <span class='ocrx_word' id='word_1_40' title='bbox 1760 675 1855 728; x_wconf 89' lang='lat' dir='ltr'><strong>de-</strong></span> 
     </span>
    </p>
   </div>
   <div class='ocr_carea' id='block_1_7' title="bbox 269 751 1855 840">
    <p class='ocr_par' dir='ltr' id='par_1_7' title="bbox 269 751 1855 840">
     <span class='ocr_line' id='line_1_7' title="bbox 269 751 1855 840; baseline -0.002 -15"><span class='ocrx_word' id='word_1_41' title='bbox 269 772 452 837; x_wconf 82' lang='lat' dir='ltr'><strong>disse,</strong></span> <span class='ocrx_word' id='word_1_42' title='bbox 477 770 560 826; x_wconf 84' lang='lat' dir='ltr'><strong>vel</strong></span> <span class='ocrx_word' id='word_1_43' title='bbox 587 770 635 825; x_wconf 85' lang='lat' dir='ltr'><strong>si</strong></span> <span class='ocrx_word' id='word_1_44' title='bbox 662 751 932 840; x_wconf 61' lang='lat' dir='ltr'><strong>quierint,</strong></span> <span class='ocrx_word' id='word_1_45' title='bbox 962 770 1028 823; x_wconf 86' lang='lat' dir='ltr'><strong>ad</strong></span> <span class='ocrx_word' id='word_1_46' title='bbox 1062 782 1293 839; x_wconf 87' lang='lat' dir='ltr'><strong>quorum</strong></span> <span class='ocrx_word' id='word_1_47' title='bbox 1324 769 1572 822; x_wconf 87' lang='lat' dir='ltr'><strong>notitiam</strong></span> <span class='ocrx_word' id='word_1_48' title='bbox 1613 767 1855 835; x_wconf 70' lang='lat' dir='ltr'><strong>epistolae</strong></span> 
     </span>
    </p>
   </div>
   <div class='ocr_carea' id='block_1_8' title="bbox 271 860 1855 930">
    <p class='ocr_par' dir='ltr' id='par_1_8' title="bbox 271 860 1855 930">
     <span class='ocr_line' id='line_1_8' title="bbox 271 860 1855 930; baseline -0.003 -15"><span class='ocrx_word' id='word_1_49' title='bbox 271 866 487 915; x_wconf 64' lang='lat' dir='ltr'><strong>nostris</strong></span> <span class='ocrx_word' id='word_1_50' title='bbox 526 871 746 930; x_wconf 76' lang='lat' dir='ltr'><strong>propter</strong></span> <span class='ocrx_word' id='word_1_51' title='bbox 785 860 1199 916; x_wconf 81' lang='lat' dir='ltr'><strong>occultationem</strong></span> <span class='ocrx_word' id='word_1_52' title='bbox 1234 873 1419 914; x_wconf 79' lang='lat' dir='ltr'><strong>earum</strong></span> <span class='ocrx_word' id='word_1_53' title='bbox 1454 873 1561 913; x_wconf 76' lang='lat' dir='ltr'><strong>non</strong></span> <span class='ocrx_word' id='word_1_54' title='bbox 1594 871 1855 928; x_wconf 81' lang='lat' dir='ltr'><strong>pervene-</strong></span> 
     </span>
    </p>
   </div>
   <div class='ocr_carea' id='block_1_9' title="bbox 268 950 1855 1022">
    <p class='ocr_par' dir='ltr' id='par_1_9' title="bbox 268 950 1855 1022">
     <span class='ocr_line' id='line_1_9' title="bbox 268 950 1855 1022; baseline -0.001 -16"><span class='ocrx_word' id='word_1_55' title='bbox 268 960 434 1015; x_wconf 68' lang='lat' dir='ltr'><strong>runt,</strong></span> <span class='ocrx_word' id='word_1_56' title='bbox 467 952 513 1007; x_wconf 85' lang='lat' dir='ltr'><strong>si</strong></span> <span class='ocrx_word' id='word_1_57' title='bbox 553 955 697 1008; x_wconf 74' lang='lat' dir='ltr'><strong>scire</strong></span> <span class='ocrx_word' id='word_1_58' title='bbox 738 966 845 1008; x_wconf 81' lang='lat' dir='ltr'><strong>non</strong></span> <span class='ocrx_word' id='word_1_59' title='bbox 897 963 1146 1009; x_wconf 83' lang='lat' dir='ltr'><strong>recusant</strong></span> <span class='ocrx_word' id='word_1_60' title='bbox 1185 967 1304 1022; x_wconf 67' lang='lat' dir='ltr'><strong>qua:</strong></span> <span class='ocrx_word' id='word_1_61' title='bbox 1347 950 1855 1021; x_wconf 59' lang='lat' dir='ltr'><strong>Ittpcr‘liujusmodi</strong></span> 
     </span>
    </p>
   </div>
   <div class='ocr_carea' id='block_1_10' title="bbox 270 1039 1856 1115">
    <p class='ocr_par' dir='ltr' id='par_1_10' title="bbox 270 1039 1856 1115">
     <span class='ocr_line' id='line_1_10' title="bbox 270 1039 1856 1115; baseline -0.001 -18"><span class='ocrx_word' id='word_1_62' title='bbox 270 1044 507 1115; x_wconf 78' lang='lat' dir='ltr'><strong>negotio</strong></span> <span class='ocrx_word' id='word_1_63' title='bbox 536 1052 718 1100; x_wconf 71' lang='lat' dir='ltr'><strong>nostra</strong></span> <span class='ocrx_word' id='word_1_64' title='bbox 747 1042 913 1098; x_wconf 81' lang='lat' dir='ltr'><strong>fuerit</strong></span> <span class='ocrx_word' id='word_1_65' title='bbox 938 1043 1158 1098; x_wconf 86' lang='lat' dir='ltr'><strong>immota</strong></span> <span class='ocrx_word' id='word_1_66' title='bbox 1187 1056 1398 1112; x_wconf 77' lang='lat' dir='ltr'><strong>semper</strong></span> <span class='ocrx_word' id='word_1_67' title='bbox 1424 1041 1671 1105; x_wconf 81' lang='lat' dir='ltr'><strong>intentio,</strong></span> <span class='ocrx_word' id='word_1_68' title='bbox 1697 1039 1856 1095; x_wconf 81' lang='lat' dir='ltr'><strong>Chri-</strong></span> 
     </span>
    </p>
   </div>
   <div class='ocr_carea' id='block_1_11' title="bbox 273 1120 1854 1202">
    <p class='ocr_par' dir='ltr' id='par_1_11' title="bbox 273 1120 1854 1202">
     <span class='ocr_line' id='line_1_11' title="bbox 273 1120 1854 1202; baseline -0.005 -11"><span class='ocrx_word' id='word_1_69' title='bbox 273 1136 493 1191; x_wconf 85' lang='lat' dir='ltr'><strong>tianum</strong></span> <span class='ocrx_word' id='word_1_70' title='bbox 519 1144 571 1191; x_wconf 86' lang='lat' dir='ltr'><strong>et</strong></span> <span class='ocrx_word' id='word_1_71' title='bbox 602 1134 921 1190; x_wconf 82' lang='lat' dir='ltr'><strong>Waltarium</strong></span> <span class='ocrx_word' id='word_1_72' title='bbox 954 1136 1180 1190; x_wconf 81' lang='lat' dir='ltr'><strong>comites</strong></span> <span class='ocrx_word' id='word_1_73' title='bbox 1210 1136 1555 1202; x_wconf 74' lang='lat' dir='ltr'><strong>interrogent,</strong></span> <span class='ocrx_word' id='word_1_74' title='bbox 1578 1120 1854 1202; x_wconf 39' lang='lat' dir='ltr'><strong>quos‘Ro—</strong></span> 
     </span>
    </p>
   </div>
   <div class='ocr_carea' id='block_1_12' title="bbox 271 1223 1854 1295">
    <p class='ocr_par' dir='ltr' id='par_1_12' title="bbox 271 1223 1854 1295">
     <span class='ocr_line' id='line_1_12' title="bbox 271 1223 1854 1295; baseline -0.005 -11"><span class='ocrx_word' id='word_1_75' title='bbox 271 1243 455 1293; x_wconf 87' lang='lat' dir='ltr'><strong>mam,</strong></span> <span class='ocrx_word' id='word_1_76' title='bbox 500 1227 627 1284; x_wconf 87' lang='lat' dir='ltr'><strong>licet</strong></span> <span class='ocrx_word' id='word_1_77' title='bbox 665 1241 772 1282; x_wconf 83' lang='lat' dir='ltr'><strong>non</strong></span> <span class='ocrx_word' id='word_1_78' title='bbox 816 1242 924 1281; x_wconf 91' lang='lat' dir='ltr'><strong>uno</strong></span> <span class='ocrx_word' id='word_1_79' title='bbox 966 1227 1280 1295; x_wconf 88' lang='lat' dir='ltr'><strong>eodemque,</strong></span> <span class='ocrx_word' id='word_1_80' title='bbox 1316 1233 1496 1279; x_wconf 86' lang='lat' dir='ltr'><strong>tamen</strong></span> <span class='ocrx_word' id='word_1_81' title='bbox 1543 1223 1854 1279; x_wconf 81' lang='lat' dir='ltr'><strong>continuato</strong></span> 
     </span>
    </p>
   </div>
   <div class='ocr_carea' id='block_1_13' title="bbox 276 1316 1857 1389">
    <p class='ocr_par' dir='ltr' id='par_1_13' title="bbox 276 1316 1857 1389">
     <span class='ocr_line' id='line_1_13' title="bbox 276 1316 1857 1389; baseline -0.003 -16"><span class='ocrx_word' id='word_1_82' title='bbox 276 1326 535 1389; x_wconf 84' lang='lat' dir='ltr'><strong>tempore</strong></span> <span class='ocrx_word' id='word_1_83' title='bbox 554 1317 850 1383; x_wconf 75' lang='lat' dir='ltr'><strong>venientes,</strong></span> <span class='ocrx_word' id='word_1_84' title='bbox 866 1334 972 1372; x_wconf 82' lang='lat' dir='ltr'><strong>non</strong></span> <span class='ocrx_word' id='word_1_85' title='bbox 994 1317 1164 1372; x_wconf 86' lang='lat' dir='ltr'><strong>solum</strong></span> <span class='ocrx_word' id='word_1_86' title='bbox 1179 1326 1239 1371; x_wconf 90' lang='lat' dir='ltr'><strong>ut</strong></span> <span class='ocrx_word' id='word_1_87' title='bbox 1262 1316 1568 1381; x_wconf 84' lang='lat' dir='ltr'><strong>Lotbarius,</strong></span> <span class='ocrx_word' id='word_1_88' title='bbox 1591 1324 1857 1384; x_wconf 80' lang='lat' dir='ltr'><strong>quatenus</strong></span> 
     </span>
    </p>
   </div>
   <div class='ocr_carea' id='block_1_14' title="bbox 274 1408 1851 1481">
    <p class='ocr_par' dir='ltr' id='par_1_14' title="bbox 274 1408 1851 1481">
     <span class='ocr_line' id='line_1_14' title="bbox 274 1408 1851 1481; baseline -0.003 -16"><span class='ocrx_word' id='word_1_89' title='bbox 274 1425 310 1465; x_wconf 87' lang='lat' dir='ltr'><strong>a</strong></span> <span class='ocrx_word' id='word_1_90' title='bbox 365 1411 633 1481; x_wconf 75' lang='lat' dir='ltr'><strong>pravitate</strong></span> <span class='ocrx_word' id='word_1_91' title='bbox 675 1410 890 1464; x_wconf 80' lang='lat' dir='ltr'><strong>tandem</strong></span> <span class='ocrx_word' id='word_1_92' title='bbox 921 1418 1178 1474; x_wconf 81' lang='lat' dir='ltr'><strong>cessaret,</strong></span> <span class='ocrx_word' id='word_1_93' title='bbox 1209 1408 1412 1479; x_wconf 73' lang='lat' dir='ltr'><strong>iugiter</strong></span> <span class='ocrx_word' id='word_1_94' title='bbox 1448 1408 1851 1473; x_wconf 84' lang='lat' dir='ltr'><strong>admoneretur,</strong></span> 
     </span>
    </p>
   </div>
   <div class='ocr_carea' id='block_1_15' title="bbox 272 1498 1856 1571">
    <p class='ocr_par' dir='ltr' id='par_1_15' title="bbox 272 1498 1856 1571">
     <span class='ocr_line' id='line_1_15' title="bbox 272 1498 1856 1571; baseline -0.003 -13"><span class='ocrx_word' id='word_1_95' title='bbox 272 1504 486 1560; x_wconf 77' lang='lat' dir='ltr'><strong>hortati</strong></span> <span class='ocrx_word' id='word_1_96' title='bbox 513 1518 700 1559; x_wconf 87' lang='lat' dir='ltr'><strong>sumus</strong></span> <span class='ocrx_word' id='word_1_97' title='bbox 722 1516 736 1557; x_wconf 89' lang='lat'><strong>:</strong></span> <span class='ocrx_word' id='word_1_98' title='bbox 760 1517 946 1558; x_wconf 87' lang='lat' dir='ltr'><strong>verum</strong></span> <span class='ocrx_word' id='word_1_99' title='bbox 969 1503 1129 1557; x_wconf 83' lang='lat' dir='ltr'><strong>etiam</strong></span> <span class='ocrx_word' id='word_1_100' title='bbox 1156 1503 1254 1566; x_wconf 79' lang='lat' dir='ltr'><strong>eis,</strong></span> <span class='ocrx_word' id='word_1_101' title='bbox 1278 1503 1403 1571; x_wconf 87' lang='lat' dir='ltr'><strong>quia</strong></span> <span class='ocrx_word' id='word_1_102' title='bbox 1423 1498 1715 1557; x_wconf 78' lang='lat' dir='ltr'><strong>Waldrada</strong></span> <span class='ocrx_word' id='word_1_103' title='bbox 1736 1507 1856 1555; x_wconf 89' lang='lat' dir='ltr'><strong>erat</strong></span> 
     </span>
    </p>
   </div>
   <div class='ocr_carea' id='block_1_16' title="bbox 276 1591 1856 1663">
    <p class='ocr_par' dir='ltr' id='par_1_16' title="bbox 276 1591 1856 1663">
     <span class='ocr_line' id='line_1_16' title="bbox 276 1591 1856 1663; baseline -0.001 -16"><span class='ocrx_word' id='word_1_104' title='bbox 276 1593 751 1648; x_wconf 79' lang='lat' dir='ltr'><strong>exconimunicata</strong></span> <span class='ocrx_word' id='word_1_105' title='bbox 797 1591 1163 1663; x_wconf 76' lang='lat' dir='ltr'><strong>multipliciter</strong></span> <span class='ocrx_word' id='word_1_106' title='bbox 1200 1592 1597 1656; x_wconf 79' lang='lat' dir='ltr'><strong>intitnavlmus,</strong></span> <span class='ocrx_word' id='word_1_107' title='bbox 1643 1603 1744 1661; x_wconf 85' lang='lat' dir='ltr'><strong>pro</strong></span> <span class='ocrx_word' id='word_1_108' title='bbox 1789 1605 1856 1645; x_wconf 88' lang='lat' dir='ltr'><strong>eo</strong></span> 
     </span>
    </p>
   </div>
   <div class='ocr_carea' id='block_1_17' title="bbox 277 1683 1854 1755">
    <p class='ocr_par' dir='ltr' id='par_1_17' title="bbox 277 1683 1854 1755">
     <span class='ocr_line' id='line_1_17' title="bbox 277 1683 1854 1755; baseline -0.003 -15"><span class='ocrx_word' id='word_1_109' title='bbox 277 1684 523 1748; x_wconf 85' lang='lat' dir='ltr'><strong>scilicet,</strong></span> <span class='ocrx_word' id='word_1_110' title='bbox 563 1684 689 1755; x_wconf 84' lang='lat' dir='ltr'><strong>quia</strong></span> <span class='ocrx_word' id='word_1_111' title='bbox 726 1683 1068 1754; x_wconf 77' lang='lat' dir='ltr'><strong>imptenitens</strong></span> <span class='ocrx_word' id='word_1_112' title='bbox 1107 1696 1423 1753; x_wconf 81' lang='lat' dir='ltr'><strong>permanere</strong></span> <span class='ocrx_word' id='word_1_113' title='bbox 1462 1696 1788 1755; x_wconf 83' lang='lat' dir='ltr'><strong>proponens,</strong></span> <span class='ocrx_word' id='word_1_114' title='bbox 1821 1696 1854 1736; x_wconf 89' lang='lat' dir='ltr'><strong>a</strong></span> 
     </span>
    </p>
   </div>
   <div class='ocr_carea' id='block_1_18' title="bbox 277 1775 1857 1845">
    <p class='ocr_par' dir='ltr' id='par_1_18' title="bbox 277 1775 1857 1845">
     <span class='ocr_line' id='line_1_18' title="bbox 277 1775 1857 1845; baseline -0.001 -14"><span class='ocrx_word' id='word_1_115' title='bbox 277 1778 441 1833; x_wconf 86' lang='lat' dir='ltr'><strong>nobis</strong></span> <span class='ocrx_word' id='word_1_116' title='bbox 469 1778 657 1834; x_wconf 88' lang='lat' dir='ltr'><strong>salutis</strong></span> <span class='ocrx_word' id='word_1_117' title='bbox 693 1791 803 1833; x_wconf 69' lang='lat' dir='ltr'><strong>sua:</strong></span> <span class='ocrx_word' id='word_1_118' title='bbox 841 1776 1132 1831; x_wconf 79' lang='lat' dir='ltr'><strong>remedium</strong></span> <span class='ocrx_word' id='word_1_119' title='bbox 1165 1777 1233 1830; x_wconf 82' lang='lat' dir='ltr'><strong>ad</strong></span> <span class='ocrx_word' id='word_1_120' title='bbox 1262 1775 1447 1830; x_wconf 79' lang='lat' dir='ltr'><strong>limina</strong></span> <span class='ocrx_word' id='word_1_121' title='bbox 1478 1777 1697 1831; x_wconf 85' lang='lat' dir='ltr'><strong>veniens</strong></span> <span class='ocrx_word' id='word_1_122' title='bbox 1726 1790 1857 1845; x_wconf 87' lang='lat' dir='ltr'><strong>apo-</strong></span> 
     </span>
    </p>
   </div>
   <div class='ocr_carea' id='block_1_19' title="bbox 1957 584 3534 656">
    <p class='ocr_par' dir='ltr' id='par_1_19' title="bbox 1957 584 3534 656">
     <span class='ocr_line' id='line_1_19' title="bbox 1957 584 3534 656; baseline 0.001 -17"><span class='ocrx_word' id='word_1_123' title='bbox 1957 598 2075 648; x_wconf 90' lang='lat' dir='ltr'><strong>suo,</strong></span> <span class='ocrx_word' id='word_1_124' title='bbox 2099 584 2406 656; x_wconf 72' lang='lat' dir='ltr'><strong>ingentibus</strong></span> <span class='ocrx_word' id='word_1_125' title='bbox 2446 586 2514 642; x_wconf 83' lang='lat' dir='ltr'><strong>ab</strong></span> <span class='ocrx_word' id='word_1_126' title='bbox 2550 600 2615 649; x_wconf 51' lang='lat' dir='ltr'><strong>t3</strong></span> <span class='ocrx_word' id='word_1_127' title='bbox 2648 584 2804 640; x_wconf 90' lang='lat' dir='ltr'><strong>donis</strong></span> <span class='ocrx_word' id='word_1_128' title='bbox 2823 593 2877 640; x_wconf 90' lang='lat' dir='ltr'><strong>et</strong></span> <span class='ocrx_word' id='word_1_129' title='bbox 2907 585 3220 641; x_wconf 86' lang='lat' dir='ltr'><strong>muneribus</strong></span> <span class='ocrx_word' id='word_1_130' title='bbox 3246 585 3534 640; x_wconf 85' lang='lat' dir='ltr'><strong>honorabi-</strong></span> 
     </span>
    </p>
   </div>
   <div class='ocr_carea' id='block_1_20' title="bbox 1957 676 3529 747">
    <p class='ocr_par' dir='ltr' id='par_1_20' title="bbox 1957 676 3529 747">
     <span class='ocr_line' id='line_1_20' title="bbox 1957 676 3529 747; baseline 0.001 -18"><span class='ocrx_word' id='word_1_131' title='bbox 1957 683 2065 741; x_wconf 89' lang='lat' dir='ltr'><strong>tur,</strong></span> <span class='ocrx_word' id='word_1_132' title='bbox 2090 685 2149 731; x_wconf 85' lang='lat' dir='ltr'><strong>et</strong></span> <span class='ocrx_word' id='word_1_133' title='bbox 2190 691 2302 741; x_wconf 83' lang='lat' dir='ltr'><strong>vos,</strong></span> <span class='ocrx_word' id='word_1_134' title='bbox 2334 676 2480 731; x_wconf 83' lang='lat' dir='ltr'><strong>velut</strong></span> <span class='ocrx_word' id='word_1_135' title='bbox 2510 677 2743 732; x_wconf 86' lang='lat' dir='ltr'><strong>ministri</strong></span> <span class='ocrx_word' id='word_1_136' title='bbox 2774 692 2983 747; x_wconf 66' lang='lat' dir='ltr'><strong>sponsa:</strong></span> <span class='ocrx_word' id='word_1_137' title='bbox 3025 686 3081 733; x_wconf 89' lang='lat' dir='ltr'><strong>et</strong></span> <span class='ocrx_word' id='word_1_138' title='bbox 3122 678 3280 732; x_wconf 82' lang='lat' dir='ltr'><strong>amici</strong></span> <span class='ocrx_word' id='word_1_139' title='bbox 3325 678 3529 746; x_wconf 87' lang='lat' dir='ltr'><strong>sponsi,</strong></span> 
     </span>
    </p>
   </div>
   <div class='ocr_carea' id='block_1_21' title="bbox 1955 766 3532 837">
    <p class='ocr_par' dir='ltr' id='par_1_21' title="bbox 1955 766 3532 837">
     <span class='ocr_line' id='line_1_21' title="bbox 1955 766 3532 837; baseline 0 -15"><span class='ocrx_word' id='word_1_140' title='bbox 1955 766 2156 837; x_wconf 77' lang='lat' dir='ltr'><strong>ingenti</strong></span> <span class='ocrx_word' id='word_1_141' title='bbox 2182 767 2378 837; x_wconf 77' lang='lat' dir='ltr'><strong>gaudio</strong></span> <span class='ocrx_word' id='word_1_142' title='bbox 2403 777 2458 822; x_wconf 87' lang='lat' dir='ltr'><strong>et</strong></span> <span class='ocrx_word' id='word_1_143' title='bbox 2485 767 2667 822; x_wconf 64' lang='lat' dir='ltr'><strong>laetitia</strong></span> <span class='ocrx_word' id='word_1_144' title='bbox 2696 767 3063 837; x_wconf 76' lang='lat' dir='ltr'><strong>perfruamini.</strong></span> <span class='ocrx_word' id='word_1_145' title='bbox 3096 766 3154 821; x_wconf 90' lang='lat' dir='ltr'><strong>Si</strong></span> <span class='ocrx_word' id='word_1_146' title='bbox 3176 784 3304 822; x_wconf 85' lang='lat' dir='ltr'><strong>vero</strong></span> <span class='ocrx_word' id='word_1_147' title='bbox 3334 783 3532 837; x_wconf 85' lang='lat' dir='ltr'><strong>sponsa</strong></span> 
     </span>
    </p>
   </div>
   <div class='ocr_carea' id='block_1_22' title="bbox 1954 860 3529 931">
    <p class='ocr_par' dir='ltr' id='par_1_22' title="bbox 1954 860 3529 931">
     <span class='ocr_line' id='line_1_22' title="bbox 1954 860 3529 931; baseline -0.001 -17"><span class='ocrx_word' id='word_1_148' title='bbox 1954 860 2071 914; x_wconf 76' lang='lat' dir='ltr'><strong>haec</strong></span> <span class='ocrx_word' id='word_1_149' title='bbox 2098 868 2308 929; x_wconf 84' lang='lat' dir='ltr'><strong>reperta</strong></span> <span class='ocrx_word' id='word_1_150' title='bbox 2347 860 2512 914; x_wconf 87' lang='lat' dir='ltr'><strong>fuerit</strong></span> <span class='ocrx_word' id='word_1_151' title='bbox 2547 860 2939 914; x_wconf 84' lang='lat' dir='ltr'><strong>commaculata</strong></span> <span class='ocrx_word' id='word_1_152' title='bbox 2968 860 3229 930; x_wconf 75' lang='lat' dir='ltr'><strong>peccatis,</strong></span> <span class='ocrx_word' id='word_1_153' title='bbox 3266 862 3377 929; x_wconf 84' lang='lat' dir='ltr'><strong>ipsa</strong></span> <span class='ocrx_word' id='word_1_154' title='bbox 3409 861 3529 931; x_wconf 89' lang='lat' dir='ltr'><strong>qui-</strong></span> 
     </span>
    </p>
   </div>
   <div class='ocr_carea' id='block_1_23' title="bbox 1956 951 3529 1022">
    <p class='ocr_par' dir='ltr' id='par_1_23' title="bbox 1956 951 3529 1022">
     <span class='ocr_line' id='line_1_23' title="bbox 1956 951 3529 1022; baseline 0 -17"><span class='ocrx_word' id='word_1_155' title='bbox 1956 951 2076 1005; x_wconf 85' lang='lat' dir='ltr'><strong>dem</strong></span> <span class='ocrx_word' id='word_1_156' title='bbox 2102 961 2360 1021; x_wconf 81' lang='lat' dir='ltr'><strong>tanquam</strong></span> <span class='ocrx_word' id='word_1_157' title='bbox 2394 952 2609 1022; x_wconf 82' lang='lat' dir='ltr'><strong>indigna</strong></span> <span class='ocrx_word' id='word_1_158' title='bbox 2646 952 2966 1006; x_wconf 79' lang='lat' dir='ltr'><strong>extrudetur</strong></span> <span class='ocrx_word' id='word_1_159' title='bbox 2992 968 3021 1004; x_wconf 86' lang='lat' dir='ltr'><strong>a</strong></span> <span class='ocrx_word' id='word_1_160' title='bbox 3054 951 3321 1022; x_wconf 78' lang='lat' dir='ltr'><strong>regalibus</strong></span> <span class='ocrx_word' id='word_1_161' title='bbox 3352 951 3482 1004; x_wconf 88' lang='lat' dir='ltr'><strong>toris</strong></span> <span class='ocrx_word' id='word_1_162' title='bbox 3516 967 3529 1005; x_wconf 90' lang='lat'>:</span> 
     </span>
    </p>
   </div>
   <div class='ocr_carea' id='block_1_24' title="bbox 1954 1039 3537 1110">
    <p class='ocr_par' dir='ltr' id='par_1_24' title="bbox 1954 1039 3537 1110">
     <span class='ocr_line' id='line_1_24' title="bbox 1954 1039 3537 1110; baseline 0 -17"><span class='ocrx_word' id='word_1_163' title='bbox 1954 1054 2052 1095; x_wconf 87' lang='lat' dir='ltr'><strong>vos</strong></span> <span class='ocrx_word' id='word_1_164' title='bbox 2089 1050 2266 1095; x_wconf 87' lang='lat' dir='ltr'><strong>autem</strong></span> <span class='ocrx_word' id='word_1_165' title='bbox 2305 1056 2492 1110; x_wconf 68' lang='lat' dir='ltr'><strong>pinnas</strong></span> <span class='ocrx_word' id='word_1_166' title='bbox 2521 1041 2717 1095; x_wconf 86' lang='lat' dir='ltr'><strong>dabitis</strong></span> <span class='ocrx_word' id='word_1_167' title='bbox 2744 1080 2759 1106; x_wconf 96' lang='lat'><strong>,</strong></span> <span class='ocrx_word' id='word_1_168' title='bbox 2788 1042 2835 1095; x_wconf 88' lang='lat' dir='ltr'><strong>si</strong></span> <span class='ocrx_word' id='word_1_169' title='bbox 2864 1039 3002 1095; x_wconf 87' lang='lat' dir='ltr'><strong>forte</strong></span> <span class='ocrx_word' id='word_1_170' title='bbox 3040 1055 3137 1108; x_wconf 85' lang='lat' dir='ltr'><strong>per</strong></span> <span class='ocrx_word' id='word_1_171' title='bbox 3172 1048 3406 1094; x_wconf 87' lang='lat' dir='ltr'><strong>vestram</strong></span> <span class='ocrx_word' id='word_1_172' title='bbox 3445 1053 3537 1093; x_wconf 87' lang='lat' dir='ltr'><strong>ne-</strong></span> 
     </span>
    </p>
   </div>
   <div class='ocr_carea' id='block_1_25' title="bbox 1954 1126 3531 1205">
    <p class='ocr_par' dir='ltr' id='par_1_25' title="bbox 1954 1126 3531 1205">
     <span class='ocr_line' id='line_1_25' title="bbox 1954 1126 3531 1205; baseline -0.002 -17"><span class='ocrx_word' id='word_1_173' title='bbox 1954 1126 2263 1205; x_wconf 80' lang='lat' dir='ltr'><strong>gligentiam</strong></span> <span class='ocrx_word' id='word_1_174' title='bbox 2291 1144 2345 1188; x_wconf 88' lang='lat' dir='ltr'><strong>et</strong></span> <span class='ocrx_word' id='word_1_175' title='bbox 2369 1135 2628 1188; x_wconf 87' lang='lat' dir='ltr'><strong>desidiam</strong></span> <span class='ocrx_word' id='word_1_176' title='bbox 2655 1134 2954 1203; x_wconf 83' lang='lat' dir='ltr'><strong>obrepserit</strong></span> <span class='ocrx_word' id='word_1_177' title='bbox 2974 1132 3219 1203; x_wconf 80' lang='lat' dir='ltr'><strong>contagio</strong></span> <span class='ocrx_word' id='word_1_178' title='bbox 3243 1147 3384 1187; x_wconf 78' lang='lat' dir='ltr'><strong>saeva</strong></span> <span class='ocrx_word' id='word_1_179' title='bbox 3412 1146 3531 1200; x_wconf 88' lang='lat' dir='ltr'><strong>pec-</strong></span> 
     </span>
    </p>
   </div>
   <div class='ocr_carea' id='block_1_26' title="bbox 1954 1220 3537 1293">
    <p class='ocr_par' dir='ltr' id='par_1_26' title="bbox 1954 1220 3537 1293">
     <span class='ocr_line' id='line_1_26' title="bbox 1954 1220 3537 1293; baseline -0.003 -14"><span class='ocrx_word' id='word_1_180' title='bbox 1954 1224 2082 1279; x_wconf 86' lang='lat' dir='ltr'><strong>cati.</strong></span> <span class='ocrx_word' id='word_1_181' title='bbox 2108 1223 2248 1279; x_wconf 84' lang='lat' dir='ltr'><strong>Ecce</strong></span> <span class='ocrx_word' id='word_1_182' title='bbox 2279 1223 2506 1277; x_wconf 80' lang='lat' dir='ltr'><strong>audistis</strong></span> <span class='ocrx_word' id='word_1_183' title='bbox 2534 1223 2838 1293; x_wconf 64' lang='lat' dir='ltr'><strong>praamium,</strong></span> <span class='ocrx_word' id='word_1_184' title='bbox 2864 1223 3120 1286; x_wconf 84' lang='lat' dir='ltr'><strong>studiosi;</strong></span> <span class='ocrx_word' id='word_1_185' title='bbox 3154 1237 3282 1277; x_wconf 87' lang='lat' dir='ltr'><strong>ecce</strong></span> <span class='ocrx_word' id='word_1_186' title='bbox 3310 1220 3537 1274; x_wconf 83' lang='lat' dir='ltr'><strong>audistis</strong></span> 
     </span>
    </p>
   </div>
   <div class='ocr_carea' id='block_1_27' title="bbox 1956 1313 3525 1383">
    <p class='ocr_par' dir='ltr' id='par_1_27' title="bbox 1956 1313 3525 1383">
     <span class='ocr_line' id='line_1_27' title="bbox 1956 1313 3525 1383; baseline -0.004 -10"><span class='ocrx_word' id='word_1_187' title='bbox 1956 1314 2246 1373; x_wconf 84' lang='lat' dir='ltr'><strong>discrimen</strong></span> <span class='ocrx_word' id='word_1_188' title='bbox 2291 1322 2563 1379; x_wconf 71' lang='lat' dir='ltr'><strong>vestrum,</strong></span> <span class='ocrx_word' id='word_1_189' title='bbox 2619 1316 2839 1369; x_wconf 85' lang='lat' dir='ltr'><strong>inertes.</strong></span> <span class='ocrx_word' id='word_1_190' title='bbox 2882 1314 2976 1369; x_wconf 82' lang='lat' dir='ltr'><strong>llis</strong></span> <span class='ocrx_word' id='word_1_191' title='bbox 3022 1315 3204 1383; x_wconf 83' lang='lat' dir='ltr'><strong>itaque</strong></span> <span class='ocrx_word' id='word_1_192' title='bbox 3255 1313 3525 1376; x_wconf 85' lang='lat' dir='ltr'><strong>decursis,</strong></span> 
     </span>
    </p>
   </div>
   <div class='ocr_carea' id='block_1_28' title="bbox 1957 1406 3538 1476">
    <p class='ocr_par' dir='ltr' id='par_1_28' title="bbox 1957 1406 3538 1476">
     <span class='ocr_line' id='line_1_28' title="bbox 1957 1406 3538 1476; baseline -0.004 -13"><span class='ocrx_word' id='word_1_193' title='bbox 1957 1407 2367 1463; x_wconf 79' lang='lat' dir='ltr'><strong>sanctimoniam</strong></span> <span class='ocrx_word' id='word_1_194' title='bbox 2408 1419 2645 1462; x_wconf 82' lang='lat' dir='ltr'><strong>vestram</strong></span> <span class='ocrx_word' id='word_1_195' title='bbox 2681 1408 2980 1472; x_wconf 83' lang='lat' dir='ltr'><strong>hortamur,</strong></span> <span class='ocrx_word' id='word_1_196' title='bbox 3020 1415 3075 1462; x_wconf 89' lang='lat' dir='ltr'><strong>et</strong></span> <span class='ocrx_word' id='word_1_197' title='bbox 3109 1422 3204 1476; x_wconf 87' lang='lat' dir='ltr'><strong>per</strong></span> <span class='ocrx_word' id='word_1_198' title='bbox 3235 1406 3538 1475; x_wconf 85' lang='lat' dir='ltr'><strong>incompre-</strong></span> 
     </span>
    </p>
   </div>
   <div class='ocr_carea' id='block_1_29' title="bbox 1956 1497 3538 1568">
    <p class='ocr_par' dir='ltr' id='par_1_29' title="bbox 1956 1497 3538 1568">
     <span class='ocr_line' id='line_1_29' title="bbox 1956 1497 3538 1568; baseline -0.001 -16"><span class='ocrx_word' id='word_1_199' title='bbox 1956 1497 2276 1554; x_wconf 82' lang='lat' dir='ltr'><strong>liensibitem</strong></span> <span class='ocrx_word' id='word_1_200' title='bbox 2318 1509 2559 1555; x_wconf 82' lang='lat' dir='ltr'><strong>sanctam</strong></span> <span class='ocrx_word' id='word_1_201' title='bbox 2599 1499 2916 1553; x_wconf 85' lang='lat' dir='ltr'><strong>Trinitatem</strong></span> <span class='ocrx_word' id='word_1_202' title='bbox 2963 1514 3059 1553; x_wconf 89' lang='lat' dir='ltr'><strong>vos</strong></span> <span class='ocrx_word' id='word_1_203' title='bbox 3107 1513 3294 1554; x_wconf 88' lang='lat' dir='ltr'><strong>omnes</strong></span> <span class='ocrx_word' id='word_1_204' title='bbox 3338 1498 3538 1568; x_wconf 80' lang='lat' dir='ltr'><strong>pariter</strong></span> 
     </span>
    </p>
   </div>
   <div class='ocr_carea' id='block_1_30' title="bbox 1957 1590 3540 1660">
    <p class='ocr_par' dir='ltr' id='par_1_30' title="bbox 1957 1590 3540 1660">
     <span class='ocr_line' id='line_1_30' title="bbox 1957 1590 3540 1660; baseline -0.001 -15"><span class='ocrx_word' id='word_1_205' title='bbox 1957 1592 2327 1655; x_wconf 83' lang='lat' dir='ltr'><strong>obsecramus,</strong></span> <span class='ocrx_word' id='word_1_206' title='bbox 2357 1601 2413 1643; x_wconf 89' lang='lat' dir='ltr'><strong>ut</strong></span> <span class='ocrx_word' id='word_1_207' title='bbox 2441 1592 2637 1645; x_wconf 85' lang='lat' dir='ltr'><strong>litteris</strong></span> <span class='ocrx_word' id='word_1_208' title='bbox 2667 1593 2862 1645; x_wconf 83' lang='lat' dir='ltr'><strong>vestris</strong></span> <span class='ocrx_word' id='word_1_209' title='bbox 2889 1591 3006 1645; x_wconf 90' lang='lat' dir='ltr'><strong>sine</strong></span> <span class='ocrx_word' id='word_1_210' title='bbox 3034 1606 3184 1645; x_wconf 88' lang='lat' dir='ltr'><strong>mora</strong></span> <span class='ocrx_word' id='word_1_211' title='bbox 3211 1605 3307 1660; x_wconf 89' lang='lat' dir='ltr'><strong>per</strong></span> <span class='ocrx_word' id='word_1_212' title='bbox 3334 1590 3540 1659; x_wconf 82' lang='lat' dir='ltr'><strong>legatos</strong></span> 
     </span>
    </p>
   </div>
   <div class='ocr_carea' id='block_1_31' title="bbox 1958 1680 3539 1745">
    <p class='ocr_par' dir='ltr' id='par_1_31' title="bbox 1958 1680 3539 1745">
     <span class='ocr_line' id='line_1_31' title="bbox 1958 1680 3539 1745; baseline -0.001 -10"><span class='ocrx_word' id='word_1_213' title='bbox 1958 1694 2170 1739; x_wconf 86' lang='lat' dir='ltr'><strong>vestros</strong></span> <span class='ocrx_word' id='word_1_214' title='bbox 2220 1684 2441 1738; x_wconf 84' lang='lat' dir='ltr'><strong>idoneos</strong></span> <span class='ocrx_word' id='word_1_215' title='bbox 2491 1684 2712 1738; x_wconf 86' lang='lat' dir='ltr'><strong>directis</strong></span> <span class='ocrx_word' id='word_1_216' title='bbox 2755 1685 2912 1737; x_wconf 90' lang='lat' dir='ltr'><strong>nobis</strong></span> <span class='ocrx_word' id='word_1_217' title='bbox 2949 1683 3215 1737; x_wconf 71' lang='lat' dir='ltr'><strong>veraciter</strong></span> <span class='ocrx_word' id='word_1_218' title='bbox 3265 1680 3539 1745; x_wconf 78' lang='lat' dir='ltr'><strong>indicetis,</strong></span> 
     </span>
    </p>
   </div>
   <div class='ocr_carea' id='block_1_32' title="bbox 1960 1773 3541 1844">
    <p class='ocr_par' dir='ltr' id='par_1_32' title="bbox 1960 1773 3541 1844">
     <span class='ocr_line' id='line_1_32' title="bbox 1960 1773 3541 1844; baseline -0.003 -14"><span class='ocrx_word' id='word_1_219' title='bbox 1960 1776 2008 1830; x_wconf 96' lang='lat' dir='ltr'><strong>si</strong></span> <span class='ocrx_word' id='word_1_220' title='bbox 2063 1777 2356 1831; x_wconf 83' lang='lat' dir='ltr'><strong>secundum</strong></span> <span class='ocrx_word' id='word_1_221' title='bbox 2393 1775 2759 1843; x_wconf 85' lang='lat' dir='ltr'><strong>juratnentutn</strong></span> <span class='ocrx_word' id='word_1_222' title='bbox 2809 1778 3106 1844; x_wconf 70' lang='lat' dir='ltr'><strong>praestitum</strong></span> <span class='ocrx_word' id='word_1_223' title='bbox 3150 1788 3333 1829; x_wconf 85' lang='lat' dir='ltr'><strong>coram</strong></span> <span class='ocrx_word' id='word_1_224' title='bbox 3373 1773 3541 1827; x_wconf 82' lang='lat' dir='ltr'><strong>misso</strong></span> 
     </span>
    </p>
   </div>
   <div class='ocr_carea' id='block_1_33' title="bbox 278 1865 3545 1940">
    <p class='ocr_par' dir='ltr' id='par_1_33' title="bbox 278 1865 3545 1940">
     <span class='ocr_line' id='line_1_33' title="bbox 278 1865 3545 1940; baseline -0.002 -17"><span class='ocrx_word' id='word_1_225' title='bbox 278 1870 565 1934; x_wconf 88' lang='lat' dir='ltr'><strong>stolorum,</strong></span> <span class='ocrx_word' id='word_1_226' title='bbox 599 1878 657 1924; x_wconf 86' lang='lat' dir='ltr'><strong>ut</strong></span> <span class='ocrx_word' id='word_1_227' title='bbox 700 1878 958 1925; x_wconf 87' lang='lat' dir='ltr'><strong>statutum</strong></span> <span class='ocrx_word' id='word_1_228' title='bbox 990 1869 1184 1934; x_wconf 82' lang='lat' dir='ltr'><strong>fuerat,</strong></span> <span class='ocrx_word' id='word_1_229' title='bbox 1226 1869 1449 1924; x_wconf 84' lang='lat' dir='ltr'><strong>minime</strong></span> <span class='ocrx_word' id='word_1_230' title='bbox 1480 1869 1851 1940; x_wconf 81' lang='lat' dir='ltr'><strong>postulaverit.</strong></span> <span class='ocrx_word' id='word_1_231' title='bbox 1888 1871 1936 1931; x_wconf 85' lang='lat' dir='ltr'><strong>B</strong></span> <span class='ocrx_word' id='word_1_232' title='bbox 1965 1875 2171 1928; x_wconf 76' lang='lat' dir='ltr'><strong>tmstro,</strong></span> <span class='ocrx_word' id='word_1_233' title='bbox 2204 1865 2490 1919; x_wconf 79' lang='lat' dir='ltr'><strong>Lotharius</strong></span> <span class='ocrx_word' id='word_1_234' title='bbox 2518 1882 2640 1919; x_wconf 84' lang='lat' dir='ltr'><strong>cum</strong></span> <span class='ocrx_word' id='word_1_235' title='bbox 2674 1865 3010 1935; x_wconf 80' lang='lat' dir='ltr'><strong>&#39;i‘lieutberga</strong></span> <span class='ocrx_word' id='word_1_236' title='bbox 3050 1874 3418 1928; x_wconf 70' lang='lat' dir='ltr'><strong>conversetur,</strong></span> <span class='ocrx_word' id='word_1_237' title='bbox 3449 1870 3545 1917; x_wconf 83' lang='lat' dir='ltr'><strong>aut</strong></span> 
     </span>
    </p>
   </div>
   <div class='ocr_carea' id='block_1_34' title="bbox 278 1961 1861 2032">
    <p class='ocr_par' dir='ltr' id='par_1_34' title="bbox 278 1961 1861 2032">
     <span class='ocr_line' id='line_1_34' title="bbox 278 1961 1861 2032; baseline 0.001 -17"><span class='ocrx_word' id='word_1_238' title='bbox 278 1961 340 2015; x_wconf 83' lang='lat' dir='ltr'><strong>In</strong></span> <span class='ocrx_word' id='word_1_239' title='bbox 375 1975 482 2032; x_wconf 88' lang='lat' dir='ltr'><strong>quo</strong></span> <span class='ocrx_word' id='word_1_240' title='bbox 518 1962 965 2017; x_wconf 86' lang='lat' dir='ltr'><strong>considerandum</strong></span> <span class='ocrx_word' id='word_1_241' title='bbox 1010 1962 1265 2031; x_wconf 79' lang='lat' dir='ltr'><strong>est,qaia</strong></span> <span class='ocrx_word' id='word_1_242' title='bbox 1310 1962 1355 2016; x_wconf 92' lang='lat' dir='ltr'><strong>si</strong></span> <span class='ocrx_word' id='word_1_243' title='bbox 1405 1962 1606 2016; x_wconf 82' lang='lat' dir='ltr'><strong>idcirco</strong></span> <span class='ocrx_word' id='word_1_244' title='bbox 1649 1962 1861 2031; x_wconf 84' lang='lat' dir='ltr'><strong>potissi-</strong></span> 
     </span>
    </p>
   </div>
   <div class='ocr_carea' id='block_1_35' title="bbox 279 2050 1925 2123">
    <p class='ocr_par' dir='ltr' id='par_1_35' title="bbox 279 2050 1925 2123">
     <span class='ocr_line' id='line_1_35' title="bbox 279 2050 1925 2123; baseline 0.001 -19"><span class='ocrx_word' id='word_1_245' title='bbox 279 2064 434 2105; x_wconf 89' lang='lat' dir='ltr'><strong>mum</strong></span> <span class='ocrx_word' id='word_1_246' title='bbox 458 2067 556 2123; x_wconf 89' lang='lat' dir='ltr'><strong>per</strong></span> <span class='ocrx_word' id='word_1_247' title='bbox 586 2066 683 2107; x_wconf 82' lang='lat' dir='ltr'><strong>nos</strong></span> <span class='ocrx_word' id='word_1_248' title='bbox 710 2050 1000 2105; x_wconf 82' lang='lat' dir='ltr'><strong>Waldrada</strong></span> <span class='ocrx_word' id='word_1_249' title='bbox 1029 2051 1283 2106; x_wconf 88' lang='lat' dir='ltr'><strong>mulctata</strong></span> <span class='ocrx_word' id='word_1_250' title='bbox 1321 2059 1425 2116; x_wconf 87' lang='lat' dir='ltr'><strong>est,</strong></span> <span class='ocrx_word' id='word_1_251' title='bbox 1457 2053 1711 2120; x_wconf 79' lang='lat' dir='ltr'><strong>quoniam</strong></span> <span class='ocrx_word' id='word_1_252' title='bbox 1754 2065 1861 2106; x_wconf 67' lang='grc' dir='ltr'><strong>σιω·</strong></span> <span class='ocrx_word' id='word_1_253' title='bbox 1916 2059 1925 2070; x_wconf 93' lang='grc'><strong>·</strong></span> 
     </span>
    </p>
   </div>
   <div class='ocr_carea' id='block_1_36' title="bbox 277 2140 1861 2212">
    <p class='ocr_par' dir='ltr' id='par_1_36' title="bbox 277 2140 1861 2212">
     <span class='ocr_line' id='line_1_36' title="bbox 277 2140 1861 2212; baseline -0.001 -16"><span class='ocrx_word' id='word_1_254' title='bbox 277 2153 432 2212; x_wconf 91' lang='lat' dir='ltr'><strong>ptum</strong></span> <span class='ocrx_word' id='word_1_255' title='bbox 465 2141 799 2196; x_wconf 84' lang='lat' dir='ltr'><strong>salutiferam</strong></span> <span class='ocrx_word' id='word_1_256' title='bbox 836 2142 937 2196; x_wconf 86' lang='lat' dir='ltr'><strong>iter</strong></span> <span class='ocrx_word' id='word_1_257' title='bbox 967 2155 1071 2195; x_wconf 86' lang='lat' dir='ltr'><strong>non</strong></span> <span class='ocrx_word' id='word_1_258' title='bbox 1104 2140 1347 2211; x_wconf 78' lang='lat' dir='ltr'><strong>perfecit,</strong></span> <span class='ocrx_word' id='word_1_259' title='bbox 1377 2142 1650 2211; x_wconf 86' lang='lat' dir='ltr'><strong>quomodo</strong></span> <span class='ocrx_word' id='word_1_260' title='bbox 1685 2148 1743 2193; x_wconf 92' lang='lat' dir='ltr'><strong>ut</strong></span> <span class='ocrx_word' id='word_1_261' title='bbox 1779 2155 1861 2195; x_wconf 90' lang='lat' dir='ltr'><strong>re-</strong></span> 
     </span>
    </p>
   </div>
   <div class='ocr_carea' id='block_1_37' title="bbox 280 2230 1857 2301">
    <p class='ocr_par' dir='ltr' id='par_1_37' title="bbox 280 2230 1857 2301">
     <span class='ocr_line' id='line_1_37' title="bbox 280 2230 1857 2301; baseline -0.001 -15"><span class='ocrx_word' id='word_1_262' title='bbox 280 2240 369 2288; x_wconf 90' lang='lat' dir='ltr'><strong>tro</strong></span> <span class='ocrx_word' id='word_1_263' title='bbox 402 2233 600 2288; x_wconf 89' lang='lat' dir='ltr'><strong>rediret</strong></span> <span class='ocrx_word' id='word_1_264' title='bbox 626 2242 868 2288; x_wconf 89' lang='lat' dir='ltr'><strong>nostram</strong></span> <span class='ocrx_word' id='word_1_265' title='bbox 898 2231 1170 2287; x_wconf 83' lang='lat' dir='ltr'><strong>licentiam</strong></span> <span class='ocrx_word' id='word_1_266' title='bbox 1198 2231 1396 2285; x_wconf 86' lang='lat' dir='ltr'><strong>habere</strong></span> <span class='ocrx_word' id='word_1_267' title='bbox 1419 2230 1669 2296; x_wconf 86' lang='lat' dir='ltr'><strong>valuerit,</strong></span> <span class='ocrx_word' id='word_1_268' title='bbox 1701 2231 1857 2301; x_wconf 78' lang='lat' dir='ltr'><strong>igno-</strong></span> 
     </span>
    </p>
   </div>
   <div class='ocr_carea' id='block_1_38' title="bbox 279 2322 1857 2390">
    <p class='ocr_par' dir='ltr' id='par_1_38' title="bbox 279 2322 1857 2390">
     <span class='ocr_line' id='line_1_38' title="bbox 279 2322 1857 2390; baseline -0.003 -11"><span class='ocrx_word' id='word_1_269' title='bbox 279 2340 485 2380; x_wconf 83' lang='lat' dir='ltr'><strong>ramus.</strong></span> <span class='ocrx_word' id='word_1_270' title='bbox 519 2324 626 2380; x_wconf 86' lang='lat' dir='ltr'><strong>Sed</strong></span> <span class='ocrx_word' id='word_1_271' title='bbox 669 2326 737 2380; x_wconf 90' lang='lat' dir='ltr'><strong>ad</strong></span> <span class='ocrx_word' id='word_1_272' title='bbox 770 2339 866 2380; x_wconf 83' lang='lat' dir='ltr'><strong>vos</strong></span> <span class='ocrx_word' id='word_1_273' title='bbox 900 2338 1044 2379; x_wconf 86' lang='lat' dir='ltr'><strong>nunc</strong></span> <span class='ocrx_word' id='word_1_274' title='bbox 1082 2322 1489 2390; x_wconf 29' lang='lat' dir='ltr'><strong>nobis,.fratres</strong></span> <span class='ocrx_word' id='word_1_275' title='bbox 1524 2322 1857 2387; x_wconf 87' lang='lat' dir='ltr'><strong>charissimi,</strong></span> 
     </span>
    </p>
   </div>
   <div class='ocr_carea' id='block_1_39' title="bbox 279 2412 1860 2480">
    <p class='ocr_par' dir='ltr' id='par_1_39' title="bbox 279 2412 1860 2480">
     <span class='ocr_line' id='line_1_39' title="bbox 279 2412 1860 2480; baseline -0.003 -10"><span class='ocrx_word' id='word_1_276' title='bbox 279 2429 466 2471; x_wconf 82' lang='lat' dir='ltr'><strong>sermo</strong></span> <span class='ocrx_word' id='word_1_277' title='bbox 502 2423 607 2480; x_wconf 90' lang='lat' dir='ltr'><strong>est,</strong></span> <span class='ocrx_word' id='word_1_278' title='bbox 646 2421 702 2469; x_wconf 91' lang='lat' dir='ltr'><strong>et</strong></span> <span class='ocrx_word' id='word_1_279' title='bbox 746 2414 814 2468; x_wconf 88' lang='lat' dir='ltr'><strong>ad</strong></span> <span class='ocrx_word' id='word_1_280' title='bbox 861 2424 1057 2468; x_wconf 75' lang='lat' dir='ltr'><strong>vestrae</strong></span> <span class='ocrx_word' id='word_1_281' title='bbox 1101 2412 1452 2467; x_wconf 86' lang='lat' dir='ltr'><strong>beatitudinis</strong></span> <span class='ocrx_word' id='word_1_282' title='bbox 1500 2412 1860 2466; x_wconf 79' lang='lat' dir='ltr'><strong>reverentiam</strong></span> 
     </span>
    </p>
   </div>
   <div class='ocr_carea' id='block_1_40' title="bbox 280 2503 1857 2578">
    <p class='ocr_par' dir='ltr' id='par_1_40' title="bbox 280 2503 1857 2578">
     <span class='ocr_line' id='line_1_40' title="bbox 280 2503 1857 2578; baseline -0.004 -15"><span class='ocrx_word' id='word_1_283' title='bbox 280 2515 471 2564; x_wconf 87' lang='lat' dir='ltr'><strong>noster</strong></span> <span class='ocrx_word' id='word_1_284' title='bbox 491 2506 663 2578; x_wconf 84' lang='lat' dir='ltr'><strong>stylus</strong></span> <span class='ocrx_word' id='word_1_285' title='bbox 687 2505 969 2573; x_wconf 70' lang='lat' dir='ltr'><strong>dirigitur:</strong></span> <span class='ocrx_word' id='word_1_286' title='bbox 992 2514 1258 2573; x_wconf 85' lang='lat' dir='ltr'><strong>quatenus</strong></span> <span class='ocrx_word' id='word_1_287' title='bbox 1284 2504 1329 2559; x_wconf 89' lang='lat' dir='ltr'><strong>si</strong></span> <span class='ocrx_word' id='word_1_288' title='bbox 1354 2504 1488 2559; x_wconf 90' lang='lat' dir='ltr'><strong>adeo</strong></span> <span class='ocrx_word' id='word_1_289' title='bbox 1510 2504 1656 2575; x_wconf 62' lang='lat' dir='ltr'><strong>[edin</strong></span> <span class='ocrx_word' id='word_1_290' title='bbox 1676 2503 1857 2571; x_wconf 85' lang='lat' dir='ltr'><strong>Rom.,</strong></span> 
     </span>
    </p>
   </div>
   <div class='ocr_carea' id='block_1_41' title="bbox 282 2596 1863 2672">
    <p class='ocr_par' dir='ltr' id='par_1_41' title="bbox 282 2596 1863 2672">
     <span class='ocr_line' id='line_1_41' title="bbox 282 2596 1863 2672; baseline -0.003 -18"><span class='ocrx_word' id='word_1_291' title='bbox 282 2614 313 2654; x_wconf 88' lang='lat' dir='ltr'><strong>a</strong></span> <span class='ocrx_word' id='word_1_292' title='bbox 346 2597 478 2672; x_wconf 88' lang='lat' dir='ltr'><strong>Deo]</strong></span> <span class='ocrx_word' id='word_1_293' title='bbox 512 2598 658 2654; x_wconf 84' lang='lat' dir='ltr'><strong>zelus</strong></span> <span class='ocrx_word' id='word_1_294' title='bbox 685 2607 863 2653; x_wconf 83' lang='lat' dir='ltr'><strong>vester</strong></span> <span class='ocrx_word' id='word_1_295' title='bbox 893 2610 999 2652; x_wconf 83' lang='lat' dir='ltr'><strong>non</strong></span> <span class='ocrx_word' id='word_1_296' title='bbox 1030 2598 1362 2662; x_wconf 82' lang='lat' dir='ltr'><strong>accenditur,</strong></span> <span class='ocrx_word' id='word_1_297' title='bbox 1394 2605 1453 2651; x_wconf 90' lang='lat' dir='ltr'><strong>ut</strong></span> <span class='ocrx_word' id='word_1_298' title='bbox 1482 2596 1710 2651; x_wconf 86' lang='lat' dir='ltr'><strong>Pbinees</strong></span> <span class='ocrx_word' id='word_1_299' title='bbox 1740 2596 1863 2650; x_wconf 86' lang='lat' dir='ltr'><strong>imi-</strong></span> 
     </span>
    </p>
   </div>
   <div class='ocr_carea' id='block_1_42' title="bbox 284 2686 1862 2759">
    <p class='ocr_par' dir='ltr' id='par_1_42' title="bbox 284 2686 1862 2759">
     <span class='ocr_line' id='line_1_42' title="bbox 284 2686 1862 2759; baseline -0.001 -14"><span class='ocrx_word' id='word_1_300' title='bbox 284 2692 386 2746; x_wconf 87' lang='lat' dir='ltr'><strong>tari</strong></span> <span class='ocrx_word' id='word_1_301' title='bbox 430 2692 696 2756; x_wconf 84' lang='lat' dir='ltr'><strong>videatur,</strong></span> <span class='ocrx_word' id='word_1_302' title='bbox 734 2689 984 2746; x_wconf 73' lang='lat' dir='ltr'><strong>videlicet</strong></span> <span class='ocrx_word' id='word_1_303' title='bbox 1025 2697 1082 2744; x_wconf 92' lang='lat' dir='ltr'><strong>ut</strong></span> <span class='ocrx_word' id='word_1_304' title='bbox 1118 2690 1261 2759; x_wconf 89' lang='lat' dir='ltr'><strong>quod</strong></span> <span class='ocrx_word' id='word_1_305' title='bbox 1303 2688 1394 2743; x_wconf 87' lang='lat' dir='ltr'><strong>ille</strong></span> <span class='ocrx_word' id='word_1_306' title='bbox 1440 2686 1730 2752; x_wconf 83' lang='lat' dir='ltr'><strong>materiali,</strong></span> <span class='ocrx_word' id='word_1_307' title='bbox 1762 2702 1862 2743; x_wconf 78' lang='lat' dir='ltr'><strong>vos</strong></span> 
     </span>
    </p>
   </div>
   <div class='ocr_carea' id='block_1_43' title="bbox 284 2779 1858 2855">
    <p class='ocr_par' dir='ltr' id='par_1_43' title="bbox 284 2779 1858 2855">
     <span class='ocr_line' id='line_1_43' title="bbox 284 2779 1858 2855; baseline -0.005 -15"><span class='ocrx_word' id='word_1_308' title='bbox 284 2785 587 2841; x_wconf 75' lang='lat' dir='ltr'><strong>exerceatis</strong></span> <span class='ocrx_word' id='word_1_309' title='bbox 630 2784 806 2855; x_wconf 82' lang='lat' dir='ltr'><strong>gladio</strong></span> <span class='ocrx_word' id='word_1_310' title='bbox 846 2780 1138 2852; x_wconf 81' lang='lat' dir='ltr'><strong>spirituali,</strong></span> <span class='ocrx_word' id='word_1_311' title='bbox 1169 2781 1358 2836; x_wconf 86' lang='lat' dir='ltr'><strong>saltem</strong></span> <span class='ocrx_word' id='word_1_312' title='bbox 1395 2780 1633 2846; x_wconf 72' lang='lat' dir='ltr'><strong>Nathan,</strong></span> <span class='ocrx_word' id='word_1_313' title='bbox 1666 2779 1858 2846; x_wconf 65' lang='lat' dir='ltr'><strong>ltitiam,</strong></span> 
     </span>
    </p>
   </div>
   <div class='ocr_carea' id='block_1_44' title="bbox 285 2872 1864 2946">
    <p class='ocr_par' dir='ltr' id='par_1_44' title="bbox 285 2872 1864 2946">
     <span class='ocr_line' id='line_1_44' title="bbox 285 2872 1864 2946; baseline -0.002 -16"><span class='ocrx_word' id='word_1_314' title='bbox 285 2884 620 2946; x_wconf 65' lang='lat' dir='ltr'><strong>ueteresque</strong></span> <span class='ocrx_word' id='word_1_315' title='bbox 648 2874 957 2946; x_wconf 85' lang='lat' dir='ltr'><strong>prophetas,</strong></span> <span class='ocrx_word' id='word_1_316' title='bbox 988 2874 1081 2943; x_wconf 88' lang='lat' dir='ltr'><strong>qui</strong></span> <span class='ocrx_word' id='word_1_317' title='bbox 1123 2872 1497 2942; x_wconf 81' lang='lat' dir='ltr'><strong>delinquentes</strong></span> <span class='ocrx_word' id='word_1_318' title='bbox 1532 2887 1682 2943; x_wconf 85' lang='lat' dir='ltr'><strong>reges</strong></span> <span class='ocrx_word' id='word_1_319' title='bbox 1723 2874 1864 2928; x_wconf 81' lang='lat' dir='ltr'><strong>salu-</strong></span> 
     </span>
    </p>
   </div>
   <div class='ocr_carea' id='block_1_45' title="bbox 286 2969 1860 3040">
    <p class='ocr_par' dir='ltr' id='par_1_45' title="bbox 286 2969 1860 3040">
     <span class='ocr_line' id='line_1_45' title="bbox 286 2969 1860 3040; baseline 0.002 -17"><span class='ocrx_word' id='word_1_320' title='bbox 286 2969 455 3024; x_wconf 79' lang='lat' dir='ltr'><strong>briter</strong></span> <span class='ocrx_word' id='word_1_321' title='bbox 494 2970 902 3040; x_wconf 86' lang='lat' dir='ltr'><strong>corripuerunt,</strong></span> <span class='ocrx_word' id='word_1_322' title='bbox 955 2969 1298 3024; x_wconf 54' lang='lat' dir='ltr'><strong>aemulatione</strong></span> <span class='ocrx_word' id='word_1_323' title='bbox 1342 2969 1702 3036; x_wconf 84' lang='lat' dir='ltr'><strong>sacerdotali,</strong></span> <span class='ocrx_word' id='word_1_324' title='bbox 1764 2984 1860 3026; x_wconf 90' lang='lat' dir='ltr'><strong>seu</strong></span> 
     </span>
    </p>
   </div>
   <div class='ocr_carea' id='block_1_46' title="bbox 286 3061 1860 3132">
    <p class='ocr_par' dir='ltr' id='par_1_46' title="bbox 286 3061 1860 3132">
     <span class='ocr_line' id='line_1_46' title="bbox 286 3061 1860 3132; baseline 0.003 -18"><span class='ocrx_word' id='word_1_325' title='bbox 286 3061 544 3132; x_wconf 85' lang='lat' dir='ltr'><strong>pastorali</strong></span> <span class='ocrx_word' id='word_1_326' title='bbox 593 3061 954 3117; x_wconf 68' lang='lat' dir='ltr'><strong>solaicitudine</strong></span> <span class='ocrx_word' id='word_1_327' title='bbox 999 3074 1259 3117; x_wconf 81' lang='lat' dir='ltr'><strong>revocare</strong></span> <span class='ocrx_word' id='word_1_328' title='bbox 1306 3077 1414 3116; x_wconf 92' lang='lat' dir='ltr'><strong>non</strong></span> <span class='ocrx_word' id='word_1_329' title='bbox 1468 3071 1674 3118; x_wconf 85' lang='lat' dir='ltr'><strong>renuat.</strong></span> <span class='ocrx_word' id='word_1_330' title='bbox 1722 3061 1860 3118; x_wconf 78' lang='lat' dir='ltr'><strong>Nam</strong></span> 
     </span>
    </p>
   </div>
   <div class='ocr_carea' id='block_1_47' title="bbox 287 3154 1862 3227">
    <p class='ocr_par' dir='ltr' id='par_1_47' title="bbox 287 3154 1862 3227">
     <span class='ocr_line' id='line_1_47' title="bbox 287 3154 1862 3227; baseline -0.002 -14"><span class='ocrx_word' id='word_1_331' title='bbox 287 3157 389 3214; x_wconf 88' lang='lat' dir='ltr'><strong>etsi</strong></span> <span class='ocrx_word' id='word_1_332' title='bbox 429 3155 723 3227; x_wconf 78' lang='lat' dir='ltr'><strong>quondam&#39;</strong></span> <span class='ocrx_word' id='word_1_333' title='bbox 739 3154 905 3221; x_wconf 81' lang='lat' dir='ltr'><strong>Eiias,</strong></span> <span class='ocrx_word' id='word_1_334' title='bbox 932 3154 1248 3210; x_wconf 82' lang='lat' dir='ltr'><strong>infirmitate</strong></span> <span class='ocrx_word' id='word_1_335' title='bbox 1283 3154 1455 3211; x_wconf 87' lang='lat' dir='ltr'><strong>victus</strong></span> <span class='ocrx_word' id='word_1_336' title='bbox 1491 3155 1745 3223; x_wconf 81' lang='lat' dir='ltr'><strong>humana,</strong></span> <span class='ocrx_word' id='word_1_337' title='bbox 1778 3154 1862 3210; x_wconf 83' lang='lat' dir='ltr'><strong>fn-</strong></span> 
     </span>
    </p>
   </div>
   <div class='ocr_carea' id='block_1_48' title="bbox 1963 1953 3542 2026">
    <p class='ocr_par' dir='ltr' id='par_1_48' title="bbox 1963 1953 3542 2026">
     <span class='ocr_line' id='line_1_48' title="bbox 1963 1953 3542 2026; baseline -0.003 -15"><span class='ocrx_word' id='word_1_338' title='bbox 1963 1957 2010 2011; x_wconf 84' lang='lat' dir='ltr'><strong>si</strong></span> <span class='ocrx_word' id='word_1_339' title='bbox 2045 1958 2118 2012; x_wconf 80' lang='lat' dir='ltr'><strong>ita</strong></span> <span class='ocrx_word' id='word_1_340' title='bbox 2157 1956 2300 2011; x_wconf 68' lang='lat' dir='ltr'><strong>ilium</strong></span> <span class='ocrx_word' id='word_1_341' title='bbox 2332 1967 2546 2021; x_wconf 82' lang='lat' dir='ltr'><strong>tractat,</strong></span> <span class='ocrx_word' id='word_1_342' title='bbox 2575 1957 3024 2026; x_wconf 78' lang='lat' dir='ltr'><strong>quemadmodum</strong></span> <span class='ocrx_word' id='word_1_343' title='bbox 3055 1973 3149 2011; x_wconf 76' lang='lat' dir='ltr'><strong>rex</strong></span> <span class='ocrx_word' id='word_1_344' title='bbox 3178 1958 3413 2026; x_wconf 78' lang='lat' dir='ltr'><strong>legitime</strong></span> <span class='ocrx_word' id='word_1_345' title='bbox 3438 1953 3542 2007; x_wconf 78' lang='lat' dir='ltr'><strong>sibi</strong></span> 
     </span>
    </p>
   </div>
   <div class='ocr_carea' id='block_1_49' title="bbox 1964 2046 3542 2117">
    <p class='ocr_par' dir='ltr' id='par_1_49' title="bbox 1964 2046 3542 2117">
     <span class='ocr_line' id='line_1_49' title="bbox 1964 2046 3542 2117; baseline -0.001 -14"><span class='ocrx_word' id='word_1_346' title='bbox 1964 2052 2306 2117; x_wconf 66' lang='lat' dir='ltr'><strong>conjunct-ant</strong></span> <span class='ocrx_word' id='word_1_347' title='bbox 2354 2051 2513 2103; x_wconf 81' lang='lat' dir='ltr'><strong>debet</strong></span> <span class='ocrx_word' id='word_1_348' title='bbox 2555 2058 2788 2102; x_wconf 84' lang='lat' dir='ltr'><strong>tractare</strong></span> <span class='ocrx_word' id='word_1_349' title='bbox 2819 2050 3077 2117; x_wconf 73' lang='lat' dir='ltr'><strong>reginam.</strong></span> <span class='ocrx_word' id='word_1_350' title='bbox 3108 2048 3173 2100; x_wconf 76' lang='lat' dir='ltr'><strong>Et</strong></span> <span class='ocrx_word' id='word_1_351' title='bbox 3205 2052 3293 2115; x_wconf 89' lang='lat' dir='ltr'><strong>qtti</strong></span> <span class='ocrx_word' id='word_1_352' title='bbox 3334 2049 3441 2100; x_wconf 81' lang='lat' dir='ltr'><strong>sitit</strong></span> <span class='ocrx_word' id='word_1_353' title='bbox 3468 2046 3542 2102; x_wconf 79' lang='lat' dir='ltr'><strong>illi</strong></span> 
     </span>
    </p>
   </div>
   <div class='ocr_carea' id='block_1_50' title="bbox 1964 2140 3545 2209">
    <p class='ocr_par' dir='ltr' id='par_1_50' title="bbox 1964 2140 3545 2209">
     <span class='ocr_line' id='line_1_50' title="bbox 1964 2140 3545 2209; baseline 0.001 -16"><span class='ocrx_word' id='word_1_354' title='bbox 1964 2142 2054 2209; x_wconf 89' lang='lat' dir='ltr'><strong>qui</strong></span> <span class='ocrx_word' id='word_1_355' title='bbox 2086 2141 2232 2199; x_wconf 82' lang='lat' dir='ltr'><strong>nullo</strong></span> <span class='ocrx_word' id='word_1_356' title='bbox 2256 2153 2414 2209; x_wconf 86' lang='lat' dir='ltr'><strong>pacto</strong></span> <span class='ocrx_word' id='word_1_357' title='bbox 2444 2159 2472 2194; x_wconf 79' lang='lat' dir='ltr'><strong>a</strong></span> <span class='ocrx_word' id='word_1_358' title='bbox 2506 2141 2659 2195; x_wconf 84' lang='lat' dir='ltr'><strong>nobis</strong></span> <span class='ocrx_word' id='word_1_359' title='bbox 2686 2140 3026 2204; x_wconf 71' lang='lat' dir='ltr'><strong>dissidentes,</strong></span> <span class='ocrx_word' id='word_1_360' title='bbox 3053 2140 3307 2194; x_wconf 82' lang='lat' dir='ltr'><strong>adulteris</strong></span> <span class='ocrx_word' id='word_1_361' title='bbox 3339 2141 3545 2195; x_wconf 66' lang='lat' dir='ltr'><strong>nullum</strong></span> 
     </span>
    </p>
   </div>
   <div class='ocr_carea' id='block_1_51' title="bbox 1963 2232 3549 2303">
    <p class='ocr_par' dir='ltr' id='par_1_51' title="bbox 1963 2232 3549 2303">
     <span class='ocr_line' id='line_1_51' title="bbox 1963 2232 3549 2303; baseline -0.001 -14"><span class='ocrx_word' id='word_1_362' title='bbox 1963 2234 2310 2289; x_wconf 83' lang='lat' dir='ltr'><strong>consentiunt</strong></span> <span class='ocrx_word' id='word_1_363' title='bbox 2341 2241 2599 2303; x_wconf 58' lang='lat' dir='ltr'><strong>praestare</strong></span> <span class='ocrx_word' id='word_1_364' title='bbox 2637 2232 2893 2289; x_wconf 80' lang='lat' dir='ltr'><strong>favorem.</strong></span> <span class='ocrx_word' id='word_1_365' title='bbox 2924 2234 3141 2288; x_wconf 71' lang='lat' dir='ltr'><strong>Necnon</strong></span> <span class='ocrx_word' id='word_1_366' title='bbox 3178 2243 3232 2286; x_wconf 90' lang='lat' dir='ltr'><strong>et</strong></span> <span class='ocrx_word' id='word_1_367' title='bbox 3270 2233 3405 2287; x_wconf 87' lang='lat' dir='ltr'><strong>hanc</strong></span> <span class='ocrx_word' id='word_1_368' title='bbox 3432 2234 3549 2302; x_wconf 74' lang='lat' dir='ltr'><strong>epi-</strong></span> 
     </span>
    </p>
   </div>
   <div class='ocr_carea' id='block_1_52' title="bbox 1964 2325 3546 2387">
    <p class='ocr_par' dir='ltr' id='par_1_52' title="bbox 1964 2325 3546 2387">
     <span class='ocr_line' id='line_1_52' title="bbox 1964 2325 3546 2387; baseline -0.001 -6"><span class='ocrx_word' id='word_1_369' title='bbox 1964 2325 2159 2381; x_wconf 87' lang='lat' dir='ltr'><strong>stolam</strong></span> <span class='ocrx_word' id='word_1_370' title='bbox 2209 2336 2451 2381; x_wconf 82' lang='lat' dir='ltr'><strong>nostram</strong></span> <span class='ocrx_word' id='word_1_371' title='bbox 2503 2326 2829 2387; x_wconf 74' lang='lat' dir='ltr'><strong>ostendatis,</strong></span> <span class='ocrx_word' id='word_1_372' title='bbox 2870 2334 2924 2379; x_wconf 90' lang='lat' dir='ltr'><strong>et</strong></span> <span class='ocrx_word' id='word_1_373' title='bbox 2970 2325 3546 2379; x_wconf 76' lang='lat' dir='ltr'><strong>escontmunit-ationis</strong></span> 
     </span>
    </p>
   </div>
   <div class='ocr_carea' id='block_1_53' title="bbox 1963 2415 3543 2472">
    <p class='ocr_par' dir='ltr' id='par_1_53' title="bbox 1963 2415 3543 2472">
     <span class='ocr_line' id='line_1_53' title="bbox 1963 2415 3543 2472; baseline -0.001 0"><span class='ocrx_word' id='word_1_374' title='bbox 1963 2415 2274 2472; x_wconf 73' lang='lat' dir='ltr'><strong>Waldradm</strong></span> <span class='ocrx_word' id='word_1_375' title='bbox 2320 2426 2559 2472; x_wconf 89' lang='lat' dir='ltr'><strong>tenorem</strong></span> <span class='ocrx_word' id='word_1_376' title='bbox 2621 2417 2966 2472; x_wconf 86' lang='lat' dir='ltr'><strong>manifestum</strong></span> <span class='ocrx_word' id='word_1_377' title='bbox 3023 2418 3202 2472; x_wconf 83' lang='lat' dir='ltr'><strong>facere</strong></span> <span class='ocrx_word' id='word_1_378' title='bbox 3264 2418 3543 2471; x_wconf 77' lang='lat' dir='ltr'><strong>studentis.</strong></span> 
     </span>
    </p>
   </div>
   <div class='ocr_carea' id='block_1_54' title="bbox 1962 2506 3546 2578">
    <p class='ocr_par' dir='ltr' id='par_1_54' title="bbox 1962 2506 3546 2578">
     <span class='ocr_line' id='line_1_54' title="bbox 1962 2506 3546 2578; baseline 0.001 -16"><span class='ocrx_word' id='word_1_379' title='bbox 1962 2506 2087 2562; x_wconf 72' lang='lat' dir='ltr'><strong>1am</strong></span> <span class='ocrx_word' id='word_1_380' title='bbox 2110 2523 2239 2562; x_wconf 82' lang='lat' dir='ltr'><strong>vero</strong></span> <span class='ocrx_word' id='word_1_381' title='bbox 2278 2508 2368 2576; x_wconf 85' lang='lat' dir='ltr'><strong>qui</strong></span> <span class='ocrx_word' id='word_1_382' title='bbox 2406 2509 2522 2563; x_wconf 61' lang='lat' dir='ltr'><strong>haec</strong></span> <span class='ocrx_word' id='word_1_383' title='bbox 2558 2518 2794 2563; x_wconf 78' lang='lat' dir='ltr'><strong>vestrum</strong></span> <span class='ocrx_word' id='word_1_384' title='bbox 2837 2524 3018 2578; x_wconf 80' lang='lat' dir='ltr'><strong>agere,</strong></span> <span class='ocrx_word' id='word_1_385' title='bbox 3047 2517 3101 2563; x_wconf 90' lang='lat' dir='ltr'><strong>et</strong></span> <span class='ocrx_word' id='word_1_386' title='bbox 3140 2508 3390 2562; x_wconf 85' lang='lat' dir='ltr'><strong>intimare</strong></span> <span class='ocrx_word' id='word_1_387' title='bbox 3424 2525 3546 2578; x_wconf 71' lang='lat' dir='ltr'><strong>qua:</strong></span> 
     </span>
    </p>
   </div>
   <div class='ocr_carea' id='block_1_55' title="bbox 1966 2600 3544 2670">
    <p class='ocr_par' dir='ltr' id='par_1_55' title="bbox 1966 2600 3544 2670">
     <span class='ocr_line' id='line_1_55' title="bbox 1966 2600 3544 2670; baseline 0 -16"><span class='ocrx_word' id='word_1_388' title='bbox 1966 2600 2203 2654; x_wconf 74' lang='lat' dir='ltr'><strong>diximus</strong></span> <span class='ocrx_word' id='word_1_389' title='bbox 2228 2601 2612 2670; x_wconf 82' lang='lat' dir='ltr'><strong>postposuerit,</strong></span> <span class='ocrx_word' id='word_1_390' title='bbox 2641 2600 2755 2670; x_wconf 88' lang='lat' dir='ltr'><strong>ipse</strong></span> <span class='ocrx_word' id='word_1_391' title='bbox 2792 2616 2850 2656; x_wconf 80' lang='lat' dir='ltr'><strong>ac</strong></span> <span class='ocrx_word' id='word_1_392' title='bbox 2884 2600 3172 2655; x_wconf 62' lang='lat' dir='ltr'><strong>elaterium</strong></span> <span class='ocrx_word' id='word_1_393' title='bbox 3200 2610 3256 2655; x_wconf 89' lang='lat' dir='ltr'><strong>et</strong></span> <span class='ocrx_word' id='word_1_394' title='bbox 3280 2600 3544 2654; x_wconf 78' lang='lat' dir='ltr'><strong>fautorem</strong></span> 
     </span>
    </p>
   </div>
   <div class='ocr_carea' id='block_1_56' title="bbox 1965 2688 3542 2762">
    <p class='ocr_par' dir='ltr' id='par_1_56' title="bbox 1965 2688 3542 2762">
     <span class='ocr_line' id='line_1_56' title="bbox 1965 2688 3542 2762; baseline 0 -17"><span class='ocrx_word' id='word_1_395' title='bbox 1965 2691 2331 2746; x_wconf 82' lang='lat' dir='ltr'><strong>adulterorum</strong></span> <span class='ocrx_word' id='word_1_396' title='bbox 2373 2691 2549 2762; x_wconf 84' lang='lat' dir='ltr'><strong>palam</strong></span> <span class='ocrx_word' id='word_1_397' title='bbox 2588 2688 2872 2746; x_wconf 85' lang='lat' dir='ltr'><strong>ostendet:</strong></span> <span class='ocrx_word' id='word_1_398' title='bbox 2903 2702 2957 2746; x_wconf 85' lang='lat' dir='ltr'><strong>et</strong></span> <span class='ocrx_word' id='word_1_399' title='bbox 3000 2692 3101 2745; x_wconf 88' lang='lat' dir='ltr'><strong>boc</strong></span> <span class='ocrx_word' id='word_1_400' title='bbox 3141 2692 3296 2745; x_wconf 90' lang='lat' dir='ltr'><strong>nobis</strong></span> <span class='ocrx_word' id='word_1_401' title='bbox 3335 2693 3439 2745; x_wconf 90' lang='lat' dir='ltr'><strong>erit</strong></span> <span class='ocrx_word' id='word_1_402' title='bbox 3474 2692 3542 2745; x_wconf 86' lang='lat' dir='ltr'><strong>si-</strong></span> 
     </span>
    </p>
   </div>
   <div class='ocr_carea' id='block_1_57' title="bbox 1964 2783 3549 2854">
    <p class='ocr_par' dir='ltr' id='par_1_57' title="bbox 1964 2783 3549 2854">
     <span class='ocr_line' id='line_1_57' title="bbox 1964 2783 3549 2854; baseline 0.001 -17"><span class='ocrx_word' id='word_1_403' title='bbox 1964 2797 2151 2854; x_wconf 86' lang='lat' dir='ltr'><strong>gnum,</strong></span> <span class='ocrx_word' id='word_1_404' title='bbox 2188 2799 2313 2838; x_wconf 80' lang='lat' dir='ltr'><strong>eum</strong></span> <span class='ocrx_word' id='word_1_405' title='bbox 2360 2793 2512 2839; x_wconf 81' lang='lat' dir='ltr'><strong>tanto</strong></span> <span class='ocrx_word' id='word_1_406' title='bbox 2562 2784 2901 2839; x_wconf 77' lang='lat' dir='ltr'><strong>consensisse</strong></span> <span class='ocrx_word' id='word_1_407' title='bbox 2944 2784 3192 2847; x_wconf 75' lang='lat' dir='ltr'><strong>facinori,</strong></span> <span class='ocrx_word' id='word_1_408' title='bbox 3234 2784 3278 2839; x_wconf 86' lang='lat' dir='ltr'><strong>si</strong></span> <span class='ocrx_word' id='word_1_409' title='bbox 3327 2783 3549 2838; x_wconf 85' lang='lat' dir='ltr'><strong>obedire</strong></span> 
     </span>
    </p>
   </div>
   <div class='ocr_carea' id='block_1_58' title="bbox 1967 2874 3546 2949">
    <p class='ocr_par' dir='ltr' id='par_1_58' title="bbox 1967 2874 3546 2949">
     <span class='ocr_line' id='line_1_58' title="bbox 1967 2874 3546 2949; baseline 0.002 -20"><span class='ocrx_word' id='word_1_410' title='bbox 1967 2876 2092 2930; x_wconf 83' lang='lat' dir='ltr'><strong>huic</strong></span> <span class='ocrx_word' id='word_1_411' title='bbox 2115 2874 2358 2931; x_wconf 84' lang='lat' dir='ltr'><strong>instituto</strong></span> <span class='ocrx_word' id='word_1_412' title='bbox 2380 2886 2568 2932; x_wconf 86' lang='lat' dir='ltr'><strong>nostro</strong></span> <span class='ocrx_word' id='word_1_413' title='bbox 2590 2877 2905 2949; x_wconf 60' lang='lat' dir='ltr'><strong>neglexerit,</strong></span> <span class='ocrx_word' id='word_1_414' title='bbox 2937 2892 3000 2933; x_wconf 87' lang='lat' dir='ltr'><strong>ac</strong></span> <span class='ocrx_word' id='word_1_415' title='bbox 3021 2891 3119 2947; x_wconf 88' lang='lat' dir='ltr'><strong>per</strong></span> <span class='ocrx_word' id='word_1_416' title='bbox 3143 2878 3265 2936; x_wconf 81' lang='lat' dir='ltr'><strong>lioc.</strong></span> <span class='ocrx_word' id='word_1_417' title='bbox 3282 2887 3546 2946; x_wconf 85' lang='lat' dir='ltr'><strong>tanquam</strong></span> 
     </span>
    </p>
   </div>
   <div class='ocr_carea' id='block_1_59' title="bbox 1966 2970 3546 3036">
    <p class='ocr_par' dir='ltr' id='par_1_59' title="bbox 1966 2970 3546 3036">
     <span class='ocr_line' id='line_1_59' title="bbox 1966 2970 3546 3036; baseline -0.001 -12"><span class='ocrx_word' id='word_1_418' title='bbox 1966 2979 2294 3025; x_wconf 75' lang='lat' dir='ltr'><strong>conventum</strong></span> <span class='ocrx_word' id='word_1_419' title='bbox 2327 2985 2359 3024; x_wconf 80' lang='lat' dir='ltr'><strong>a</strong></span> <span class='ocrx_word' id='word_1_420' title='bbox 2384 2970 2537 3026; x_wconf 85' lang='lat' dir='ltr'><strong>nobis</strong></span> <span class='ocrx_word' id='word_1_421' title='bbox 2574 2980 2628 3025; x_wconf 89' lang='lat' dir='ltr'><strong>et</strong></span> <span class='ocrx_word' id='word_1_422' title='bbox 2657 2972 3012 3036; x_wconf 86' lang='lat' dir='ltr'><strong>admonitum,</strong></span> <span class='ocrx_word' id='word_1_423' title='bbox 3044 2987 3107 3024; x_wconf 87' lang='lat' dir='ltr'><strong>ac</strong></span> <span class='ocrx_word' id='word_1_424' title='bbox 3140 2970 3340 3024; x_wconf 69' lang='lat' dir='ltr'><strong>salubri</strong></span> <span class='ocrx_word' id='word_1_425' title='bbox 3373 2970 3546 3023; x_wconf 81' lang='lat' dir='ltr'><strong>moni-</strong></span> 
     </span>
    </p>
   </div>
   <div class='ocr_carea' id='block_1_60' title="bbox 1966 3061 3548 3133">
    <p class='ocr_par' dir='ltr' id='par_1_60' title="bbox 1966 3061 3548 3133">
     <span class='ocr_line' id='line_1_60' title="bbox 1966 3061 3548 3133; baseline 0 -18"><span class='ocrx_word' id='word_1_426' title='bbox 1966 3062 2098 3117; x_wconf 88' lang='lat' dir='ltr'><strong>mini</strong></span> <span class='ocrx_word' id='word_1_427' title='bbox 2132 3062 2448 3119; x_wconf 84' lang='lat' dir='ltr'><strong>satisfacere</strong></span> <span class='ocrx_word' id='word_1_428' title='bbox 2480 3064 2775 3129; x_wconf 77' lang='lat' dir='ltr'><strong>nolentem,</strong></span> <span class='ocrx_word' id='word_1_429' title='bbox 2806 3064 2899 3118; x_wconf 91' lang='lat' dir='ltr'><strong>sed</strong></span> <span class='ocrx_word' id='word_1_430' title='bbox 2944 3078 3042 3133; x_wconf 80' lang='lat' dir='ltr'><strong>per</strong></span> <span class='ocrx_word' id='word_1_431' title='bbox 3089 3063 3267 3117; x_wconf 89' lang='lat' dir='ltr'><strong>omnia</strong></span> <span class='ocrx_word' id='word_1_432' title='bbox 3304 3062 3458 3116; x_wconf 75' lang='lat' dir='ltr'><strong>nobis</strong></span> <span class='ocrx_word' id='word_1_433' title='bbox 3495 3061 3548 3115; x_wconf 91' lang='lat' dir='ltr'><strong>in</strong></span> 
     </span>
    </p>
   </div>
   <div class='ocr_carea' id='block_1_61' title="bbox 1965 3154 3552 3221">
    <p class='ocr_par' dir='ltr' id='par_1_61' title="bbox 1965 3154 3552 3221">
     <span class='ocr_line' id='line_1_61' title="bbox 1965 3154 3552 3221; baseline -0.001 -13"><span class='ocrx_word' id='word_1_434' title='bbox 1965 3154 2333 3221; x_wconf 80' lang='lat' dir='ltr'><strong>obedientem,</strong></span> <span class='ocrx_word' id='word_1_435' title='bbox 2361 3164 2543 3209; x_wconf 80' lang='lat' dir='ltr'><strong>nostra</strong></span> <span class='ocrx_word' id='word_1_436' title='bbox 2565 3170 2660 3210; x_wconf 88' lang='lat' dir='ltr'><strong>seu</strong></span> <span class='ocrx_word' id='word_1_437' title='bbox 2676 3155 2840 3210; x_wconf 85' lang='lat' dir='ltr'><strong>totius</strong></span> <span class='ocrx_word' id='word_1_438' title='bbox 2866 3154 3120 3210; x_wconf 72' lang='lat' dir='ltr'><strong>Ecclesia:</strong></span> <span class='ocrx_word' id='word_1_439' title='bbox 3144 3155 3287 3208; x_wconf 84' lang='lat' dir='ltr'><strong>hunc</strong></span> <span class='ocrx_word' id='word_1_440' title='bbox 3311 3169 3552 3207; x_wconf 68' lang='lat' dir='ltr'><strong>continuo</strong></span> 
     </span>
    </p>
   </div>
   <div class='ocr_carea' id='block_1_62' title="bbox 289 3225 3556 3323">
    <p class='ocr_par' dir='ltr' id='par_1_62' title="bbox 289 3225 3556 3323">
     <span class='ocr_line' id='line_1_62' title="bbox 289 3225 3556 3323; baseline -0.003 -16"><span class='ocrx_word' id='word_1_441' title='bbox 289 3225 463 3307; x_wconf 80' lang='lat' dir='ltr'><strong>rorem</strong></span> <span class='ocrx_word' id='word_1_442' title='bbox 501 3248 758 3323; x_wconf 84' lang='lat' dir='ltr'><strong>principis</strong></span> <span class='ocrx_word' id='word_1_443' title='bbox 786 3247 941 3320; x_wconf 81' lang='lat' dir='ltr'><strong>fugit,</strong></span> <span class='ocrx_word' id='word_1_444' title='bbox 970 3249 1065 3304; x_wconf 90' lang='lat' dir='ltr'><strong>sed</strong></span> <span class='ocrx_word' id='word_1_445' title='bbox 1101 3256 1156 3302; x_wconf 88' lang='lat' dir='ltr'><strong>et</strong></span> <span class='ocrx_word' id='word_1_446' title='bbox 1193 3244 1394 3303; x_wconf 86' lang='lat' dir='ltr'><strong>scelera</strong></span> <span class='ocrx_word' id='word_1_447' title='bbox 1432 3247 1548 3319; x_wconf 87' lang='lat' dir='ltr'><strong>ejus</strong></span> <span class='ocrx_word' id='word_1_448' title='bbox 1589 3262 1733 3319; x_wconf 66' lang='lat' dir='ltr'><strong>saepe</strong></span> <span class='ocrx_word' id='word_1_449' title='bbox 1773 3262 1860 3304; x_wconf 87' lang='lat' dir='ltr'><strong>rc-</strong></span> <span class='ocrx_word' id='word_1_450' title='bbox 1887 3225 1933 3288; x_wconf 70' lang='grc' dir='ltr'>Ο</span> <span class='ocrx_word' id='word_1_451' title='bbox 1966 3247 2535 3303; x_wconf 86' lang='lat' dir='ltr'><strong>nioneconstituimus</strong></span> <span class='ocrx_word' id='word_1_452' title='bbox 2563 3262 2683 3303; x_wconf 84' lang='lat' dir='ltr'><strong>esse</strong></span> <span class='ocrx_word' id='word_1_453' title='bbox 2710 3255 2975 3303; x_wconf 87' lang='lat' dir='ltr'><strong>remotum</strong></span> <span class='ocrx_word' id='word_1_454' title='bbox 3005 3264 3021 3301; x_wconf 89' lang='lat'><strong>:</strong></span> <span class='ocrx_word' id='word_1_455' title='bbox 3052 3247 3103 3301; x_wconf 90' lang='lat' dir='ltr'><strong>in</strong></span> <span class='ocrx_word' id='word_1_456' title='bbox 3134 3254 3385 3316; x_wconf 83' lang='lat' dir='ltr'><strong>promptu</strong></span> <span class='ocrx_word' id='word_1_457' title='bbox 3414 3245 3556 3299; x_wconf 79' lang='lat' dir='ltr'><strong>vidc-</strong></span> 
     </span>
    </p>
   </div>
   <div class='ocr_carea' id='block_1_63' title="bbox 291 3340 1863 3419">
    <p class='ocr_par' dir='ltr' id='par_1_63' title="bbox 291 3340 1863 3419">
     <span class='ocr_line' id='line_1_63' title="bbox 291 3340 1863 3419; baseline -0.002 -19"><span class='ocrx_word' id='word_1_458' title='bbox 291 3343 520 3419; x_wconf 83' lang='lat' dir='ltr'><strong>darguit,</strong></span> <span class='ocrx_word' id='word_1_459' title='bbox 546 3353 600 3400; x_wconf 89' lang='lat' dir='ltr'><strong>et</strong></span> <span class='ocrx_word' id='word_1_460' title='bbox 636 3343 937 3416; x_wconf 86' lang='lat' dir='ltr'><strong>impavidus</strong></span> <span class='ocrx_word' id='word_1_461' title='bbox 976 3342 1341 3412; x_wconf 79' lang='lat' dir='ltr'><strong>exprobravit.</strong></span> <span class='ocrx_word' id='word_1_462' title='bbox 1373 3340 1636 3397; x_wconf 85' lang='lat' dir='ltr'><strong>Similiter</strong></span> <span class='ocrx_word' id='word_1_463' title='bbox 1668 3350 1722 3397; x_wconf 92' lang='lat' dir='ltr'><strong>et</strong></span> <span class='ocrx_word' id='word_1_464' title='bbox 1759 3342 1863 3397; x_wconf 88' lang='lat' dir='ltr'><strong>iste</strong></span> 
     </span>
    </p>
   </div>
   <div class='ocr_carea' id='block_1_64' title="bbox 289 3429 1862 3505">
    <p class='ocr_par' dir='ltr' id='par_1_64' title="bbox 289 3429 1862 3505">
     <span class='ocr_line' id='line_1_64' title="bbox 289 3429 1862 3505; baseline -0.002 -16"><span class='ocrx_word' id='word_1_465' title='bbox 289 3430 478 3491; x_wconf 88' lang='lat' dir='ltr'><strong>beatus</strong></span> <span class='ocrx_word' id='word_1_466' title='bbox 504 3443 689 3505; x_wconf 89' lang='lat' dir='ltr'><strong>pastor</strong></span> <span class='ocrx_word' id='word_1_467' title='bbox 720 3431 976 3489; x_wconf 74' lang='lat' dir='ltr'><strong>Ecciesite</strong></span> <span class='ocrx_word' id='word_1_468' title='bbox 1002 3431 1217 3498; x_wconf 83' lang='lat' dir='ltr'><strong>Petrus,</strong></span> <span class='ocrx_word' id='word_1_469' title='bbox 1244 3431 1335 3502; x_wconf 84' lang='lat' dir='ltr'><strong>qui</strong></span> <span class='ocrx_word' id='word_1_470' title='bbox 1359 3429 1511 3501; x_wconf 85' lang='lat' dir='ltr'><strong>prius</strong></span> <span class='ocrx_word' id='word_1_471' title='bbox 1538 3430 1754 3501; x_wconf 76' lang='lat' dir='ltr'><strong>quidem</strong></span> <span class='ocrx_word' id='word_1_472' title='bbox 1793 3432 1862 3486; x_wconf 89' lang='lat' dir='ltr'><strong>ad</strong></span> 
     </span>
    </p>
   </div>
   <div class='ocr_carea' id='block_1_65' title="bbox 291 3520 1866 3592">
    <p class='ocr_par' dir='ltr' id='par_1_65' title="bbox 291 3520 1866 3592">
     <span class='ocr_line' id='line_1_65' title="bbox 291 3520 1866 3592; baseline -0.004 -10"><span class='ocrx_word' id='word_1_473' title='bbox 291 3527 449 3582; x_wconf 86' lang='lat' dir='ltr'><strong>unius</strong></span> <span class='ocrx_word' id='word_1_474' title='bbox 496 3524 820 3580; x_wconf 62' lang='lat' dir='ltr'><strong>mulierculae</strong></span> <span class='ocrx_word' id='word_1_475' title='bbox 872 3536 1091 3585; x_wconf 89' lang='lat' dir='ltr'><strong>vocem,</strong></span> <span class='ocrx_word' id='word_1_476' title='bbox 1144 3520 1439 3592; x_wconf 81' lang='lat' dir='ltr'><strong>fragilitate</strong></span> <span class='ocrx_word' id='word_1_477' title='bbox 1486 3528 1768 3589; x_wconf 87' lang='lat' dir='ltr'><strong>superatus</strong></span> <span class='ocrx_word' id='word_1_478' title='bbox 1809 3528 1866 3576; x_wconf 84' lang='lat' dir='ltr'><strong>et</strong></span> 
     </span>
    </p>
   </div>
   <div class='ocr_carea' id='block_1_66' title="bbox 294 3610 1862 3685">
    <p class='ocr_par' dir='ltr' id='par_1_66' title="bbox 294 3610 1862 3685">
     <span class='ocr_line' id='line_1_66' title="bbox 294 3610 1862 3685; baseline -0.003 -15"><span class='ocrx_word' id='word_1_479' title='bbox 294 3614 403 3685; x_wconf 87' lang='lat' dir='ltr'><strong>ipse</strong></span> <span class='ocrx_word' id='word_1_480' title='bbox 430 3614 686 3676; x_wconf 79' lang='lat' dir='ltr'><strong>humana,</strong></span> <span class='ocrx_word' id='word_1_481' title='bbox 712 3611 859 3682; x_wconf 87' lang='lat' dir='ltr'><strong>quod</strong></span> <span class='ocrx_word' id='word_1_482' title='bbox 882 3621 967 3666; x_wconf 85' lang='lat' dir='ltr'><strong>est</strong></span> <span class='ocrx_word' id='word_1_483' title='bbox 996 3611 1172 3665; x_wconf 81' lang='lat' dir='ltr'><strong>divina</strong></span> <span class='ocrx_word' id='word_1_484' title='bbox 1207 3620 1414 3680; x_wconf 76' lang='lat' dir='ltr'><strong>gestum</strong></span> <span class='ocrx_word' id='word_1_485' title='bbox 1443 3610 1862 3680; x_wconf 86' lang='lat' dir='ltr'><strong>dispensatione,</strong></span> 
     </span>
    </p>
   </div>
   <div class='ocr_carea' id='block_1_67' title="bbox 296 3704 1867 3777">
    <p class='ocr_par' dir='ltr' id='par_1_67' title="bbox 296 3704 1867 3777">
     <span class='ocr_line' id='line_1_67' title="bbox 296 3704 1867 3777; baseline -0.003 -13"><span class='ocrx_word' id='word_1_486' title='bbox 296 3709 419 3765; x_wconf 90' lang='lat' dir='ltr'><strong>dum</strong></span> <span class='ocrx_word' id='word_1_487' title='bbox 464 3708 601 3763; x_wconf 88' lang='lat' dir='ltr'><strong>mori</strong></span> <span class='ocrx_word' id='word_1_488' title='bbox 640 3706 837 3771; x_wconf 91' lang='lat' dir='ltr'><strong>timuit,</strong></span> <span class='ocrx_word' id='word_1_489' title='bbox 864 3713 1139 3777; x_wconf 78' lang='lat' dir='ltr'><strong>auctorem</strong></span> <span class='ocrx_word' id='word_1_490' title='bbox 1180 3705 1302 3758; x_wconf 69' lang='lat' dir='ltr'><strong>vitae</strong></span> <span class='ocrx_word' id='word_1_491' title='bbox 1339 3704 1594 3775; x_wconf 84' lang='lat' dir='ltr'><strong>negavit:</strong></span> <span class='ocrx_word' id='word_1_492' title='bbox 1628 3714 1749 3775; x_wconf 78' lang='lat' dir='ltr'><strong>post</strong></span> <span class='ocrx_word' id='word_1_493' title='bbox 1777 3719 1867 3760; x_wconf 88' lang='lat' dir='ltr'><strong>ac—</strong></span> 
     </span>
    </p>
   </div>
   <div class='ocr_carea' id='block_1_68' title="bbox 294 3794 1868 3870">
    <p class='ocr_par' dir='ltr' id='par_1_68' title="bbox 294 3794 1868 3870">
     <span class='ocr_line' id='line_1_68' title="bbox 294 3794 1868 3870; baseline -0.003 -14"><span class='ocrx_word' id='word_1_494' title='bbox 294 3808 503 3870; x_wconf 77' lang='lat' dir='ltr'><strong>ceptum</strong></span> <span class='ocrx_word' id='word_1_495' title='bbox 548 3796 723 3855; x_wconf 87' lang='lat' dir='ltr'><strong>sancti</strong></span> <span class='ocrx_word' id='word_1_496' title='bbox 750 3796 985 3867; x_wconf 86' lang='lat' dir='ltr'><strong>Spiritus</strong></span> <span class='ocrx_word' id='word_1_497' title='bbox 1014 3796 1236 3861; x_wconf 85' lang='lat' dir='ltr'><strong>donum,</strong></span> <span class='ocrx_word' id='word_1_498' title='bbox 1262 3794 1414 3865; x_wconf 86' lang='lat' dir='ltr'><strong>cujus</strong></span> <span class='ocrx_word' id='word_1_499' title='bbox 1441 3796 1651 3865; x_wconf 82' lang='lat' dir='ltr'><strong>partem</strong></span> <span class='ocrx_word' id='word_1_500' title='bbox 1692 3804 1750 3851; x_wconf 86' lang='lat' dir='ltr'><strong>et</strong></span> <span class='ocrx_word' id='word_1_501' title='bbox 1773 3811 1868 3851; x_wconf 79' lang='lat' dir='ltr'><strong>vo—</strong></span> 
     </span>
    </p>
   </div>
   <div class='ocr_carea' id='block_1_69' title="bbox 295 3890 1868 3966">
    <p class='ocr_par' dir='ltr' id='par_1_69' title="bbox 295 3890 1868 3966">
     <span class='ocr_line' id='line_1_69' title="bbox 295 3890 1868 3966; baseline -0.001 -15"><span class='ocrx_word' id='word_1_502' title='bbox 295 3893 376 3951; x_wconf 88' lang='lat' dir='ltr'><strong>bis</strong></span> <span class='ocrx_word' id='word_1_503' title='bbox 416 3893 594 3950; x_wconf 82' lang='lat' dir='ltr'><strong>inesse</strong></span> <span class='ocrx_word' id='word_1_504' title='bbox 628 3905 734 3948; x_wconf 91' lang='lat' dir='ltr'><strong>non</strong></span> <span class='ocrx_word' id='word_1_505' title='bbox 773 3892 1042 3948; x_wconf 88' lang='lat' dir='ltr'><strong>immerito</strong></span> <span class='ocrx_word' id='word_1_506' title='bbox 1078 3893 1366 3959; x_wconf 87' lang='lat' dir='ltr'><strong>credimus,</strong></span> <span class='ocrx_word' id='word_1_507' title='bbox 1395 3890 1529 3949; x_wconf 84' lang='lat' dir='ltr'><strong>adeo</strong></span> <span class='ocrx_word' id='word_1_508' title='bbox 1556 3894 1719 3949; x_wconf 88' lang='lat' dir='ltr'><strong>etiam</strong></span> <span class='ocrx_word' id='word_1_509' title='bbox 1746 3903 1868 3966; x_wconf 85' lang='lat' dir='ltr'><strong>post</strong></span> 
     </span>
    </p>
   </div>
   <div class='ocr_carea' id='block_1_70' title="bbox 297 3972 1868 4055">
    <p class='ocr_par' dir='ltr' id='par_1_70' title="bbox 297 3972 1868 4055">
     <span class='ocr_line' id='line_1_70' title="bbox 297 3972 1868 4055; baseline 0 -15"><span class='ocrx_word' id='word_1_510' title='bbox 297 3985 492 4051; x_wconf 86' lang='lat' dir='ltr'><strong>minas,</strong></span> <span class='ocrx_word' id='word_1_511' title='bbox 516 3993 639 4055; x_wconf 88' lang='lat' dir='ltr'><strong>post</strong></span> <span class='ocrx_word' id='word_1_512' title='bbox 673 3984 866 4049; x_wconf 67' lang='lat' dir='ltr'><strong>caedes,</strong></span> <span class='ocrx_word' id='word_1_513' title='bbox 902 3983 1044 4039; x_wconf 82' lang='lat' dir='ltr'><strong>vires</strong></span> <span class='ocrx_word' id='word_1_514' title='bbox 1076 3984 1377 4055; x_wconf 89' lang='lat' dir='ltr'><strong>principum</strong></span> <span class='ocrx_word' id='word_1_515' title='bbox 1406 3972 1623 4055; x_wconf 72' lang='lat' dir='ltr'><strong>pressit,</strong></span> <span class='ocrx_word' id='word_1_516' title='bbox 1654 3993 1711 4039; x_wconf 90' lang='lat' dir='ltr'><strong>ut</strong></span> <span class='ocrx_word' id='word_1_517' title='bbox 1752 3998 1868 4040; x_wconf 82' lang='lat' dir='ltr'><strong>me-</strong></span> 
     </span>
    </p>
   </div>
   <div class='ocr_carea' id='block_1_71' title="bbox 299 4072 1871 4148">
    <p class='ocr_par' dir='ltr' id='par_1_71' title="bbox 299 4072 1871 4148">
     <span class='ocr_line' id='line_1_71' title="bbox 299 4072 1871 4148; baseline 0.001 -17"><span class='ocrx_word' id='word_1_518' title='bbox 299 4076 399 4131; x_wconf 92' lang='lat' dir='ltr'><strong>rito</strong></span> <span class='ocrx_word' id='word_1_519' title='bbox 444 4077 495 4130; x_wconf 91' lang='lat' dir='ltr'><strong>in</strong></span> <span class='ocrx_word' id='word_1_520' title='bbox 542 4075 713 4148; x_wconf 79' lang='lat' dir='ltr'><strong>igneis</strong></span> <span class='ocrx_word' id='word_1_521' title='bbox 752 4074 949 4148; x_wconf 88' lang='lat' dir='ltr'><strong>linguis</strong></span> <span class='ocrx_word' id='word_1_522' title='bbox 994 4072 1255 4146; x_wconf 83' lang='lat' dir='ltr'><strong>Spiritum</strong></span> <span class='ocrx_word' id='word_1_523' title='bbox 1305 4085 1552 4131; x_wconf 87' lang='lat' dir='ltr'><strong>sanctum</strong></span> <span class='ocrx_word' id='word_1_524' title='bbox 1598 4076 1871 4147; x_wconf 85' lang='lat' dir='ltr'><strong>accepisse</strong></span> 
     </span>
    </p>
   </div>
   <div class='ocr_carea' id='block_1_72' title="bbox 300 4165 1871 4239">
    <p class='ocr_par' dir='ltr' id='par_1_72' title="bbox 300 4165 1871 4239">
     <span class='ocr_line' id='line_1_72' title="bbox 300 4165 1871 4239; baseline -0.001 -16"><span class='ocrx_word' id='word_1_525' title='bbox 300 4168 574 4239; x_wconf 87' lang='lat' dir='ltr'><strong>probetur.</strong></span> <span class='ocrx_word' id='word_1_526' title='bbox 607 4165 870 4221; x_wconf 82' lang='lat' dir='ltr'><strong>Nimirum</strong></span> <span class='ocrx_word' id='word_1_527' title='bbox 897 4165 989 4237; x_wconf 89' lang='lat' dir='ltr'><strong>qui</strong></span> <span class='ocrx_word' id='word_1_528' title='bbox 1017 4179 1153 4236; x_wconf 91' lang='lat' dir='ltr'><strong>quos</strong></span> <span class='ocrx_word' id='word_1_529' title='bbox 1180 4165 1406 4236; x_wconf 89' lang='lat' dir='ltr'><strong>replevit</strong></span> <span class='ocrx_word' id='word_1_530' title='bbox 1440 4168 1710 4229; x_wconf 89' lang='lat' dir='ltr'><strong>ardentes,</strong></span> <span class='ocrx_word' id='word_1_531' title='bbox 1742 4165 1871 4221; x_wconf 86' lang='lat' dir='ltr'><strong>fecit</strong></span> 
     </span>
    </p>
   </div>
   <div class='ocr_carea' id='block_1_73' title="bbox 301 4256 1870 4333">
    <p class='ocr_par' dir='ltr' id='par_1_73' title="bbox 301 4256 1870 4333">
     <span class='ocr_line' id='line_1_73' title="bbox 301 4256 1870 4333; baseline -0.001 -18"><span class='ocrx_word' id='word_1_532' title='bbox 301 4261 502 4333; x_wconf 87' lang='lat' dir='ltr'><strong>pariter</strong></span> <span class='ocrx_word' id='word_1_533' title='bbox 537 4268 592 4315; x_wconf 93' lang='lat' dir='ltr'><strong>et</strong></span> <span class='ocrx_word' id='word_1_534' title='bbox 634 4258 932 4330; x_wconf 87' lang='lat' dir='ltr'><strong>loquentes,</strong></span> <span class='ocrx_word' id='word_1_535' title='bbox 964 4272 1171 4314; x_wconf 91' lang='lat' dir='ltr'><strong>necnon</strong></span> <span class='ocrx_word' id='word_1_536' title='bbox 1203 4268 1257 4314; x_wconf 90' lang='lat' dir='ltr'><strong>et</strong></span> <span class='ocrx_word' id='word_1_537' title='bbox 1284 4258 1499 4314; x_wconf 83' lang='lat' dir='ltr'><strong>ﬂamma</strong></span> <span class='ocrx_word' id='word_1_538' title='bbox 1540 4256 1706 4312; x_wconf 73' lang='lat' dir='ltr'><strong>divini</strong></span> <span class='ocrx_word' id='word_1_539' title='bbox 1747 4258 1870 4326; x_wconf 82' lang='lat' dir='ltr'><strong>zeli,</strong></span> 
     </span>
    </p>
   </div>
   <div class='ocr_carea' id='block_1_74' title="bbox 304 4347 1874 4422">
    <p class='ocr_par' dir='ltr' id='par_1_74' title="bbox 304 4347 1874 4422">
     <span class='ocr_line' id='line_1_74' title="bbox 304 4347 1874 4422; baseline -0.001 -16"><span class='ocrx_word' id='word_1_540' title='bbox 304 4360 457 4422; x_wconf 87' lang='lat' dir='ltr'><strong>atque</strong></span> <span class='ocrx_word' id='word_1_541' title='bbox 500 4364 721 4408; x_wconf 84' lang='lat' dir='ltr'><strong>suorum</strong></span> <span class='ocrx_word' id='word_1_542' title='bbox 770 4350 1098 4406; x_wconf 87' lang='lat' dir='ltr'><strong>mirabilium</strong></span> <span class='ocrx_word' id='word_1_543' title='bbox 1138 4351 1425 4406; x_wconf 86' lang='lat' dir='ltr'><strong>verborum</strong></span> <span class='ocrx_word' id='word_1_544' title='bbox 1459 4347 1671 4405; x_wconf 80' lang='lat' dir='ltr'><strong>facibus</strong></span> <span class='ocrx_word' id='word_1_545' title='bbox 1707 4349 1874 4405; x_wconf 81' lang='lat' dir='ltr'><strong>corda</strong></span> 
     </span>
    </p>
   </div>
   <div class='ocr_carea' id='block_1_75' title="bbox 302 4440 1874 4515">
    <p class='ocr_par' dir='ltr' id='par_1_75' title="bbox 302 4440 1874 4515">
     <span class='ocr_line' id='line_1_75' title="bbox 302 4440 1874 4515; baseline -0.001 -18"><span class='ocrx_word' id='word_1_546' title='bbox 302 4443 599 4515; x_wconf 86' lang='lat' dir='ltr'><strong>principum</strong></span> <span class='ocrx_word' id='word_1_547' title='bbox 644 4442 828 4498; x_wconf 89' lang='lat' dir='ltr'><strong>mundi</strong></span> <span class='ocrx_word' id='word_1_548' title='bbox 870 4442 1208 4499; x_wconf 86' lang='lat' dir='ltr'><strong>accedentes.</strong></span> <span class='ocrx_word' id='word_1_549' title='bbox 1240 4441 1305 4496; x_wconf 82' lang='lat' dir='ltr'><strong>Et</strong></span> <span class='ocrx_word' id='word_1_550' title='bbox 1334 4456 1520 4498; x_wconf 81' lang='lat' dir='ltr'><strong>revera</strong></span> <span class='ocrx_word' id='word_1_551' title='bbox 1560 4442 1683 4512; x_wconf 84' lang='lat' dir='ltr'><strong>quis</strong></span> <span class='ocrx_word' id='word_1_552' title='bbox 1720 4440 1874 4496; x_wconf 75' lang='lat' dir='ltr'><strong>inﬁr-</strong></span> 
     </span>
    </p>
   </div>
   <div class='ocr_carea' id='block_1_76' title="bbox 306 4532 1877 4605">
    <p class='ocr_par' dir='ltr' id='par_1_76' title="bbox 306 4532 1877 4605">
     <span class='ocr_line' id='line_1_76' title="bbox 306 4532 1877 4605; baseline 0 -17"><span class='ocrx_word' id='word_1_553' title='bbox 306 4534 568 4600; x_wconf 77' lang='lat' dir='ltr'><strong>mabatur,</strong></span> <span class='ocrx_word' id='word_1_554' title='bbox 600 4544 656 4589; x_wconf 90' lang='lat' dir='ltr'><strong>et</strong></span> <span class='ocrx_word' id='word_1_555' title='bbox 687 4532 764 4588; x_wconf 91' lang='lat' dir='ltr'><strong>illi</strong></span> <span class='ocrx_word' id='word_1_556' title='bbox 794 4548 899 4589; x_wconf 91' lang='lat' dir='ltr'><strong>non</strong></span> <span class='ocrx_word' id='word_1_557' title='bbox 929 4532 1375 4589; x_wconf 82' lang='lat' dir='ltr'><strong>inlirmabantur?</strong></span> <span class='ocrx_word' id='word_1_558' title='bbox 1400 4533 1522 4605; x_wconf 84' lang='lat' dir='ltr'><strong>quis</strong></span> <span class='ocrx_word' id='word_1_559' title='bbox 1544 4533 1877 4590; x_wconf 81' lang='lat' dir='ltr'><strong>scandaliza-</strong></span> 
     </span>
    </p>
   </div>
   <div class='ocr_carea' id='block_1_77' title="bbox 304 4577 1959 4687">
    <p class='ocr_par' dir='ltr' id='par_1_77' title="bbox 304 4577 1959 4687">
     <span class='ocr_line' id='line_1_77' title="bbox 304 4577 1959 4687; baseline 0.003 -10"><span class='ocrx_word' id='word_1_560' title='bbox 304 4622 477 4687; x_wconf 84' lang='lat' dir='ltr'><strong>batur,</strong></span> <span class='ocrx_word' id='word_1_561' title='bbox 497 4577 568 4676; x_wconf 48' lang='lat' dir='ltr'><strong>et,</strong></span> <span class='ocrx_word' id='word_1_562' title='bbox 587 4621 666 4677; x_wconf 89' lang='lat' dir='ltr'><strong>illi</strong></span> <span class='ocrx_word' id='word_1_563' title='bbox 691 4636 798 4677; x_wconf 90' lang='lat' dir='ltr'><strong>non</strong></span> <span class='ocrx_word' id='word_1_564' title='bbox 829 4623 1156 4679; x_wconf 76' lang='lat' dir='ltr'><strong>urebantur?</strong></span> <span class='ocrx_word' id='word_1_565' title='bbox 1183 4622 1289 4679; x_wconf 88' lang='lat' dir='ltr'><strong>Sed</strong></span> <span class='ocrx_word' id='word_1_566' title='bbox 1311 4637 1380 4678; x_wconf 91' lang='lat' dir='ltr'><strong>ne</strong></span> <span class='ocrx_word' id='word_1_567' title='bbox 1400 4577 1602 4679; x_wconf 67' lang='lat' dir='ltr'><strong>diutius</strong></span> <span class='ocrx_word' id='word_1_568' title='bbox 1628 4625 1879 4681; x_wconf 57' lang='lat' dir='ltr'><strong>immorb</strong></span> <span class='ocrx_word' id='word_1_569' title='bbox 1898 4577 1959 4644; x_wconf 67' lang='grc' dir='ltr'><strong>Β</strong></span> 
     </span>
    </p>
   </div>
   <div class='ocr_carea' id='block_1_78' title="bbox 307 4707 1920 4788">
    <p class='ocr_par' dir='ltr' id='par_1_78' title="bbox 307 4707 1920 4788">
     <span class='ocr_line' id='line_1_78' title="bbox 307 4707 1920 4788; baseline 0.003 -18"><span class='ocrx_word' id='word_1_570' title='bbox 307 4726 443 4780; x_wconf 88' lang='lat' dir='ltr'><strong>mur,</strong></span> <span class='ocrx_word' id='word_1_571' title='bbox 468 4714 648 4770; x_wconf 84' lang='lat' dir='ltr'><strong>verbis</strong></span> <span class='ocrx_word' id='word_1_572' title='bbox 673 4729 771 4769; x_wconf 89' lang='lat' dir='ltr'><strong>vos</strong></span> <span class='ocrx_word' id='word_1_573' title='bbox 802 4714 973 4770; x_wconf 91' lang='lat' dir='ltr'><strong>solum</strong></span> <span class='ocrx_word' id='word_1_574' title='bbox 997 4715 1108 4785; x_wconf 84' lang='lat' dir='ltr'><strong>jam</strong></span> <span class='ocrx_word' id='word_1_575' title='bbox 1145 4730 1287 4771; x_wconf 82' lang='lat' dir='ltr'><strong>nunc</strong></span> <span class='ocrx_word' id='word_1_576' title='bbox 1314 4716 1481 4788; x_wconf 76' lang='lat' dir='ltr'><strong>ipsius</strong></span> <span class='ocrx_word' id='word_1_577' title='bbox 1511 4716 1876 4788; x_wconf 81' lang='lat' dir='ltr'><strong>apostolorum</strong></span> <span class='ocrx_word' id='word_1_578' title='bbox 1911 4707 1920 4717; x_wconf 86' lang='grc'><em>’</em></span> 
     </span>
    </p>
   </div>
   <div class='ocr_carea' id='block_1_79' title="bbox 306 4805 1880 4882">
    <p class='ocr_par' dir='ltr' id='par_1_79' title="bbox 306 4805 1880 4882">
     <span class='ocr_line' id='line_1_79' title="bbox 306 4805 1880 4882; baseline 0.004 -21"><span class='ocrx_word' id='word_1_579' title='bbox 306 4805 560 4877; x_wconf 90' lang='lat' dir='ltr'><strong>principis</strong></span> <span class='ocrx_word' id='word_1_580' title='bbox 586 4807 877 4862; x_wconf 90' lang='lat' dir='ltr'><strong>convenire</strong></span> <span class='ocrx_word' id='word_1_581' title='bbox 916 4821 1189 4874; x_wconf 89' lang='lat' dir='ltr'><strong>curamus,</strong></span> <span class='ocrx_word' id='word_1_582' title='bbox 1215 4817 1270 4864; x_wconf 89' lang='lat' dir='ltr'><strong>et</strong></span> <span class='ocrx_word' id='word_1_583' title='bbox 1305 4810 1449 4882; x_wconf 87' lang='lat' dir='ltr'><strong>quod</strong></span> <span class='ocrx_word' id='word_1_584' title='bbox 1482 4809 1572 4865; x_wconf 87' lang='lat' dir='ltr'><strong>ille</strong></span> <span class='ocrx_word' id='word_1_585' title='bbox 1603 4812 1880 4882; x_wconf 70' lang='lat' dir='ltr'><strong>presbyte-</strong></span> 
     </span>
    </p>
   </div>
   <div class='ocr_carea' id='block_1_80' title="bbox 310 4900 1880 4976">
    <p class='ocr_par' dir='ltr' id='par_1_80' title="bbox 310 4900 1880 4976">
     <span class='ocr_line' id='line_1_80' title="bbox 310 4900 1880 4976; baseline 0.001 -19"><span class='ocrx_word' id='word_1_586' title='bbox 310 4915 394 4957; x_wconf 89' lang='lat' dir='ltr'><strong>ros</strong></span> <span class='ocrx_word' id='word_1_587' title='bbox 435 4900 712 4970; x_wconf 87' lang='lat' dir='ltr'><strong>alloquens</strong></span> <span class='ocrx_word' id='word_1_588' title='bbox 750 4910 1071 4971; x_wconf 87' lang='lat' dir='ltr'><strong>prosecutus</strong></span> <span class='ocrx_word' id='word_1_589' title='bbox 1114 4910 1216 4970; x_wconf 88' lang='lat' dir='ltr'><strong>est,</strong></span> <span class='ocrx_word' id='word_1_590' title='bbox 1257 4904 1324 4959; x_wconf 88' lang='lat' dir='ltr'><strong>ad</strong></span> <span class='ocrx_word' id='word_1_591' title='bbox 1365 4918 1461 4960; x_wconf 86' lang='lat' dir='ltr'><strong>vos</strong></span> <span class='ocrx_word' id='word_1_592' title='bbox 1496 4904 1668 4959; x_wconf 87' lang='lat' dir='ltr'><strong>multo</strong></span> <span class='ocrx_word' id='word_1_593' title='bbox 1704 4903 1880 4976; x_wconf 83' lang='lat' dir='ltr'><strong>magis</strong></span> 
     </span>
    </p>
   </div>
   <div class='ocr_carea' id='block_1_81' title="bbox 310 4991 1869 5067">
    <p class='ocr_par' dir='ltr' id='par_1_81' title="bbox 310 4991 1869 5067">
     <span class='ocr_line' id='line_1_81' title="bbox 310 4991 1869 5067; baseline 0.005 -22"><span class='ocrx_word' id='word_1_594' title='bbox 310 4992 572 5065; x_wconf 86' lang='lat' dir='ltr'><strong>pertinere</strong></span> <span class='ocrx_word' id='word_1_595' title='bbox 600 4991 866 5063; x_wconf 81' lang='lat' dir='ltr'><strong>colligite;</strong></span> <span class='ocrx_word' id='word_1_596' title='bbox 908 5001 963 5049; x_wconf 89' lang='lat' dir='ltr'><strong>et</strong></span> <span class='ocrx_word' id='word_1_597' title='bbox 999 4994 1157 5064; x_wconf 88' lang='lat' dir='ltr'><strong>quale</strong></span> <span class='ocrx_word' id='word_1_598' title='bbox 1184 4996 1385 5051; x_wconf 89' lang='lat' dir='ltr'><strong>malum</strong></span> <span class='ocrx_word' id='word_1_599' title='bbox 1415 4996 1490 5053; x_wconf 89' lang='lat' dir='ltr'><strong>sit</strong></span> <span class='ocrx_word' id='word_1_600' title='bbox 1523 4997 1869 5067; x_wconf 84' lang='lat' dir='ltr'><strong>adulterium,</strong></span> 
     </span>
    </p>
   </div>
   <div class='ocr_carea' id='block_1_82' title="bbox 313 5083 1881 5154">
    <p class='ocr_par' dir='ltr' id='par_1_82' title="bbox 313 5083 1881 5154">
     <span class='ocr_line' id='line_1_82' title="bbox 313 5083 1881 5154; baseline 0.004 -16"><span class='ocrx_word' id='word_1_601' title='bbox 313 5083 388 5139; x_wconf 87' lang='lat' dir='ltr'><strong>vel</strong></span> <span class='ocrx_word' id='word_1_602' title='bbox 422 5083 549 5154; x_wconf 87' lang='lat' dir='ltr'><strong>quid</strong></span> <span class='ocrx_word' id='word_1_603' title='bbox 590 5099 686 5139; x_wconf 85' lang='lat' dir='ltr'><strong>vos</strong></span> <span class='ocrx_word' id='word_1_604' title='bbox 728 5094 966 5150; x_wconf 87' lang='lat' dir='ltr'><strong>maneat,</strong></span> <span class='ocrx_word' id='word_1_605' title='bbox 991 5087 1037 5141; x_wconf 90' lang='lat' dir='ltr'><strong>si</strong></span> <span class='ocrx_word' id='word_1_606' title='bbox 1071 5087 1295 5143; x_wconf 87' lang='lat' dir='ltr'><strong>studiosi</strong></span> <span class='ocrx_word' id='word_1_607' title='bbox 1336 5088 1421 5144; x_wconf 91' lang='lat' dir='ltr'><strong>vel</strong></span> <span class='ocrx_word' id='word_1_608' title='bbox 1449 5089 1493 5144; x_wconf 92' lang='lat' dir='ltr'><strong>si</strong></span> <span class='ocrx_word' id='word_1_609' title='bbox 1525 5088 1737 5145; x_wconf 86' lang='lat' dir='ltr'><strong>desides</strong></span> <span class='ocrx_word' id='word_1_610' title='bbox 1765 5088 1881 5145; x_wconf 81' lang='lat' dir='ltr'><strong>fue-</strong></span> 
     </span>
    </p>
   </div>
   <div class='ocr_carea' id='block_1_83' title="bbox 315 5174 1883 5250">
    <p class='ocr_par' dir='ltr' id='par_1_83' title="bbox 315 5174 1883 5250">
     <span class='ocr_line' id='line_1_83' title="bbox 315 5174 1883 5250; baseline 0.004 -20"><span class='ocrx_word' id='word_1_611' title='bbox 315 5174 425 5230; x_wconf 89' lang='lat' dir='ltr'><strong>ritis</strong></span> <span class='ocrx_word' id='word_1_612' title='bbox 450 5174 678 5242; x_wconf 89' lang='lat' dir='ltr'><strong>inventi,</strong></span> <span class='ocrx_word' id='word_1_613' title='bbox 701 5188 768 5230; x_wconf 86' lang='lat' dir='ltr'><strong>ex</strong></span> <span class='ocrx_word' id='word_1_614' title='bbox 798 5190 1050 5233; x_wconf 88' lang='lat' dir='ltr'><strong>sermone</strong></span> <span class='ocrx_word' id='word_1_615' title='bbox 1088 5177 1249 5244; x_wconf 87' lang='lat' dir='ltr'><strong>illius,</strong></span> <span class='ocrx_word' id='word_1_616' title='bbox 1281 5179 1372 5249; x_wconf 90' lang='lat' dir='ltr'><strong>qui</strong></span> <span class='ocrx_word' id='word_1_617' title='bbox 1412 5194 1511 5250; x_wconf 88' lang='lat' dir='ltr'><strong>per</strong></span> <span class='ocrx_word' id='word_1_618' title='bbox 1545 5179 1604 5235; x_wconf 86' lang='lat' dir='ltr'><strong>B.</strong></span> <span class='ocrx_word' id='word_1_619' title='bbox 1635 5180 1883 5237; x_wconf 72' lang='lat' dir='ltr'><strong>Clemen-</strong></span> 
     </span>
    </p>
   </div>
   <div class='ocr_carea' id='block_1_84' title="bbox 317 5266 1885 5341">
    <p class='ocr_par' dir='ltr' id='par_1_84' title="bbox 317 5266 1885 5341">
     <span class='ocr_line' id='line_1_84' title="bbox 317 5266 1885 5341; baseline 0.002 -17"><span class='ocrx_word' id='word_1_620' title='bbox 317 5278 412 5325; x_wconf 85' lang='lat' dir='ltr'><strong>tem</strong></span> <span class='ocrx_word' id='word_1_621' title='bbox 441 5268 722 5334; x_wconf 87' lang='lat' dir='ltr'><strong>recitatur,</strong></span> <span class='ocrx_word' id='word_1_622' title='bbox 747 5266 1030 5335; x_wconf 88' lang='lat' dir='ltr'><strong>attendite,</strong></span> <span class='ocrx_word' id='word_1_623' title='bbox 1060 5269 1137 5324; x_wconf 88' lang='lat' dir='ltr'><strong>ait</strong></span> <span class='ocrx_word' id='word_1_624' title='bbox 1163 5270 1308 5325; x_wconf 89' lang='lat' dir='ltr'><strong>enim</strong></span> <span class='ocrx_word' id='word_1_625' title='bbox 1337 5285 1351 5325; x_wconf 91' lang='lat'><strong>:</strong></span> <span class='ocrx_word' id='word_1_626' title='bbox 1376 5270 1444 5325; x_wconf 86' lang='lat' dir='ltr'><strong>Et</strong></span> <span class='ocrx_word' id='word_1_627' title='bbox 1467 5271 1594 5341; x_wconf 87' lang='lat' dir='ltr'><strong>quid</strong></span> <span class='ocrx_word' id='word_1_628' title='bbox 1625 5272 1680 5326; x_wconf 89' lang='lat' dir='ltr'><strong>in</strong></span> <span class='ocrx_word' id='word_1_629' title='bbox 1707 5269 1885 5331; x_wconf 63' lang='lat' dir='ltr'><strong>omni-</strong></span> 
     </span>
    </p>
   </div>
   <div class='ocr_carea' id='block_1_85' title="bbox 314 5360 1884 5433">
    <p class='ocr_par' dir='ltr' id='par_1_85' title="bbox 314 5360 1884 5433">
     <span class='ocr_line' id='line_1_85' title="bbox 314 5360 1884 5433; baseline 0.004 -19"><span class='ocrx_word' id='word_1_630' title='bbox 314 5360 407 5416; x_wconf 85' lang='lat' dir='ltr'><strong>bus</strong></span> <span class='ocrx_word' id='word_1_631' title='bbox 462 5361 701 5431; x_wconf 87' lang='lat' dir='ltr'><strong>peccatis</strong></span> <span class='ocrx_word' id='word_1_632' title='bbox 764 5360 1031 5418; x_wconf 87' lang='lat' dir='ltr'><strong>adulterio</strong></span> <span class='ocrx_word' id='word_1_633' title='bbox 1080 5363 1334 5433; x_wconf 83' lang='lat' dir='ltr'><strong>gravius?</strong></span> <span class='ocrx_word' id='word_1_634' title='bbox 1382 5365 1676 5420; x_wconf 89' lang='lat' dir='ltr'><strong>secundum</strong></span> <span class='ocrx_word' id='word_1_635' title='bbox 1732 5380 1884 5421; x_wconf 89' lang='lat' dir='ltr'><strong>nam-</strong></span> 
     </span>
    </p>
   </div>
   <div class='ocr_carea' id='block_1_86' title="bbox 317 5454 1886 5531">
    <p class='ocr_par' dir='ltr' id='par_1_86' title="bbox 317 5454 1886 5531">
     <span class='ocr_line' id='line_1_86' title="bbox 317 5454 1886 5531; baseline 0.006 -24"><span class='ocrx_word' id='word_1_636' title='bbox 317 5467 424 5523; x_wconf 79' lang='lat' dir='ltr'><strong>que</strong></span> <span class='ocrx_word' id='word_1_637' title='bbox 455 5454 508 5508; x_wconf 88' lang='lat' dir='ltr'><strong>in</strong></span> <span class='ocrx_word' id='word_1_638' title='bbox 549 5456 724 5525; x_wconf 77' lang='lat' dir='ltr'><strong>pomis</strong></span> <span class='ocrx_word' id='word_1_639' title='bbox 763 5454 972 5510; x_wconf 89' lang='lat' dir='ltr'><strong>obtinet</strong></span> <span class='ocrx_word' id='word_1_640' title='bbox 996 5455 1172 5511; x_wconf 91' lang='lat' dir='ltr'><strong>locum</strong></span> <span class='ocrx_word' id='word_1_641' title='bbox 1203 5475 1215 5511; x_wconf 91' lang='lat'><strong>:</strong></span> <span class='ocrx_word' id='word_1_642' title='bbox 1243 5458 1496 5528; x_wconf 90' lang='lat' dir='ltr'><strong>quoniam</strong></span> <span class='ocrx_word' id='word_1_643' title='bbox 1526 5460 1739 5528; x_wconf 88' lang='lat' dir='ltr'><strong>quidem</strong></span> <span class='ocrx_word' id='word_1_644' title='bbox 1768 5459 1886 5531; x_wconf 87' lang='lat' dir='ltr'><strong>pri-</strong></span> 
     </span>
    </p>
   </div>
   <div class='ocr_carea' id='block_1_87' title="bbox 319 5547 1887 5620">
    <p class='ocr_par' dir='ltr' id='par_1_87' title="bbox 319 5547 1887 5620">
     <span class='ocr_line' id='line_1_87' title="bbox 319 5547 1887 5620; baseline 0.006 -20"><span class='ocrx_word' id='word_1_645' title='bbox 319 5562 455 5601; x_wconf 87' lang='lat' dir='ltr'><strong>mum</strong></span> <span class='ocrx_word' id='word_1_646' title='bbox 485 5547 683 5603; x_wconf 86' lang='lat' dir='ltr'><strong>habent</strong></span> <span class='ocrx_word' id='word_1_647' title='bbox 715 5548 788 5604; x_wconf 93' lang='lat' dir='ltr'><strong>illi</strong></span> <span class='ocrx_word' id='word_1_648' title='bbox 822 5550 913 5620; x_wconf 91' lang='lat' dir='ltr'><strong>qui</strong></span> <span class='ocrx_word' id='word_1_649' title='bbox 943 5550 1198 5605; x_wconf 89' lang='lat' dir='ltr'><strong>aberrant</strong></span> <span class='ocrx_word' id='word_1_650' title='bbox 1235 5565 1264 5604; x_wconf 89' lang='lat' dir='ltr'><strong>a</strong></span> <span class='ocrx_word' id='word_1_651' title='bbox 1300 5552 1430 5613; x_wconf 86' lang='lat' dir='ltr'><strong>Deo,</strong></span> <span class='ocrx_word' id='word_1_652' title='bbox 1459 5553 1670 5607; x_wconf 88' lang='lat' dir='ltr'><strong>etiamsi</strong></span> <span class='ocrx_word' id='word_1_653' title='bbox 1707 5553 1887 5610; x_wconf 86' lang='lat' dir='ltr'><strong>sobrie</strong></span> 
     </span>
    </p>
   </div>
   <div class='ocr_carea' id='block_1_88' title="bbox 228 5638 1886 5715">
    <p class='ocr_par' dir='ltr' id='par_1_88' title="bbox 228 5638 1886 5715">
     <span class='ocr_line' id='line_1_88' title="bbox 228 5638 1886 5715; baseline 0.005 -24"><span class='ocrx_word' id='word_1_654' title='bbox 228 5680 247 5700; x_wconf 85' lang='lat'><strong>.</strong></span> <span class='ocrx_word' id='word_1_655' title='bbox 320 5638 563 5693; x_wconf 73' lang='lat' dir='ltr'><strong>vixerint.</strong></span> <span class='ocrx_word' id='word_1_656' title='bbox 594 5640 820 5712; x_wconf 79' lang='lat' dir='ltr'><strong>I’mpter</strong></span> <span class='ocrx_word' id='word_1_657' title='bbox 844 5645 985 5713; x_wconf 89' lang='lat' dir='ltr'><strong>quod</strong></span> <span class='ocrx_word' id='word_1_658' title='bbox 1014 5658 1128 5707; x_wconf 89' lang='lat' dir='ltr'><strong>vos,</strong></span> <span class='ocrx_word' id='word_1_659' title='bbox 1161 5658 1195 5698; x_wconf 92' lang='grc' dir='ltr'><strong>ο</strong></span> <span class='ocrx_word' id='word_1_660' title='bbox 1222 5643 1548 5715; x_wconf 85' lang='lat' dir='ltr'><strong>presbyteri,</strong></span> <span class='ocrx_word' id='word_1_661' title='bbox 1589 5644 1886 5700; x_wconf 87' lang='lat' dir='ltr'><strong>Ecclesiam</strong></span> 
     </span>
    </p>
   </div>
   <div class='ocr_carea' id='block_1_89' title="bbox 322 5730 1883 5808">
    <p class='ocr_par' dir='ltr' id='par_1_89' title="bbox 322 5730 1883 5808">
     <span class='ocr_line' id='line_1_89' title="bbox 322 5730 1883 5808; baseline 0.004 -21"><span class='ocrx_word' id='word_1_662' title='bbox 322 5730 560 5799; x_wconf 83' lang='lat' dir='ltr'><strong>cxcolite,</strong></span> <span class='ocrx_word' id='word_1_663' title='bbox 590 5742 646 5790; x_wconf 92' lang='lat' dir='ltr'><strong>et</strong></span> <span class='ocrx_word' id='word_1_664' title='bbox 675 5735 930 5791; x_wconf 86' lang='lat' dir='ltr'><strong>adornate</strong></span> <span class='ocrx_word' id='word_1_665' title='bbox 956 5750 1209 5808; x_wconf 88' lang='lat' dir='ltr'><strong>sponsam</strong></span> <span class='ocrx_word' id='word_1_666' title='bbox 1236 5734 1437 5791; x_wconf 86' lang='lat' dir='ltr'><strong>Christi</strong></span> <span class='ocrx_word' id='word_1_667' title='bbox 1461 5738 1525 5791; x_wconf 91' lang='lat' dir='ltr'><strong>ad</strong></span> <span class='ocrx_word' id='word_1_668' title='bbox 1548 5737 1883 5806; x_wconf 84' lang='lat' dir='ltr'><strong>pudicitiam.</strong></span> 
     </span>
    </p>
   </div>
   <div class='ocr_carea' id='block_1_90' title="bbox 323 5821 1930 5921">
    <p class='ocr_par' dir='ltr' id='par_1_90' title="bbox 323 5821 1930 5921">
     <span class='ocr_line' id='line_1_90' title="bbox 323 5821 1930 5921; baseline 0.004 -38"><span class='ocrx_word' id='word_1_669' title='bbox 323 5821 576 5897; x_wconf 80' lang='lat' dir='ltr'><strong>Sponsam</strong></span> <span class='ocrx_word' id='word_1_670' title='bbox 612 5834 791 5885; x_wconf 80' lang='lat' dir='ltr'><strong>autem</strong></span> <span class='ocrx_word' id='word_1_671' title='bbox 830 5827 951 5887; x_wconf 89' lang='lat' dir='ltr'><strong>dico</strong></span> <span class='ocrx_word' id='word_1_672' title='bbox 990 5844 1207 5888; x_wconf 88' lang='lat' dir='ltr'><strong>omnem</strong></span> <span class='ocrx_word' id='word_1_673' title='bbox 1232 5829 1489 5907; x_wconf 77' lang='lat' dir='ltr'><strong>Ecclesiae</strong></span> <span class='ocrx_word' id='word_1_674' title='bbox 1516 5828 1719 5888; x_wconf 83' lang='lat' dir='ltr'><strong>Christi</strong></span> <span class='ocrx_word' id='word_1_675' title='bbox 1757 5847 1930 5921; x_wconf 64' lang='lat' dir='ltr'><strong>con-~</strong></span> 
     </span>
    </p>
   </div>
   <div class='ocr_carea' id='block_1_91' title="bbox 1964 3336 3552 3411">
    <p class='ocr_par' dir='ltr' id='par_1_91' title="bbox 1964 3336 3552 3411">
     <span class='ocr_line' id='line_1_91' title="bbox 1964 3336 3552 3411; baseline 0 -19"><span class='ocrx_word' id='word_1_676' title='bbox 1964 3337 2116 3404; x_wconf 81' lang='lat' dir='ltr'><strong>licet,</strong></span> <span class='ocrx_word' id='word_1_677' title='bbox 2140 3340 2440 3394; x_wconf 83' lang='lat' dir='ltr'><strong>secundum</strong></span> <span class='ocrx_word' id='word_1_678' title='bbox 2470 3339 2807 3411; x_wconf 80' lang='lat' dir='ltr'><strong>Apostolum,</strong></span> <span class='ocrx_word' id='word_1_679' title='bbox 2830 3339 3091 3394; x_wconf 80' lang='lat' dir='ltr'><strong>habentes</strong></span> <span class='ocrx_word' id='word_1_680' title='bbox 3116 3352 3330 3393; x_wconf 90' lang='lat' dir='ltr'><strong>omnem</strong></span> <span class='ocrx_word' id='word_1_681' title='bbox 3364 3336 3552 3392; x_wconf 87' lang='lat' dir='ltr'><strong>ulcisci</strong></span> 
     </span>
    </p>
   </div>
   <div class='ocr_carea' id='block_1_92' title="bbox 1965 3426 3555 3500">
    <p class='ocr_par' dir='ltr' id='par_1_92' title="bbox 1965 3426 3555 3500">
     <span class='ocr_line' id='line_1_92' title="bbox 1965 3426 3555 3500; baseline -0.002 -17"><span class='ocrx_word' id='word_1_682' title='bbox 1965 3429 2388 3485; x_wconf 80' lang='lat' dir='ltr'><strong>inohedientiam</strong></span> <span class='ocrx_word' id='word_1_683' title='bbox 2431 3428 2511 3498; x_wconf 88' lang='lat' dir='ltr'><strong>(II</strong></span> <span class='ocrx_word' id='word_1_684' title='bbox 2552 3426 2674 3483; x_wconf 87' lang='lat' dir='ltr'><strong>Cor.</strong></span> <span class='ocrx_word' id='word_1_685' title='bbox 2705 3428 2784 3500; x_wconf 82' lang='lat' dir='ltr'><strong>x).</strong></span> <span class='ocrx_word' id='word_1_686' title='bbox 2821 3427 2965 3483; x_wconf 82' lang='lat' dir='ltr'><strong>Sane</strong></span> <span class='ocrx_word' id='word_1_687' title='bbox 2994 3428 3081 3483; x_wconf 87' lang='lat' dir='ltr'><strong>cui</strong></span> <span class='ocrx_word' id='word_1_688' title='bbox 3110 3442 3393 3496; x_wconf 83' lang='lat' dir='ltr'><strong>personam</strong></span> <span class='ocrx_word' id='word_1_689' title='bbox 3428 3427 3555 3481; x_wconf 82' lang='lat' dir='ltr'><strong>diri-</strong></span> 
     </span>
    </p>
   </div>
   <div class='ocr_carea' id='block_1_93' title="bbox 1968 3508 3593 3592">
    <p class='ocr_par' dir='ltr' id='par_1_93' title="bbox 1968 3508 3593 3592">
     <span class='ocr_line' id='line_1_93' title="bbox 1968 3508 3593 3592; baseline -0.004 -15"><span class='ocrx_word' id='word_1_690' title='bbox 1968 3522 2128 3592; x_wconf 74' lang='lat' dir='ltr'><strong>gaudi</strong></span> <span class='ocrx_word' id='word_1_691' title='bbox 2173 3522 2319 3575; x_wconf 86' lang='lat' dir='ltr'><strong>nulla</strong></span> <span class='ocrx_word' id='word_1_692' title='bbox 2357 3521 2581 3575; x_wconf 86' lang='lat' dir='ltr'><strong>facultas</strong></span> <span class='ocrx_word' id='word_1_693' title='bbox 2606 3521 2933 3591; x_wconf 83' lang='lat' dir='ltr'><strong>suppeditat.</strong></span> <span class='ocrx_word' id='word_1_694' title='bbox 2960 3519 3146 3574; x_wconf 84' lang='lat' dir='ltr'><strong>saltem</strong></span> <span class='ocrx_word' id='word_1_695' title='bbox 3173 3520 3374 3588; x_wconf 80' lang='lat' dir='ltr'><strong>scripta</strong></span> <span class='ocrx_word' id='word_1_696' title='bbox 3400 3533 3553 3573; x_wconf 82' lang='lat' dir='ltr'><strong>eam-</strong></span> <span class='ocrx_word' id='word_1_697' title='bbox 3590 3508 3593 3519; x_wconf 48' lang='grc'><em>³</em></span> 
     </span>
    </p>
   </div>
   <div class='ocr_carea' id='block_1_94' title="bbox 1967 3610 3557 3681">
    <p class='ocr_par' dir='ltr' id='par_1_94' title="bbox 1967 3610 3557 3681">
     <span class='ocr_line' id='line_1_94' title="bbox 1967 3610 3557 3681; baseline 0.001 -15"><span class='ocrx_word' id='word_1_698' title='bbox 1967 3611 2090 3666; x_wconf 86' lang='lat' dir='ltr'><strong>dem</strong></span> <span class='ocrx_word' id='word_1_699' title='bbox 2136 3610 2426 3666; x_wconf 76' lang='lat' dir='ltr'><strong>indicantia</strong></span> <span class='ocrx_word' id='word_1_700' title='bbox 2467 3612 2684 3667; x_wconf 83' lang='lat' dir='ltr'><strong>mittere</strong></span> <span class='ocrx_word' id='word_1_701' title='bbox 2724 3612 2944 3666; x_wconf 85' lang='lat' dir='ltr'><strong>minime</strong></span> <span class='ocrx_word' id='word_1_702' title='bbox 2972 3611 3341 3681; x_wconf 83' lang='lat' dir='ltr'><strong>parvipendat.</strong></span> <span class='ocrx_word' id='word_1_703' title='bbox 3376 3612 3421 3664; x_wconf 82' lang='lat' dir='ltr'><strong>A</strong></span> <span class='ocrx_word' id='word_1_704' title='bbox 3445 3627 3557 3680; x_wconf 77' lang='lat' dir='ltr'><strong>qua.</strong></span> 
     </span>
    </p>
   </div>
   <div class='ocr_carea' id='block_1_95' title="bbox 1970 3704 3560 3775">
    <p class='ocr_par' dir='ltr' id='par_1_95' title="bbox 1970 3704 3560 3775">
     <span class='ocr_line' id='line_1_95' title="bbox 1970 3704 3560 3775; baseline -0.001 -16"><span class='ocrx_word' id='word_1_705' title='bbox 1970 3704 2307 3775; x_wconf 79' lang='lat' dir='ltr'><strong>indulgentia</strong></span> <span class='ocrx_word' id='word_1_706' title='bbox 2358 3705 2765 3760; x_wconf 80' lang='lat' dir='ltr'><strong>Viridunensem</strong></span> <span class='ocrx_word' id='word_1_707' title='bbox 2821 3705 3116 3760; x_wconf 80' lang='lat' dir='ltr'><strong>antistitem</strong></span> <span class='ocrx_word' id='word_1_708' title='bbox 3160 3719 3265 3758; x_wconf 89' lang='lat' dir='ltr'><strong>non</strong></span> <span class='ocrx_word' id='word_1_709' title='bbox 3307 3704 3560 3758; x_wconf 84' lang='lat' dir='ltr'><strong>inconve-</strong></span> 
     </span>
    </p>
   </div>
   <div class='ocr_carea' id='block_1_96' title="bbox 1972 3797 3554 3869">
    <p class='ocr_par' dir='ltr' id='par_1_96' title="bbox 1972 3797 3554 3869">
     <span class='ocr_line' id='line_1_96' title="bbox 1972 3797 3554 3869; baseline -0.001 -16"><span class='ocrx_word' id='word_1_710' title='bbox 1972 3799 2189 3854; x_wconf 87' lang='lat' dir='ltr'><strong>nienter</strong></span> <span class='ocrx_word' id='word_1_711' title='bbox 2220 3798 2518 3869; x_wconf 78' lang='lat' dir='ltr'><strong>excipimus</strong></span> <span class='ocrx_word' id='word_1_712' title='bbox 2550 3812 2751 3869; x_wconf 88' lang='lat' dir='ltr'><strong>:quem</strong></span> <span class='ocrx_word' id='word_1_713' title='bbox 2799 3797 3021 3852; x_wconf 89' lang='lat' dir='ltr'><strong>omnino</strong></span> <span class='ocrx_word' id='word_1_714' title='bbox 3059 3797 3400 3868; x_wconf 76' lang='lat' dir='ltr'><strong>praecipimus</strong></span> <span class='ocrx_word' id='word_1_715' title='bbox 3444 3811 3554 3851; x_wconf 87' lang='lat' dir='ltr'><strong>non</strong></span> 
     </span>
    </p>
   </div>
   <div class='ocr_carea' id='block_1_97' title="bbox 1971 3887 3558 3960">
    <p class='ocr_par' dir='ltr' id='par_1_97' title="bbox 1971 3887 3558 3960">
     <span class='ocr_line' id='line_1_97' title="bbox 1971 3887 3558 3960; baseline -0.002 -14"><span class='ocrx_word' id='word_1_716' title='bbox 1971 3890 2150 3946; x_wconf 78' lang='lat' dir='ltr'><strong>solum</strong></span> <span class='ocrx_word' id='word_1_717' title='bbox 2180 3890 2392 3946; x_wconf 83' lang='lat' dir='ltr'><strong>litteras</strong></span> <span class='ocrx_word' id='word_1_718' title='bbox 2420 3891 2487 3946; x_wconf 89' lang='lat' dir='ltr'><strong>ad</strong></span> <span class='ocrx_word' id='word_1_719' title='bbox 2515 3904 2633 3957; x_wconf 87' lang='lat' dir='ltr'><strong>nos,</strong></span> <span class='ocrx_word' id='word_1_720' title='bbox 2657 3904 2844 3945; x_wconf 86' lang='lat' dir='ltr'><strong>verum</strong></span> <span class='ocrx_word' id='word_1_721' title='bbox 2869 3898 2922 3945; x_wconf 94' lang='lat' dir='ltr'><strong>et</strong></span> <span class='ocrx_word' id='word_1_722' title='bbox 2941 3903 3225 3960; x_wconf 85' lang='lat' dir='ltr'><strong>personam</strong></span> <span class='ocrx_word' id='word_1_723' title='bbox 3247 3889 3314 3943; x_wconf 90' lang='lat' dir='ltr'><strong>de</strong></span> <span class='ocrx_word' id='word_1_724' title='bbox 3341 3887 3558 3959; x_wconf 89' lang='lat' dir='ltr'><strong>proprio</strong></span> 
     </span>
    </p>
   </div>
   <div class='ocr_carea' id='block_1_98' title="bbox 1974 3981 3556 4054">
    <p class='ocr_par' dir='ltr' id='par_1_98' title="bbox 1974 3981 3556 4054">
     <span class='ocr_line' id='line_1_98' title="bbox 1974 3981 3556 4054; baseline -0.004 -14"><span class='ocrx_word' id='word_1_725' title='bbox 1974 3984 2122 4040; x_wconf 84' lang='lat' dir='ltr'><strong>clero</strong></span> <span class='ocrx_word' id='word_1_726' title='bbox 2152 3984 2387 4050; x_wconf 76' lang='lat' dir='ltr'><strong>mittere,</strong></span> <span class='ocrx_word' id='word_1_727' title='bbox 2425 3984 2543 4039; x_wconf 87' lang='lat' dir='ltr'><strong>sine</strong></span> <span class='ocrx_word' id='word_1_728' title='bbox 2588 3983 2829 4054; x_wconf 87' lang='lat' dir='ltr'><strong>qualibet</strong></span> <span class='ocrx_word' id='word_1_729' title='bbox 2862 3996 3013 4038; x_wconf 90' lang='lat' dir='ltr'><strong>mora</strong></span> <span class='ocrx_word' id='word_1_730' title='bbox 3049 3982 3134 4036; x_wconf 88' lang='lat' dir='ltr'><strong>vel</strong></span> <span class='ocrx_word' id='word_1_731' title='bbox 3179 3981 3556 4047; x_wconf 81' lang='lat' dir='ltr'><strong>excusatione,</strong></span> 
     </span>
    </p>
   </div>
   <div class='ocr_carea' id='block_1_99' title="bbox 1972 4073 3556 4147">
    <p class='ocr_par' dir='ltr' id='par_1_99' title="bbox 1972 4073 3556 4147">
     <span class='ocr_line' id='line_1_99' title="bbox 1972 4073 3556 4147; baseline -0.002 -17"><span class='ocrx_word' id='word_1_732' title='bbox 1972 4088 2196 4147; x_wconf 83' lang='lat' dir='ltr'><strong>prorsus</strong></span> <span class='ocrx_word' id='word_1_733' title='bbox 2255 4076 2523 4131; x_wconf 86' lang='lat' dir='ltr'><strong>idoneam.</strong></span> <span class='ocrx_word' id='word_1_734' title='bbox 2589 4075 2849 4145; x_wconf 86' lang='lat' dir='ltr'><strong>Optamus</strong></span> <span class='ocrx_word' id='word_1_735' title='bbox 2912 4073 3252 4129; x_wconf 79' lang='lat' dir='ltr'><strong>sanctitatem</strong></span> <span class='ocrx_word' id='word_1_736' title='bbox 3316 4082 3556 4127; x_wconf 84' lang='lat' dir='ltr'><strong>vestram</strong></span> 
     </span>
    </p>
   </div>
   <div class='ocr_carea' id='block_1_100' title="bbox 1974 4162 3558 4237">
    <p class='ocr_par' dir='ltr' id='par_1_100' title="bbox 1974 4162 3558 4237">
     <span class='ocr_line' id='line_1_100' title="bbox 1974 4162 3558 4237; baseline -0.003 -16"><span class='ocrx_word' id='word_1_737' title='bbox 1974 4180 2121 4221; x_wconf 89' lang='lat' dir='ltr'><strong>nunc</strong></span> <span class='ocrx_word' id='word_1_738' title='bbox 2161 4175 2217 4221; x_wconf 88' lang='lat' dir='ltr'><strong>et</strong></span> <span class='ocrx_word' id='word_1_739' title='bbox 2257 4178 2470 4237; x_wconf 76' lang='lat' dir='ltr'><strong>seraper</strong></span> <span class='ocrx_word' id='word_1_740' title='bbox 2510 4163 2564 4219; x_wconf 86' lang='lat' dir='ltr'><strong>in</strong></span> <span class='ocrx_word' id='word_1_741' title='bbox 2614 4165 2828 4220; x_wconf 83' lang='lat' dir='ltr'><strong>Christo</strong></span> <span class='ocrx_word' id='word_1_742' title='bbox 2876 4163 3014 4219; x_wconf 86' lang='lat' dir='ltr'><strong>bene</strong></span> <span class='ocrx_word' id='word_1_743' title='bbox 3056 4164 3257 4220; x_wconf 86' lang='lat' dir='ltr'><strong>valere.</strong></span> <span class='ocrx_word' id='word_1_744' title='bbox 3291 4162 3424 4218; x_wconf 87' lang='lat' dir='ltr'><strong>Data</strong></span> <span class='ocrx_word' id='word_1_745' title='bbox 3457 4172 3558 4217; x_wconf 83' lang='lat' dir='ltr'><strong>vnt</strong></span> 
     </span>
    </p>
   </div>
   <div class='ocr_carea' id='block_1_101' title="bbox 1976 4256 3055 4326">
    <p class='ocr_par' dir='ltr' id='par_1_101' title="bbox 1976 4256 3055 4326">
     <span class='ocr_line' id='line_1_101' title="bbox 1976 4256 3055 4326; baseline -0.005 -11"><span class='ocrx_word' id='word_1_746' title='bbox 1976 4257 2246 4315; x_wconf 75' lang='lat' dir='ltr'><strong>Kalendas</strong></span> <span class='ocrx_word' id='word_1_747' title='bbox 2274 4257 2616 4326; x_wconf 79' lang='lat' dir='ltr'><strong>Februarias,</strong></span> <span class='ocrx_word' id='word_1_748' title='bbox 2650 4256 2943 4312; x_wconf 85' lang='lat' dir='ltr'><strong>indictione</strong></span> <span class='ocrx_word' id='word_1_749' title='bbox 2966 4268 3055 4311; x_wconf 78' lang='lat' dir='ltr'><strong>xv.</strong></span> 
     </span>
    </p>
   </div>
   <div class='ocr_carea' id='block_1_102' title="bbox 2640 4368 2909 4426">
    <p class='ocr_par' dir='ltr' id='par_1_102' title="bbox 2640 4368 2909 4426">
     <span class='ocr_line' id='line_1_102' title="bbox 2640 4368 2909 4426; baseline -0.007 -1"><span class='ocrx_word' id='word_1_750' title='bbox 2640 4368 2909 4426; x_wconf 73' lang='lat' dir='ltr'><strong>CXLVIII.</strong></span> 
     </span>
    </p>
   </div>
   <div class='ocr_carea' id='block_1_103' title="bbox 2351 4472 3177 4520">
    <p class='ocr_par' dir='ltr' id='par_1_103' title="bbox 2351 4472 3177 4520">
     <span class='ocr_line' id='line_1_103' title="bbox 2351 4472 3177 4520; baseline 0.002 -2"><span class='ocrx_word' id='word_1_751' title='bbox 2351 4472 2420 4518; x_wconf 76' lang='lat' dir='ltr'><strong>AD</strong></span> <span class='ocrx_word' id='word_1_752' title='bbox 2453 4472 2699 4519; x_wconf 67' lang='lat' dir='ltr'><strong>CAROLUII</strong></span> <span class='ocrx_word' id='word_1_753' title='bbox 2738 4476 2947 4518; x_wconf 71' lang='lat' dir='ltr'><strong>CALVUII</strong></span> <span class='ocrx_word' id='word_1_754' title='bbox 2984 4476 3177 4520; x_wconf 58' lang='lat' dir='ltr'><strong>REGEH.</strong></span> 
     </span>
    </p>
   </div>
   <div class='ocr_carea' id='block_1_104' title="bbox 2603 4578 2956 4651">
    <p class='ocr_par' dir='ltr' id='par_1_104' title="bbox 2603 4578 2956 4651">
     <span class='ocr_line' id='line_1_104' title="bbox 2603 4578 2956 4651; baseline 0 -17"><span class='ocrx_word' id='word_1_755' title='bbox 2603 4578 2778 4651; x_wconf 67' lang='lat' dir='ltr'><strong>(Anno</strong></span> <span class='ocrx_word' id='word_1_756' title='bbox 2807 4579 2956 4651; x_wconf 87' lang='lat'><strong>867.)</strong></span> 
     </span>
    </p>
   </div>
   <div class='ocr_carea' id='block_1_105' title="bbox 1984 4690 3559 4763">
    <p class='ocr_par' dir='ltr' id='par_1_105' title="bbox 1984 4690 3559 4763">
     <span class='ocr_line' id='line_1_105' title="bbox 1984 4690 3559 4763; baseline -0.003 -16"><span class='ocrx_word' id='word_1_757' title='bbox 1984 4691 2140 4762; x_wconf 69' lang='lat' dir='ltr'><strong>Quod</strong></span> <span class='ocrx_word' id='word_1_758' title='bbox 2169 4690 2503 4763; x_wconf 72' lang='lat' dir='ltr'><strong>Theutbergte</strong></span> <span class='ocrx_word' id='word_1_759' title='bbox 2534 4690 2799 4762; x_wconf 79' lang='lat' dir='ltr'><strong>judicium</strong></span> <span class='ocrx_word' id='word_1_760' title='bbox 2837 4690 3129 4763; x_wconf 64' lang='lat' dir='ltr'><strong>Lotltorius</strong></span> <span class='ocrx_word' id='word_1_761' title='bbox 3152 4696 3457 4763; x_wconf 54' lang='lat' dir='ltr'><strong>retractare,</strong></span> <span class='ocrx_word' id='word_1_762' title='bbox 3494 4703 3559 4743; x_wconf 85' lang='lat' dir='ltr'><strong>ac</strong></span> 
     </span>
    </p>
   </div>
   <div class='ocr_carea' id='block_1_106' title="bbox 2051 4756 3557 4836">
    <p class='ocr_par' dir='ltr' id='par_1_106' title="bbox 2051 4756 3557 4836">
     <span class='ocr_line' id='line_1_106' title="bbox 2051 4756 3557 4836; baseline -0.004 -18"><span class='ocrx_word' id='word_1_763' title='bbox 2051 4782 2143 4836; x_wconf 76' lang='lat' dir='ltr'><strong>per</strong></span> <span class='ocrx_word' id='word_1_764' title='bbox 2172 4756 2587 4836; x_wconf 57' lang='lat' dir='ltr'><strong>monomailtiain</strong></span> <span class='ocrx_word' id='word_1_765' title='bbox 2612 4764 2885 4836; x_wconf 70' lang='lat' dir='ltr'><strong>decernere</strong></span> <span class='ocrx_word' id='word_1_766' title='bbox 2915 4759 3041 4836; x_wconf 69' lang='lat' dir='ltr'><strong>eelle</strong></span> <span class='ocrx_word' id='word_1_767' title='bbox 3076 4761 3298 4813; x_wconf 77' lang='lat' dir='ltr'><strong>dicatur.</strong></span> <span class='ocrx_word' id='word_1_768' title='bbox 3326 4756 3461 4836; x_wconf 71' lang='lat' dir='ltr'><strong>Petit</strong></span> <span class='ocrx_word' id='word_1_769' title='bbox 3486 4767 3557 4836; x_wconf 36' lang='lat' dir='ltr'><strong>‘ut</strong></span> 
     </span>
    </p>
   </div>
   <div class='ocr_carea' id='block_1_107' title="bbox 2055 4829 3558 4905">
    <p class='ocr_par' dir='ltr' id='par_1_107' title="bbox 2055 4829 3558 4905">
     <span class='ocr_line' id='line_1_107' title="bbox 2055 4829 3558 4905; baseline -0.003 -17"><span class='ocrx_word' id='word_1_770' title='bbox 2055 4829 2203 4890; x_wconf 67' lang='lat' dir='ltr'><strong>illam</strong></span> <span class='ocrx_word' id='word_1_771' title='bbox 2229 4835 2283 4888; x_wconf 79' lang='lat' dir='ltr'><strong>in</strong></span> <span class='ocrx_word' id='word_1_772' title='bbox 2322 4849 2534 4905; x_wconf 73' lang='lat' dir='ltr'><strong>regnum</strong></span> <span class='ocrx_word' id='word_1_773' title='bbox 2567 4848 2721 4905; x_wconf 72' lang='lat' dir='ltr'><strong>suum</strong></span> <span class='ocrx_word' id='word_1_774' title='bbox 2768 4832 2980 4905; x_wconf 68' lang='lat' dir='ltr'><strong>recipiat</strong></span> <span class='ocrx_word' id='word_1_775' title='bbox 3014 4847 3034 4885; x_wconf 91' lang='lat'><strong><em>:</em></strong></span> <span class='ocrx_word' id='word_1_776' title='bbox 3064 4838 3171 4905; x_wconf 70' lang='lat' dir='ltr'><strong>tum</strong></span> <span class='ocrx_word' id='word_1_777' title='bbox 3215 4838 3270 4883; x_wconf 88' lang='lat' dir='ltr'><strong>ut</strong></span> <span class='ocrx_word' id='word_1_778' title='bbox 3313 4829 3558 4905; x_wconf 66' lang='lat' dir='ltr'><strong>epistolas</strong></span> 
     </span>
    </p>
   </div>
   <div class='ocr_carea' id='block_1_108' title="bbox 2054 4900 3559 4976">
    <p class='ocr_par' dir='ltr' id='par_1_108' title="bbox 2054 4900 3559 4976">
     <span class='ocr_line' id='line_1_108' title="bbox 2054 4900 3559 4976; baseline -0.003 -17"><span class='ocrx_word' id='word_1_779' title='bbox 2054 4907 2271 4975; x_wconf 83' lang='lat' dir='ltr'><strong>dirigat,</strong></span> <span class='ocrx_word' id='word_1_780' title='bbox 2314 4900 2449 4976; x_wconf 61' lang='lat' dir='ltr'><strong>quos</strong></span> <span class='ocrx_word' id='word_1_781' title='bbox 2496 4902 2751 4958; x_wconf 82' lang='lat' dir='ltr'><strong>Lotltario</strong></span> <span class='ocrx_word' id='word_1_782' title='bbox 2797 4900 2965 4956; x_wconf 76' lang='lat' dir='ltr'><strong>eidem</strong></span> <span class='ocrx_word' id='word_1_783' title='bbox 2988 4942 3003 4969; x_wconf 90' lang='lat'><strong>,</strong></span> <span class='ocrx_word' id='word_1_784' title='bbox 3045 4900 3258 4971; x_wconf 73' lang='lat' dir='ltr'><strong>ejusque</strong></span> <span class='ocrx_word' id='word_1_785' title='bbox 3305 4901 3559 4972; x_wconf 73' lang='lat' dir='ltr'><strong>episcopis</strong></span> 
     </span>
    </p>
   </div>
   <div class='ocr_carea' id='block_1_109' title="bbox 2052 4978 3334 5033">
    <p class='ocr_par' dir='ltr' id='par_1_109' title="bbox 2052 4978 3334 5033">
     <span class='ocr_line' id='line_1_109' title="bbox 2052 4978 3334 5033; baseline 0 0"><span class='ocrx_word' id='word_1_786' title='bbox 2052 4978 2255 5033; x_wconf 74' lang='lat' dir='ltr'><strong>scribit.</strong></span> <span class='ocrx_word' id='word_1_787' title='bbox 3328 5027 3334 5033; x_wconf 86' lang='lat'><strong>.</strong></span> 
     </span>
    </p>
   </div>
   <div class='ocr_carea' id='block_1_110' title="bbox 2058 5084 3562 5159">
    <p class='ocr_par' dir='ltr' id='par_1_110' title="bbox 2058 5084 3562 5159">
     <span class='ocr_line' id='line_1_110' title="bbox 2058 5084 3562 5159; baseline -0.002 -14"><span class='ocrx_word' id='word_1_788' title='bbox 2058 5084 2331 5147; x_wconf 71' lang='lat' dir='ltr'><strong>Nicotaus</strong></span> <span class='ocrx_word' id='word_1_789' title='bbox 2350 5087 2656 5159; x_wconf 74' lang='lat' dir='ltr'><strong>episwpns,</strong></span> <span class='ocrx_word' id='word_1_790' title='bbox 2686 5096 2874 5142; x_wconf 82' lang='lat' dir='ltr'><strong>servus</strong></span> <span class='ocrx_word' id='word_1_791' title='bbox 2910 5098 3188 5142; x_wconf 86' lang='lat' dir='ltr'><strong>servorum</strong></span> <span class='ocrx_word' id='word_1_792' title='bbox 3216 5084 3335 5153; x_wconf 89' lang='lat' dir='ltr'><strong>Dei,</strong></span> <span class='ocrx_word' id='word_1_793' title='bbox 3363 5084 3562 5143; x_wconf 84' lang='lat' dir='ltr'><strong>dilecto</strong></span> 
     </span>
    </p>
   </div>
   <div class='ocr_carea' id='block_1_111' title="bbox 1980 5178 2759 5251">
    <p class='ocr_par' dir='ltr' id='par_1_111' title="bbox 1980 5178 2759 5251">
     <span class='ocr_line' id='line_1_111' title="bbox 1980 5178 2759 5251; baseline -0.01 -12"><span class='ocrx_word' id='word_1_794' title='bbox 1980 5178 2101 5239; x_wconf 69' lang='lat' dir='ltr'><strong>ﬂio</strong></span> <span class='ocrx_word' id='word_1_795' title='bbox 2127 5182 2343 5237; x_wconf 63' lang='grc' dir='ltr'><strong>(ἔλλοιο</strong></span> <span class='ocrx_word' id='word_1_796' title='bbox 2366 5178 2599 5251; x_wconf 80' lang='lat' dir='ltr'><strong>glorioso</strong></span> <span class='ocrx_word' id='word_1_797' title='bbox 2627 5178 2759 5251; x_wconf 82' lang='lat' dir='ltr'><strong>regi.</strong></span> 
     </span>
    </p>
   </div>
   <div class='ocr_carea' id='block_1_112' title="bbox 2059 5269 3562 5343">
    <p class='ocr_par' dir='ltr' id='par_1_112' title="bbox 2059 5269 3562 5343">
     <span class='ocr_line' id='line_1_112' title="bbox 2059 5269 3562 5343; baseline -0.003 -15"><span class='ocrx_word' id='word_1_798' title='bbox 2059 5270 2345 5343; x_wconf 80' lang='lat' dir='ltr'><strong>Nunquam</strong></span> <span class='ocrx_word' id='word_1_799' title='bbox 2384 5269 2622 5327; x_wconf 87' lang='lat' dir='ltr'><strong>dolorem</strong></span> <span class='ocrx_word' id='word_1_800' title='bbox 2665 5277 2908 5341; x_wconf 87' lang='lat' dir='ltr'><strong>generat,</strong></span> <span class='ocrx_word' id='word_1_801' title='bbox 2941 5270 3082 5325; x_wconf 86' lang='lat' dir='ltr'><strong>sicut</strong></span> <span class='ocrx_word' id='word_1_802' title='bbox 3115 5284 3240 5341; x_wconf 86' lang='lat' dir='ltr'><strong>spes</strong></span> <span class='ocrx_word' id='word_1_803' title='bbox 3279 5269 3562 5336; x_wconf 83' lang='lat' dir='ltr'><strong>frustrata,</strong></span> 
     </span>
    </p>
   </div>
   <div class='ocr_carea' id='block_1_113' title="bbox 1984 5360 3566 5455">
    <p class='ocr_par' dir='ltr' id='par_1_113' title="bbox 1984 5360 3566 5455">
     <span class='ocr_line' id='line_1_113' title="bbox 1984 5360 3566 5455; baseline -0.006 -32"><span class='ocrx_word' id='word_1_804' title='bbox 1984 5380 2267 5455; x_wconf 79' lang='lat' dir='ltr'><strong>nunquam</strong></span> <span class='ocrx_word' id='word_1_805' title='bbox 2334 5377 2491 5434; x_wconf 72' lang='lat' dir='ltr'><strong>teque</strong></span> <span class='ocrx_word' id='word_1_806' title='bbox 2548 5370 2791 5418; x_wconf 85' lang='lat' dir='ltr'><strong>mentem</strong></span> <span class='ocrx_word' id='word_1_807' title='bbox 2839 5360 3104 5429; x_wconf 88' lang='lat' dir='ltr'><strong>vulnerat,</strong></span> <span class='ocrx_word' id='word_1_808' title='bbox 3166 5369 3227 5417; x_wconf 86' lang='lat' dir='ltr'><strong>ut</strong></span> <span class='ocrx_word' id='word_1_809' title='bbox 3280 5361 3566 5417; x_wconf 87' lang='lat' dir='ltr'><strong>molestum</strong></span> 
     </span>
    </p>
   </div>
   <div class='ocr_carea' id='block_1_114' title="bbox 1991 5452 3567 5524">
    <p class='ocr_par' dir='ltr' id='par_1_114' title="bbox 1991 5452 3567 5524">
     <span class='ocr_line' id='line_1_114' title="bbox 1991 5452 3567 5524; baseline -0.006 -10"><span class='ocrx_word' id='word_1_810' title='bbox 1991 5452 2240 5514; x_wconf 86' lang='lat' dir='ltr'><strong>nuntium</strong></span> <span class='ocrx_word' id='word_1_811' title='bbox 2286 5456 2510 5511; x_wconf 89' lang='lat' dir='ltr'><strong>veniens</strong></span> <span class='ocrx_word' id='word_1_812' title='bbox 2570 5455 2927 5524; x_wconf 83' lang='lat' dir='ltr'><strong>insperatum.</strong></span> <span class='ocrx_word' id='word_1_813' title='bbox 2981 5453 3089 5510; x_wconf 90' lang='lat' dir='ltr'><strong>Sed</strong></span> <span class='ocrx_word' id='word_1_814' title='bbox 3148 5454 3290 5524; x_wconf 90' lang='lat' dir='ltr'><strong>quod</strong></span> <span class='ocrx_word' id='word_1_815' title='bbox 3339 5452 3567 5507; x_wconf 71' lang='lat' dir='ltr'><strong>dicimus</strong></span> 
     </span>
    </p>
   </div>
   <div class='ocr_carea' id='block_1_115' title="bbox 1994 5539 3567 5621">
    <p class='ocr_par' dir='ltr' id='par_1_115' title="bbox 1994 5539 3567 5621">
     <span class='ocr_line' id='line_1_115' title="bbox 1994 5539 3567 5621; baseline -0.006 -16"><span class='ocrx_word' id='word_1_816' title='bbox 1994 5550 2321 5621; x_wconf 86' lang='lat' dir='ltr'><strong>aperiamus.</strong></span> <span class='ocrx_word' id='word_1_817' title='bbox 2351 5548 2592 5617; x_wconf 87' lang='lat' dir='ltr'><strong>Denique</strong></span> <span class='ocrx_word' id='word_1_818' title='bbox 2620 5548 2764 5601; x_wconf 89' lang='lat' dir='ltr'><strong>inter</strong></span> <span class='ocrx_word' id='word_1_819' title='bbox 2789 5547 2926 5601; x_wconf 88' lang='lat' dir='ltr'><strong>alios</strong></span> <span class='ocrx_word' id='word_1_820' title='bbox 2956 5557 3157 5601; x_wconf 73' lang='lat' dir='ltr'><strong>sanetae</strong></span> <span class='ocrx_word' id='word_1_821' title='bbox 3183 5544 3278 5598; x_wconf 90' lang='lat' dir='ltr'><strong>Dei</strong></span> <span class='ocrx_word' id='word_1_822' title='bbox 3310 5539 3567 5597; x_wconf 57' lang='lat' dir='ltr'><strong>Ecclesia</strong></span> 
     </span>
    </p>
   </div>
   <div class='ocr_carea' id='block_1_116' title="bbox 1994 5634 3571 5714">
    <p class='ocr_par' dir='ltr' id='par_1_116' title="bbox 1994 5634 3571 5714">
     <span class='ocr_line' id='line_1_116' title="bbox 1994 5634 3571 5714; baseline -0.008 -16"><span class='ocrx_word' id='word_1_823' title='bbox 1994 5643 2275 5714; x_wconf 81' lang='lat' dir='ltr'><strong>religiosos</strong></span> <span class='ocrx_word' id='word_1_824' title='bbox 2315 5649 2756 5713; x_wconf 87' lang='lat' dir='ltr'><strong>propugnatores,</strong></span> <span class='ocrx_word' id='word_1_825' title='bbox 2801 5646 2963 5708; x_wconf 89' lang='lat' dir='ltr'><strong>atque</strong></span> <span class='ocrx_word' id='word_1_826' title='bbox 3024 5634 3270 5689; x_wconf 83' lang='lat' dir='ltr'><strong>veritatis</strong></span> <span class='ocrx_word' id='word_1_827' title='bbox 3322 5640 3571 5685; x_wconf 80' lang='lat' dir='ltr'><strong>strenuos</strong></span> 
     </span>
    </p>
   </div>
   <div class='ocr_carea' id='block_1_117' title="bbox 1996 5719 3573 5803">
    <p class='ocr_par' dir='ltr' id='par_1_117' title="bbox 1996 5719 3573 5803">
     <span class='ocr_line' id='line_1_117' title="bbox 1996 5719 3573 5803; baseline -0.01 -13"><span class='ocrx_word' id='word_1_828' title='bbox 1996 5733 2325 5799; x_wconf 86' lang='lat' dir='ltr'><strong>defensores,</strong></span> <span class='ocrx_word' id='word_1_829' title='bbox 2354 5733 2623 5788; x_wconf 90' lang='lat' dir='ltr'><strong>neminem</strong></span> <span class='ocrx_word' id='word_1_830' title='bbox 2653 5732 2824 5803; x_wconf 82' lang='lat' dir='ltr'><strong>magis</strong></span> <span class='ocrx_word' id='word_1_831' title='bbox 2869 5742 3032 5799; x_wconf 86' lang='lat' dir='ltr'><strong>super</strong></span> <span class='ocrx_word' id='word_1_832' title='bbox 3073 5724 3430 5795; x_wconf 64' lang='lat' dir='ltr'><strong>Theutberga:</strong></span> <span class='ocrx_word' id='word_1_833' title='bbox 3462 5719 3573 5792; x_wconf 62' lang='grc'><strong>810·-</strong></span> 
     </span>
    </p>
   </div>
   <div class='ocr_carea' id='block_1_118' title="bbox 1984 5812 3575 5898">
    <p class='ocr_par' dir='ltr' id='par_1_118' title="bbox 1984 5812 3575 5898">
     <span class='ocr_line' id='line_1_118' title="bbox 1984 5812 3575 5898; baseline -0.006 -16"><span class='ocrx_word' id='word_1_834' title='bbox 1984 5827 2159 5884; x_wconf 72' lang='grc' dir='ltr'><strong>τίοεεε</strong></span> <span class='ocrx_word' id='word_1_835' title='bbox 2193 5826 2391 5898; x_wconf 76' lang='lat' dir='ltr'><strong>reginae</strong></span> <span class='ocrx_word' id='word_1_836' title='bbox 2419 5824 2743 5883; x_wconf 85' lang='lat' dir='ltr'><strong>contritione</strong></span> <span class='ocrx_word' id='word_1_837' title='bbox 2768 5821 3078 5888; x_wconf 84' lang='lat' dir='ltr'><strong>sollicitum,</strong></span> <span class='ocrx_word' id='word_1_838' title='bbox 3104 5817 3374 5875; x_wconf 83' lang='lat' dir='ltr'><strong>neminem</strong></span> <span class='ocrx_word' id='word_1_839' title='bbox 3400 5812 3575 5891; x_wconf 65' lang='lat' dir='ltr'><strong>magis</strong></span> 
     </span>
    </p>
   </div>
  </div>
