4060 6338
548 399 686 455 1145
1899 391 2105 448 ΝΙΟΟΙι

2212 387 2408 446 ΡΑΡΑΞ
2447 391 2465 443 1
3709 388 3872 444 il“

544 515 713 584 ipsius
739 512 1270 571 incommoditatibus
1313 512 1678 576 condoluisse,
1718 525 1879 581 quam
1928 495 2122 565 vestrae
2151 507 2310 571 Asin
2361 516 2564 571 autem,
2617 503 2730 558 vult
2793 519 2913 559 eam
2955 514 3210 574 tanquam
3261 505 3534 577 propriam
3594 503 3871 578 quidem

544 606 764 676 pietatis
793 605 1062 669 affectum,
1094 605 1398 660 recolimus.
1423 605 1570 659 Adeo
1614 613 1676 659 ut
1712 605 1765 658 in
1793 605 1899 658 vita
1942 603 2126 661 fratris
2232 612 2455 652 uxorem
2502 595 2807 658 admitteret
2840 597 2934 650 sed
2977 597 3190 662 deinde:
3246 607 3501 669 tanquam
3539 595 3869 653 mecm“

547 693 664 762 ejus
686 711 902 749 causam
923 695 1088 764 ipsius
1115 694 1225 749 sedi
1252 694 1558 763 apostolicae
1588 693 1900 758 retuleritis,
1929 702 1984 747 et
2005 709 2123 748 eam
2232 687 2412 752 fuerit.
2452 685 2784 749 ίιιείῐυιιίειΐθι
2815 696 2977 756 Nque
3006 701 3105 756 Ρΐο
3131 687 3234 742 hoc
3260 688 3533 744 hominem
3578 700 3782 744 suum
3809 692 3872 739 εί

473 810 493 842 φ
544 786 792 858 largitate
842 786 1224 841 munificentiae
1275 796 1468 842 vestra:
1508 802 1612 841 non
1664 801 1834 858 pauco
1884 795 2125 856 tempore
2232 777 2505 832 hominem
2538 775 2893 847 Thcutbergw
2922 776 2989 830 ad
3032 777 3463 833 monomachiam
3512 775 3863 848 impellere.

465 859 479 881 ’λ
553 880 1008 945 sustentaveritis,
1033 895 1239 950 nosque
1270 879 1577 950 frequenter
1605 881 1672 934 ad
1694 878 1953 933 auxilium
1982 877 2105 932 illiti:

2231 875 2288 921 et
2321 867 2368 922 si
2405 868 2566 922 homo
2619 866 2788 936 ipsius
2831 867 3028 936 regina:
3082 868 3357 932 ceciderit,
3393 869 3639 940 disponit
3690 870 3862 925 hanc

555 949 829 1026 exhortari
853 949 1190 1026 studueritis.
1220 949 1482 1038 Quocirca
1511 972 1664 1027 sedes
1687 971 1980 1041 apostolica
2007 977 2105 1025 tan

2231 958 2349 1013 sine
2404 958 2662 1013 dilatione
2709 958 2998 1028 perimere.
3051 957 3180 1024 Quae
3207 967 3470 1028 quantum
3518 959 3644 1015 sint
3685 960 3859 1016 omni

546 1070 658 1115 tam
686 1071 875 1116 vestrae
914 1063 1196 1118 cbaritatis
1246 1064 1388 1117 circa
1440 1078 1557 1117 eam
1598 1062 1810 1116 intuens
1847 1061 2105 1115 abundan-

2231 1049 2316 1103 vel
2347 1049 2542 1103 divina:
2591 1046 2676 1101 vel
2721 1056 3033 1102 sanctorum
3084 1047 3306 1102 Patrum
3359 1048 3461 1120 legi
3510 1051 3858 1116 contraria,

547 1152 698 1217 tiam,
748 1154 1002 1221 quoniam
1054 1153 1214 1209 celeri
1262 1153 1627 1217 exsecutione,
1677 1151 1974 1220 pertinacia
2005 1167 2126 1220 per-
2231 1141 2542 1211 magnilmlo
2585 1138 2802 1210 quidem
2847 1140 3150 1210 Prudentia?
3198 1149 3392 1197 V65"?!
3443 1141 3677 1213 dignius
3726 1141 3854 1212 iam

541 1243 818 1301 ver-sitatis
850 1249 1118 1315 obstante,
1153 1265 1370 1304 causam
1407 1249 1525 1318 ejus
1568 1247 1828 1317 perﬁcere
1858 1262 1964 1301 non
1995 1261 2105 1316 prae

2233 1231 2484 1286 advertit.
2521 1230 2626 1285 Sed
2657 1239 2712 1285 et
2740 1245 2841 1286 nos
2885 1231 3013 1286 hinc
3041 1231 3246 1302 aliquid
3287 1233 3519 1290 strictim
3564 1235 3858 1291 volumus

542 1338 734 1405 valuit,
772 1349 966 1396 vestrae
1019 1343 1177 1407 hanc,
1239 1328 1492 1412 tanquam
1540 1343 1649 1396 Deo
1705 1340 2102 1409 contemplante

2231 1325 2620 1387 demonstrare,
2669 1323 2822 1391 prius
2867 1334 3202 1391 asserentes,
3247 1326 3374 1396 quia
3427 1328 3493 1382 de
3539 1338 3854 1385 retroacta

546 1437 708 1498 atque
737 1431 896 1486 beato
921 1447 1103 1487 secum
1126 1432 1288 1488 Petro
1324 1432 1690 1504 apostolorum
1729 1433 1973 1502 principe
1992 1449 2105 1487 con-

2231 1424 2582 1471 controversa
2607 1414 2944 1487 Theutberga
2994 1433 3100 1472 non
3131 1418 3292 1474 debet
3330 1419 3558 1476 ulterius
3602 1421 3684 1476 ad
3735 1422 3851 1476 ite-

543 1519 812 1587 tradente,
841 1523 1050 1578 tuitioni
1081 1539 1174 1578 seu
1209 1524 1458 1579 clementi
1506 1524 1791 1579 munitioni
1831 1524 2099 1578 commisit

2231 1515 2409 1561 ratam
2446 1509 2853 1578 responsionem
2878 1509 3158 1578 provocari
3186 1527 3198 1563 :
3227 1511 3484 1580 quoniam
3507 1513 3664 1582 quod
3695 1513 3851 1568 bene

542 1607 694 1666 Nunc
722 1621 922 1677 autem,
955 1614 1095 1667 sicut
1122 1615 1425 1668 audivimus
1445 1655 1458 1679 ,
1487 1614 1778 1668 Lotbarius
1805 1630 1900 1668 rex
1927 1615 2105 1669 adver‘

2229 1599 2397 1654 semel
2424 1597 2706 1654 dilﬁnitum
2733 1606 2834 1664 est,
2875 1606 2930 1652 et
2975 1599 3310 1670 interpositis
3343 1600 3689 1670 juramentis
3744 1604 3848 1659 de-

541 1715 633 1755 sus
671 1704 915 1758 eamdem
957 1702 1357 1775 Thcutbergam
1405 1720 1593 1759 rursus
1633 1712 1894 1770 armatus,
1935 1712 1993 1758 ut
2039 1720 2105 1758 as

2227 1688 2538 1753 liberatum,
2569 1687 2717 1744 nulla
2763 1689 2924 1744 debet
2965 1690 3276 1756 iteratione,
3310 1693 3413 1754 nisi
3447 1692 3717 1750 fortassis
3745 1696 3845 1751 ubi

539 1805 756 1846 sensum
787 1809 999 1863 quoque
1033 1806 1271 1850 vestrum
1302 1797 1427 1850 huic
1455 1797 1675 1850 nefariae
1705 1796 1988 1851 intentioni
2012 1811 2105 1851 sua

2229 1777 2390 1832 fuerit
2426 1777 2598 1846 major
2625 1777 2947 1845 auctoritas,
2980 1781 3286 1835 retractari.
3327 1781 3530 1838 Deinde
3557 1786 3698 1854 quia
3733 1785 3842 1842 Ec-

539 1880 790 1950 copulare
816 1885 1098 1952 potuisset,
1130 1883 1334 1940 foedera
1371 1886 1648 1941 vobiscum
1678 1886 1862 1941 iniisse
1897 1886 2105 1952 dicitur1

2230 1868 2695 1939 clesiae'rcfugium
2718 1883 2985 1939 quaerens,
3010 1878 3066 1925 et
3093 1871 3519 1929 ecclesiasticum
3543 1874 3841 1944 judicium

538 1978 592 2024 et
614 1972 845 2039 quodam
881 1975 1030 2044 regni
1075 1975 1158 2029 sui
1217 1975 1415 2030 collato
1463 1976 1811 2040 monasterio,
1847 1991 1960 2045 pro
2006 1991 2124 2046 per-

538 2062 712 2115 denda
742 2064 970 2131 praefata
1001 2065 1341 2137 Theutberga
1369 2075 1556 2121 nutum
1605 2068 1706 2122 sibi
1737 2076 1977 2122 vestrum
2005 2068 2124 2122 uni-

542 2153 708 2219 visse,
737 2155 926 2211 diffusa
955 2158 1112 2230 longe
1154 2159 1368 2228 lateque
1397 2160 1539 2214 fama
1576 2160 1938 2230 protenditur.
1967 2160 2124 2227 Quod

538 2241 608 2307 si,
641 2243 871 2299 utmulti
895 2246 1092 2314 ferunt,
1137 2265 1320 2305 verum
1369 2259 1471 2315 est,
1517 2252 1868 2306 vehementer
1911 2250 2134 2305 exstitit-

535 2329 824 2388 dolendum
851 2344 906 2389 et
945 2337 1282 2391 amarissime
1323 2339 1741 2408 deplorandum;
1771 2339 2023 2394 videlicet
2059 2350 2121 2395 ut

536 2440 564 2477 a
607 2425 772 2492 priori
823 2427 1047 2481 consilio
1098 2429 1313 2498 pietatis
1365 2446 1507 2484 nunc
1567 2439 1734 2497 retro,
1771 2431 1914 2500 quod
1953 2430 2123 2498 absit,

533 2517 780 2569 conversi
812 2517 1094 2572 consilium
1129 2518 1266 2574 detis
1291 2520 1604 2589 impietatis,
1642 2531 1696 2576 et
1719 2523 1812 2592 qui
1847 2523 2119 2578 hactenus

432 2621 436 2625 ·
533 2603 773 2663 favorem
816 2610 1152 2679 praestabatis
1188 2613 1449 2682 aequitati,
1483 2631 1624 2669 nunc
1661 2632 1938 2672 assensum
1976 2633 2118 2689 pra:-

529 2695 706 2753 beatis
734 2699 1024 2768 iniquitati.
1071 2700 1115 2756 O
1161 2702 1588 2774 incomparabile
1630 2708 2048 2775 detrimentum}!
2080 2725 2116 2764 ο

530 2787 894 2846 inenarrabile
921 2793 994 2861 pii
1025 2794 1169 2864 regis
1190 2796 1583 2866 eompassionis
1607 2797 1975 2866 dispendium!
2005 2799 2115 2855 Sed

527 2879 669 2933 absit
697 2881 799 2934 hoc
825 2896 853 2934 a
883 2889 1031 2935 tanto
1062 2883 1326 2953 principe,
1356 2885 1498 2940 absit
1523 2901 1555 2938 a
1586 2885 1831 2941 fidelium
1853 2888 2112 2944 cordibus

528 2974 594 3027 de
619 2983 765 3028 tanto
787 2974 986 3030 Christi
1016 2976 1219 3031 cultore
1245 2977 1349 3033 tale
1373 2979 1502 3049 quid
1525 2978 1684 3034 facile
1710 2981 1958 3045 credere,
1981 2997 2114 3036 cum

524 3067 701 3134 potius
750 3069 1080 3123 credendum
1136 3079 1244 3135 est,
1275 3087 1368 3127 eos
1411 3073 1504 3142 qui
1557 3073 1775 3128 Balaam
1827 3075 2111 3129 imitantur

527 3157 722 3210 merito
749 3159 1165 3228 reprehendere,
1197 3162 1288 3231 qui
1316 3171 1504 3217 contra
1546 3179 1732 3219 eorum
1774 3165 1960 3229 vitam,
1987 3165 2108 3233 qui--

2233 1975 2447 2030 semper
2475 1967 2754 2029 expetens,
2779 1961 3027 2017 szeculari
3053 1979 3162 2019 non
3191 1964 3351 2020 debet
3382 1965 3632 2021 submitti
3678 1967 3839 2036 judi-

2229 2051 2332 2106 cio.
2365 2051 2492 2105 Post
2530 2050 2646 2107 haec
2673 2066 2822 2116 vero,
2859 2068 2984 2108 cum
3023 2068 3122 2109 nos
3167 2069 3234 2110 ex
3281 2063 3513 2127 utraque
3552 2067 3749 2126 parte,
3783 2060 3840 2113 id

2229 2150 2332 2208 est,
2364 2150 2473 2195 tam
2504 2156 2534 2195 a
2561 2140 2927 2214 Theutberga,
2966 2159 3128 2214 quam
3177 2160 3208 2200 a
3255 2144 3513 2203 Lothario
3548 2148 3836 2206 fuerimus

2225 2231 2502 2301 provocati
2531 2231 2762 2302 judices,
2810 2248 3014 2303 nosque
3044 2236 3329 2292 amborum
3378 2241 3833 2296 controversiam

2226 2326 2468 2379 exsecuti
2497 2326 2688 2391 simus,
2715 2328 2782 2381 ad
2809 2327 2984 2382 nullos
3023 2327 3157 2384 alios
3197 2331 3450 2386 convenit
3498 2347 3667 2402 super
3722 2335 3832 2390 hoc

2223 2414 2674 2486 negotiojudices
2710 2416 3001 2473 convolare
3049 2435 3062 2471 :
3105 2433 3228 2474 cum
3275 2421 3576 2478 secundum
3627 2440 3831 2480 sacros

2224 2521 2480 2572 canones,
2533 2523 2563 2560 a
2602 2506 2900 2576 judicibus,
2961 2525 3098 2580 quos
3157 2514 3462 2569 communis
3509 2528 3828 2571 consensus

2222 2598 2466 2671 elegerit,
2491 2615 2598 2655 non
2627 2599 2788 2655 liceat
2827 2616 3154 2670 provocare;
3199 2611 3255 2658 et
3300 2604 3393 2660 ubi
3439 2619 3708 2661 concessa
3740 2615 3828 2662 est

2221 2693 2553 2763 provocatio,
2589 2709 2694 2748 non
2726 2694 2827 2750 nisi
2857 2695 2948 2750 ubi
2974 2704 3058 2751 est
3088 2696 3264 2768 major
3301 2699 3617 2766 auctoritas,
3651 2699 3826 2755 liceat

2217 2798 2534 2852 provocare.
2565 2784 2751 2856 Itaque
2785 2801 2907 2840 cum
2944 2802 3050 2843 non
3077 2787 3148 2842 sit
3193 2788 3502 2860 apostolica:
3540 2791 3690 2846 sedis
3720 2806 3820 2844 au-

2220 2880 2505 2946 ctoritate,
2556 2896 2676 2950 qum
2727 2881 3008 2935 amborum
3054 2869 3334 2952 negotium
3391 2889 3650 2935 exsecuta
3707 2888 3817 2947 est,

2219 2984 2447 3039 usquam
2476 2971 2647 3042 major
2676 2971 2995 3037 auctoritas,
3035 2971 3307 3026 nescimus
3355 2971 3400 3026 si
3441 2971 3601 3025 alicui
3654 2970 3816 3027 liceat

2218 3061 2284 3114 de
2318 3060 2693 3131 ejusjudicare
2713 3063 2940 3133 judicio,
2977 3062 3063 3120 vel
3090 3060 3207 3132 ejus
3251 3071 3550 3118 retractare
3592 3070 3816 3117 senten-

2218 3149 2368 3206 tiam.
2397 3150 2676 3220 Siquidem
2698 3151 2855 3222 juxta
2886 3154 3030 3223 quod
3074 3151 3441 3220 ecclesiastica
3478 3151 3562 3207 lex
3591 3160 3652 3207 et
3694 3165 3814 3208 mos

528 3245 632 3299 bus
677 3261 735 3300 se
783 3248 1015 3303 similem
1061 3250 1178 3305 ﬁeri
1228 3253 1391 3307 etiam
1442 3255 1717 3309 moriendo
1759 3264 2103 3324 peposcerat,

2215 3240 2510 3312 antiquitus
2540 3243 2862 3298 observatos
2908 3242 3134 3308 indicat,
3160 3242 3227 3296 ad
3267 3240 3413 3295 illam
3439 3241 3657 3311 quidem
3688 3258 3812 3314 pro-

523 3336 809 3390 consilium
828 3337 1079 3406 praebuit,
1097 3349 1152 3394 et
1176 3356 1298 3395 cum
1326 3345 1667 3398 occasionem
1685 3345 1750 3400 de
1767 3345 1994 3400 avaritia
2015 3363 2108 3402 re-

523 3423 682 3492 perit,
732 3423 874 3480 illico
902 3425 1101 3483 oblitus
1140 3439 1224 3484 est
1249 3431 1510 3501 quidquid
1550 3432 1653 3487 sibi
1695 3434 1758 3488 de
1797 3434 2107 3490 innocentia

519 3515 726 3584 optavit
753 3516 942 3587 (Num.
974 3519 1132 3584 xxn).
1160 3519 1264 3576 Sed
1292 3523 1418 3592 quia
1442 3522 1506 3578 de
1533 3524 1826 3593 praebendo
1850 3526 2108 3594 nequitiae

519 3619 787 3660 consensu
817 3616 998 3662 vestro
1047 3611 1284 3665 nondum
1313 3627 1381 3666 ex
1422 3621 1532 3668 toto
1577 3612 1802 3670 credere
1841 3615 2103 3685 patimur,

519 3707 690 3752 restat
727 3707 785 3753 ut
810 3701 877 3754 ad
907 3702 1272 3758 exbortandos
1310 3719 1426 3769 vos,
1462 3719 1569 3773 quo
1597 3706 1743 3761 circa
1778 3706 1891 3775 jam
1937 3707 2110 3764 fatam

519 3788 762 3858 reginam
785 3790 932 3858 pium
965 3806 1029 3847 ae
1052 3791 1360 3847 inchoatum
1404 3809 1538 3863 opus
1580 3799 1990 3863 consummetis,
2021 3798 2110 3852 in-

519 3881 678 3934 terim
708 3881 978 3937 calamum
1009 3893 1390 3954 temperemus.
1432 3886 1575 3944 Ecce
1593 3891 1736 3947 enim
1777 3889 1992 3948 Veritas
2021 3894 2111 3948 di-

517 3972 592 4028 cit
625 3972 776 4038 :‘Qm’
824 3980 1219 4044 perseveraverit
1264 3996 1427 4050 usque
1471 3981 1528 4034 in
1560 3981 1740 4051 ﬁnem,
1790 3985 1876 4038 hic
1925 3985 2108 4041 saltm:

516 4063 612 4114 erit
639 4062 854 4130 (Manli.
903 4069 981 4135 χ).
1006 4067 1144 4123 Ecce
1174 4069 1240 4124 de
1283 4070 1546 4128 offerente
1587 4074 1716 4146 juge
1773 4077 2108 4134 sacriﬁcium

520 4154 681 4208 beato
731 4155 831 4210 Job
871 4157 1108 4241 legitur:
1139 4159 1228 4216 Sic
1266 4163 1492 4233 faciebat
1538 4166 1640 4221 Job
1686 4171 1888 4224 cunctis
1920 4171 2105 4226 diebus

518 4241 641 4313 (Job
688 4246 750 4316 ι).
790 4245 941 4315 Quod
986 4249 1046 4304 Β.
1092 4268 1228 4323 papa
1257 4253 1550 4327 Gregorius
1580 4275 1854 4329 exponens
1893 4263 1970 4317 ait
1999 4281 2012 4316 :
2039 4263 2101 4320 In

517 4337 790 4394 sacrificio
840 4340 1002 4410 igitur
1031 4354 1217 4400 sancta
1259 4347 1424 4412 actio,
1454 4349 1509 4403 in
1541 4351 1749 4406 cunctis
1778 4360 1956 4407 autem
1987 4353 2098 4408 die-

517 4430 617 4484 bus
642 4431 894 4486 sacrificii
918 4438 1220 4491 constantia
1257 4441 1486 4496 actionis
1513 4443 1835 4498 ostenditur.
1881 4436 1986 4500 Sed
2012 4446 2097 4502 his

516 4522 589 4575 ita
614 4524 925 4590 prazmissis,
979 4516 1353 4584 excellentiam
1396 4541 1630 4588 vestram
1665 4534 1913 4591 nolumus
1940 4537 2095 4607 igno-

2219 3343 2490 3398 vocatum,
2522 3344 2575 3390 et
2599 3334 2827 3390 aliorum
2854 3335 3028 3407 ipsam
3056 3334 3368 3391 dis'solvisse
3398 3335 3676 3406 judicium
3717 3351 3809 3393 ne-

2217 3425 2394 3481 vimus
2427 3445 2440 3480 :
2473 3427 2542 3482 ab
2586 3427 2702 3498 ipsa
2744 3443 2874 3483 vero
2923 3437 3295 3498 provocatum,
3343 3427 3432 3482 vel
3481 3430 3806 3484 sententiam

2215 3517 2331 3586 ejus
2385 3533 2688 3590 quosquam
2732 3521 2968 3577 violasse
3025 3536 3131 3576 non
3181 3522 3448 3577 novimus.
3499 3519 3634 3577 Illud
3658 3536 3805 3587 vero,

2215 3610 2357 3679 quod
2382 3609 2673 3667 Lotharius
2721 3611 3120 3684 Thcutbergam
3152 3613 3219 3668 de
3242 3613 3510 3670 adulterio
3555 3614 3810 3669 crimina-

2214 3711 2324 3769 tur,
2357 3704 2478 3773 quis
2504 3720 2610 3760 non
2651 3705 2832 3760 videat
2867 3705 2990 3760 dolo
3017 3721 3140 3762 esse
3168 3705 3390 3776 plenum
3433 3714 3490 3762 et
3531 3707 3678 3762 omni
3708 3706 3807 3762 ini-

2213 3797 2455 3866 quitate?
2486 3798 2728 3868 Denique
2769 3799 2816 3854 si
2865 3815 3006 3854 uxor
3051 3797 3190 3868 ejus,
3227 3808 3289 3854 ut
3333 3800 3451 3871 ipse
3482 3801 3671 3870 jactat,
3699 3815 3805 3857 non

2212 3900 2315 3957 est,
2342 3891 2470 3960 quid
2499 3892 2738 3961 pertinet
2763 3893 2830 3947 ad
2859 3907 2981 3948 eum
3001 3894 3069 3948 de
3089 3893 3355 3948 adulterio
3379 3893 3454 3948 illi
3485 3893 3801 3950 calumniam

2213 3991 2417 4049 texere,
2459 3999 2580 4039 cum
2615 3999 2717 4039 nec
2743 3986 3007 4041 mtechari
3044 3985 3305 4056 potuerit,
3335 3985 3380 4039 si
3420 3985 3648 4054 alicujus
3672 4001 3802 4042 uxor

2209 4089 2318 4129 non
2344 4075 2588 4129 exstitit?
2617 4075 2786 4131 Porro
2817 4077 2884 4131 de
2917 4076 3184 4132 adulterio
3222 4077 3268 4130 si
3305 4091 3336 4131 a
3366 4075 3627 4133 Lothario
3649 4093 3802 4133 aecu-

2208 4175 2380 4232 satur,
2413 4174 2490 4233 et,
2531 4167 2575 4222 si
2626 4168 2872 4223 convicta
2913 4166 3107 4234 fuerit,
3152 4167 3284 4223 ultio
3315 4180 3672 4239 praeparatur,
3716 4184 3793 4224 ne

2208 4272 2364 4314 cesse
2404 4269 2487 4315 est
2520 4270 2579 4315 ut
2626 4259 2860 4315 fateatur
2907 4277 3152 4316 uxorem.
3182 4261 3321 4329 Quid
3359 4277 3490 4334 ergo
3532 4262 3801 4318 incassum

2203 4349 2442 4417 laborat,
2468 4352 2742 4419 anxiatur,
2773 4361 2828 4408 et
2855 4354 2997 4423 quod
3026 4368 3256 4409 sua-non
3288 4353 3452 4409 fuerit
3491 4369 3651 4419 uxor,
3681 4355 3800 4426 qui.

2204 4426 2524 4515 buscunque
2584 4446 2759 4502 modis
2811 4454 2866 4499 et
2923 4446 3389 4516 qualibuscunque
3465 4447 3800 4515 argumentis

2203 4535 2408 4606 satagit
2436 4535 2714 4590 invenire?
2739 4533 2995 4602 Necesse,
3027 4535 3269 4605 inquam,
3300 4545 3402 4601 est,
3429 4545 3490 4590 ut
3531 4546 3659 4591 ante
3681 4552 3797 4592 om-

515 4627 654 4674 rarc,
686 4615 819 4668 adeo
844 4615 1158 4673 Lotharium
1188 4635 1370 4692 regem
1397 4621 1796 4697 Thcutbergam
1817 4626 2098 4698 conjugem
2123 4623 2179 4683 D
2209 4641 2334 4680 nem
2365 4627 2792 4683 controversiam
2822 4642 3044 4683 uxorem
3089 4625 3433 4692 confiteatur,
3462 4626 3507 4682 si
3557 4627 3696 4682 hanc
3742 4636 3796 4685 ut

513 4717 666 4758 suam
695 4707 925 4764 diversis
954 4709 1334 4768 afﬂictionibus
1362 4715 1680 4783 subdidisse,
1715 4727 1770 4773 et
1797 4718 2096 4777 innumeris

512 4799 782 4863 pressuris
829 4808 1021 4856 contra
1068 4804 1307 4873 praestita
1348 4803 1654 4874 juramenta
1712 4809 2009 4880 subegisse,
2037 4820 2101 4866 ut

513 4886 667 4938 nobis
700 4897 885 4943 coacta
914 4906 1059 4946 nunc
1098 4893 1381 4960 scriberet,
1420 4896 1564 4967 regia
1605 4911 1664 4952 se
1691 4897 1829 4953 velle
1859 4901 1983 4954 exui
2015 4900 2098 4956 di-

508 4976 714 5045 gnitate
740 4995 832 5034 seu
863 4983 1080 5052 copula,
1103 4992 1160 5039 et
1195 4985 1309 5041 sola
1345 4987 1556 5057 privata
1582 4989 1694 5044 vita
1727 4988 1842 5047 fore
1866 5001 2093 5048 conten-

512 5073 620 5118 tam
651 5067 979 5128 desiderare.
1024 5072 1123 5129 Cui
1165 5090 1265 5131 nos
1305 5078 1622 5148 scripsimus
1659 5097 1768 5137 non
1805 5083 1964 5139 aliter
1990 5084 2097 5141 hoc

507 5157 627 5211 fieri
668 5175 842 5228 posse,
885 5165 985 5218 nisi
1022 5166 1269 5222 eamdem
1315 5169 1478 5225 vitam
1507 5171 1704 5240 conqu
1749 5173 1866 5244 ejus
1896 5174 2095 5231 Lotha-

507 5249 620 5322 rius
641 5251 884 5322 elegerit.
915 5256 1137 5322 Verum,
1168 5259 1306 5314 sicut
1338 5261 1631 5318 multorum
1678 5264 1851 5320 relatu
1899 5266 2093 5322 didici-

504 5356 645 5408 mus,
686 5342 802 5413 ipse
841 5345 1134 5405 Lotharius
1159 5363 1478 5410 conventum
1521 5355 1800 5410 celebrare
1831 5345 2112 5426 disponit,

500 5441 557 5489 et
578 5435 827 5491 eamdem
861 5437 1255 5514 Thcutbergam
1283 5445 1517 5499 examini
1543 5446 1763 5514 proprio
1801 5447 1854 5500 in
1881 5445 2088 5514 judicio

502 5523 623 5595 [al.,
654 5535 710 5582 et
727 5527 953 5598 judicio,
996 5530 1190 5606 lixam]
1241 5535 1511 5602 subjicere
1552 5537 1866 5605 meditatur,
1924 5548 1978 5594 et
2037 5543 2086 5596 si

499 5619 716 5687 quidem
749 5638 869 5678 eam
902 5627 1191 5697 praestigiis
1217 5627 1471 5682 falsitatis
1513 5644 1646 5697 suae,
1684 5631 1769 5688 vel
1796 5648 2078 5704 argumen~

501 5710 633 5763 tosis
656 5712 973 5785 ambagibus
1003 5717 1241 5786 potuerit
1274 5719 1552 5782 exhibere,
1581 5723 1737 5792 quasi
1763 5739 1870 5780 non
1922 5725 2087 5782 fuerit

497 5800 739 5875 legitima
768 5823 924 5874 uxor,
966 5809 1080 5863 vult
1103 5810 1265 5864 etiam
1297 5827 1326 5866 a
1356 5827 1414 5868 se
1451 5815 1665 5884 penitus
1694 5827 2040 5887 sequestrare
2067 5838 2081 5878 :

2203 4717 2536 4774 mmchatam
2567 4717 2933 4787 impetendam
2976 4717 3269 4771 existimat.
3303 4715 3409 4770 Sed
3451 4717 3518 4771 de
3559 4716 3663 4771 hoc
3709 4717 3798 4772 illa

2206 4824 2394 4866 coram
2417 4811 2571 4866 missi
2593 4811 2768 4866 nostri
2790 4811 3078 4879 praesentia
3112 4824 3348 4880 purgare
3391 4824 3450 4866 se
3483 4809 3675 4876 voluit,
3702 4809 3798 4866 sed

2205 4900 2324 4972 ipse
2361 4915 2467 4957 non
2499 4901 2708 4955 annuit.
2738 4898 3168 4955 Monomachiam
3219 4916 3348 4956 vero
3395 4900 3451 4955 in
3490 4899 3663 4971 legem
3703 4915 3797 4956 as-

2205 4993 2370 5059 sumi,
2399 5009 2664 5064 nusquam
2694 5000 3020 5063 praaceptum
3052 4991 3217 5048 fuisse
3254 4993 3558 5062 reperimus
3586 5009 3599 5045 :
3631 5007 3796 5062 quam

2206 5084 2357 5159 [edit.
2386 5084 2560 5151 Rom.,
2601 5084 2751 5158 quia]
2780 5086 2907 5141 licet
2953 5085 3214 5155 quosdam
3261 5085 3446 5139 iniisse
3481 5083 3797 5156 legerimus,

2200 5177 2347 5231 sicut
2380 5184 2628 5232 sanctum
2662 5176 2831 5231 David
2883 5185 2939 5230 et
2973 5175 3184 5231 Goliam
3221 5190 3374 5230 sacra
3415 5174 3594 5244 prodit
3624 5173 3796 5228 histo-

2201 5268 2282 5324 ria
2313 5266 2364 5338 (Ι
2395 5266 2526 5339 Reg.
2556 5270 2714 5338 xvu),
2742 5283 3008 5337 nusquam
3051 5277 3228 5321 tamen
3249 5276 3310 5320 ut
3339 5279 3438 5335 pro
3465 5265 3582 5335 lege
3612 5273 3796 5318 tenea-

2203 5369 2310 5427 tur,
2343 5361 2539 5416 alicubi
2569 5362 2749 5416 divina
2789 5361 2964 5416 sancit
2984 5361 3302 5425 auctoritas,
3329 5375 3449 5415 cum
3479 5360 3581 5414 hoc
3606 5369 3661 5413 et
3686 5359 3794 5412 hu-

2193 5451 2428 5521 jusmodi
2453 5463 2725 5508 sectantes
2752 5453 2918 5508 Deum
2959 5451 3298 5507 solummodo
3334 5460 3542 5506 tentare
3571 5449 3796 5504 videan-

2203 5556 2311 5600 tur.
2343 5545 2437 5598 l‘lis
2461 5546 2533 5598 ita
2567 5545 2882 5615 praelibatis,
2916 5543 3258 5598 dilectionem
3302 5552 3537 5598 vestram
3591 5541 3795 5597 obnixe

2201 5639 2565 5708 deposcimus,
2597 5647 2654 5692 ut
2683 5653 2813 5693 cura
2843 5646 2898 5692 et
2932 5637 3253 5699 sollicitudo,
3300 5643 3463 5706 atque
3486 5649 3646 5690 omne
3673 5649 3792 5688 om-

2199 5729 2332 5785 nino
2385 5731 2646 5795 studium,
2695 5746 2788 5786 seu
2847 5729 3128 5796 auxilium,
3174 5728 3320 5797 quod
3363 5728 3510 5783 circa
3539 5725 3792 5782 eamdem
3851 5719 3862 5732 ’

2198 5821 2457 5886 feminam
2499 5839 2710 5896 semper
2758 5825 3027 5881 fervidum
3054 5821 3346 5892 habuistis,
3368 5821 3518 5881 nullo
3538 5829 3790 5892 tempore

2190 5914 2233 5986 Ἄ
