4060 6338
300 376 437 434 1145

1499 364 1854 425 EPISTOLAE
1893 366 1978 423 ET
2021 366 2332 423 DECRETA
2344 408 2356 421 .

3312 376 3316 381 ’
3398 366 3535 424 1146
3570 396 3591 416 ν.

299 496 582 567 frigescat,
628 491 734 546 imo
786 486 931 545 nullo
993 495 1151 560 pacto
1203 492 1474 557 tepescat;
1531 485 1624 540 sed
1667 484 1866 554 potius,
1900 488 1942 544 Α
1973 483 2368 551 scripserimus,
2399 481 2452 536 in
2483 481 2707 552 epistola
2731 496 2892 553 quam
2914 482 2992 539 eis
3020 482 3285 550 misimus,
3315 487 3542 556 potestis

298 597 557 657 quantum
585 586 729 638 vires
773 581 982 637 caelitus
1020 578 1229 635 collatae
1277 576 1610 642 ministrant,
1646 574 1869 629 nullate-

299 693 401 734 nus
452 677 501 732 ei
551 690 749 731 nocere
789 686 1107 745 quocunque
1154 670 1366 743 gemina
1407 667 1584 741 [forte,
1618 667 1868 739 genuina,

299 768 498 847 Hann]
520 768 958 826 charitasvestra
985 764 1262 836 permittat
1289 762 1528 833 ingenio,
1553 777 1642 826 ne,
1666 760 1709 815 si
1734 760 1872 815 forte

299 863 589 934 quidquam
616 859 849 915 laesionis
875 856 1145 923 inciderit,
1174 856 1275 925 ipsi
1304 870 1401 925 pro
1431 854 1516 908 illa
1562 854 1617 908 in
1646 851 1871 907 terribili

300 954 482 1009 divino
523 950 729 1021 judicio
777 948 1044 1022 cogamini
1095 947 1324 1005 reddere
1373 946 1668 1010 rationem;
1718 943 1873 1014 cujus

300 1060 420 1110 nos,
438 1052 694 1114 tanquam
721 1042 852 1108 Deo,
876 1040 1033 1098 sicuti
1062 1038 1430 1111 praediximus,
1454 1033 1870 1105 contemplante,

301 1133 446 1188 illam
475 1135 591 1189 vice
635 1132 894 1203 principis
936 1129 1299 1201 apostolorum
1321 1170 1336 1195 ,
1371 1128 1523 1199 cujus
1564 1126 1873 1199 praesidium

300 1222 511 1289 ascivit,
542 1221 868 1277 ‘salvandam
916 1220 1129 1276 tuitioni
1164 1217 1552 1275 commisimus.
1581 1215 1662 1271 Ad
1691 1225 1873 1272 extre-

299 1329 447 1369 mum
473 1328 619 1377 vero,
652 1320 707 1368 et
735 1312 948 1382 quando
971 1312 1082 1382 jam
1117 1309 1264 1366 nulla
1294 1311 1574 1372 securitas,
1604 1317 1660 1364 et
1682 1307 1875 1362 immu-

299 1401 487 1456 uitatis
516 1401 660 1472 ejus,
686 1401 826 1471 quod
850 1384 1125 1475 gementes
1146 1400 1393 1466 dicimus,
1419 1398 1648 1454 inveniri
1676 1397 1877 1468 poterit

301 1490 623 1558 remedium,
652 1500 811 1563 atque
840 1492 1131 1548 imminens
1156 1492 1255 1548 sibi
1285 1492 1589 1548 certissimo
1613 1489 1876 1562 praevide-

300 1592 388 1639 tur
420 1585 692 1652 interitus,
730 1585 952 1655 recipite
999 1583 1144 1640 illam
1174 1583 1242 1639 ad
1272 1599 1388 1650 vos,
1411 1591 1463 1638 et
1501 1596 1779 1653 quousque
1810 1580 1876 1636 de

300 1689 365 1730 ea
407 1675 550 1745 quod
602 1674 859 1730 Dominus
913 1674 1234 1730 revelaverit
1280 1676 1576 1741 ordinetur,
1610 1674 1665 1731 in
1708 1689 1875 1747 regno

298 1775 481 1821 vestro
514 1762 713 1830 fovete,
754 1779 819 1820 ac
846 1764 915 1820 ei’
941 1764 1096 1820 solita
1122 1764 1342 1835 pietatis
1369 1772 1565 1820 vestrm
1612 1763 1873 1820 beneficia

1971 588 2263 647 agnoscere
2294 589 2308 627 :
2341 574 2601 645 cujusque
2629 575 3008 644 transcriptum
3056 576 3332 646 exemplar
3378 593 3542 633 vene-

1972 665 2155 719 randis
2205 665 2536 720 antistitibus
2584 665 2637 719 in
2688 680 2853 736 regno
2892 672 3070 720 vestro
3108 664 3402 721 Ecclesiam
3447 665 3543 722 Dei

1970 754 2394 824 gubernantibus
2431 763 2607 809 vestra
2653 754 2814 810 tribui
2853 755 3022 827 gloria
3067 754 3246 811 faciat.
3278 756 3544 812 Praeterea

1973 863 2240 918 rogamus,
2292 857 2351 903 ut
2395 858 2574 905 vestra
2606 850 2905 906 sublimitas
2931 851 3048 907 sine
3094 853 3241 908 omni
3287 852 3542 909 dilatione

1970 948 2313 1009 praesentem,
2340 940 2531 997 crebro
2570 941 2695 996 dicti
2724 942 2865 1015 regis
2889 942 3127 999 Lotbarii
3156 945 3371 1000 nomine
3418 945 3544 1001 titu-

1970 1028 2155 1095 latam,
2184 1044 2281 1101 per
2306 1030 2516 1087 fidelem
2562 1048 2627 1088 ac
2661 1035 2979 1103 prudentem
3021 1035 3195 1090 virum
3234 1036 3408 1091 eidem
3448 1037 3542 1093 de-

1973 1121 2177 1177 stinare
2203 1132 2439 1179 maturet
2460 1124 2767 1195 epistolam,
2806 1126 2959 1196 cujus
2992 1129 3267 1198 exemplar
3303 1144 3429 1185 ecce
3472 1130 3548 1186 di-

1974 1210 2191 1267 lectioni
2218 1220 2409 1268 vestrae
2431 1216 2846 1273 transmisimus.
2871 1217 3105 1289 Idipsum
3150 1218 3312 1275 etiam
3359 1236 3455 1276 vos
3480 1221 3546 1276 de

1973 1301 2064 1357 illa
2110 1318 2362 1374 rogamus
2417 1320 2597 1377 agere,
2657 1322 2816 1377 quam
2872 1309 3191 1380 praesulibus
3237 1309 3352 1379 ejus
3397 1311 3546 1383 regni

1974 1393 2394 1450 transmisimus.
2453 1394 2559 1451 Sed
2605 1397 2883 1454 sciendum
2929 1408 3012 1456 est
3040 1401 3296 1471 quoniam
3324 1402 3545 1471 quidam

1974 1485 2187 1541 timoris
2228 1486 2543 1544 autfavoris
2569 1505 2731 1546 causa
2775 1499 3015 1547 nostram
3061 1493 3335 1564 suscipere
3375 1493 3552 1563 parvi-

1972 1577 2212 1648 pendunt
2239 1579 2520 1651 epistolam
2546 1600 2558 1636 :
2584 1583 2800 1653 quidam
2824 1600 2955 1640 vero
2981 1586 3279 1657 suscipiunt
3308 1589 3546 1657 quidem,

1974 1672 2066 1726 sed
2095 1671 2270 1747 palam
2317 1673 2693 1731 demonstrare
2739 1676 3062 1745 formidant;
3113 1678 3199 1734 vel
3249 1681 3411 1735 etiam
3449 1680 3551 1737 Lo-

1973 1762 2150 1819 thario
2175 1763 2391 1835 placere
2420 1767 2678 1835 volentes,
2717 1769 2860 1826 hanc
2906 1770 3149 1826 aliorum'
3175 1772 3382 1829 visione
3431 1788 3553 1844 per-

301 1856 607 1914 ministrate
638 1874 651 1911 :
682 1865 736 1914 et
759 1857 835 1914 ita
867 1857 1104 1924 demum,
1137 1859 1180 1914 si
1212 1857 1340 1930 quid
1372 1857 1446 1941 illi
1476 1857 1874 1928 objicitur,,au-
1906 1868 1955 1929 Β
1982 1854 2337 1912 niciosissime
2375 1857 2608 1928 privant.
2649 1858 2990 1931 Quapropter
3029 1861 3224 1917 obnixe
3268 1878 3553 1934 precamur

300 1946 556 2007 etoritate
599 1955 784 2004 nostra
834 1948 1218 2020 prmveniente,
1247 1947 1415 2018 ipsius
1460 1947 1638 2003 aemuli
1685 1962 1873 2019 prose-

300 2051 553 2115 quantur.
587 2040 695 2098 Sed
732 2050 917 2098 notate
946 2042 1199 2112 quoniam
1253 2050 1378 2098 tunc
1433 2043 1548 2098 haec
1595 2041 1713 2096 ﬁeri
1753 2055 1879 2112 per-

300 2134 585 2201 mittimus,
615 2149 737 2191 cum
789 2149 821 2189 a
869 2134 1154 2205 prudentia
1186 2142 1390 2199 vestra,
1415 2132 1500 2187 vel
1548 2146 1738 2187 eorum
1784 2129 1877 2200 qui

297 2226 575 2282 nobiscum
602 2226 848 2294 sapiunt,
899 2225 1044 2279 nulla
1098 2238 1220 2294 spes
1278 2222 1469 2279 salutis
1519 2221 1879 2292 Theutbergaa

297 2331 582 2375 remanere
635 2316 937 2389 prmscitur.
1006 2314 1276 2371 Praeterea
1329 2316 1444 2371 sive
1506 2316 1571 2370 de
1640 2313 1877 2386 conjugii

297 2411 526 2478 ftedere,
557 2411 671 2468 sive
698 2412 763 2466 de
791 2410 1040 2467 adulterii
1085 2410 1314 2466 crimine
1352 2408 1616 2480 judicium
1666 2408 1738 2463 sit
1763 2407 1877 2479 agi-

301 2505 548 2569 tandum,
577 2502 724 2558 nulla
751 2501 893 2565 ratio
938 2502 1144 2573 patitur
1173 2499 1571 2570 Theutbergam
1614 2513 1737 2554 cum
1766 2497 1875 2554 Lo-

301 2586 480 2671 thario
504 2608 667 2665 posse
689 2593 916 2665 legalem
944 2593 1082 2673 inire
1108 2590 1443 2656 conﬂictum,
1472 2589 1558 2645 vel
1581 2589 1877 2662 legitimum

300 2670 688 2748 controversiae
712 2684 893 2746 subire
917 2670 1213 2749 certamen,
1245 2682 1350 2738 nisi
1378 2682 1535 2752 prius
1560 2682 1627 2749 ad
1665 2689 1880 2752 tempus

302 2775 465 2832 fuerit
486 2791 600 2833 suae
625 2777 878 2848 potestati
926 2776 1155 2842 reddita,
1198 2784 1253 2832 et
1284 2775 1702 2846 consanguineis
1753 2790 1880 2846 pro-

303 2868 437 2941 priis
466 2868 636 2925 libere
656 2868 879 2925 sociata.
903 2867 1051 2924 Inter
1069 2882 1207 2939 quos
1225 2868 1390 2923 etiam
1412 2868 1562 2923 locus
1590 2866 1881 2937 providen-

303 2962 404 3018 dus
429 2969 535 3028 est,
558 2962 614 3018 in
639 2977 748 3032 quo
771 2962 916 3026 nulla
943 2961 1016 3018 sit
1034 2962 1118 3017 vis
1136 2960 1494 3017 multitudinis
1521 2959 1876 3026 formidanda,

305 3068 360 3115 et
385 3070 490 3114 non
520 3057 592 3113 sit
614 3055 826 3112 diﬂicile
856 3063 1019 3111 testes
1058 3056 1378 3126 producere,
1398 3053 1483 3109 vel
1506 3062 1731 3109 caeteras
1757 3067 1880 3122 per-

306 3164 489 3215 sonas,
516 3162 638 3219 qua:
665 3155 775 3227 tam
800 3163 834 3202 a
867 3147 1071 3204 sanctis
1120 3147 1437 3211 canonibus,
1466 3160 1625 3215 quam
1657 3160 1691 3199 a
1718 3158 1879 3198 vene-

1978 1954 2038 2000 ut
2066 1961 2163 2016 per
2193 1947 2354 2003 talem
2380 1951 2625 2005 eamdem
2649 1950 2932 2022 epistolam
2958 1960 3194 2008 nostram
3228 1953 3397 2008 virum
3436 1953 3549 2025 jam

1977 2036 2269 2107 designatis
2315 2038 2645 2095 antistitibus
2693 2050 2872 2098 vestra
2927 2044 3187 2113 sapientia
3234 2045 3429 2109 mittat,
3459 2044 3551 2116 qui

1976 2126 2553 2195 prudenterincedens,
2573 2129 2776 2185 nullum
2798 2146 3022 2202 prorsus
3041 2148 3225 2189 eorum
3241 2143 3550 2204 pmtereat,

1977 2216 2062 2271 cui
2093 2217 2235 2273 hanc
2256 2233 2362 2274 non
2391 2220 2679 2287 tradidisse
2713 2237 3036 2296 quocunque
3081 2226 3240 2282 modo
3265 2220 3549 2285 clarescat.

1977 2305 2094 2375 Quo
2120 2319 2278 2365 caute
2305 2326 2370 2365 ac
2404 2312 2771 2371 indifferenter
2805 2324 2946 2383 acto,
2997 2319 3088 2389 qui
3128 2320 3268 2375 hanc
3306 2337 3555 2393 suscepe-

1978 2397 2072 2465 rit,
2109 2398 2190 2455 vel
2216 2416 2320 2455 nnn
2352 2405 2671 2474 susceperit,
2706 2419 2806 2476 per
2844 2407 3130 2463 charitatis
3174 2420 3366 2464 vestrm
3406 2410 3555 2482 lega-

1985 2497 2099 2545 tum
2120 2490 2207 2545 vel
2240 2490 2448 2548 litteras
2486 2496 2733 2565 protinus
2762 2512 2826 2552 ac
2849 2498 3172 2565 certissime,
3204 2502 3296 2556 sed
3324 2502 3556 2573 pleniter

1978 2582 2137 2638 nobis
2159 2584 2434 2653 poscimus
2473 2587 2733 2644 intimari.
2759 2588 2895 2645 Nam
2921 2590 3047 2648 licet
3079 2607 3267 2650 omnes
3296 2596 3553 2668 arguendi

1980 2674 2089 2729 sint
2119 2674 2190 2731 ob
2236 2676 2413 2732 nimiae
2455 2693 2703 2751 soporem
2754 2680 2995 2750 desidiae,
3035 2684 3206 2740 multo
3249 2695 3426 2742 tamen
3478 2686 3556 2742 illi

1979 2769 2221 2825 severius
2250 2772 2577 2856 increpandi
2609 2774 2689 2829 vel
2730 2776 3062 2845 percutiendi
3113 2779 3430 2847 consistunt,
3462 2779 3556 2850 qui

1981 2860 2140 2915 toties
2162 2861 2325 2945 etiam
2347 2877 2378 2916 a
2408 2862 2562 2919 nobis
2587 2864 2720 2919 moti
2752 2866 2973 2922 excitari
3014 2869 3271 2938 pestifero
3321 2871 3556 2941 torporis

1981 2965 2169 3007 somno
2197 2953 2432 3024 depressi
2472 2953 2761 3025 refugiunt.
2795 2954 2902 3012 Sed
2950 2959 3261 3031 priusquam
3290 2961 3557 3019 veraciter

1980 3043 2081 3097 hos
2105 3058 2479 3112 agnoscamus,
2504 3045 2637 3100 nihil
2662 3047 2728 3102 de
2770 3047 2858 3103 his
2882 3048 3213 3105 deﬂuitivum
3253 3051 3555 3108 deliberare

1980 3149 2205 3205 prorsus
2236 3136 2500 3203 absentia,
2534 3153 2628 3193 seu
2672 3139 2850 3208 potius
2879 3140 3203 3212 ignorantia,
3225 3140 3433 3210 justitia
3475 3142 3555 3198 di-

306 3243 489 3313 randis
515 3225 775 3301 Romanis
801 3240 1030 3312 legibus,
1060 3240 1116 3295 in
1141 3237 1448 3309 hujusmodi
1489 3236 1877 3294 controversiis

1982 3231 2185 3291 ctante,
2210 3225 2491 3295 permittit.
2522 3226 2782 3298 Optamus
2803 3229 3028 3302 gloriam
3050 3241 3284 3286 vestram
3319 3231 3371 3286 in
3396 3230 3556 3287 Chri-

306 3333 679 3405 requiruntur.
696 3330 912 3388 Verum
937 3332 1055 3387 haec
1076 3346 1184 3387 non
1213 3340 1274 3385 ut
1312 3329 1448 3385 ﬁant
1485 3328 1738 3394 dicimus,
1760 3341 1881 3398 quat

306 3428 426 3484 sine
468 3412 694 3483 decreto.
713 3424 798 3481 vel
828 3425 1165 3482 ordinatione
1204 3431 1390 3480 nostra
1423 3422 1543 3478 ﬂeri
1589 3437 1695 3477 non
1722 3434 1882 3491 posse

305 3536 469 3592 supra
514 3521 834 3576 docuimus:
859 3520 955 3576 sed
997 3528 1057 3575 ut
1100 3519 1448 3575 ostendamus
1496 3531 1656 3587 quem
1702 3515 1878 3587 legum

305 3611 617 3669 conﬂictum
644 3609 936 3665 Lotharius
974 3608 1231 3680 congredi
1260 3622 1421 3678 posse
1459 3612 1728 3671 autumat,
1756 3619 1881 3658 cum

304 3716 613 3775 personam,
640 3715 801 3772 quam
830 3699 887 3755 in
913 3700 1025 3756 suis
1057 3697 1427 3771 penetralibus
1459 3696 1702 3768 quotidie
1756 3692 1883 3749 fati-

308 3804 421 3868 gat,
469 3791 705 3865 quotidie
751 3792 1026 3859 conterit,
1067 3791 1282 3863 quando
1336 3789 1451 3845 vult
1504 3789 1572 3844 ad
1615 3787 1882 3860 judicium

310 3885 514 3950 educit,
543 3882 760 3954 quando
811 3880 926 3937 vult
979 3881 1044 3936 ad
1107 3880 1343 3936 claustra
1400 3879 1630 3945 reducit,
1666 3887 1722 3935 et
1758 3894 1881 3934 cum

309 3976 502 4033 educta
526 3975 708 4041 fuerit,
745 3975 849 4031 nisi
871 3989 937 4031 ea
973 3973 1289 4046 proﬁteatur
1316 3989 1437 4045 quae
1466 3975 1583 4044 ipse
1606 3989 1879 4045 praecepe-

319 4074 429 4131 rat,
454 4066 575 4135 quis
598 4073 683 4122 est
710 4064 802 4135 qui
842 4065 1023 4121 dicere
1054 4065 1226 4136 possit
1252 4065 1469 4136 quantis
1495 4064 1651 4121 malis
1707 4065 1879 4120 intro-

310 4158 468 4214 ducta
496 4155 862 4213 submittitur?
885 4156 1126 4227 Propriae
1147 4157 1309 4228 igitur
1328 4155 1564 4212 libertati
1594 4154 1879 4221 committi,

307 4252 461 4309 etab
488 4250 634 4307 omni
682 4250 1031 4322 oppressione
1080 4264 1146 4306 ac
1194 4256 1460 4321 potestate
1515 4249 1707 4319 ipsius,
1759 4262 1882 4303 cum

310 4362 417 4418 quo
449 4347 616 4402 initur
639 4344 940 4412 conﬂictus,
983 4351 1194 4415 oportet
1222 4343 1461 4409 liberari,
1490 4351 1655 4414 atque
1683 4343 1735 4397 in
1770 4343 1885 4398 suis

314 4438 541 4495 licenter
568 4438 665 4503 uti,
700 4445 755 4494 et
780 4445 1062 4509 suspectas
1108 4450 1371 4508 personas
1417 4434 1672 4491 convenit
1716 4432 1884 4489 declin-

315 4545 463 4595 nare,
489 4545 607 4600 quae
628 4544 687 4585 se
712 4530 779 4585 ab
808 4528 1036 4600 objectis
1068 4528 1355 4585 ostendere
1379 4527 1528 4596 cupit
1566 4526 1880 4581 immunem.

1982 3326 2067 3375 sto
2092 3335 2235 3375 nunc
2270 3330 2326 3374 et
2363 3335 2577 3392 semper
2614 3321 2756 3378 bene
2804 3323 3007 3390 valere,
3051 3323 3399 3380 dilectissime
3454 3322 3551 3380 ﬂli.

1981 3409 2115 3467 Data
2145 3426 2238 3468 vm
2267 3410 2534 3468 Kalendas
2562 3411 2908 3481 Februarias,
2941 3415 3240 3474 indictione
3267 3432 3358 3472 xv.

2657 3553 2889 3610 CXLIX.
2962 3590 2965 3593 -

2445 3681 2515 3722 AD
2548 3681 2858 3723 ιοτιιιιιιυι
2894 3680 3089 3724 REGEI.

2589 3778 2770 3852 (Anno
2795 3779 2944 3853 867.)

1985 3890 2138 3960 Quod
2162 3891 2485 3963 Theutberga
2516 3891 2674 3964 taedio
2698 3892 3243 3964 aﬂiictjionumgcoutra
3287 3909 3342 3948 se
3385 3893 3554 3964 ipsum

2052 3964 2244 4034 scribat
2257 3980 2276 4027 ;
2303 3962 2547 4016 ueterum
2568 3962 2780 4034 dissolbi
2800 3962 2912 4033 ejus
2932 3962 3231 4034 conjugium
3252 3980 3354 4019 non
3383 3962 3554 4034 posse,

2054 4035 2156 4087 nisi
2186 4033 2468 4119 Lothurius
2495 4032 2726 4089 caelibem
2746 4050 2945 4105 quoque
2966 4032 3125 4119 vitam
3153 4032 3423 4105 spondeat.

2056 4145 2334 4202 Lo-rmtmo
2397 4145 2631 4216 glorioso
2685 4144 2832 4220 [edit.
2891 4145 3046 4202 Rom.
3066 4186 3083 4215 ,
3140 4142 3555 4220 gloriosissimo]

1986 4240 2121 4311 regi.

2054 4333 2272 4400 Audito,
2297 4341 2601 4389 revertente
2638 4333 2805 4390 misso
2825 4342 3033 4401 nostro,
3064 4333 3418 4391 correctionis
3447 4340 3556 4390 tum

1984 4435 2046 4482 ut
2071 4428 2143 4482 ita
2170 4427 2414 4484 dicamus
2434 4427 2611 4493 initio,
2639 4428 2839 4499 gratias
2865 4425 2978 4484 Deo
3005 4427 3300 4499 condignas
3328 4425 3557 4499 egimus,

1985 4524 2042 4571 et
2079 4523 2140 4571 ut
2183 4516 2281 4572 tibi
2318 4531 2530 4587 quoque
2574 4525 2755 4588 grates
2797 4517 3168 4588 competibiles
3209 4514 3559 4581 referremus,
3599 4509 3606 4517 ’

315 4622 419 4679 Sed
439 4585 553 4691 jam
578 4631 654 4687 ut,
680 4620 754 4676 ﬁli
781 4585 1119 4687 cha'rissime,
1147 4620 1388 4692 epistolae
1410 4585 1571 4675 finem
1590 4632 1877 4689 ponamus,
1909 4585 1963 4647 Β
1985 4606 2222 4661 animum
2252 4585 2690 4678 ριέὲρδέθνίηἶυε.
2742 4605 2868 4674 Sed,
2899 4585 3041 4662 lien!
3095 4606 3320 4661 adversa
3372 4604 3560 4666 nuntia

313 4730 526 4785 semper
547 4729 643 4769 vos
669 4713 796 4769 illud
823 4714 964 4784 quod
1009 4714 1075 4769 de
1102 4714 1238 4769 bene
1273 4720 1531 4784 operante
1578 4712 1738 4767 beato
1778 4709 1880 4767 Job

314 4822 474 4877 supra
505 4806 1067 4872 commemoravimus,
1096 4806 1357 4871 recolere,
1388 4820 1602 4877 semper
1630 4804 1687 4858 in
1717 4818 1881 4860 causa

315 4900 614 4968 saepedicttc
641 4897 840 4968 reginae
883 4896 1081 4952 habere
1126 4913 1238 4968 prae
1282 4897 1455 4953 oculis
1485 4898 1835 4953 admonemus
1864 4912 1879 4950 :

315 4990 443 5060 quia
463 4987 665 5044 frustra
694 4986 959 5043 laudabile
998 4988 1126 5059 quid
1162 4989 1387 5060 geritur,
1443 4989 1486 5044 si
1538 4987 1747 5043 cunctis
1772 4986 1885 5041 die-

316 5082 419 5137 bus
464 5082 660 5151 quibus
706 5079 861 5145 vivit,
919 5080 1022 5136 boc
1077 5096 1182 5136 non
1227 5080 1543 5151 exsequitur
1585 5087 1882 5150 operator:

319 5179 484 5243 atque
526 5171 797 5227 incassum
844 5171 897 5225 in
938 5171 1115 5227 stadio
1146 5173 1340 5239 currit,
1383 5172 1475 5242 qui
1506 5179 1794 5240 antequam
1820 5168 1888 5224 ad

319 5263 658 5335 designatum
697 5262 980 5332 perveniat
1022 5262 1198 5317 locum
1244 5263 1568 5319 succumbit.
1615 5260 1888 5329 Scriptum

318 5355 516 5426 quippe
539 5364 620 5409 est
649 5340 671 5410 :b
704 5352 794 5408 Va:
814 5354 905 5424 qui
931 5353 1267 5425 perdiderunt
1307 5352 1670 5408 sustinentium
1695 5348 1884 5419 (Eccli.

322 5446 406 5514 ιιι).
444 5445 548 5501 Vos
570 5454 745 5500 autem
764 5446 839 5500 sic
867 5445 1083 5512 currite,
1114 5455 1171 5499 ut
1196 5444 1642 5516 comprehendatis
1680 5441 1732 5514 (1
1763 5440 1887 5498 Cor.

321 5537 422 5606 rx).
448 5537 577 5604 Quae
602 5538 859 5608 praeterea
889 5539 955 5594 de
981 5536 1270 5593 Waldrada
1318 5538 1530 5592 mmcha
1566 5544 1621 5591 et
1666 5550 1888 5591 excom-

298 5629 594 5681 Jmunieata
624 5629 1041 5693 decreverimus,
1077 5644 1173 5683 vos
1220 5645 1325 5683 non
1364 5628 1510 5682 latet.
1567 5626 1696 5695 Quae
1737 5639 1888 5693 vero,

323 5717 575 5787 quoniam
599 5714 753 5773 nobis
793 5733 901 5775 non
942 5718 1302 5774 annuentibus
1332 5718 1385 5772 in
1413 5716 1639 5772 Galliam
1683 5716 1891 5771 habita-

324 5821 443 5869 tura
494 5813 791 5883 repedavit,
830 5826 994 5884 super
1044 5830 1107 5871 ea
1155 5813 1417 5887 episcopis
1460 5812 1606 5880 regni
1649 5807 1890 5864 Lotharii

1984 4696 2252 4752 venientia
2281 4693 2438 4764 hujus
2465 4695 2777 4752 intentionis
2799 4705 2998 4751 nostra
3016 4694 3291 4765 pr0posito
3313 4692 3563 4749 celeriter

1985 4789 2288 4847 obviarunt.
2316 4786 2656 4858 Quapropter
2694 4784 2958 4857 compulsi
2998 4799 3182 4840 sumus
3210 4792 3422 4839 mutare
3468 4796 3560 4837 vo-

1986 4895 2125 4947 cem,
2148 4890 2205 4936 et
2230 4880 2322 4951 qui
2352 4881 2419 4934 ad
2448 4880 2741 4950 gratiarum
2770 4878 3013 4933 actiones
3038 4892 3101 4932 os
3138 4877 3349 4946 aperire
3376 4874 3561 4945 dispo-

1988 4989 2291 5038 sueramus,
2316 4972 2369 5028 in
2393 4972 2571 5027 luctus
2618 4980 2673 5025 et
2708 4969 3102 5039 increpationes
3127 4969 3303 5024 adhuc
3328 4966 3559 5029 ollicium

1988 5070 2181 5140 lingua:
2210 5068 2383 5124 coacti
2429 5067 2733 5138 dirigimus.
2776 5064 3052 5136 Siquidem
3086 5063 3366 5135 epistolam
3416 5080 3562 5122 nunc

1990 5161 2350 5234 suggestionis
2384 5159 2739 5230 Theutbergze
2776 5158 3023 5229 gloriosae
3073 5156 3272 5229 reginae
3318 5156 3559 5222 missam,

1990 5256 2354 5313 deferentibus
2402 5254 2590 5326 legatis
2644 5254 2785 5325 ejus,
2839 5251 3190 5322 suscepimus,
3220 5264 3381 5321 quam
3426 5245 3563 5305 nihil

1991 5346 2243 5402 intimare
2276 5345 2575 5416 reperimus
2604 5341 2824 5409 litteris,
2873 5341 2979 5398 nisi
3006 5342 3147 5413 quod
3196 5339 3272 5395 illi
3319 5352 3564 5396 asserere

1968 5438 2313 5517 .videbantur
2339 5437 2539 5494 verbis.
2577 5435 2779 5493 Verum
2827 5437 2880 5491 in
2928 5444 3157 5507 utroque
3204 5434 3563 5506 obstupefacti

1990 5531 2197 5602 pariter
2213 5540 2269 5586 et
2296 5529 2478 5585 mirati
2513 5543 2700 5585 sumus
2732 5546 2745 5582 :
2778 5536 2937 5599 atque
2973 5535 3082 5582 tam
3106 5534 3328 5598 repente
3359 5523 3482 5596 styli
3509 5532 3565 5579 et

1990 5624 2267 5696 petitionis
2319 5631 2540 5679 mutata:
2585 5637 2775 5680 sensus
2812 5622 3241 5695 perpendentes,
3288 5614 3421 5674 nihil
3456 5613 3566 5670 tale

1994 5716 2140 5771 illam
2175 5716 2332 5772 nobis
2369 5716 2649 5771 intimasse
2692 5729 2906 5785 quoque
2945 5712 3068 5786 [al.,
3096 5721 3331 5781 quoquo,
3362 5702 3561 5779 litium]

1992 5819 2232 5882 tempore
2278 5807 2620 5865 recoluimus.
2656 5806 2931 5880 Siquidem
2977 5819 3098 5860 cum
3130 5801 3195 5857 ad
3242 5798 3561 5857 relationem
