4060 6338
502 325 642 389 1147

1852 327 2124 386 NICOLAI
2161 325 2361 385 ΡΑΡᾸΞ
2399 327 2420 382 1

3673 325 3859 383 1148

499 425 743 506 omnium
771 458 929 518 pene,
958 444 1048 516 qui
1073 458 1139 500 ex
1157 442 1454 502 Gallicanis
1499 453 1555 501 et
1605 444 1946 502 Germanicis
1998 447 2158 508 re-A
2187 451 2421 507 mortua,
2470 450 2523 496 tu
2576 440 2738 498 nullis
2783 439 3009 510 legibus,
3066 440 3226 498 nullis
3281 441 3486 516 regulis
3542 458 3854 514 unquam

502 539 752 614 gionibus
783 537 1011 592 Romam
1033 535 1294 590 orationis
1331 536 1504 608 gratia
1531 536 1774 598 veniunt,
1821 535 1902 588 vel
1953 534 2090 588 mul-

505 641 686 688 torum
724 629 830 684 illic
880 627 1210 700 degentium,
1257 629 1441 683 oculos
1491 628 1689 683 mentis
1744 626 2086 692 inﬂect.imus,

502 724 792 796 plurimum
817 722 1018 776 distare
1042 721 1427 791 conspiciu‘tus,
1457 723 1598 791 quod
1627 721 1740 792 ipsa
1783 736 1926 774 nunc
1957 721 2090 774 dun-

508 825 658 872 taxat
685 814 973 884 signiticat,
1019 821 1075 867 et
1116 813 1258 882 quod
1299 813 1352 868 hi
1383 827 1572 875 omnes
1618 813 1856 884 quotidie
1898 825 2091 881 propc-

510 908 726 962 modum
758 903 939 960 verbis
978 912 1032 958 et
1084 903 1329 973 apicibus
1373 905 1606 957 inuuunt
1639 921 1651 956 :
1687 903 1886 973 quippe
1927 916 2088 970 quam

505 1001 826 1056 inremotam
891 997 1068 1052 cuncti
1138 997 1513 1063 alllictionem,
1568 1014 1631 1054 ac
1699 997 2089 1052 intolerabilem

503 1105 838 1162 pressuram,
891 1089 1222 1158 nimiamque
1275 1089 1584 1143 violentiam
1638 1089 1747 1158 pati
1801 1097 2086 1152 testantur,

504 1185 752 1254 quamvis
806 1183 894 1237 illa
928 1192 1137 1246 contra,
1177 1195 1370 1252 sponte
1410 1199 1474 1238 ac
1521 1183 1752 1242 libenter
1778 1197 1808 1238 a
1842 1184 1986 1253 regia
2012 1181 2092 1234 di-

503 1275 708 1347 gnitate
751 1275 874 1330 exui
909 1291 966 1329 se
1011 1274 1146 1328 vclle
1182 1291 1246 1328 ac
1279 1284 1467 1346 optare
1505 1273 1736 1332 fateatur
1775 1283 1827 1329 et
1877 1273 2090 1343 copula.

505 1363 636 1432 Quae
661 1363 736 1419 illi
767 1365 980 1433 quidem
1009 1363 1184 1429 aliter,
1211 1364 1324 1418 haec
1353 1379 1478 1418 vero
1507 1364 1664 1418 aliter
1684 1362 1939 1434 prosequi
1969 1378 2013 1417 Ct
2034 1378 2088 1416 r-

507 1455 679 1521 nitur,
727 1455 804 1509 ita
852 1465 909 1508 ut.
963 1455 1206 1510 muniunt
1257 1455 1648 1510 assertionibus
1702 1455 1946 1525 lcgaliter
1975 1463 2092 1510 ate

507 1546 766 1609 admissa,
806 1545 990 1616 inique
1037 1546 1229 1602 deinde
1277 1555 1550 1613 accusata,
1599 1547 1822 1618 posthac
1862 1543 2090 1616 judicio,

505 1655 612 1710 quo
636 1639 734 1695 tibi
763 1649 816 1694 et
842 1639 1094 1696 omnibus
1120 1637 1378 1708 subjectis
1411 1639 1531 1705 tuis,
1561 1655 1766 1694 necnon
1791 1650 1845 1694 et
1887 1641 2093 1711 episco-

507 1733 592 1804 pis
615 1731 834 1802 placuit,
858 1731 1135 1786 evidenter
1159 1730 1459 1804 puriticata,
1497 1731 1688 1786 deinde
1725 1734 1964 1788 secundo
2009 1747 2088 1790 re—

509 1821 692 1892 pulsa,
729 1829 1002 1892 postremo
1029 1821 1252 1878 monitis
1287 1832 1342 1876 et
1369 1823 1587 1877 decreto
1634 1833 1841 1888 nostro,
1891 1823 2096 1893 parier
2123 1814 2169 1875 B

509 1899 567 1969 et
603 1915 818 1969 hortatu
863 1913 954 1967 filii
1001 1913 1169 1970 nostri
1220 1913 1538 1968 excellentis
1568 1913 1816 1984 Augusti,
1851 1911 1977 1984 jure
2010 1929 2090 1969 re-

509 2017 662 2074 cepta
715 2003 944 2060 dicatur.
998 2003 1115 2072 Ipsa
1160 2011 1339 2058 autem
1388 2004 1474 2059 his
1519 2003 1768 2058 ou‘tnibus
1821 2003 2093 2060 contraria

511 2112 656 2153 nunc
683 2096 896 2162 eli'ecta,
933 2106 989 2151 et
1033 2111 1143 2152 suae
1184 2097 1352 2166 ipsius
1392 2095 1558 2152 oblita
1607 2094 1971 2167 profectionis,
2003 2111 2095 2152 ue-

509 2194 716 2248 scimus
735 2204 854 2261 quae
877 2189 1068 2244 frivola
1093 2189 1329 2245 fateatur
1357 2207 1370 2246 :
1403 2205 1524 2262 qua:
1555 2189 1806 2245 videlicet
1843 2190 2096 2246 nolumus

509 2297 860 2354 exaggerare,
887 2280 1014 2352 quia
1036 2281 1286 2338 nolumus
1311 2297 1645 2352 supervacue
1666 2281 1934 2338 laborare.
1952 2281 2090 2336 Didi-

507 2376 682 2432 cimus
707 2386 885 2433 tamen
914 2372 1205 2429 multorum
1235 2373 1405 2430 relatu
1449 2390 1512 2432 ac
1568 2372 1753 2429 multis
1776 2373 2010 2440 iudiciis,
2044 2382 2096 2429 te

509 2462 575 2520 ad
603 2465 958 2520 imitationem
979 2479 1168 2523 eorum
1197 2479 1520 2522 conversum
1547 2465 1612 2520 de
1657 2465 1853 2536 quibus
1884 2473 2098 2536 aposto-

507 2559 686 2615 lorum
717 2559 970 2632 princeps
1010 2559 1141 2615 dicit
1180 2573 1196 2615 :
1230 2556 1287 2614 Si
1315 2560 1455 2614 enim
1502 2557 1815 2630 refugientes
1865 2556 2097 2628 conqui-

510 2654 744 2708 nationes
768 2653 950 2708 mundi
969 2653 1023 2712 in
1045 2652 1392 2724 cognitionem
1417 2650 1625 2705 Domini
1657 2649 1820 2706 nostri
1841 2661 1886 2705 et
1907 2647 2100 2705 Salua-

511 2744 638 2798 toris
673 2742 804 2799 Iesu
851 2741 1071 2809 Christi,
1123 2744 1202 2798 Itis
1250 2759 1435 2796 rursus
1481 2741 1721 2812 impliciti
1759 2751 2097 2811 superantur,

510 2833 652 2905 facta
675 2844 795 2891 sunt
841 2835 916 2890 eis
942 2835 1234 2906 posteriora
1284 2833 1547 2888 deteriora
1577 2831 1854 2903 prioribus.
1907 2830 2100 2888 Melius

507 2929 648 2983 enim
676 2937 786 2984 erat
825 2926 934 2982 illis
985 2943 1090 2982 non
1139 2941 1447 2998 cognoscere
1495 2926 1633 2980 vium
1672 2925 2100 2996 justitiw,quam

510 3028 625 3088 post
672 3018 990 3089 agnitionem
1040 3027 1324 3071 retrorsum
1367 3018 1552 3071 reverti
1590 3017 1656 3071 ab
1699 3033 1780 3079 eo.
1809 3016 1948 3087 quod
1993 3015 2099 3070 illis

516 3108 771 3164 traditum
797 3117 873 3163 est
895 3117 1074 3162 sancto
1092 3107 1360 3162 mandato.
1389 3107 1649 3177 tontingit
1670 3109 1807 3162 enim
1834 3106 1940 3162 illis
1966 3105 2100 3162 illud

512 3199 619 3252 veri
647 3197 926 3268 proverbii,
981 3198 1126 3252 canis
1167 3213 1403 3252 reversus
1447 3197 1514 3251 ad
1561 3213 1714 3252 suum
1747 3198 2016 3266 vomitum,
2052 3207 2100 3253 et
2129 3179 2175 3244 C

513 3299 604 3340 sus
625 3285 734 3340 lota
753 3285 810 3339 in
837 3286 1104 3342 volutabra
1133 3287 1248 3342 luti.
1278 3286 1597 3356 Didicimus,
1632 3289 1874 3359 inquam,
1906 3298 1981 3356 te,
2009 3291 2102 3360 qui

515 3375 727 3446 prolixo
758 3384 1002 3448 tempore
1028 3377 1082 3432 in
1113 3376 1319 3434 scelere
1347 3393 1694 3449 permanens,
1723 3379 1978 3438 Ecclesiae
2004 3383 2102 3440 Dei

439 3455 445 3458 ’
516 3483 624 3525 non
648 3466 918 3525 modicum
945 3468 1202 3534 nocuisti,
1227 3482 1425 3528 mare
1454 3471 1655 3538 adhuc,
1680 3479 1738 3526 et
1769 3473 1860 3541 qui
1893 3472 1946 3526 in
1988 3487 2104 3529 sor-

519 3561 677 3617 dibus
702 3576 846 3626 eras,
879 3562 1192 3620 sordeseere
1215 3563 1416 3620 adhuc.
1439 3563 1508 3622 Et
1529 3573 1679 3620 certe
1708 3565 1760 3620 in
1791 3568 2106 3624 reversione

518 3653 681 3726 legati
736 3653 908 3710 nostri
946 3663 998 3710 te
1041 3663 1350 3726 correptum
1406 3657 1704 3724 audientes,
1751 3658 1892 3714 ultra
1941 3675 2104 3730 quam

519 3745 626 3802 diei
652 3743 829 3800 valeat
853 3743 1266 3812 exsultavimus,
1282 3756 1338 3802 et
1351 3748 1702 3818 omnipotenti
1729 3749 1954 3805 Domino
1979 3767 2104 3822 gra-

517 3838 624 3893 tias
679 3836 974 3892 immensas
1023 3836 1308 3896 retulimus
1359 3855 1372 3892 :
1419 3847 1672 3912 putantes
1726 3841 1992 3908 videlicet,
2041 3844 2108 3898 de

514 3925 873 3998 apprehensis
891 3943 922 3982 a
945 3935 998 3983 te
1022 3924 1264 3987 benestis
1293 3929 1556 3996 moribus,
1578 3930 1794 3999 tandem
1819 3931 2108 4002 aliquando

520 4017 874 4087 ﬂagrantiam
893 4017 949 4072 in
973 4018 1196 4075 odorem
1223 4021 1506 4078 suavitatis
1527 4021 1594 4076 ad
1612 4021 1895 4078 Dominum
1922 4024 2106 4097 dirigi,

521 4119 630 4166 neu
660 4107 907 4164 fmtorem
935 4110 1002 4165 de
1027 4111 1232 4166 iterata:
1255 4111 1510 4182 nequitiae
1546 4122 1650 4170 tute
1681 4115 1982 4172 colluvione
2011 4133 2110 4190 per

522 4200 781 4256 mundum
813 4201 954 4256 ultra
987 4201 1240 4274 dispergi.
1276 4202 1384 4260 Sed
1434 4203 1572 4260 heu!
1612 4221 1645 4262 e
1689 4209 1982 4276 contrario,
2009 4225 2110 4282 pro

522 4291 678 4349 suavi
704 4291 872 4348 odore
894 4291 1075 4360 fartor,
1106 4308 1212 4350 non
1248 4295 1301 4350 in
1331 4311 1440 4368 quo
1495 4298 1822 4357 currendum
1879 4299 1972 4366 sit,
2015 4302 2111 4359 sed

523 4386 614 4458 qui
647 4393 758 4441 tota
786 4383 1073 4442 velocitate
1101 4385 1380 4458 fugiendus
1421 4389 1642 4456 existat,
1674 4407 1798 4448 ecce
1825 4393 1924 4450 hac
1961 4393 2112 4458 illae-

523 4493 632 4553 que
667 4479 1002 4536 diffunditur.
1046 4479 1347 4552 Siquidem,
1401 4494 1459 4540 ut
1504 4487 1810 4557 epiuamur,
1857 4491 1951 4548 tibi
2003 4509 2107 4550 non

525 4571 720 4628 Sollicit
746 4571 916 4628 solum
951 4573 1276 4630 adulterium
1307 4589 1672 4648 perpetrasse,
1719 4582 1822 4637 nisi
1868 4601 2108 4655 apponas

524 4674 586 4719 ut
618 4661 781 4719 etiam
813 4664 1023 4720 animas
1065 4664 1342 4722 hominum
1373 4665 1593 4738 perjurii
1616 4670 1823 4741 laqueis
1868 4674 2108 4740 irretitus

525 4752 583 4811 in
609 4764 912 4812 extremum
943 4755 1224 4830 demet-gas
1249 4756 1550 4816 interitum.
1585 4760 1694 4824 Sed
1721 4765 1846 4834 quid
1887 4768 2108 4840 mirum,

526 4843 572 4900 si
613 4859 911 4916 paucorum
957 4847 1239 4904 animabus
1275 4865 1374 4922 per
1419 4853 1718 4926 perjurium
1757 4859 1980 4915 exitium
2023 4879 2110 4920 ac—

526 4934 761 5004 quisisti,
790 4935 1006 5005 quando
1049 4937 1104 4992 in
1161 4947 1310 4996 tanta
1357 4942 1688 5002 sublimitate
1736 4951 1966 5020 positus,
2014 4970 2111 5025 per

528 5025 835 5098 exemplum
861 5037 963 5086 tua:
993 5031 1239 5090 ultr-Chiae
1271 5045 1350 5092 tot
1387 5036 1666 5096 hominum
1697 5043 1864 5100 millia
1896 5045 1948 5101 in
1990 5063 2112 5118 per-

527 5119 749 5176 ditionis
776 5121 942 5179 chaos
964 5127 1426 5200 praacipitaveris?
1453 5130 1587 5188 Nam
1611 5135 1814 5205 majora
1844 5136 1972 5193 facit
2001 5141 2108 5196 cri-

527 5212 678 5266 mina
717 5211 1019 5272 sublimitas
1045 5219 1387 5292 dignitatum.
1418 5221 1550 5278 lllud
1579 5235 1781 5292 autem,
1803 5231 1952 5298 quod
1977 5245 2111 5300 prte-

528 5303 802 5360 nominata
825 5309 1008 5378 regina
1031 5313 1184 5381 quasi
1213 5311 1518 5370 Waldrada:
1545 5317 1907 5376 testimonium
1935 5322 2114 5390 perhi-

527 5397 644 5466 bet,
675 5401 860 5460 dicens
885 5418 1004 5461 eam
1035 5406 1202 5462 fuisse
1233 5416 1378 5464 tuam
1413 5425 1635 5468 uxorem
1670 5412 1986 5483 legitimam,
2021 5427 2116 5473 aut

527 5490 719 5559 invita,
747 5505 840 5550 aut
863 5495 1065 5553 frustra
1095 5510 1322 5554 conatur
1339 5504 1618 5558 adstruere
1641 5523 1654 5560 :
1681 5508 1896 5576 quando
1921 5509 2112 5577 ,uidem

527 5583 674 5650 illius
703 5587 850 5642 nullo
892 5604 1116 5659 prorsus
1159 5590 1284 5645 hinc
1331 5595 1639 5651 testimonio
1684 5599 1806 5669 quis
1852 5599 2110 5672 indigeat.

528 5675 666 5732 Cum
717 5683 888 5753 magis
915 5695 1012 5736 nos
1041 5683 1113 5736 ita
1137 5685 1432 5742 Sentiamus
1490 5691 1876 5762 quodjustum,
1929 5705 1984 5749 et
2035 5695 2112 5750 ita

520 5763 900 5847 intelligamus
924 5774 1067 5848 quod
1089 5791 1302 5852 aequum
1331 5786 1432 5849 est,
1475 5782 1720 5838 utetiam
1766 5781 2107 5862 Tlaeutberga

2135 4545 2189 4605 D

2193 534 2540 589 Waldradam
2571 536 2622 588 in
2651 549 2876 588 uxorem
2907 533 3080 604 possis
3123 542 3217 588 aut
3258 535 3622 604 permittaris
3659 553 3858 591 assu—

2189 642 2358 682 mere.
2386 625 2580 682 Utrum
2605 641 2734 693 ergo
2769 624 3058 679 Waldrada
3090 625 3326 696 legitima
3356 637 3446 681 tua
3496 627 3702 681 fuerit
3733 627 3855 682 ali-

2192 719 2408 787 quando
2433 717 2646 786 conjux.
2669 716 2902 770 Ecclesia
2927 716 3019 770 Dei
3039 714 3407 770 satisfactione
3421 715 3591 772 Thcu
3604 719 3854 786 tlzerga

2193 824 2298 862 non
2327 817 2468 878 eget.
2513 807 2687 861 Lnum
2738 818 2916 862 tamen
2965 809 3184 871 scimus,
3221 809 3480 889 quoniam
3524 824 3652 864 nec
3705 823 3846 871 nos,

2195 917 2296 955 nec
2327 904 2514 955 eadem
2547 909 2732 954 sancta
2759 900 3020 964 Ecclesia,
3067 910 3288 958 auctore
3332 900 3464 966 Deo,
3508 905 3618 972 qui
3668 902 3850 956 adul-

2191 1001 2338 1047 teros
2387 991 2673 1059 judicabit,
2725 1004 2794 1056 te,
2844 993 2885 1047 si
2947 991 3294 1048 Waldradam
3347 995 3850 1065 quandocunque

2194 1085 2568 1155 resumpscris,
2609 1085 2772 1138 etiam
2805 1083 3145 1156 Theutberga
3193 1086 3516 1149 decedente,
3554 1085 3847 1141 dimittet

2192 1178 2368 1232 modis
2388 1175 2638 1231 omnibus
2671 1176 3006 1246 impunitum.
3033 1175 3166 1230 lllnd
3194 1191 3320 1231 vero
3343 1179 3492 1246 quod
3521 1176 3682 1231 dicit
3721 1175 3846 1231 Ro-

2193 1284 2336 1322 mam
2369 1284 2427 1323 se
2459 1267 2592 1323 velle
2621 1269 2826 1333 venire,
2856 1268 3117 1337 nobisque
3142 1269 3424 1340 passiones
3450 1280 3511 1325 et
3543 1271 3840 1340 (tuaedam

2195 1367 2409 1414 secreta
2441 1359 2522 1414 sui
2571 1361 2809 1430 pectoris
2851 1376 3123 1425 reserare,
3159 1361 3271 1416 fieri
3331 1378 3436 1415 non
3482 1362 3832 1417 (cnvenit:

2193 1453 2452 1523 quoniam
2484 1461 2538 1507 et
2568 1453 2830 1508 securitas
2857 1453 3087 1517 itineris,
3112 1468 3272 1522 quam
3295 1455 3622 1524 prmtendit,
3661 1454 3833 1510 nulla

2194 1553 2311 1608 est;
2347 1551 2400 1598 et
2440 1542 2676 1613 quandiu
2707 1543 2995 1600 Waldrada
3027 1545 3104 1600 ita
3144 1545 3240 1600 tibi
3285 1545 3442 1616 juxta
3475 1547 3672 1614 posita
3711 1560 3830 1612 est,

2197 1633 2394 1689 diaboli
2421 1635 2656 1690 versutia
2683 1651 2788 1690 non
2829 1638 3022 1691 abesse
3065 1637 3421 1692 convincitur.
3457 1639 3606 1694 Dum
3659 1641 3827 1696 enim

2198 1726 2538 1800 Theutberga
2572 1728 2819 1794 discedit,
2864 1729 3152 1784 Waldrada
3201 1731 3594 1787 incutietanter
3645 1747 3827 1790 accc-

2198 1821 2275 1876 dit
2313 1839 2326 1875 :
2358 1822 2612 1888 nimirum
2633 1821 2757 1892 quia
2789 1823 2914 1876 dum
2951 1821 3037 1877 lex
3066 1822 3368 1894 repellitur,
3410 1825 3824 1895 praevaricatio

2197 1912 2797 1968 confestiminducitur.
2839 1914 3107 1971 Caeterum
3139 1916 3262 1986 quis
3314 1917 3536 1988 ignorat
3592 1918 3820 1974 Theat-

2196 2003 2418 2074 bergam
2470 2003 2584 2060 bch
2614 2013 2800 2060 contra
2852 2020 2912 2060 se
2953 2006 3140 2062 multis
3192 2009 3460 2077 pressaris
3509 2009 3818 2066 subactam

2199 2093 2490 2166 deponere,
2519 2109 2584 2150 ac
2631 2094 2933 2152 innumeris
2981 2097 3137 2153 malis
3173 2099 3439 2166 attritum,
3480 2100 3598 2155 imo
3652 2117 3814 2158 mor-

2199 2186 2268 2241 tis
2306 2186 2600 2258 periculum
2639 2187 3040 2255 formidantem,
3081 2190 3223 2260 quod
3249 2190 3365 2246 solo
3409 2190 3524 2247 Deo
3561 2193 3811 2250 custode

2199 2277 2516 2348 frequenter
2541 2279 2739 2345 evasit,
2768 2281 3046 2336 asserere?
3071 2281 3205 2337 Cum
3232 2283 3416 2348 etiam,
3451 2294 3510 2336 ut
3537 2283 3816 2356 praedixi-

2201 2379 2344 2434 mus,
2367 2387 2506 2444 pene
2534 2388 2723 2430 omnes
2755 2374 2992 2445 religiosi
3017 2383 3073 2430 et
3097 2375 3230 2430 clari
3271 2376 3375 2432 viri
3405 2375 3718 2434 Galliarum
3753 2387 3816 2434 et

2200 2460 2508 2520 Germaniae
2549 2465 2666 2520 haec
2696 2465 2771 2522 ita
2822 2481 2883 2524 se
2924 2465 3124 2522 habere
3167 2467 3434 2523 relatione
3483 2477 3808 2537 testentur;

2203 2553 2336 2607 adeo
2365 2565 2424 2611 ut
2448 2553 2563 2610 haec
2601 2569 2744 2622 eam,
2773 2571 2894 2628 qua:
2921 2540 3330 2630 nunescripsit,
3362 2558 3522 2614 nobis
3557 2559 3815 2631 scriptu-

2202 2657 2318 2697 ram
2350 2642 2466 2700 for'e
2497 2658 2624 2702 ante
2651 2646 2880 2703 multum
2916 2651 3177 2722 temporis
3221 2651 3653 2721 praescierimus.
3699 2650 3811 2710 Ve-

2203 2751 2324 2791 rum
2348 2753 2445 2793 nos
2471 2739 2632 2794 talem
2657 2740 3049 2800 confessionem
3073 2741 3213 2813 ejus,
3230 2759 3527 2814 quamnon
3551 2746 3812 2802 voluntas

2203 2828 2300 2884 sed
2329 2829 2411 2884 vis
2430 2832 2681 2898 extorsit,
2709 2847 3050 2905 nequaquam
3081 2851 3182 2907 pro
3215 2836 3561 2896 etmfessioue
3605 2838 3810 2909 recipi-

2203 2935 2346 2975 mus.
2409 2919 2773 2990 Quamobrem
2843 2927 3086 2996 quisquis
3143 2936 3332 2984 contra
3394 2929 3805 3000 'l‘beutbergam

2206 3011 2336 3083 agit,
2365 3027 2470 3067 non
2495 3012 2668 3070 solum
2694 3015 2988 3072 Ecclesiam
3021 3019 3115 3076 Dei
3145 3021 3386 3092 graviter
3414 3020 3577 3086 Ludit,
3607 3037 3802 3078 verum

2205 3104 2368 3160 etiam
2401 3107 2584 3164 sedem
2613 3110 2980 3180 apostolicam.
3017 3111 3172 3184 cujus
3205 3111 3472 3184 judicium
3509 3130 3619 3170 non
3671 3115 3802 3171 licet

2208 3205 2527 3268 retractare,
2551 3201 2904 3266 vehementer
2925 3203 3184 3264 adversus
3213 3220 3273 3264 se
3299 3221 3644 3264 commovere
3669 3223 3799 3265 con-

2207 3287 2470 3358 vincitur,
2493 3293 2749 3362 quoniam
2773 3295 2864 3352 illa
2887 3312 2956 3352 ex
2980 3306 3210 3372 utraque
3229 3307 3724 3371 parteprovocata,
3742 3301 3796 3358 id

2207 3387 2294 3434 est
2317 3388 2426 3436 tam
2457 3397 2487 3436 a
2514 3390 2566 3437 te
2588 3400 2749 3454 quam
2777 3402 2808 3440 a
2830 3385 3197 3461 'l‘beutberga,
3223 3388 3376 3460 cuius
3395 3392 3563 3448 vestri
3595 3393 3796 3464 negotii

2207 3479 2515 3536 exsecutrix
2534 3475 2706 3554 [Edit.
2728 3479 2912 3549 Rom,
2937 3484 3310 3560 interpretrix]
3335 3495 3392 3544 et
3417 3487 3800 3558 iuteremptrix

2207 3565 2398 3624 effecta
2443 3579 2545 3628 est.
2584 3569 2705 3628 Jam
2735 3588 2864 3630 vero
2887 3575 2932 3632 si
2960 3576 3150 3632 eadem
3195 3576 3540 3650 Theutberga
3567 3577 3796 3634 Bonnam

2206 3661 2393 3716 venire
2416 3661 2679 3733 disponit,
2701 3673 2756 3720 et
2777 3663 3050 3722 licentiam
3088 3683 3121 3723 a
3151 3677 3226 3734 te,
3272 3667 3504 3740 conjuge
3542 3669 3796 3726 videlicet

2209 3769 2326 3817 suo,
2351 3754 2730 3826 proﬁciscendi
2752 3757 2945 3830 adepta
2973 3758 3154 3827 fuerit,
3175 3761 3440 3818 securitas
3459 3769 3542 3817 est
3563 3762 3614 3816 ei
3639 3777 3796 3833 pror-

2209 3859 2302 3900 sus
2326 3846 2631 3900 certissima
2664 3847 2969 3916 tribuenda,
2994 3866 3098 3921 qua
3129 3850 3267 3908 freta
3303 3869 3574 3924 nusquam
3594 3862 3798 3912 metuat

2210 3949 2268 3989 se
2281 3949 2378 4006 per
2398 3935 2670 3991 hominem
2693 3936 2896 4008 aliquid
2917 3938 3155 3996 incidere
3165 3939 3417 3998 laesionis.
3443 3939 3598 4010 Quod
3619 3944 3790 3999 omni-

2211 4042 2282 4083 no
2316 4043 2420 4083 non
2450 4029 2735 4098 provenire
2761 4031 3072 4108 poteritnisi
3103 4031 3392 4090 Waldrada
3407 4035 3632 4091 Romam
3647 4037 3793 4107 prius

2210 4121 2476 4188 mittatur,
2507 4131 2562 4180 et
2596 4123 2661 4178 de
2688 4138 2752 4179 ea
2778 4121 2920 4194 quod
2948 4127 3274 4184 conveniens
3299 4130 3372 4184 sit
3399 4126 3795 4190 dilliniaturmt

2212 4211 2285 4268 ita
2312 4213 2526 4270 demum
2559 4215 2681 4272 talis
2711 4216 3068 4276 immanitatis
3097 4221 3366 4278 certitudo
3405 4223 3788 4295 subsequatur,

2209 4314 2272 4386 pt
2297 4307 2582 4376 saepedicta
2613 4305 2958 4382 Theutberga
3013 4326 3114 4367 nec
3152 4313 3393 4381 veniens,
3426 4330 3525 4371 nec
3551 4331 3789 4374 commo-

2214 4415 2360 4468 rans,
2392 4417 2494 4460 nec
2524 4405 2772 4474 rediens,
2818 4407 3038 4478 aliquod
3084 4410 3328 4482 patiatur
3367 4411 3783 4470 incommodum.

2215 4491 2366 4566 Quod
2393 4496 2440 4552 si
2469 4497 2693 4552 minime
2731 4513 2830 4570 pro
2870 4494 3237 4572 repellenda'a
3279 4513 3333 4560 te
3371 4506 3595 4562 sinistra
3620 4507 3788 4576 suspi-

2219 4587 2374 4644 cione
2407 4590 2722 4660 promiseris
2759 4606 2940 4663 agere,
2985 4596 3303 4651 cessandum
3351 4606 3459 4665 est,
3501 4613 3570 4654 ne
3601 4598 3786 4656 talibus

2215 4677 2424 4734 fraudis
2455 4680 2664 4736 insidiis
2691 4683 3124 4754 acquiescanms,
3145 4687 3474 4744 omnimodis
3493 4704 3788 4758 praecaven-

2214 4770 2362 4826 dum.
2393 4771 2580 4844 Tuque
2609 4790 2826 4832 summo
2869 4778 3049 4834 studio
3071 4777 3354 4849 praefatam
3397 4779 3785 4854 Theutbergatn

2211 4864 2494 4937 conjugem
2527 4876 2672 4922 tuam
2703 4877 2958 4940 tanquam
2989 4871 3260 4942 propriam
3285 4887 3506 4930 camena
3529 4871 3706 4930 fovere
3724 4887 3787 4930 ac

2213 4957 2434 5030 diligere
2479 4969 2789 5029 procurate,
2840 4969 2896 5018 et
2941 4977 3010 5018 ne
3056 4962 3200 5017 illam
3253 4965 3495 5034 separari
3525 4979 3556 5018 a
3589 4975 3641 5021 te
3687 4963 3785 5022 ullo

2211 5057 2370 5120 pacto
2399 5051 2727 5116 consentias,
2767 5050 3055 5122 vigilanter
3095 5054 3331 5124 attende.
3369 5053 3522 5115 Unde
3550 5054 3598 5109 si
3630 5054 3785 5112 vulta

2215 5145 2266 5192 te
2293 5139 2590 5205 discedere,
2619 5139 2994 5212 corripe,.imo
3019 5143 3228 5214 corrige
3250 5159 3395 5213 eam,
3427 5155 3484 5201 et
3515 5162 3548 5202 a
3579 5145 3667 5202 tali
3704 5145 3782 5204 ia-

2212 5231 2452 5288 tentione
2501 5247 2599 5302 per
2644 5234 2825 5289 omnia
2872 5242 3056 5307 satage
3113 5253 3388 5294 revocare.
3429 5236 3549 5294 Jam
3597 5253 3718 5294 vero
3741 5235 3784 5297 si

2216 5338 2403 5380 amore
2432 5326 2706 5394 pudicitia:
2735 5329 3132 5398 scparatioucm
3163 5329 3382 5400 quaerit,
3416 5339 3470 5385 et
3506 5329 3784 5400 oonjugalis

2219 5419 2475 5472 connubii
2505 5418 2826 5475 solutioaem
2857 5419 3134 5494 elllagitat,
3161 5433 3370 5477 certum
3409 5432 3519 5488 est,
3542 5421 3785 5494 Apostolo

2218 5513 2566 5581 pratdicanle,
2599 5513 2855 5581 quoniam
2888 5513 3081 5568 mulier
3105 5514 3186 5569 sui
3211 5513 3457 5585 corporis
3480 5523 3781 5585 potestatem

2219 5619 2324 5656 non
2349 5604 2530 5668 habet,
2555 5606 2648 5659 sed
2675 5607 2772 5658 vir.
2799 5604 2998 5660 Verum
3023 5607 3064 5660 si
3087 5618 3142 5663 et
3166 5607 3278 5678 ipse
3299 5607 3614 5677 pudicitiam
3632 5614 3784 5662 secta-

2221 5705 2305 5751 tus
2334 5695 2607 5763 religionis
2633 5697 2855 5753 obtentu
2879 5699 3124 5770 copulam
3148 5699 3444 5756 dissolvere
3466 5699 3568 5766 vis,
3591 5710 3783 5758 tantum

2219 5802 2288 5846 ne
2333 5787 2606 5848 simultate
2637 5789 2751 5864 ﬁat,
2803 5792 3170 5852 concedimus.
3211 5790 3346 5850 Nam
3375 5791 3505 5852 licet
3539 5792 3782 5870 scﬁptutu
