4060 6338
251 361 285 417 i
300 360 420 419 M9
1458 358 1816 418 EPISTOLrE

1930 358 1943 415 ς
1988 357 2325 448 osanna
3397 370 3533 429 uso

251 477 361 542 sit,
425 475 578 544 Quod
611 475 748 530 Deus
777 477 1069 545 conjunxit,
1103 475 1256 531 homo
1304 491 1408 529 non
1457 485 1679 545 separet,
1710 474 1851 531 Deus
1879 477 1927 537 Α
1955 472 2197 529 mulieris
2254 485 2540 544 passione,
2598 478 2656 527 et
2718 472 2785 526 ad
2845 468 3115 545 sulfureos
3175 468 3429 538 fictores,
3484 481 3540 527 et

252 575 460 621 tamen
500 575 685 623 etnon
712 568 873 624 homo
899 577 1136 639 separat,
1192 569 1406 639 quando
1437 568 1603 624 divini
1650 567 1855 624 amoris
1956 562 2259 623 brevissimi
2301 563 2557 634 temporis
2591 563 2875 630 desiderio,
2924 564 3137 621 vinctus
3175 571 3231 620 et
3271 564 3541 636 obligatus

249 655 497 724 intuitu,
526 673 596 714 ex
622 673 886 715 consensu
919 661 1196 729 utriusque.
1236 658 1479 730 conjugis
1508 659 1852 714 matrimonia
1956 655 2023 710 ad
2070 672 2308 726 perenne
2355 657 2590 713 traharis
2638 657 2878 713 exitium.
2941 657 3187 713 Deterius
3232 659 3429 731 quippe
3484 660 3547 715 in?

249 749 659 805 dissolvuntur.
694 752 753 807 Si
782 768 911 824 ergo
951 753 1054 808 hoc
1088 751 1248 808 modo
1280 752 1379 815 vis,
1402 768 1508 833 ’nos
1552 760 1705 822 grato
1730 767 1852 822 ρει·-
1953 749 2166 820 populis
2214 749 2419 820 praelati
2475 750 2790 821 delinquunt
2827 769 2839 804 :
2884 765 2947 806 ac
2984 767 3080 822 per
3120 751 3225 808 hoc
3269 752 3369 823 ipsi
3416 768 3539 808 crus

248 843 535 899 mittimus
565 846 769 910 animo,
816 847 1157 917 celeremque
1197 846 1497 915 prtehemus
1544 860 1846 900 assensum.
1952 842 2124 897 delius
2181 858 2343 913 quam
2400 842 2583 897 caeteri
2642 842 2955 913 puniuntur.
3018 840 3125 899 Sed
3176 852 3235 897 ut
3285 843 3540 901 manifes-

244 937 439 992 Aliter
464 948 643 994 autem
700 941 815 996 ﬁeri
875 950 1115 995 mutuam
1166 950 1401 995 vestram
1449 938 1847 1009 separatiouem
1952 932 2057 987 litis
2102 948 2229 987 Vera
2273 949 2370 988 nos
2414 933 2596 989 dicere
2641 935 2804 999 scias.
2840 933 3057 989 beatum
3106 950 3299 1007 papam
3336 934 3537 1009 Grego-

243 1029 653 1097 prohibemus:
680 1031 948 1102 siquidem
978 1032 1235 1101 scriptum
1265 1030 1521 1102 legimus:
1553 1030 1717 1084 Erunt
1740 1030 1847 1086 duo
1949 1022 2089 1078 ι’ἱαιη
2141 1026 2264 1080 audi
2288 1066 2304 1092 .
2354 1026 2444 1097 qui
2480 1026 2556 1080 ait
2593 1046 2605 1081 :
2648 1025 2800 1083 Scire
2827 1028 3025 1083 etenim
3065 1028 3268 1100 praelati
3300 1029 3531 1096 debent,

243 1118 308 1171 in
347 1135 512 1176 carne
536 1139 657 1178 una.
687 1123 838 1192 Quod
864 1125 1021 1179 divus
1057 1123 1351 1193 Gregorius
1370 1122 1842 1192 exponitdiceus:
1948 1119 2074 1187 quia
2127 1120 2170 1175 si
2225 1136 2478 1190 perversa
2540 1138 2775 1192 unqmm
2825 1131 3167 1195 perpetrant,
3218 1130 3298 1177 tot
3349 1123 3538 1178 morti-

247 1206 311 1263 Si
353 1209 523 1280 igitur
568 1212 653 1265 vir
694 1224 748 1267 et
778 1227 916 1266 uxor
965 1229 1068 1268 una
1115 1228 1242 1266 caro
1284 1221 1430 1277 sunt,
1459 1220 1514 1265 et
1570 1211 1846 1281 religionis
1947 1208 2049 1265 bus
2091 1211 2235 1281 digni
2286 1220 2435 1278 sunt,
2479 1222 2613 1284 quot
2654 1213 2719 1267 ad
2763 1213 3008 1268 subditos
3047 1227 3179 1269 suos
3219 1213 3536 1284 perditionis

244 1312 421 1353 causa
455 1301 538 1354 vir
565 1303 791 1357 dimittit
819 1318 1073 1375 uxorem,
1094 1302 1176 1357 vel
1209 1302 1401 1359 mulier
1429 1304 1604 1359 virum
1644 1303 1696 1358 in
1744 1304 1845 1360 hoc
1945 1304 2191 1373 exctnpla
2225 1305 2615 1361 transmittunt.
2647 1303 2799 1361 Unde
2827 1321 3046 1362 necesse
3091 1315 3174 1361 est
3203 1315 3259 1361 ut
3288 1313 3443 1360 tanto
3474 1320 3535 1364 se

242 1392 462 1445 mundo
488 1405 876 1453 remanentem.
910 1394 991 1449 vel
1039 1395 1267 1450 fortasse
1299 1397 1365 1450 ad
1394 1396 1577 1450 illicita
1611 1397 1844 1466 migran-
1945 1395 2158 1450 cautius
2198 1395 2423 1466 a-culpa
2471 1396 2797 1463 custodiant,
2839 1406 3041 1467 quanto
3078 1412 3175 1469 per
3202 1412 3366 1467 prava
3412 1410 3535 1468 qua

244 1488 389 1545 tem,
417 1496 537 1549 qua:
573 1494 657 1538 est
687 1485 789 1539 ista
835 1486 1141 1551 conversio,
1176 1487 1228 1539 in
1268 1502 1370 1555 qua
1413 1502 1515 1541 una
1547 1487 1844 1557 eademque
1945 1484 2149 1543 faciunt
2197 1504 2302 1543 non
2359 1487 2456 1543 soli
2516 1489 2840 1545 moriuntur.
2896 1488 3021 1545 Haec
3065 1499 3245 1543 autem
3289 1504 3389 1544 nos
3435 1484 3531 1543 tibi

242 1587 405 1635 caro,
445 1582 499 1628 et
546 1589 610 1629 ex
657 1587 810 1645 parte
850 1579 1045 1633 transit
1094 1580 1162 1632 ad
1209 1580 1622 1642 continentiam,
1670 1589 1724 1635 et
1773 1596 1840 1636 ex
1945 1593 2087 1634 nunc
2117 1580 2419 1649 scripsisse,
2466 1589 2521 1635 et
2556 1581 2709 1651 quasi
2755 1579 2895 1634 inter
2930 1597 3027 1635 nos
3064 1591 3118 1636 et
3157 1590 3210 1636 te
3241 1581 3401 1634 vcrha
3431 1594 3532 1656 n9-

240 1675 405 1735 parte
430 1682 677 1725 remanet
704 1672 755 1725 in
783 1672 1110 1743 pollutione?
1142 1673 1197 1729 Si
1231 1691 1358 1731 vero
1385 1676 1626 1746 utrisque
1645 1693 1842 1733 come-
1942 1678 2053 1724 stra
2084 1686 2339 1726 excessus
2367 1681 2490 1726 tuos
2514 1671 2860 1742 corripientia
2909 1671 3234 1727 discurrisse
3276 1668 3527 1726 suﬁiciat.

242 1756 367 1810 niat
414 1759 782 1816 continentem
834 1764 1000 1819 vitam
1050 1766 1283 1832 dueere,
1336 1768 1438 1822 hoc
1477 1769 1599 1837 quis
1645 1769 1841 1825 audeat
1942 1760 2209 1818 Caeterum
2264 1779 2506 1835 praecave
2546 1764 2829 1835 nequando
2870 1765 3045 1829 nobis,
3078 1765 3371 1821 secundum
3423 1764 3531 1820 Do-

241 1851 548 1906 accusare?
594 1856 810 1922 quando
876 1867 1082 1912 (τρι-ιιιηι
1139 1869 1223 1913 est
1278 1860 1420 1928 quod
1498 1860 1838 1929 omnipotens
1870 1849 1913 1910 Β
1943 1854 2070 1908 mini
2102 1865 2449 1925 praeceptum.
2482 1857 2616 1910 duos
2649 1867 2743 1910 aut
2781 1866 2892 1911 tres
2928 1866 3090 1912 testes
3132 1856 3527 1912 adhibeamus:

243 1940 533 2008 Dominus,
559 1946 647 2014 qui
693 1948 897 2003 minora
947 1952 1236 2017 concessit,
1270 1953 1474 2023 majora
1511 1972 1613 2009 ηοη
1647 1955 1834 2025 proni-
1943 1948 2052 2002 imo
2079 1964 2225 2009 vero,
2257 1964 2322 2001 ne
2350 1950 2451 2003 hoc
2474 1943 2727 2003 Ecclesia:
2766 1958 2967 2004 sanctte
2998 1949 3260 2010 dicamus,
3284 1955 3357 2013 et,
3387 1944 3529 2016 quod

241 2031 383 2087 bttit.
420 2034 589 2092 Porro
644 2039 689 2093 si
744 2042 1003 2098 sterilitas
1046 2056 1368 2111 accusatur,
1410 2048 1584 2118 cogita
1643 2047 1836 2104 Saram

1940 2055 2045 2093 non
2071 2049 2339 2108 optamus,
2372 2040 2439 2096 de
2466 2030 2663 2095 cietero
2707 2038 2805 2096 ﬁas
2849 2040 3059 2096 cunctis
3090 2040 3231 2103 sicut
3277 2040 3532 2096 ethnicus

240 2130 691 2197 nonagenariam,
728 2132 937 2187 Annam
970 2150 1182 2205 quoque
1210 2138 1371 2191 simul
1417 2149 1472 2193 ct
1516 2139 1831 2195 Elisalteth:

754 2141 937 2187 inuam
970 2150 1182 2205 quoque
1210 2138 1371 2191 simul
1417 2149 1472 2193 et
1516 2139 1831 2195 Elisalteth:
1937 2139 1989 2184 (ξι
2019 2130 2357 2199 ν¹¹¹¹¹ίο³¹ῖ¹¹5·

238 2232 404 2287 quam
435 2229 613 2275 tamen
642 2223 980 2278 sterilitatem
1015 2225 1246 2282 fortasse
1275 2243 1379 2283 nou
1416 2229 1542 2283 facit
1585 2230 1830 2285 infecun-

2007 2220 2177 2276 Porro
2235 2221 2611 2277 excellentiam
2664 2230 2899 2278 vestram
2949 2224 3271 2289 hortamur,
3314 2228 3374 2276 ut
3425 2221 3529 2279 hoc

238 2311 406 2380 ditas,
435 2316 526 2369 sed
561 2316 837 2386 iniquitas.
897 2319 970 2373 De
1009 2319 1129 2375 aliis
1170 2330 1446 2390 postremo
1500 2324 1664 2388 vitiis,
1706 2324 1830 2379 audi
1936 2314 2216 2383 exemplar
2257 2313 2497 2385 cpistola:
2528 2315 2595 2368 ad
2636 2313 2949 2369 Lotharium
3001 2315 3202 2378 missae,
3245 2326 3529 2384 quousque

238 2404 372 2471 quid
414 2405 653 2461 cmlestis
680 2406 1015 2463 bibliotheca:
1043 2410 1216 2465 cultor
1248 2412 1391 2466 dicat
1432 2413 1825 2485 Hieronymus:
1935 2404 2085 2459 illum
2116 2407 2317 2462 nostris
2347 2407 2564 2462 monitis
2607 2406 2829 2462 obedire
2875 2407 3113 2478 perfecte
3141 2405 3525 2479 cogitaveritis,

239 2491 439 2557 Grave,
473 2496 666 2565 inquit,
700 2498 908 2566 pondus
935 2515 1164 2556 uxorum
1186 2513 1291 2567 est,
1319 2504 1384 2568 si,
1413 2515 1635 2573 excepta
1667 2520 1831 2561 causa
1935 2496 2074 2565 apud
2108 2512 2223 2561 vos,
2252 2497 2467 2552 nemine
2504 2497 2609 2552 alio
2638 2498 2865 2564 sciente,
2915 2498 3213 2553 retineatis.
3252 2495 3307 2551 Si
3333 2505 3523 2552 autem

239 2587 639 2654 fornicationis,
666 2606 761 2644 eas
788 2590 1059 2647 dimittere
1088 2609 1194 2647 non
1224 2595 1366 2649 licet.
1411 2594 1549 2663 Quid
1592 2596 1735 2651 enim
1783 2596 1831 2652 si
1933 2602 2045 2642 $1133
2074 2587 2424 2642 ObSlillalioni
2457 2603 2562 2641 "0"
2598 2588 2847 2653 cesserit,
2878 2594 2927 2642 (τί
2966 2603 3086 2657 quae
3108 2587 3157 2641 εί
3185 2586 3251 2641 ad
3284 2597 3524 2657 1³1⁵³⁸⁸⁸³⁵

242 2678 541 2731 temulenta
573 2677 753 2743 fuerit,
795 2680 842 2735 si
879 2680 1160 2747 iracunda,
1195 2683 1239 2738 si
1285 2684 1442 2739 malis
1490 2685 1752 2749 moribus,
1783 2685 1831 2742 si

1932 2678 2233 2749 dirigimus,
2277 2676 2539 2750 perlicere
2568 2678 2859 2743 distulerit,
2894 2680 2978 2733 vel
3025 2678 3069 2734 si
3117 2676 3521 2751 Theutbergam

244 2767 541 2832 luxuriosa,
568 2770 615 2824 si
643 2770 919 2840 gulosa,si
944 2774 1167 2839 vaga,si
1189 2772 1830 2844 jurgatrixetmaledica,
1932 2775 2176 2843 reginam
2228 2774 2412 2830 debito
2470 2773 2675 2828 honore
2722 2790 2826 2829 non
2877 2772 3178 2837 retinuerit,
3219 2781 3400 2829 vestra
3450 2767 3519 2826 ad

245 2859 478 2914 tenenda
522 2861 627 2915 erit
659 2862 1000 2917 istiusmodi?
1046 2864 1308 2930 volumus,
1366 2866 1634 2933 nolumus,
1668 2868 1831 2925 susti-
1930 2866 2171 2919 omnium
2210 2867 2455 2920 notitiam
2479 2907 2495 2932 ,
2536 2882 2657 2936 qua:
2688 2865 2753 2921 de
2783 2880 2847 2922 eo
2877 2864 3185 2929 statuimus,
3228 2862 3389 2919 faciat
3432 2875 3525 2918 vo-

241 2951 417 3006 nenda
449 2961 556 3007 est.
583 2951 717 3007 Cum
748 2954 893 3008 enim
923 2968 1166 3010 essemus
1204 2956 1382 3022 liberi,
1410 2958 1685 3014 voluntate
1729 2974 1829 3016 nos
1929 2956 2048 3011 nire
2083 2958 2409 3023 sublimitas,
2464 2966 2520 3013 et
2562 2955 2714 3026 juxta
2757 2967 2959 3013 nostra:
3006 2972 3252 3011 ecnsurte
3302 2955 3521 3010 modum

244 3043 570 3113 subiecimus
615 3046 884 3112 servituti,
938 3057 994 3103 et
1043 3064 1254 3115 revera,
1295 3059 1354 3105 ut
1399 3051 1579 3107 verbis
1607 3060 1830 3107 utamur
1930 3052 1998 3106 ad
2039 3051 2264 3122 gloriam
2306 3060 2542 3109 vestram
2574 3049 2950 3107 transmissum
2999 3051 3107 3106 huc
3151 3049 3385 3122 illucque
3412 3046 3525 3104 dis-

239 3134 500 3204 Apostoli,
527 3135 775 3206 alligatus
797 3154 850 3192 es
883 3139 1081 3193 uxori?
1103 3139 1211 3195 noli
1232 3157 1467 3211 (ναίειν-ενι»
1489 3142 1824 3196 solutionem.

537 3135 775 3206 alligatus
797 3154 850 3192 es
883 3139 1081 3193 uxori?
1103 3139 1211 3195 noli
1232 3157 1467 3211 (ναίειν-ενι»
1489 3142 1824 3196 solutionem.
1869 3211 1893 3214 ᾗ
1929 3152 2140 3214 pergat.

241 3226 400 3297 Ergo,
455 3229 842 3296 gloriosissime
896 3248 993 3288 rex
1019 3274 1033 3296 ,
1088 3242 1208 3289 esto
1262 3235 1481 3305 propria
1540 3245 1827 3291 contentus
1854 3211 1945 3276 cf
2032 3211 2053 3214 —
2663 3235 2771 3293 CL.

240 3334 426 3385 uxore,
454 3329 509 3376 et
548 3331 750 3392 praeter
778 3322 941 3389 illius,
979 3324 1205 3381 alterius
1238 3342 1473 3396 unquam
1515 3342 1582 3383 ne
1613 3344 1826 3399 quteras
2231 3345 2302 3387 an
2343 3344 2644 3387 ιυυονιοωι
2684 3344 2858 3385 essent
2905 3342 3212 3387 Genuum.

239 3412 583 3515 consortium.
629 3413 693 3468 Et
729 3424 901 3481 certe,
950 3425 1212 3486 quantum
1266 3418 1537 3474 humanus
1578 3419 1825 3477 invenire
2530 3442 2708 3515 (Αηηο
2736 3441 2887 3512 867.)

238 3500 785 3609 suﬂicit'intellectus,
819 3507 1011 3563 eadem
1040 3510 1235 3609 crebro
1278 3520 1577 3566 memorata
1629 3511 1824 3567 mulier
1929 3534 1995 3592 υ,
2027 3537 2337 3609 Lamum-ml,
2369 3539 2441 3592 ad
2470 3500 2797 3609 άξξίρεηάωη
2844 3500 3223 3609 Ἱίικαιιετοαεη
3280 3539 3516 3609 mitur;

236 3608 340 3649 non
374 3594 549 3649 solum
579 3596 765 3653 insons
810 3613 952 3671 saepe
996 3601 1345 3671 comprobata
1391 3611 1494 3669 est,
1526 3618 1713 3658 verum
1767 3612 1823 3659 et
1991 3619 2192 3679 pergat.
2216 3618 2263 3662 et
2288 3594 2648 3679 IngeltrudEm
2676 3608 2746 3663 ad
2773 3607 3033 3664 Batonem
3066 3594 3315 3665 m'art'tum
3344 3594 3517 3663 redire

235 3682 486 3740 Ecclesiae
515 3686 794 3752 auxilium,
846 3699 1009 3759 atque
1055 3689 1317 3759 judicium
1365 3709 1689 3762 provocasse
1732 3694 1817 3749 di-
1996 3677 2293 3749 εοηφεηαι·

238 3774 532 3844 gnoscitur.
566 3774 790 3847 Insuper
829 3787 884 3833 et
928 3781 1101 3836 sancti
1143 3781 1511 3852 apostolorum
1557 3783 1821 3854 principis
2423 3765 2599 3838 [Ᾱβυά
2628 3766 2823 3833 Mam-iit
2847 3766 3004 3841 ίθίάο]

238 3866 380 3923 Petri
427 3870 735 3940 praesidium
779 3872 1061 3944 expetivit.
1116 3873 1271 3930 Unde
1316 3875 1473 3931 sedes
1525 3875 1820 3946 apostolica
1996 3857 2268 3917 Νιοοιλυδ
2287 3860 2599 3931 episcopus,
2628 3874 2817 3917 Servus
2845 3874 3123 3918 servorum
3166 3858 3287 3928 θεῖν
3317 3857 3517 3918 (Μαίη

239 3975 452 4016 causam
477 3971 712 4018 vestram
736 3979 835 4035 per
862 3965 1033 4035 ipsam
1058 3965 1226 4036 cmpit
1259 3967 1551 4032 discutere,
1582 3978 1636 4023 et
1659 3967 1820 4038 quid-

1165 3965 1226 4021 ,ει
1259 3967 1551 4032 δίκαιοι-ε,
1582 3978 1636 4023 ει
1659 3967 1820 4038 quid-
1924 3950 2036 4006 lilio
2069 3952 2343 4008 Luoovtco
2371 3952 2604 4025 glorioso
2634 3954 2768 4024 regi.

236 4052 359 4125 quid
388 4054 701 4123 quaestionis
728 4058 1063 4121 emersisset,
1096 4057 1316 4129 speciali
1355 4058 1560 4128 judicio
1602 4074 1701 4115 suo
1735 4074 1820 4114 re-

1993 4042 2289 4099 Precamur
2319 4044 2605 4099 amabilem
2654 4042 2994 4100 dilectionem
3033 4051 3269 4098 vestram
3324 4050 3385 4098 ut
3423 4054 3514 4098 re~

235 4160 448 4201 servare
473 4148 771 4217 pronosuit.
804 4147 919 4216 Qua
944 4149 1011 4204 de
1034 4164 1094 4205 re
1118 4167 1222 4205 non
1254 4162 1508 4221 putamus
1537 4160 1590 4209 te
1612 4151 1668 4207 in
1692 4161 1816 4207 tan-

1921 4153 2041 4209 gem
2072 4135 2387 4192 Lotharium
2446 4153 2672 4193 monere
2713 4136 2860 4193 nullo
2902 4146 3062 4207 pacto
3112 4135 3389 4193 desistatis
3451 4138 3512 4189 ut

238 4244 341 4291 tam
380 4237 457 4290 tui
496 4238 792 4308 perniciem
832 4239 1244 4309 devolvendum,
1275 4251 1334 4297 ut
1376 4251 1562 4297 contra
1601 4254 1818 4300 nostras

1921 4232 2155 4286 debitam
2191 4229 2534 4287 dilectionem
2576 4229 2932 4300 Theutbergae
2969 4229 3168 4301 regina:
3206 4227 3364 4284 uxori
3398 4234 3512 4282 sua

236 4323 593 4394 diliinitiones,
631 4328 718 4384 vel
748 4330 1007 4387 adversus
1050 4333 1246 4390 crebro
1289 4333 1487 4389 dictam
1533 4333 1814 4401 feminam,
1921 4338 2135 4395 semper
2158 4321 2433 4392 impendat
2461 4342 2473 4377 ε
2504 4337 2606 4377 “ec
2627 4321 2728 4378 Sibi
2759 4320 3083 4387 δίδηάίθιυνν
3108 4319 3509 4392 quasi'studeﬁ

233 4414 367 4470 beati
403 4414 548 4472 Petri
595 4419 846 4492 confugio
893 4437 1117 4492 prorsus
1167 4423 1428 4491 innixam,
1472 4439 1634 4497 agere
1682 4440 1813 4495 quoc
1918 4432 2039 4471 eam
2078 4429 2272 4487 cogere
2327 4423 2388 4469 ιιι
2438 4415 2654 4484 aliilli0d
2701 4414 2803 4469 Sibi
2861 4414 3068 4470 crimen
3120 4412 3398 4481 ίῐηβῖηῧθίν
3450 4410 3511 4465 ei

235 4524 440 4578 cunque
462 4511 621 4566 modo
646 4514 956 4570 consentias
984 4533 999 4570 :
1030 4530 1150 4571 cum
1179 4518 1274 4572 tibi
1317 4518 1514 4588 potius,
1561 4526 1617 4572 et
1642 4533 1811 4587 regno

1918 4521 2013 4578 per
2047 4506 2148 4561 hoc
2175 4505 2354 4561 valeat
2400 4505 2545 4561 illam
2576 4521 2605 4559 a
2642 4520 2741 4560 suo
2788 4506 3064 4562 consortio
3116 4511 3508 4573 sequestram:

236 4570 531 4669 tum-quam
551 4600 927 4674 Theuthergze,
961 4607 1007 4660 si
1046 4570 1812 4679 adihocitamﬂitniuane
1843 4570 1897 4632 Ῑ)
1920 4570 2175 4671 quoniam
2204 4598 2309 4654 hoc
2332 4614 2432 4654 nec
2465 4598 2579 4667 ipse
2605 4597 2851 4671 legaliter
2890 4610 3050 4668 agere
3098 4570 3378 4666 praevalet,
3405 4605 3509 4651 nec

232 4691 405 4748 culum
429 4693 666 4762 dilapsus
696 4694 883 4761 fueris,
915 4698 1169 4768 acquiras
1191 4701 1413 4756 omnino
1442 4702 1806 4772 dispendium.

1921 4708 2020 4747 nos
2051 4689 2247 4746 talibus
2282 4690 2589 4761 praestigiis,
2620 4702 2673 4745 et
2703 4699 2809 4744 tam
2840 4688 3192 4743 fraudulentae
3222 4685 3506 4742 cnlliditatl

232 4782 393 4854 Igitur
439 4783 723 4839 consilium
770 4795 1015 4843 nostrum
1061 4790 1264 4861 accipe,
1308 4800 1364 4846 et
1400 4793 1600 4847 monita
1629 4801 1814 4848 nostra
1920 4783 2097 4839 locum
2152 4784 2281 4839 dare
2338 4784 2721 4853 permittimus.
2778 4782 2885 4836 Sed
2940 4779 3152 4836 etiamsi
3196 4779 3508 4834 abundante

234 4886 484 4945 tanquam
538 4873 813 4932 aﬂ‘ectuosi
878 4879 1049 4949 patris
1110 4880 1479 4951 amplectere,
1531 4892 1695 4953 atque
1746 4884 1815 4940 ab
1920 4879 2229 4949 iniquitate,
2265 4880 2503 4949 qualibet
2532 4880 2750 4944 astutia,
2790 4878 2970 4947 potius
3000 4884 3178 4930 autem
3226 4872 3503 4940 violentia,

234 4968 372 5023 omni
395 4967 665 5037 pravitate
689 4970 1221 5043 menteut,linguam,
1245 4974 1810 5045 corpusquerel'rzcna,
1921 4971 2027 5027 tale
2074 4972 2201 5042 quid
2250 4971 2553 5027 machinari
2582 4970 2867 5042 potuisset,
2895 4967 3245 5024 Waldratlam
3281 4964 3330 5021 ei
3371 4977 3505 5019 mm-

234 5059 497 5131 praacipue
519 5056 826 5115 Waldrada:
847 5062 1057 5132 pellicis
1079 5071 1199 5126 tum,
1246 5073 1302 5119 ct
1343 5064 1543 5119 dudum
1574 5080 1604 5119 a
1649 5073 1701 5119 te
1730 5082 1813 5123 re-
1921 5063 2104 5128 cham,
2158 5060 2313 5130 cujus
2347 5061 2626 5118 immundo
2677 5059 2949 5115 desiderio
2994 5058 3061 5112 ad
3095 5059 3196 5112 ista
3252 5054 3501 5121 intendit,

233 5151 482 5222 pudiataa,
502 5152 931 5208 communionem
951 5154 1315 5221 declinaus,et
1333 5156 1450 5227 ejus
1478 5158 1810 5213 consortium
1920 5155 2161 5221 anhelat,
2193 5164 2248 5210 et
2278 5154 2559 5224 pervenire
2588 5154 2867 5208 dementer
2894 5152 3131 5217 allectat,
3160 5150 3336 5206 nullus
3367 5164 3501 5205 con-

232 5250 499 5316 perpetua:
531 5242 785 5298 oblivioni
833 5245 1176 5302 contradens.
1226 5246 1700 5303 Excomtnunicata
1726 5256 1812 5303 est
1912 5247 2079 5318 jugali
2126 5246 2329 5301 foedere
2373 5245 2713 5318 permitteret
2762 5244 2980 5311 sociari,
3038 5244 3139 5299 nisi
3193 5243 3334 5299 forte
3380 5241 3503 5311 quis

235 5337 390 5399 enim,
421 5347 475 5392 et
524 5352 695 5408 usque
740 5338 805 5392 ad
854 5339 1193 5408 prrcsentiam
1249 5349 1510 5402 nostram,
1564 5340 1632 5394 ab
1662 5340 1810 5396 omni
1918 5341 2159 5394 onmium
2191 5339 2391 5411 legum,
2420 5339 2523 5395 nisi
2565 5348 2880 5395 cunctarum
2915 5338 3218 5410 regularum
3266 5348 3501 5391 temera-

236 5426 662 5485 Christiauorum
708 5431 1063 5487 contubernio
1109 5442 1465 5502 sequestrata,
1495 5433 1636 5489 sicut
1664 5442 1809 5490 totus
1921 5440 2008 5487 tor
2030 5441 2085 5487 et
2112 5431 2372 5487 infractor
2400 5432 2629 5486 inveniri
2661 5431 2941 5486 voluisset.
2974 5431 3131 5501 Agite
3158 5430 3325 5501 igitur
3348 5428 3496 5485 circa

228 5518 335 5589 jam
375 5522 519 5577 novit
564 5521 829 5580 Occidens
856 5566 870 5590 ,
909 5510 979 5581 et
1023 5524 1135 5595 jam
1178 5524 1400 5596 jamque
1447 5542 1661 5597 quoque
1715 5544 1812 5599 per
1917 5543 2039 5582 eum
2067 5527 2316 5596 benigne,
2349 5526 2685 5597 etquoniam
2716 5525 2857 5581 ﬁlius
2900 5525 3142 5597 germani
3172 5522 3341 5579 vestri
3391 5528 3498 5587 est,

234 5612 424 5669 missos
467 5624 677 5672 nostros
713 5618 935 5674 minime
976 5634 1097 5673 cum
1146 5618 1316 5690 plagis
1366 5621 1577 5675 caeteris
1618 5620 1810 5677 Oriens
1919 5631 2176 5692 tauquam
2203 5636 2265 5676 os
2298 5632 2535 5676 vestrum
2568 5629 2623 5676 et
2650 5635 2869 5676 carnem
2916 5634 3153 5676 monere.
3194 5617 3498 5685 increpare,

236 5713 514 5783 ignorabit.
557 5715 915 5783 Quamobrem
963 5718 1262 5773 cavendum
1309 5727 1409 5779 est,
1466 5734 1533 5771 ne
1577 5732 1700 5773 cmn
1745 5692 1809 5771 ea
1918 5717 2026 5772 imo
2050 5732 2175 5771 vero
2196 5716 2358 5771 etiam
2384 5715 2649 5778 severius,
2676 5715 2973 5783 corripere,
3003 5710 3133 5782 quin
3186 5715 3243 5763 ct
3278 5718 3498 5778 quoquo

233 5805 345 5895 pari
376 5821 632 5866 mucrone
672 5809 983 5884 percellaris
1031 5811 1331 5879 set'ttentite,
1382 5825 1446 5867 ac
1496 5825 1596 5883 pro
1650 5810 1810 5870 unius
1918 5812 2078 5869 modo
2103 5811 2378 5886 corrigere
2413 5810 2695 5878 studeatis,
2723 5806 2920 5865 mentis
2955 5803 3164 5863 scilicet
3198 5798 3315 5874 ejus
3346 5796 3497 5862 salu-
