4060 6338
535 259 666 319 1151

1889 268 2163 332 NlCOLAl
2202 273 2400 333 PAP'JE
2434 275 2454 332 l

3739 271 3908 326 1152

528 385 639 432 tem
669 378 844 452 magis
870 395 1034 452 quam
1059 385 1301 455 corporis
1329 382 1662 446 anhelantes.
1693 389 1998 460 Postremo,
2035 392 2107 447 ﬁli
2133 392 2189 455 Α
2214 393 2526 452 rentissimo
2574 403 2629 450 et
2680 390 3022 451 sanctimlmo
3071 389 3334 446 confratri
3379 397 3602 445 nostro
3674 387 3895 442 Apost

528 472 870 542 charissime,
896 492 1002 534 non
1033 493 1129 535 vos
1150 479 1317 536 latere
1352 483 1648 552 credimus,
1685 495 1817 556 quot
1842 496 1896 542 et
1940 502 2109 558 quan-

529 573 613 622 tos
639 567 853 624 labores
876 586 974 640 pro
1005 571 1187 645 refuga
1219 573 1306 629 illa
1341 575 1569 634 Bosonis
1595 595 1766 636 uxore
1807 595 1950 650 saepe
1978 595 2105 651 per-

526 656 769 724 tulimus,
808 669 862 714 et
901 661 1112 730 quoties
1155 678 1300 730 eam,
1351 675 1411 720 ut
1461 671 1528 722 ad
1565 667 1786 737 iustitiae
1832 673 2104 727 tramitem

526 759 812 818 remearet,
863 753 1159 811 salubriter
1210 757 1652 818 admonuerimus
1695 780 1707 818 :
1765 773 1818 819 et
1873 765 2106 834 qualiter

523 843 686 896 etiam
713 858 818 898 non
849 844 1280 916 resipiscentem,
1318 853 1410 906 sed
1440 853 1682 923 nequitia
1733 871 1829 910 sua
1869 856 2104 926 pertina-

523 935 659 989 citer
694 937 1094 1006 persistentem,
1130 941 1308 1012 gladio
1354 945 1719 1001 anathematis
1766 948 2100 1017 percusseri-

520 1040 659 1081 mus.
684 1024 812 1095 Quae
855 1042 955 1085 nec
1003 1047 1259 1102 percussa
1313 1035 1505 1101 doluit,
1560 1053 1661 1093 nec
1709 1039 1891 1094 attrita
1933 1039 2102 1095 voluit

519 1117 762 1189 recipere
788 1120 1148 1192 disciplinam.
1180 1126 1275 1180 Vir
1298 1136 1478 1182 autem
1506 1129 1642 1199 ejus,
1673 1130 1931 1186 innocens
1956 1131 2102 1186 vide-

517 1209 668 1278 licet,
699 1212 751 1266 in
781 1212 898 1281 ejus
928 1215 1170 1272 absentia
1195 1218 1321 1275 hinc
1347 1219 1471 1276 inde
1511 1221 1839 1278 labore‘non
1886 1225 2098 1280 modico

510 1300 803 1397 fatigatur,
863 1307 1116 1376 quoniam
1168 1323 1271 1365 nec
1319 1310 1422 1382 ipsi
1489 1314 1827 1369 reconciliari
1886 1315 2096 1372 absenti

512 1396 792 1466 praevalet,
838 1414 942 1455 nec
983 1400 1204 1458 alterius
1255 1403 1345 1459 illa
1399 1405 1611 1462 vivente
1656 1409 1990 1463 consortium
2047 1409 2096 1465 ei

513 1486 795 1558 conjugale
821 1493 1157 1548 conceditur.
1189 1493 1304 1562 Qua
1344 1497 1409 1552 de
1438 1513 1496 1552 rc
1541 1500 1795 1568 quoniam
1841 1502 2095 1572 improbi-

513 1586 676 1635 tatem
715 1589 768 1636 et
816 1582 1156 1641 insolentiam
1197 1588 1441 1659 ejusdem
1475 1592 1574 1647 viri
1605 1595 1919 1649 continuam
1949 1596 2091 1664 pati-

509 1685 650 1735 mur,
682 1672 913 1730 volentis
967 1677 1174 1734 scilicet
1227 1681 1485 1738 ardenter
1509 1685 1578 1740 ad
1615 1686 1940 1753 secundum,
1983 1688 2092 1742 imo

2209 486 2616 559 archiepiscopo
2643 486 2921 542 decretum
2951 492 3270 556 perpetuum
3299 480 3631 538 Viennensi
3661 479 3895 536 Eccle-

2207 578 2322 634 size.

2277 670 2431 739 Quod
2457 678 2772 727 reverenter
2792 669 2948 741 petiit
2972 669 3233 724 sanctitas
3263 678 3355 724 tua
3383 683 3412 721 a
3438 667 3589 722 sede
3616 673 3878 735 aposte-

2204 761 2327 826 lica,
2360 770 2415 819 et
2442 761 2720 817 humiliter
2759 757 3142 833 expostulavit,
3173 769 3232 815 ut
3259 759 3640 832 privilegium
3693 757 3872 810 anti—

2204 867 2371 925 quum
2398 868 2430 908 a
2458 853 2702 923 patribus
2731 861 2787 907 et
2831 851 3325 924 przedecessoribus
3369 849 3601 904 nostris
3665 847 3867 901 Vien-

2202 946 2354 1003 nensi
2390 961 2562 1002 sacra:
2591 944 2706 1001 sedi
2739 957 3060 1003 concessum
3106 957 3523 1007 renovaremus,
3561 942 3860 996 auctori-

2203 1045 2286 1093 tas
2313 1035 2471 1106 hujus
2505 1045 2709 1093 sanctae
2758 1037 2936 1103 sedis,
2969 1036 3094 1107 quia
3143 1036 3303 1106 digna
3347 1049 3436 1088 res
3484 1032 3853 1103 petebatur,

2200 1145 2306 1184 non
2343 1128 2552 1184 abnuit.
2603 1127 2758 1185 Sicut
2800 1141 2930 1201 ergo
2969 1129 3037 1184 ab
3079 1127 3524 1183 antecessoribus
3579 1125 3850 1188 nostris,

2199 1221 2514 1278 beatissimo
2560 1222 2768 1278 scilicet
2796 1221 2979 1278 Leone
3007 1228 3062 1275 et
3105 1237 3134 1275 a
3162 1220 3385 1290 reliquis
3413 1233 3563 1290 pene
3612 1219 3698 1272 ad
3733 1235 3845 1273 no-

2199 1323 2309 1370 stra
2341 1324 2604 1384 tempora,
2633 1315 2740 1370 tuis
2769 1315 3207 1370 antecessoribus
3229 1313 3538 1384 praestitum
3573 1319 3686 1366 est
3721 1311 3846 1364 lar-

2198 1407 2399 1479 gitione
2428 1408 2740 1479 apostolica,
2766 1415 2825 1462 ut
2857 1408 2965 1479 juri
3000 1406 3324 1461 Viennensis
3353 1404 3641 1460 Ecclesia
3691 1420 3845 1475 qua-

2197 1509 2320 1554 tuor
2342 1498 2588 1555 civitates
2616 1498 2700 1554 vel
2731 1498 2946 1569 oppida,
2977 1498 3378 1570 Gratianopolis
3411 1499 3674 1563 scilicet,
3721 1499 3837 1554 Va-

2113 1589 2120 1594 ’
2196 1593 2386 1660 lentia,
2415 1593 2650 1657 Genava,
2685 1593 3025 1658 Darentasia,
3061 1601 3317 1664 perpetuo
3359 1591 3644 1660 subjectae
3697 1607 3834 1646 ma-

2194 1693 2408 1749 nerent,
2435 1686 2507 1738 ita
2545 1684 2702 1739 modo
2731 1692 2916 1739 noster
2943 1683 3270 1754 praesulatus
3297 1681 3498 1737 futuris
3534 1682 3832 1752 tempori.

511 1761 579 1817 ad
609 1763 856 1822 illicitum
881 1771 1173 1828 convolare
1214 1777 1565 1843 connubium,
1608 1780 1806 1835 obnixe
1843 1781 2081 1837 dilectio-

2196 1773 2297 1828 bus
2323 1775 2534 1827 ﬁrmum
2570 1783 2624 1829 et
2653 1772 3026 1829 inconvnlsum
3054 1773 3252 1828 durare
3275 1773 3538 1844 pra-senti
3570 1773 3824 1827 decreto

506 1869 632 1911 nem
685 1867 922 1915 vestram
974 1861 1338 1934 deposcimus,
1390 1877 1448 1923 ut
1510 1886 1608 1940 pro
1663 1873 1967 1927 revocanda
2025 1887 2089 1928 ea

507 1959 666 2001 omne
693 1949 929 2005 studium
953 1968 1052 2022 pro
1103 1954 1198 2011 Dei
1244 1972 1429 2014 amore
1461 1963 1708 2027 sumatis,
1741 1963 1989 2032 quinimo
2035 1974 2091 2020 et

505 2043 754 2098 eamdem
801 2046 1072 2114 perditam
1137 2065 1201 2105 ac
1265 2067 1406 2120 saepe
1466 2055 1776 2110 damnatam
1830 2056 2086 2112 feminam

505 2128 706 2187 lucrari
731 2133 959 2193 Domino
985 2139 1234 2208 valeatis,
1269 2144 1343 2198 ita
1378 2153 1433 2198 ut
1467 2146 1510 2200 si
1543 2149 1766 2205 monitis
1786 2142 2084 2219 provocata

503 2220 645 2276 viam
677 2239 787 2281 suae
824 2227 1016 2286 salutis
1047 2247 1152 2287 non
1187 2235 1398 2305 arripit,
1445 2233 1636 2292 saltem
1675 2241 1947 2308 pressuris
1990 2258 2087 2312 per

501 2323 736 2406 vestram
785 2319 1106 2378 industriam
1153 2336 1438 2397 angustata
1486 2331 1816 2401 resipiscat:
1865 2343 1920 2390 et
1964 2351 2085 2406 qua:

500 2404 569 2459 ad
615 2405 950 2466 Dominicam
1001 2429 1215 2472 ccenam
1262 2429 1454 2488 sponte
1501 2422 1704 2479 intrare
1735 2425 1927 2493 noluit,
1957 2404 2082 2482 dum

499 2501 710 2552 tantum
739 2498 924 2568 intret,
956 2505 1042 2560 vel
1078 2509 1438 2579 compellatur
1459 2513 1647 2568 invita.
1689 2515 1823 2570 Nam
1855 2516 1992 2573 forte
2017 2519 2084 2574 de

497 2587 804 2660 hujusmodi
843 2594 1100 2654 Dominus
1125 2615 1222 2669 per
1253 2604 1568 2672 prophetam
1599 2606 1727 2661 dicit
1765 2625 1776 2660 :
1815 2607 1949 2663 Ecce
1989 2627 2082 2680 ego

495 2683 693 2750 sepiam
723 2685 857 2740 viam
882 2697 1027 2743 tuam
1056 2693 1242 2761 spinis,
1281 2704 1328 2748 et
1359 2698 1556 2765 sepiam
1579 2716 1694 2753 eam
1739 2704 1991 2768 maceria,
2033 2713 2082 2758 et

493 2775 707 2830 semitas
736 2793 858 2833 suas
881 2797 985 2836 non
1025 2783 1264 2852 inveniet,
1300 2797 1346 2840 et
1372 2799 1617 2859 sequetur
1645 2802 1904 2848 amatores
1933 2812 2077 2861 suos,

492 2877 540 2921 et
572 2884 677 2922 non
708 2873 1054 2940 apprehende!
1094 2891 1180 2930 eos
1206 2893 1224 2929 :
1248 2890 1442 2948 qureret
1483 2890 1530 2935 et
1567 2899 1669 2937 non
1705 2885 1926 2939 inveniet
1969 2904 2076 2951 eos,

492 2969 540 3014 et
567 2961 701 3015 dicet
724 2976 742 3015 :
779 2961 984 3018 Vadam
1020 2975 1068 3020 et
1095 2980 1326 3022 revertar
1345 2971 1414 3024 ad
1442 2973 1610 3026 virum
1641 2991 1812 3029 meum
1827 2977 2074 3047 priorem,

489 3053 613 3122 quia
645 3055 770 3109 bene
799 3057 928 3111 mihi
952 3068 1062 3113 erat
1103 3070 1226 3115 tunc
1251 3065 1416 3134 magis
1443 3082 1602 3136 quam
1645 3085 1782 3124 nunc
1809 3068 1953 3141 (Ose.
1988 3071 2069 3140 ιι).

492 3143 645 3210 Quod
692 3149 1058 3204 venerandum
1097 3154 1378 3209 oraculum
1417 3157 1463 3212 si
1509 3160 1714 3229 tropice
1753 3161 2071 3230 disseratur,

489 3251 598 3291 non
633 3253 853 3308 parvam
881 3242 1166 3298 utilitatem
1203 3256 1446 3316 generat.
1491 3247 1690 3305 Verum
1721 3268 1863 3308 nunc
1891 3254 2072 3310 brevi-

491 3334 576 3381 ter
601 3327 886 3384 dicendum
914 3341 1020 3400 est,
1045 3335 1299 3405 quoniam
1344 3338 1388 3393 si
1434 3340 1621 3395 eadem
1671 3339 1894 3410 femina,
1935 3323 2074 3402 sicut

489 3434 590 3475 nec
615 3422 794 3490 debet,
825 3425 1025 3482 nullius
1053 3429 1430 3486 communione
1454 3431 1745 3502 frueretur,
1771 3445 1951 3491 etnon
1981 3452 2074 3494 ex-

487 3512 703 3582 quisitis
735 3516 1100 3588 voluptatibus
1133 3522 1424 3591 potiretur,
1462 3525 1507 3579 si
1545 3526 1778 3597 denique
1803 3529 1922 3585 vias
1943 3544 2071 3586 suas

485 3607 656 3676 spinis
681 3621 862 3680 septas
905 3622 1203 3681 pateretur,
1236 3616 1280 3670 si
1330 3617 1383 3670 in
1413 3621 1642 3675 terrenis
1687 3621 1966 3678 desideriis
2005 3624 2072 3680 de

486 3698 922 3771 impossibilitate
969 3705 1297 3775 lassaretur,
1341 3709 1454 3779 jam
1503 3712 1671 3767 Dcum
1719 3713 1960 3784 profecto
2001 3717 2068 3772 ad

484 3802 720 3849 mentem
753 3795 1055 3865 reduceret,
1097 3807 1150 3853 et
1189 3800 1254 3854 ad
1299 3816 1536 3856 amorem
1570 3804 1671 3858 viri
1722 3807 1922 3876 proprii
1982 3807 2069 3862 vel

483 3884 651 3940 invita
691 3889 908 3944 rediret.
938 3889 1028 3947 Sic
1057 3907 1185 3962 ergo
1219 3894 1467 3964 pervicax
1504 3896 1594 3950 illa
1625 3906 1680 3952 et
1719 3898 2067 3968 impaenitens

481 3976 684 4043 anima,
712 3993 831 4047 quae
871 3982 961 4036 diu
989 3993 1072 4040 est
1104 3985 1369 4066 adultera,
1402 3997 1592 4042 conata
1631 3990 1944 4059 persistere,
1987 3993 2067 4047 sic

481 4067 734 4135 fortasse,
760 4072 806 4125 si
847 4083 1025 4131 tamen
1059 4079 1354 4134 necessitas
1378 4081 1428 4135 ei
1465 4096 1564 4152 per
1589 4097 1684 4138 vos
1710 4098 1892 4138 rerum
1922 4085 2064 4141 inte-

480 4155 584 4211 rim
622 4159 957 4219 titulatarum
990 4166 1378 4237 imponeretur,
1404 4169 1578 4227 ﬁdelis
1609 4171 1723 4242 jam
1747 4174 2065 4232 decerneret

477 4261 597 4303 esse
622 4247 838 4318 conjux,
872 4268 991 4323 quae
1028 4259 1224 4315 merito
1264 4275 1328 4316 ac
1360 4262 1624 4318 veraciter
1659 4265 1853 4320 deinde
1882 4266 2064 4324 dicere

476 4349 696 4410 posset:
725 4340 976 4400 Revertar
1016 4349 1085 4402 ad
1117 4351 1283 4405 virum
1310 4369 1480 4407 meum
1509 4355 1755 4424 priorem,
1781 4358 1904 4428 quia
1940 4358 2062 4415 bene

476 4442 588 4486 erat
624 4435 755 4488 mihi
790 4444 912 4492 tunc
949 4440 1116 4510 magis
1145 4459 1302 4512 quam
1334 4463 1490 4500 nunc.
1538 4446 1797 4516 Optamus
1832 4451 2057 4522 gloriam
2085 4473 2140 4535 Β

475 4532 712 4581 vestram
761 4529 903 4586 bene
950 4531 1151 4598 valere,
1185 4534 1535 4594 dilectissime
1564 4538 1658 4593 ﬁli.
1709 4541 1844 4598 Data
1893 4542 2059 4600 Nonis

475 4612 677 4687 Martii,
711 4621 1018 4682 indictione
1038 4643 1130 4684 xv.

1187 4736 1317 4796 CLI.

655 4883 722 4922 AD
761 4884 977 4928 ADONEI
1013 4889 1348 4934 VIBNNENSEK
1386 4895 1864 4941 ARCHIEPISCOPUI.

1071 4987 1248 5060 (Anno
1287 4991 1437 5065 867.)

467 5083 826 5155 Conﬁrmatur
871 5099 1187 5183 auctoritate
1224 5104 1494 5183 pontiﬁcio
1535 5116 1676 5183 vetus
1720 5110 2046 5183 privilegium

897 5171 1241 5240 metropoleos
1288 5171 1614 5232 Viennensis.

965 5279 1143 5353 [Apud
1165 5283 1360 5352 Mansi,
1385 5285 1540 5360 ibid.]

533 5384 807 5448 NICOLAUB
855 5394 1164 5468 episcopus,
1192 5414 1382 5458 servus
1413 5417 1694 5462 servorum
1721 5408 1840 5476 Dei,
1889 5425 2044 5468 reve‘

530 5543 833 5638 fnpptnifum
888 5567 1012 5638 nos.
1040 5564 1270 5638 pertare.
1323 5559 1473 5627 Quod
1517 5565 1616 5620 sub
1671 5565 1832 5623 ﬁnem
1881 5569 2041 5638 hujus

457 5617 697 5699 cpistola}
726 5617 905 5677 facere
934 5617 1156 5699 juli'etur
1175 5617 1609 5699 ﬂincmarus,vut
1647 5617 1865 5694 cani-ad

459 5685 894 5762 archicpiscopos
934 5685 1282 5754 deferendam
1317 5685 1606 5774 cui'etg'id
1649 5685 1875 5779 sunt};

2193 1865 2510 1929 constituit,
2565 1874 2619 1918 et
2663 1873 2724 1918 ut
2774 1864 2843 1918 ad
2896 1872 3219 1933 potestatem
3269 1872 3324 1918 et
3370 1862 3822 1932 dispositionem

2191 1954 2512 2011 Viennensis
2555 1955 2873 2026 metropolis
2919 1956 3226 2026 pertineant
3262 1954 3626 2009 immobiliter
3669 1952 3819 2008 deﬁ-

2189 2046 2343 2100 nivit.
2377 2045 2558 2115 Neque
2597 2055 2776 2100 tamen
2808 2055 3094 2117 propterea
3125 2046 3572 2102 Darentasiensis
3604 2045 3816 2101 Eccle-

2189 2137 2267 2191 sia
2319 2135 2362 2189 si
2409 2135 2628 2205 aliquod
2661 2152 2858 2190 munus
2905 2135 3170 2206 privilegii
3213 2135 3288 2190 illi
3329 2151 3665 2191 concessum
3721 2145 3810 2190 est

2186 2227 2393 2298 perdet,
2427 2227 2551 2296 quia
2587 2243 2686 2282 nec
2724 2228 2826 2283 hoc
2859 2228 3019 2283 modo
3050 2226 3374 2283 Viennensis
3402 2227 3805 2298 archiepisco-

2185 2334 2284 2389 pus
2308 2328 2363 2373 et
2393 2319 2596 2389 primas
2625 2319 2794 2390 ipsius
2818 2335 2848 2373 a
2882 2329 3069 2374 nostra
3095 2321 3422 2375 auctoritate
3452 2321 3798 2389 postulavit,

2185 2421 2245 2467 ut
2278 2413 2465 2468 iisdem
2491 2413 2543 2466 in
2569 2414 2742 2468 tribus
2773 2413 2986 2484 oppidis
3018 2412 3101 2468 vel
3134 2413 3446 2469 civitatibus
3477 2428 3605 2482 quae
3638 2429 3795 2469 nunc

2184 2505 2378 2560 additae
2411 2515 2466 2560 et
2493 2506 2796 2561 commissae
2822 2506 3074 2561 videntur
3106 2522 3213 2562 non
3238 2507 3541 2571 ordinaret,
3576 2516 3637 2562 et
3661 2509 3790 2579 epi-

2182 2611 2374 2666 scopos
2401 2612 2587 2652 eorum
2615 2597 2682 2652 ad
2709 2610 2785 2663 se,
2823 2611 2947 2652 cum
2991 2605 3352 2667 opportunum
3382 2597 3622 2662 videret,
3672 2613 3791 2653 non

2185 2690 2490 2744 advocaret.
2527 2689 2633 2744 Sed
2664 2697 2723 2742 ut
2753 2689 2856 2743 sub
2898 2689 3022 2759 jure
3058 2687 3380 2744 Viennensis
3412 2688 3679 2744 Ecclesia:
3704 2690 3786 2744 ita

2181 2798 2240 2837 se
2268 2783 2502 2852 positum
2533 2797 2750 2852 semper
2773 2781 2930 2848 sciat,
2961 2790 3022 2836 ut
3046 2795 3144 2852 per
3167 2781 3577 2850 dispositionem
3603 2781 3786 2850 ipsius

2180 2873 2295 2928 hmc
2325 2874 2504 2926 omnia
2536 2871 2902 2927 ecclesiastica
2945 2879 3088 2943 agat,
3133 2880 3188 2926 et
3213 2871 3280 2925 ad
3311 2871 3573 2942 synodum
3623 2871 3779 2940 ejus-

2179 2967 2300 3022 dem
2325 2967 2715 3036 archiepiscopi
2747 2977 2802 3022 et
2839 2966 3088 3037 primatis
3130 2973 3355 3020 vocatus
3380 2965 3588 3035 pariter
3644 2980 3776 3020 cum

2179 3061 2380 3116 eisdem
2413 3062 2542 3131 ipsis
2571 3061 2672 3116 sibi
2695 3061 2970 3117 concessis
2991 3069 3278 3126 occurrat;
3311 3067 3386 3124 et,
3413 3066 3680 3129 quantum
3702 3059 3772 3114 ad

2180 3151 2487 3221 generalem
2515 3150 2948 3206 observationem
2973 3151 3188 3212 attinet,
3205 3149 3339 3204 nihil
3363 3159 3562 3220 praeter
3583 3159 3775 3204 aucto-

2180 3242 2396 3295 ritatem
2452 3239 2775 3297 Viennensis
2831 3240 3079 3312 przesulis
3136 3240 3362 3311 deﬁnire
3414 3250 3760 3310 praesumat:

2178 3333 2356 3401 sitque
2403 3331 2700 3397 humiliter,
2724 3331 2866 3387 sicut
2896 3347 2925 3385 a
2955 3341 3161 3387 sanctae
3200 3330 3604 3386 recordationis
3633 3346 3763 3400 pne-

2176 3422 2554 3478 decessoribus
2585 3421 2785 3476 nostris
2817 3421 3036 3476 salubre
3087 3420 3365 3476 ﬁrmatum
3394 3428 3450 3475 et
3495 3428 3764 3476 statutum

2174 3521 2276 3579 est,
2308 3511 2600 3568 Viennensi
2633 3511 2889 3568 Ecclesia:
2920 3512 2992 3566 ita
3036 3512 3346 3582 suppositus
3368 3551 3383 3575 ,
3417 3520 3477 3565 ut
3515 3519 3764 3581 postmo-

2173 3603 2300 3659 dum
2326 3603 2551 3659 liberius
2594 3603 2914 3674 dignitatem
2957 3618 3112 3658 suam
3144 3617 3174 3656 a
3205 3602 3363 3659 nobis
3403 3602 3505 3658 sibi
3534 3617 3762 3658 conces-

2171 3709 2289 3750 sam
2328 3695 2529 3750 habere
2567 3703 2624 3749 et
2670 3702 2856 3749 tenere
2885 3693 3205 3764 praevaleat;
3259 3709 3327 3749 ne
3356 3693 3498 3749 forte
3527 3693 3572 3748 si
3605 3691 3762 3748 aliter

2170 3788 2360 3844 fecerit
2409 3796 2500 3843 aut
2546 3787 2996 3860 praesumpserit,
3045 3801 3151 3842 non
3203 3786 3377 3843 solum
3425 3785 3606 3856 aliqua
3653 3786 3756 3841 sibi

2169 3897 2421 3938 concessa
2452 3883 2684 3946 amittat,
2712 3881 2806 3937 sed
2829 3882 2990 3936 etiam
3015 3890 3237 3952 propter
3259 3880 3752 3952 transgressionem

2167 3981 2222 4028 et
2247 3973 2665 4028 inobedientiam
2698 3973 2885 4029 durius
2915 3973 3203 4028 damnatus
3231 3973 3285 4027 in
3313 3971 3558 4027 futurum
3582 3971 3749 4028 humi-

2165 4065 2346 4122 lietur.
2375 4066 2506 4121 Data
2536 4065 2660 4121 ldus
2691 4063 2838 4133 Jun.,
2873 4065 3168 4121 indictione
3195 4080 3284 4119 xv.

2881 4180 3030 4236 CLII.

2163 4291 2231 4332 AD
2269 4289 2582 4332 HINCIABUI
2615 4292 2686 4332 ΕΤ
2721 4289 2974 4331 ΟΕΤΕΚΟΒ
3020 4287 3298 4329 EPISCOPOS
3336 4286 3390 4327 IN
3429 4283 3603 4328 R3630
3652 4285 3744 4328 CL-

2674 4361 2797 4402 ROLl
2841 4359 3229 4402 CONSTITUTOS.

2767 4440 2943 4512 (Anno
2983 4440 3134 4508 867.)

2165 4531 2397 4658 Exponit
2422 4549 2610 4588 causas
2659 4533 2765 4586 odii
2795 4541 2842 4587 et
2888 4532 3101 4614 invidia:
3149 4528 3454 4609 Graecorum
3494 4527 3737 4609 adversus

2269 4603 2528 4658 ‘cclesiam
2558 4603 2802 4658 Latinam
2833 4617 2851 4655 :
2883 4613 3040 4657 mittit
3086 4600 3298 4655 illorum
3321 4601 3651 4658 obiectiones,
3682 4606 3733 4650 ut

2269 4603 2528 4658 Ecclesium
2558 4603 2802 4658 Latinam
2833 4617 2851 4655 :
2883 4603 3040 4657 mittit
3086 4600 3298 4655 illorum
3321 4599 3733 4669 objectiones,__nt

2234 4691 2323 4730 eas
2348 4674 2610 4744 refellant,
2644 4685 2691 4728 et
2721 4691 2838 4745 qua:
2866 4683 3052 4728 contra
3077 4672 3196 4726 illos
3228 4665 3539 4736 invenerint,
3563 4670 3617 4722 in
3638 4665 3733 4722 Ur-

2232 4747 2343 4800 bem
2372 4748 2754 4800 transmittant.

2661 4837 2838 4910 [Apud
2859 4833 3052 4903 Mansi,
3088 4833 3242 4910 ibid.]

2229 4949 2500 5008 NICOLAUS
2544 4951 2850 5021 episcopus,
2902 4963 3091 5006 servus
3131 4961 3412 5003 servorum
3441 4943 3562 5010 Dei,
3591 4957 3730 4999 reve-

2121 5042 2480 5108 ,rentissimis
2534 5051 2590 5097 et
2653 5041 3011 5098 sanctissimis
3077 5039 3358 5094 HINCIARO
3411 5046 3468 5092 et
3531 5036 3730 5091 caeteris

2153 5132 2518 5191 contratribus
2566 5134 2769 5189 nostris
2807 5133 3229 5204 archiepiscopis
3276 5140 3328 5186 et
3376 5128 3645 5200 episcopis
3678 5127 3724 5180 in

2153 5239 2323 5298 regno
2374 5224 2553 5282 Caroli
2621 5225 2842 5297 gloriosi
2892 5225 3034 5297 regis
3099 5223 3360 5282 ecclesias
3415 5221 3726 5278 constitutas

2151 5320 2480 5392 regentibus.

2223 5427 2250 5456 ι
2286 5413 2541 5472 Omnium
2587 5430 2686 5471 nos
2728 5422 2946 5486 portare
2969 5427 3133 5470 onera
3162 5412 3254 5484 qui
3284 5419 3599 5484 gravantur,
3627 5409 3726 5463 imo

2162 5566 2338 5644 genter
2361 5575 2662 5644 praestitum
2713 5575 2867 5631 docet
2902 5574 3235 5629 Flodoardus
3271 5574 3366 5629 lib.
3407 5590 3487 5637 ιιι,
3527 5587 3641 5640 cap.
3673 5573 3718 5626 1.

2204 5661 2354 5710 nam,
2399 5645 2589 5716 inquit.
2642 5645 2913 5716 epistolam
2965 5646 3281 5716 Hincmarus
3323 5646 3720 5716 suscipiensin

2149 5714 2454 5771 Corbonaca
2475 5714 2677 5787 palatio
2694 5718 2994 5772 consistenti
3020 5717 3123 5787 regi
3139 5715 3332 5771 Carolo
3356 5733 3472 5770 cum
3496 5715 3716 5783 pluribus
