4060 6338
239 334 390 390 H55

1444 327 1799 385 EPISTOLzE
1835 331 1924 386 ET
1967 332 2306 389 DECRETA.

3365 334 3502 389 1154

235 433 363 503 haec
391 447 444 501 in
477 445 633 502 nobis
660 452 878 516 portare
919 443 1288 499 beatissimum
1336 443 1574 508 Petrum,
1609 431 1698 514 qui
1728 461 1826 500 nos
1854 435 1900 508 Ᾰ
1929 456 1978 502 et
2033 450 2241 504 ratione
2295 449 2620 519 competenti
2647 449 2999 507 ﬁrmavimus.
3025 449 3228 505 Deinde
3250 449 3332 505 bis
3361 450 3503 506 facto

237 536 732 593 administrationis
781 551 891 592 suae
943 536 1176 606 protegit
1223 549 1286 589 ac
1335 543 1513 588 tuetur
1563 534 1823 602 literedes,

234 629 558 684 fraternitas
600 637 776 683 vestra
815 627 1016 698 liquido
1062 627 1226 680 novit.
1257 627 1637 682 Verumtamen
1686 627 1826 682 inter

237 719 349 772 alia
378 734 496 788 quae
525 734 622 774 nos
668 719 945 773 immensis
982 717 1256 774 laboribus
1289 718 1554 782 inserunt,
1587 717 1676 771 illa
1725 734 1824 773 nos

235 813 512 883 praecipue
535 825 876 868 commovere
901 812 1168 876 videntur,
1206 826 1324 881 qua:
1352 811 1528 877 nobis,
1556 811 1662 866 imo
1701 811 1822 865 uni-

233 918 412 957 versae
435 901 677 958 occiduae
703 903 865 973 parti,
886 919 914 956 a
939 901 1250 957 Graecorum
1274 901 1706 973 imperatoribus,
1729 900 1826 955 Mio

235 995 429 1049 chaele
448 995 655 1050 scilicet
684 1004 740 1050 et
770 994 989 1061 Basilio,
1020 1002 1074 1050 et
1097 994 1164 1048 ab
1193 995 1277 1048 his
1323 994 1414 1063 qui
1459 993 1562 1048 sibi
1607 1001 1822 1062 parent,

236 1088 492 1157 nequiter
518 1088 857 1157 ingeruntur.
897 1087 963 1142 Hi
997 1087 1138 1143 enim
1172 1087 1296 1142 odio
1324 1096 1378 1142 et
1404 1086 1602 1140 invidia
1630 1095 1820 1141 contra

239 1195 340 1235 nos
388 1180 722 1247 inflammati,
775 1196 893 1252 quae
946 1180 1171 1236 inferius
1219 1180 1617 1245 annotabimus,
1668 1180 1824 1234 nobis

235 1272 394 1341 quasi
432 1273 655 1327 crimina
694 1274 960 1328 ltazreseos
1004 1273 1302 1344 impingere
1348 1271 1660 1327 moliuntur.
1687 1271 1822 1327 Odio

234 1363 479 1432 quidem,
523 1363 646 1432 quia
697 1362 873 1418 Photii
923 1361 1150 1417 adulteri
1178 1373 1232 1417 et
1261 1362 1526 1417 invaseris
1568 1360 1822 1416 Ecclesia:

234 1455 851 1526 Constantinopolitanae
914 1465 1077 1526 atque
1134 1440 1412 1527 neophyti,
1475 1469 1505 1508 a
1559 1453 1819 1524 depositis

233 1555 293 1602 et
323 1547 792 1602 anathematizatis
823 1546 1018 1602 factam
1063 1546 1454 1616 promotionem
1492 1560 1598 1600 non
1647 1545 1822 1600 solum

231 1655 344 1696 non
404 1641 842 1711 approbavimus.
897 1641 993 1697 sed
1039 1649 1095 1695 et
1139 1640 1512 1694 damnavimus
1564 1656 1576 1691 :
1637 1637 1822 1694 fratris

232 1733 442 1788 scilicet
465 1741 520 1788 et
542 1731 902 1788 comministri
923 1731 1095 1787 nostri
1109 1730 1298 1802 lgnatii
1320 1730 1558 1800 ejusdem
1580 1730 1821 1786 ecclesiae

1932 543 2176 604 concilio,
2207 550 2262 597 et
2283 542 2436 604 lectis
2463 543 2702 614 profanis
2723 544 2911 612 gestis,
2938 558 3057 613 qua:
3082 542 3503 615 praedictust

1931 651 1960 690 a
1984 635 2220 690 Secretis
2249 635 2536 701 detulerat,
2567 637 2658 691 ubi
2686 645 2885 707 putatae
2923 636 3273 706 depositionis
3317 634 3504 692 fratris

1928 732 1981 778 et
2011 724 2310 795 coepiscopi
2351 725 2522 781 nostri
2563 724 2753 795 lgnatii
2789 734 2943 780 tenor
2989 724 3386 790 continebatur,
3417 725 3502 779 in-

1929 818 2071 872 venti
2095 825 2220 873 sunt
2239 817 2400 872 iidem
2423 818 2573 873 missi
2596 817 2764 873 nostri
2787 826 2897 873 tam
2915 817 2971 872 in
2991 815 3333 871 damnatione
3352 815 3508 886 lgna-

1928 908 2006 974 tii,
2039 924 2197 978 quam
2221 909 2273 963 in
2315 893 2692 964 communione
2719 907 2918 974 Photii,
2945 906 3166 963 omnino
3189 905 3501 977 culpabiles.

1929 998 2081 1057 Unde
2103 1014 2203 1056 nos
2231 998 2513 1055 ecclesiam
2539 1007 2779 1054 nostram
2803 999 2920 1054 sine
2947 998 3094 1054 omni
3116 997 3357 1053 volentes
3384 1011 3505 1051 ma-

1927 1094 2065 1160 cula,
2111 1092 2250 1148 sicut
2279 1107 2509 1162 semper,
2564 1092 2879 1158 subsistere,
2923 1105 2992 1147 ne
3031 1089 3283 1146 videlicet
3309 1088 3365 1145 in
3416 1103 3504 1155 ea,

1927 1183 2031 1238 illis
2060 1183 2338 1252 impunitis
2366 1181 2792 1246 remanentibus,
2827 1179 2911 1235 vel
2941 1179 3114 1235 tenuis
3139 1177 3504 1234 subsannandi

1925 1275 2159 1330 oriretur
2179 1274 2413 1336 occasio,
2441 1280 2533 1327 aut
2552 1287 2651 1327 nos
2677 1286 2865 1327 eorum
2884 1269 3136 1340 pravitati
3163 1267 3507 1324 consensisse

1925 1367 2250 1431 videremur,
2276 1373 2565 1435 utrumque
2587 1362 2979 1430 damnavimus,
3000 1370 3056 1418 et
3075 1361 3507 1418 excommunica-

1927 1457 2057 1512 tioni
2106 1456 2500 1512 submisimus:
2553 1455 2956 1511 damnationem
2999 1467 3133 1510 vero
3162 1451 3374 1525 Ignatii,
3420 1448 3506 1506 vel

1923 1549 2319 1619 promotionem
2370 1546 2569 1621 Photii,
2619 1545 2834 1618 penitus
2871 1545 3176 1617 respuimus
3219 1552 3275 1598 et
3305 1541 3506 1598 conde-

1923 1643 2246 1698 mnavimus.
2272 1640 2510 1696 Reverso
2529 1649 2709 1696 autem
2732 1639 2912 1695 Leone
2935 1653 2966 1692 a
2988 1635 3225 1693 Secretis
3245 1634 3508 1691 Constan-

1927 1735 2227 1806 tinOpolim,
2259 1731 2486 1788 Michael
2515 1733 2807 1804 imperator
2826 1728 3164 1800 comperiens
3184 1741 3280 1797 per
3300 1724 3508 1794 episto-

230 1825 560 1896 patriarchaa
591 1823 968 1892 dejectionem,
1017 1832 1203 1894 utpote
1250 1839 1279 1877 a
1335 1824 1612 1894 subjectis,
1657 1833 1711 1877 et
1754 1823 1820 1878 ab
1851 1832 1898 1892 Β
1925 1829 2033 1883 lam
2060 1836 2323 1892 nostram,
2362 1841 2524 1896 quam
2562 1841 2660 1895 per
2710 1825 2886 1895 ipsum
2914 1819 3334 1884 transmisimus,
3363 1814 3508 1888 quod

231 1916 498 1988 imperiali
526 1917 765 1986 potentia
793 1915 1014 1982 factam,
1039 1916 1184 1971 nullo
1204 1915 1557 1988 suscipientes
1575 1931 1819 1970 assensu.

229 2003 438 2062 invidia
482 2022 632 2074 vero,
663 2007 788 2078 quia
834 2023 1014 2079 regem
1042 2007 1329 2078 Bulgarum
1376 2006 1693 2062 Michaelem
1726 2022 1823 2062 no-

229 2097 401 2163 mine,
429 2113 546 2151 cum
575 2105 733 2167 gente
759 2112 876 2162 sua,
904 2095 1105 2152 Christi
1162 2095 1264 2150 ﬁde
1310 2105 1580 2164 suscepta,
1637 2112 1666 2149 a
1698 2096 1824 2151 sede

228 2185 376 2240 beati
404 2185 550 2242 Petri
572 2186 906 2241 institutores
934 2195 988 2240 et
1026 2187 1329 2241 doctrinam
1358 2185 1686 2255 expetivisse
1725 2201 1823 2239 au-

227 2276 464 2332 dierunt.
524 2276 778 2333 Volentes
826 2278 1043 2348 quippe,
1103 2277 1439 2348 nimiumque
1481 2277 1820 2343 anhelantes,

227 2368 444 2423 eosdem
470 2367 728 2440 Bulgares
745 2384 777 2422 a
802 2369 945 2424 beati
970 2367 1113 2423 Petri
1140 2367 1474 2438 subjectione
1494 2370 1816 2436 subducere,

229 2473 464 2527 suosque
495 2458 721 2526 imperio
759 2458 858 2512 sub
888 2465 1151 2526 praetextu
1192 2457 1515 2513 Christiana:
1545 2458 1824 2529 religionis

229 2547 423 2601 callide
465 2544 774 2618 subjugare,
807 2546 934 2601 talia
981 2547 1044 2602 de
1085 2555 1268 2602 sancta
1304 2547 1548 2604 Romana
1582 2549 1822 2604 Ecclesia

228 2653 338 2692 non
364 2638 595 2693 habente
618 2639 907 2704 maculam,
936 2647 1029 2692 aut
1053 2655 1262 2708 rugam,
1293 2640 1602 2711 autaliqnid
1629 2639 1818 2708 hujus-

229 2730 398 2796 modi,
443 2729 761 2799 praedicant,
791 2738 1060 2800 quatenus
1089 2730 1186 2795 illi,
1222 2737 1408 2801 utpote
1430 2731 1605 2786 adhuc
1637 2731 1689 2784 in
1719 2731 1824 2786 ﬁde

229 2823 414 2888 rudes,
444 2824 560 2879 haec
582 2824 882 2892 audientes,
917 2840 1017 2880 nos
1044 2825 1201 2895 quasi
1249 2826 1464 2890 noxios,
1500 2834 1554 2880 et
1580 2826 1821 2881 diversa-

229 2929 348 2969 rum
380 2916 660 2970 haereseon
692 2915 1031 2984 squaloribus
1075 2930 1373 2986 respersos,
1418 2915 1607 2983 vitent,
1660 2916 1822 2972 decli-

228 3013 380 3070 nent,
409 3013 567 3072 atque
615 3005 831 3074 penitus
857 3004 1128 3060 deserant.
1182 3004 1421 3075 Denique
1445 3021 1567 3060 cum
1615 3005 1822 3062 clamor

230 3096 519 3160 malorum,
547 3112 666 3166 qua:
710 3097 764 3151 in
794 3095 1387 3168 Constantinopolitana
1418 3099 1681 3166 Ecclesia,
1713 3108 1821 3154 tam

1927 1934 2029 1976 nec
2055 1919 2447 1991 depositionem
2485 1916 2698 1989 lgnatii,
2748 1930 2849 1970 nec
2892 1912 3287 1984 promotionem
3330 1905 3509 1963 Photii

1926 2011 2381 2081 suscepissemus;
2403 2022 2527 2062 mox
2548 2005 2833 2078 quemdam
2845 2003 3080 2076 legatum
3093 2015 3247 2056 suum
3258 2039 3273 2064 ,
3292 1997 3510 2053 nomine

1925 2102 2260 2168 Michaelem,
2288 2098 2806 2171 protospatharium,
2856 2109 2981 2150 cum
3027 2090 3252 2162 epistola
3296 2086 3508 2156 injuriis

1923 2192 2081 2262 plena
2125 2189 2190 2244 ad
2217 2204 2316 2244 nos
2343 2188 2565 2253 direxit,
2606 2194 2663 2242 et
2697 2195 2754 2240 ut
2793 2183 3116 2240 sententiam
3165 2186 3408 2236 nostram
3440 2175 3511 2234 ad

1923 2291 2110 2336 votum
2139 2279 2307 2351 ipsius
2351 2285 2831 2342 commutaremus,
2865 2276 3219 2331 vehementer
3257 2271 3508 2326 hortatus

1924 2381 2026 2429 est.
2075 2371 2147 2426 At
2184 2386 2282 2427 nos
2316 2369 2541 2439 injurias
2565 2367 2784 2438 quidem
2823 2374 3038 2421 nostras
3078 2377 3187 2418 non
3231 2368 3508 2425 curantes,

1924 2465 2052 2522 licet
2073 2465 2217 2521 circa
2245 2463 2503 2518 Ecclesiae
2544 2460 2768 2529 injurias
2797 2473 2902 2514 non
2950 2455 3323 2517 tacuissemus,
3373 2452 3508 2506 scri-

1925 2557 2132 2628 psimus
2156 2553 2437 2624 epistolam
2467 2559 2730 2616 nostram,
2763 2557 2817 2606 et
2843 2549 2984 2604 hanc
3029 2561 3129 2618 per
3151 2545 3505 2602 indictionem

1925 2648 2440 2719 quartamdecimam
2471 2643 2697 2717 praefato
2723 2641 3038 2712 imperatori
3061 2655 3159 2711 per
3178 2638 3291 2708 jam
3332 2637 3507 2693 nomi-

1925 2749 2109 2796 natum
2153 2737 2468 2794 Michaelem
2518 2733 3008 2807 protospatbarium
3058 2731 3293 2802 legatum
3348 2743 3506 2783 suum

1927 2832 2245 2896 direximus,
2293 2837 2405 2884 tam
2452 2827 2703 2884 videlicet
2747 2841 2778 2880 a
2835 2833 3022 2879 nostra
3070 2819 3295 2877 ecclesia
3344 2817 3511 2873 falsas

1927 2922 2258 2991 obiectiones
2297 2919 2561 2992 repellere
2595 2918 2894 2988 cupientes,
2922 2928 3086 2985 quam
3130 2912 3302 2982 ipsum
3339 2911 3511 2980 impe-

1929 3025 2169 3072 ratorem
2199 3032 2321 3072 cum
2351 3013 2674 3086 sequacibus
2703 3012 2816 3068 suis
2845 3025 3008 3081 super
3025 3011 3130 3066 hoc
3177 3005 3394 3077 negotio
3442 3002 3510 3059 ad

1927 3119 2136 3166 rectum
2157 3109 2384 3179 justitiae
2413 3109 2712 3179 perducere
2741 3105 3014 3162 tramitem
3036 3100 3371 3157 anhelantes.
3401 3095 3508 3154 Sed
3581 3107 3584 3109 ‘

227 3205 324 3262 per
363 3192 579 3245 eosdem
618 3191 910 3261 principes,
944 3207 1107 3263 quam
1157 3206 1253 3262 per
1291 3206 1384 3247 eos
1413 3192 1505 3262 qui
1555 3192 1664 3248 illis
1705 3193 1820 3248 sive

1924 3214 1985 3258 ut
2005 3202 2213 3274 plenius
2237 3203 2353 3258 haec
2384 3211 2492 3256 tam
2514 3200 2616 3270 ipsi
2649 3198 2988 3270 imperatori,
3018 3210 3182 3266 quam
3211 3192 3331 3247 aliis
3377 3190 3510 3245 ﬁde-

229 3293 396 3348 metu,
430 3284 543 3339 sive
578 3282 770 3339 affectu
798 3285 863 3339 ad
890 3293 1073 3340 votum
1095 3294 1311 3357 parent,
1347 3285 1736 3356 multiplicatus
1764 3295 1819 3343 et

229 3385 634 3431 consummatus
670 3385 832 3443 esset,
875 3377 1184 3448 nostrisque
1225 3377 1446 3434 auribus
1487 3377 1815 3448 increscens,

229 3465 547 3520 immensum
581 3465 727 3520 cordi
757 3479 920 3536 super
946 3475 1096 3522 tanta
1121 3467 1360 3536 nequitia
1392 3467 1634 3526 dolorem
1658 3469 1819 3526 incu-

229 3566 384 3621 teret,
417 3558 580 3612 etiam
616 3558 750 3628 ipsis
785 3560 1096 3629 petentibus
1123 3569 1182 3617 et
1207 3562 1406 3616 obnixe
1449 3561 1816 3631 precantibus,

228 3650 294 3705 ad
335 3650 478 3706 hanc
509 3649 883 3719 inquirendam
926 3659 981 3705 et
1030 3651 1190 3710 nobis
1236 3651 1574 3708 referendam
1624 3653 1818 3711 missos

226 3753 460 3810 nostros,
509 3742 879 3798 Rbadoaldum
927 3744 1133 3801 scilicet
1183 3754 1238 3800 et
1296 3745 1636 3814 Zachariam,
1685 3755 1820 3805 tunc

227 3835 527 3906 episcopos,
553 3834 1074 3916 Constantinopolim
1121 3837 1532 3905 destinavimus,
1564 3837 1656 3910 qui
1685 3839 1816 3895 illuc

227 3919 618 3999 pervenientes,
675 3929 1041 3998 patriarcham
1091 3929 1359 4002 lgnatium
1403 3932 1731 4000 damnando,
1765 3941 1820 3990 et

229 4017 480 4073 Photium
515 4018 893 4075 communione
935 4035 1031 4075 sua
1082 4021 1368 4088 ﬁrmando,
1411 4033 1599 4079 contra
1651 4023 1820 4082 inter-

229 4108 428 4163 dictum
453 4118 697 4164 nostrum
727 4107 948 4165 factioni
979 4126 1298 4170 consensere
1319 4112 1650 4170 Graecorum.
1679 4112 1819 4170 Cum

230 4210 403 4254 autem
435 4209 648 4270 patrato
672 4201 905 4256 nefando
935 4203 1141 4258 scelere
1169 4201 1398 4259 Romam
1427 4205 1630 4260 reversi
1672 4203 1808 4264 fuis-

230 4303 373 4360 sent,
404 4295 600 4351 missus
623 4305 710 4351 est
731 4297 894 4352 etiam
927 4297 996 4352 ab
1041 4298 1370 4368 imperatore
1404 4297 1664 4352 Michaele
1691 4313 1818 4354 cum

232 4392 357 4463 ipsis
386 4392 452 4446 ad
478 4408 575 4448 nos
591 4392 840 4464 proprius
863 4391 1094 4464 legatus,
1124 4393 1341 4451 nomine
1363 4391 1472 4448 Leo
1495 4408 1524 4447 a
1550 4391 1814 4448 Secretis.

229 4481 284 4536 ln
308 4497 535 4550 quorum
562 4483 794 4539 adventu
809 4491 1199 4556 cognoscentes
1221 4491 1326 4538 tam
1351 4482 1636 4554 praefatum
1663 4483 1818 4557 lgna-

1919 3295 2064 3351 libus
2108 3293 2350 3349 intimari
2397 3292 2714 3364 potuissent,
2766 3286 3075 3345 convocatis
3115 3282 3439 3355 quibusdam
3479 3295 3512 3336 e

1917 3386 2112 3444 vicinis
2142 3385 2274 3441 locis
2303 3383 2562 3440 fratribus
2593 3390 2649 3438 et
2691 3379 3023 3452 coepiscopis
3052 3376 3273 3439 nostris,
3310 3375 3376 3431 de
3425 3371 3512 3428 his

1920 3479 2064 3548 quod
2112 3477 2266 3533 nobis
2299 3476 2558 3531 canonice
2579 3474 2752 3530 visum
2792 3481 2896 3538 est,
2926 3469 3387 3541 praedecessorum
3413 3479 3513 3520 no-

1920 3580 2161 3626 strorum
2192 3568 2363 3622 secuti
2394 3566 2639 3637 vestigia,
2668 3564 3006 3619 decrevimus
3037 3569 3093 3616 et
3117 3557 3507 3623 ordinavimus,

1920 3662 2064 3734 quod
2095 3661 2260 3716 etiam
2289 3657 2562 3716 sanctitati
2588 3664 2784 3712 vestrae
2818 3661 2942 3724 post
2976 3651 3267 3717 modicum,
3297 3647 3408 3703 Deo
3430 3645 3510 3701 fa-

1921 3761 2104 3818 vente,
2129 3751 2340 3822 plenius
2365 3745 2640 3805 intimare
2683 3745 3035 3816 disponimus.
3067 3743 3184 3810 Quo
3225 3740 3327 3796 rite
3369 3739 3511 3795 sicut

1923 3847 2255 3904 arbitramur
2281 3843 2550 3908 ordinato,
2573 3856 2814 3913 quaerere
2838 3839 3101 3909 capimus
3127 3833 3507 3906 opportunita-

1925 3949 2055 4006 tem,
2079 3953 2186 4010 qua
2217 3936 2340 3992 freti
2377 3936 2574 3991 missos
2614 3931 2924 4005 apostolica:
2948 3928 3094 3985 sedis
3119 3927 3283 3983 etiam
3333 3925 3510 3982 adhuc

1921 4028 2443 4100 Constantinopolim
2469 4041 2593 4083 cum
2647 4022 3030 4080 exhortatoriis
3069 4018 3310 4090 epistolis
3339 4017 3507 4074 desti-

1924 4135 2216 4178 naremus:
2254 4119 2344 4190 qui
2384 4125 2441 4172 et
2460 4130 2558 4187 pro
2596 4113 2768 4169 salute
2809 4113 3049 4183 ipsorum
3077 4106 3509 4180 competentibus

1923 4225 2016 4265 eos
2045 4207 2264 4265 monitis
2289 4205 2638 4269 mdiﬁcarent,
2661 4211 2715 4261 et
2735 4217 2854 4274 qua:
2879 4200 3043 4256 fuerit
3071 4199 3134 4255 de
3158 4197 3262 4254 illis
3289 4205 3510 4268 aposto-

1924 4300 2041 4356 lica:
2061 4299 2208 4356 sedis
2226 4297 2432 4370 prolata
2460 4293 2751 4358 sententia,
2775 4289 3060 4348 manifeste
3081 4289 3462 4346 denuntiarent
3489 4304 3501 4338 :

1917 4391 2072 4462 juxta
2098 4391 2242 4462 quod
2279 4398 2336 4444 et
2378 4401 2572 4457 magna
2624 4384 2860 4456 synodus
2895 4381 3109 4437 Nicaena
3139 4380 3282 4451 (can.
3315 4376 3392 4450 5),
3439 4375 3508 4430 de

1925 4486 2018 4561 his.
2040 4485 2132 4556 qui
2159 4483 2484 4554 abjiciuntur
2537 4480 2783 4536 sanxisse
2820 4477 3172 4550 dignoscitur.
3208 4471 3506 4527 Videbatur

232 4573 358 4626 tium
387 4572 583 4642 injuste
611 4574 937 4645 depositum,
968 4591 1129 4646 quam
1152 4573 1404 4631 Photium
1437 4575 1708 4630 mmchtrm
1741 4574 1818 4629 ir-
1844 4567 1898 4628 D
1922 4577 2067 4634 enim
2105 4575 2259 4631 nobis
2282 4575 2385 4630 iter
2413 4572 2602 4629 navale
2647 4571 2780 4628 satis
2805 4567 3038 4631 difﬁcile,
3078 4575 3132 4620 et
3156 4570 3376 4636 propter
3417 4575 3510 4618 eo-

232 4665 550 4736 regulariter
600 4667 652 4719 in
695 4665 822 4720 sede
864 4665 1459 4735 Constantinopolitana
1513 4667 1811 4731 ﬁrmatum,

232 4758 609 4816 molestissime
633 4758 872 4823 tulimus,
898 4759 1305 4828 scribentesque
1329 4768 1570 4814 nostram
1591 4774 1816 4812 summa:

231 4851 569 4907 auctoritatis
590 4848 894 4918 epistolam,
921 4849 1098 4905 eidem
1128 4847 1292 4904 Leoni
1323 4865 1353 4902 a
1381 4849 1618 4904 Secretis
1645 4848 1815 4919 impe-

233 4943 396 5000 l'alori
437 4957 531 5012 per
574 4939 918 4994 indictionem
971 4940 1233 4994 decimam
1277 4939 1416 4993 hanc
1463 4937 1812 4993 deferendam

233 5034 577 5092 contulimus.
611 5033 714 5089 Per
738 5047 900 5102 quam
924 5031 1176 5088 videlicet
1203 5047 1302 5088 nos
1343 5046 1444 5088 nec
1472 5032 1619 5088 illam
1657 5032 1810 5086 dam-

233 5125 522 5190 nationem,
578 5139 678 5178 nec
728 5121 886 5178 talem
931 5123 1344 5192 promotionem,
1393 5130 1576 5192 utpote
1625 5130 1831 5176 utram-

235 5232 333 5292 que
381 5217 560 5288 inique
599 5223 890 5286 patratam,
919 5214 1254 5272 admissuros
1300 5214 1420 5272 fore
1446 5215 1823 5286 praediximus,

235 5351 480 5425 episcopis
505 5349 703 5420 relegit,
729 5357 777 5402 et
816 5347 1056 5425 ad‘qlios
1101 5349 1538 5425 archiepiscopos,
1575 5349 1719 5425 sicut
1763 5349 1820 5425 ip

234 5419 476 5476 mandato
525 5430 817 5490 acceperat,
847 5419 1076 5489 dirigere
1101 5419 1492 5490 studuit.ldem
1515 5419 1678 5473 etiam
1707 5419 1821 5472 suf-

236 5493 514 5562 fraganeos
538 5489 686 5558 suos,
722 5497 778 5544 ut
800 5490 1112 5562 Graecorum
1147 5489 1376 5560 objectis
1407 5490 1818 5562 responderent,

235 5561 507 5625 excitavit,
572 5572 631 5616 ut
691 5562 932 5618 Odonem
1001 5561 1475 5622 Bellovacensem,
1546 5561 1610 5614 ad
1659 5575 1818 5629 quem

237 5632 508 5704 Hincm‘ari
556 5633 623 5704 de
674 5633 775 5704 hoc
823 5642 1146 5704 argumento
1194 5640 1372 5704 exstat
1422 5630 1652 5704 epistola
1707 5629 1816 5704 1V1,
1848 5633 1862 5650 ‘

237 5702 500 5762 Kalendas
553 5702 837 5757 Januarias
889 5701 991 5759 hoc
1043 5719 1182 5757 anno
1239 5703 1461 5772 scripta.
1523 5701 1822 5770 Respondit

239 5791 362 5840 ergo
389 5775 529 5831 inter
557 5781 781 5830 caeteros
812 5773 946 5839 Odo,
978 5782 1032 5830 et
1081 5773 1281 5832 librum
1323 5790 1352 5829 a
1379 5787 1437 5829 se
1460 5772 1816 5843 compositum

1922 4669 2168 4724 rumdem
2219 4665 2534 4722 Graecorum
2575 4671 2827 4734 expertas
2876 4659 3100 4715 insidias
3125 4655 3279 4710 valde
3308 4667 3508 4710 caven-

1921 4759 2067 4814 dum.
2090 4756 2223 4813 Cum
2251 4756 2333 4811 his
2357 4756 2538 4825 itaque
2562 4751 2923 4808 anxietatibus
2946 4747 3182 4816 undique
3204 4752 3510 4800 coarctare-

1919 4867 2060 4916 mur,
2094 4859 2149 4906 et
2174 4848 2480 4919 ingentibus
2500 4851 2839 4916 premeretur
2857 4838 3137 4912 angustiis,
3171 4852 3299 4894 ecce
3329 4835 3510 4892 subito

1917 4941 2077 5012 legati
2102 4940 2214 5009 jam
2244 4939 2343 4992 fati
2374 4937 2516 5008 regis
2541 4936 2829 5005 Bulgarum
2858 4932 3014 4987 nobis
3037 4931 3228 4986 adesse
3251 4927 3508 4983 nuntian-
3583 4959 3589 4965 -

1925 5043 2030 5090 tur.
2064 5032 2238 5097 Unde,
2263 5031 2385 5101 quis
2409 5038 2492 5084 est
2517 5029 2610 5098 qui
2637 5027 2817 5082 dicere
2843 5024 3036 5095 possit,
3061 5032 3264 5093 quanto
3288 5021 3508 5093 gaudio,

1932 5127 2018 5182 vel
2047 5133 2248 5195 quanta
2283 5122 2640 5180 exsultatione
2682 5121 2850 5176 simus
2891 5117 3123 5188 repleti?
3163 5131 3228 5170 eo
3272 5114 3414 5186 quod
3456 5122 3507 5170 et

1927 5233 2114 5276 eorum
2139 5216 2408 5273 salubrem
2434 5212 2841 5271 conversionem
2869 5223 2966 5280 per
3010 5206 3226 5263 divitias
3253 5204 3508 5262 bonitatis

1926 5355 2220 5411 llincmaro
2251 5352 2420 5415 misit,
2452 5359 2511 5406 ut
2540 5349 2874 5406 Flodoardus
2905 5346 3056 5424 idem
3085 5343 3380 5424 tradit_lib.
3424 5355 3506 5422 Ill,

1927 5441 2044 5496 cap.
2102 5424 2196 5489 25,
2253 5412 2557 5496 cataLOgum
2615 5430 2803 5496 texens
2833 5417 3184 5496 epistolaruln
3232 5412 3508 5496 llincmari

1926 5486 2010 5552 ad'
2045 5486 2306 5552 Odoncm.
2381 5486 2678 5567 Respondit
2726 5501 2792 5567 _e_t
2863 5486 3508 5567 Encasl’arisjacensis

1927 5569 2233 5636 cpiscopus,
2261 5567 2414 5634 cujus
2443 5553 2505 5618 ea
2534 5564 2599 5618 de
2643 5577 2700 5616 re
2725 5561 2860 5616 liber
2887 5568 3064 5616 exstat
3090 5560 3142 5612 in
3179 5553 3505 5610 bibliotheca

1929 5639 2169 5678 Thurina,
2252 5634 2402 5678 Ηηιιρ
2484 5634 2576 5678 tibi
2645 5633 2917 5678 nmlnnum
2989 5628 3306 5678 exhibemus.
3387 5619 3505 5678 δια·

3397 5635 3506 5685 μεὶς

1929 5628 2170 5692 Thuane.
2221 5628 2402 5690 'Un'de
2484 5634 2576 5689 tibi
2645 5633 2917 5704 prologum
2989 5628 3306 5685 exhibemus.

1928 5709 2084 5765 Sum.

3381 5896 3424 5911 ο.
3439 5878 3572 5906 ηῷςξ
