4060 6338
600 265 737 325 “55

1944 261 2215 318 NlCOLAI
2251 259 2452 316 PAPJE
2490 260 2511 314 ῐ

3760 260 3937 347 uss

596 379 691 435 Dei
722 377 1098 449 cognovimus;
1133 384 1188 431 ct
1213 376 1338 446 quia
1369 375 1487 430 illos
1520 374 1817 429 doctrinam
1852 374 1992 429 beati
2022 374 2168 429 Petri
2196 377 2243 436 Α
2275 387 2435 441 quem
2488 386 2643 425 suum
2692 371 3087 426 mcmuenicum
3133 371 3505 442 patriarcbam
3563 372 3928 444 appellant,

596 469 847 541 apostoli,
870 483 962 524 seu
986 468 1128 523 sedis
1154 466 1291 535 ejus,
1322 464 1620 535 exquisisse
1644 465 2021 534 comperimus,
2052 465 2167 532 qui,

594 559 720 617 licet
746 561 903 632 longe
931 559 1083 631 positi
1109 572 1355 627 corpore,
1384 557 1535 610 nobis
1560 564 1733 610 tamen
1753 553 1879 608 facti
1917 563 2038 609 sunt
2067 554 2169 608 fide

595 662 888 723 pmsentes
911 665 925 704 :
948 650 1039 704 sed
1069 658 1123 702 et
1145 649 1267 718 quia
1292 661 1391 717 per
1409 662 1595 701 eorum
1620 660 1843 715 regnum
1873 643 2080 700 facilem
2104 660 2167 700 ac

595 752 867 799 terrenum
895 741 1074 797 missis
1102 741 1298 795 nostris
1327 740 1392 794 ad
1419 747 1616 795 terram
1645 737 1954 794 Graecorum
1984 754 2169 793 acces-

594 834 712 888 sum
736 838 918 903 patere
960 829 1354 901 perspeximus.
1387 828 1660 884 Ordinatis
1698 828 1861 899 igitur
1895 835 2001 881 tam
2048 844 2167 898 quae

590 920 879 995 Belgarum
907 923 1082 994 gentis
1129 930 1367 994 congrua
1418 920 1538 976 fidei
1580 920 1896 975 rudimentis
1946 921 2166 991 agnovi-

590 1024 729 1078 mus,
751 1024 911 1084 quam
934 1024 1053 1083 qua:
1070 1010 1588 1082 Constantinopolim
1606 1011 1822 1065 mittere
1842 1011 2167 1081 disposueri-

586 1114 730 1172 mus,
747 1107 939 1162 missos
960 1114 1174 1178 qucque
1195 1115 1409 1162 nostros
1431 1118 1548 1160 cum
1574 1102 1881 1177 legatisjam
1905 1106 2165 1160 nominati

588 1198 730 1270 regis
749 1208 845 1268 per
863 1199 1028 1268 ipsius
1044 1199 1363 1253 transituros
1385 1197 1656 1267 regionem
1680 1198 1994 1252 direximus.
2020 1197 2166 1264 Quos

587 1274 939 1360 imperatores
985 1284 1293 1345 Graecorum
1324 1300 1429 1344 non
1463 1286 1633 1343 solum
1670 1288 1911 1358 recipere
1942 1289 2164 1343 minime

586 1382 998 1444 consenserunt,
1026 1388 1212 1437 verum
1227 1380 1388 1436 etiam
1412 1380 1758 1435 vehementer
1774 1381 2033 1436 adversiis
2049 1380 2166 1434 liui-

586 1480 648 1544 "gn
658 1482 742 1526 res
755 1474 971 1527 animos
985 1478 1412 1536 commoverunt,
1429 1484 1493 1526 eo
1507 1471 1648 1542 quod
1668 1480 1764 1541 per
1784 1487 1934 1527 suam
1952 1486 2043 1525 eos
2061 1479 2167 1524 ter-

588 1572 701 1618 ram
731 1564 961 1619 transire
992 1562 1375 1632 permiserint:
1416 1562 1551 1617 nihil
1584 1562 1724 1616 aliud
1768 1562 1954 1632 procul
2003 1561 2166 1616 dubio

585 1647 892 1722 innitentes,
921 1657 1019 1712 nisi
1036 1658 1177 1727 quod
1194 1668 1305 1719 eos,
1327 1657 1372 1710 si
1394 1662 1489 1725 per
1509 1652 1611 1710 sibi
1635 1652 1902 1722 subjectas
1921 1655 2165 1725 regiones

2270 461 2475 515 dandas
2500 461 2740 529 improbe
2764 459 3131 531 requirebant.
3164 459 3221 514 In
3252 459 3338 515 his
3376 461 3571 532 igitur,
3631 462 3927 533 explere-Es

2268 552 2480 607 caeteris
2532 552 2697 615 curis,
2747 567 2864 613 vos,
2917 550 3135 615 fratres,
3190 566 3542 623 summopere
3614 558 3922 608 convenit

2269 642 2533 697 desudare
2562 658 2577 697 :
2608 651 2663 695 et
2690 641 2816 709 quia
2840 642 3147 696 communia
3204 649 3328 696 sunt
3386 642 3507 697 tunc
3544 644 3917 714 opprobria,

2268 748 2390 803 qua:
2420 731 2709 786 universali
2759 731 3033 796 Ecclesiae,
3068 731 3119 784 in
3145 748 3207 786 ea
3239 733 3501 787 duntaxat
3546 742 3741 804 parte
3783 750 3913 805 qua

2268 819 2458 877 Latina
2523 822 2597 876 nti
2660 822 2998 895 dignoscitur
3044 821 3246 895 lingua,
3292 824 3431 880 sicut
3489 826 3911 896 pmtulin.us,

2268 913 2606 985 ingeruntur,
2633 916 2993 971 communiter
3020 932 3228 981 omnes,
3252 916 3341 987 qui
3368 917 3562 973 divino
3598 918 3909 973 sacerdo-

2268 1006 2343 1060 tio
2367 1006 2621 1061 illustrari
2645 1007 2920 1071 videmini,
2947 1009 3223 1064 decertare
3237 1008 3466 1074 debetis,
3482 1026 3603 1080 quo
3618 1027 3705 1081 pa
3717 1020 3906 1065 tenta:

2268 1098 2584 1153 traditiones
2617 1107 2775 1154 tanta:
2808 1099 3143 1171 derogationi
3169 1117 3275 1156 non
3309 1112 3535 1173 pateant
3564 1121 3579 1157 :
3614 1104 3739 1158 sed
3774 1121 3903 1172 qua

2269 1192 2417 1263 pravi
2453 1193 2651 1261 quique
2683 1204 2939 1249 consueta
2993 1196 3335 1251 contentione
3364 1205 3476 1252 tam
3530 1203 3907 1257 mentientes

2267 1302 2430 1358 quam
2475 1297 2720 1341 errantes
2767 1286 3035 1342 maculare
3059 1289 3313 1359 gestiunt,
3346 1306 3506 1345 manu
3548 1296 3906 1352 communis

2268 1378 2597 1434 defensionis
2666 1379 2733 1433 ab
2801 1380 2948 1434 omni
3002 1396 3153 1435 naevo
3200 1380 3556 1452 blasphemiae
3624 1380 3904 1443 funditus

2266 1478 2545 1526 eruantur.
2572 1467 2876 1523 Ridiculum
2910 1477 2994 1523 est
3025 1471 3190 1536 cnim,
3225 1483 3280 1526 et
3321 1472 3455 1530 satis
3488 1476 3899 1532 aliominabile

2267 1561 2519 1623 dedecus,
2552 1567 2610 1614 ut
2664 1560 2997 1629 temporibus
3040 1564 3238 1617 nostris
3275 1564 3356 1618 vel
3387 1564 3524 1621 falso
3557 1568 3896 1624 insimulari

2267 1662 2507 1708 sanctam
2533 1651 2627 1705 Dei
2671 1651 2967 1706 Ecclesiam
3001 1653 3395 1721 permittamus,
3426 1656 3510 1712 vel
3560 1674 3671 1714 eas
3707 1662 3892 1714 tradi.

586 1749 927 1814 transissent,
960 1746 1064 1804 illis
1092 1734 1343 1818 periculis
1375 1749 1668 1810 traderent,
1698 1745 1892 1816 quibus
1932 1746 2164 1817 przefatar
2193 1755 2240 1815 Β
2269 1744 2441 1799 tiones
2478 1758 2612 1814 quas
2662 1743 2961 1812 antiquitus
2990 1759 3020 1798 a
3057 1745 3301 1816 patribus
3354 1748 3561 1803 nostris
3627 1753 3894 1822 suscepi-

584 1840 999 1897 ttrbislueretici
1047 1841 1317 1911 principes
1365 1852 1505 1910 sepe
1537 1839 1681 1895 sedis
1725 1839 2033 1908 apostolica:
2085 1838 2159 1892 le-

584 1940 758 2006 gatos,
790 1936 887 2002 p'ro
922 1944 1082 1986 causa
1121 1928 1242 1985 fidei
1272 1930 1353 1986 vel
1393 1930 1747 1985 correctionis
1787 1929 2167 1997 ecclesiasticae

584 2020 1207 2085 destinatos,tradidisse
1238 2019 1509 2091 leguntur.
1540 2021 1811 2075 Praeterea
1865 2036 1987 2075 cum
2033 2020 2162 2074 Bol-

587 2118 777 2183 garum
823 2118 949 2180 rege
986 2109 1408 2173 demorantibus,
1447 2120 1501 2164 et
1531 2109 1598 2165 ad
1647 2111 1835 2166 urbem
1865 2112 2169 2166 Constanti-

585 2197 953 2272 nopolitanam
986 2198 1187 2255 eisdem
1219 2201 1421 2255 nostris
1448 2202 1707 2256 accedere
1742 2201 1920 2258 missis
1964 2219 2167 2257 conan-

585 2291 750 2356 tibus,
778 2291 938 2346 iidem
983 2291 1332 2362 imperatores
1380 2291 1662 2363 epistolam
1710 2307 1860 2349 suam
1910 2295 2009 2364 ipsi
2053 2294 2166 2366 regi

584 2382 874 2454 Bulgarnm
913 2382 1267 2437 transmisere
1305 2396 1511 2453 :quam
1560 2383 1649 2438 ille
1697 2385 1971 2455 accipiens
2011 2386 2165 2440 nobis

583 2488 682 2545 per
708 2472 910 2546 legatos
934 2482 1147 2528 nostros
1197 2472 1391 2529 deferri
1428 2474 1619 2529 devota
1670 2482 1851 2528 mente
1904 2474 2160 2532 decrevit.

582 2560 984 2635 Accipientib'us
1050 2565 1231 2636 itaque
1293 2566 1448 2622 nobis
1482 2608 1498 2634 ,
1570 2574 1626 2621 et
1690 2569 2163 2638 perscrutantibus

581 2662 823 2716 eamdem
878 2670 998 2715 eum
1056 2656 1175 2714 aliis
1213 2659 1429 2731 scriptis
1474 2660 1798 2730 epistolam,
1855 2677 1960 2716 non
2022 2661 2163 2718 hanc

582 2758 739 2821 Saepe.
776 2751 1057 2807 memorati
1100 2751 1370 2822 principes
1424 2751 1731 2818 dictantes,
1779 2752 1880 2807 nisi
1937 2753 1991 2806 in
2043 2752 2161 2809 lacu

582 2836 934 2913 blaSphemitc
979 2842 1204 2897 tinxisse
1246 2841 1537 2907 calamum,
1569 2850 1623 2897 et
1670 2842 1783 2897 luto
1829 2845 2034 2898 erroris
2081 2842 2164 2898 usi

499 2943 553 3010 ‘I
580 2948 681 3010 pro
716 2942 1023 2989 atramento
1045 2933 1211 2989 fuisse
1228 2931 1414 3002 procul
1439 2934 1602 2988 dubio
1620 2939 1859 3002 patuere.
1886 2933 2165 2991 Conantur

583 3026 728 3080 enim
767 3033 875 3079 tam
914 3032 1151 3080 nostram
1183 3024 1514 3095 specialiter,
1554 3036 1715 3094 quam
1757 3040 1970 3081 omnem
2000 3040 2162 3097 gene-

2269 1850 2410 1899 mus,
2436 1849 2532 1904 pro
2554 1833 2709 1888 libitu
2740 1849 2956 1905 semper
2988 1838 3287 1894 errantium
3316 1834 3535 1912 infringi
3562 1843 3886 1911 patiamur.

2268 1927 2606 1997 Quapropter
2630 1943 2854 1984 necesse
2894 1937 2976 1985 est
3003 1939 3061 1984 ut
3086 1946 3274 1985 eorum
3305 1932 3600 1989 conatibus
3636 1937 3883 1991 resista-

2265 2035 2409 2084 mus,
2465 2026 2519 2073 ct
2566 2017 2716 2074 falsis
2769 2019 2993 2074 illorum-
3039 2020 3234 2090 jacnlis
3295 2023 3545 2078 veritatis
3611 2025 3879 2096 clypeum

2263 2122 2620 2181 Opponamus.
2664 2110 2817 2178 Quod
2863 2127 2963 2167 nos
2991 2113 3227 2182 quidem,
3273 2114 3578 2184 epituiante
3630 2133 3882 2187 superna

2265 2203 2533 2271 potentia,
2566 2211 2727 2273 prout
2776 2203 3048 2268 valemus,
3116 2220 3276 2277 agere
3330 2222 3438 2261 non
3484 2207 3878 2265 omittemus:

2266 2309 2392 2359 nec,
2436 2309 2558 2347 cum
2609 2295 2986 2363 opportunitas
3028 2294 3241 2351 eteiitns
3277 2297 3453 2361 datur,
3500 2308 3716 2354 contra
3757 2300 3879 2355 illos

2263 2400 2363 2456 pro
2409 2384 2651 2439 Ecclesia
2702 2383 2903 2440 Christi
2960 2385 3275 2440 tacebimus.
3350 2387 3456 2442 Sed
3526 2405 3877 2460 magnopere

2265 2475 2539 2540 convenit,
2580 2483 2638 2528 ut
2682 2485 2739 2530 et
2782 2484 2961 2530 vestra
2999 2492 3211 2547 quoque
3258 2476 3597 2545 fraternitas,
3652 2497 3871 2537 nit-rem

2265 2574 2450 2623 secuta
2500 2566 2790 2636 majorum,
2838 2579 3161 2623 concertans
3214 2567 3369 2624 nobis
3414 2579 3470 2623 et
3516 2572 3874 2627 unanimiter

2265 2657 2606 2714 collaborans
2652 2657 2707 2714 in
2765 2659 2961 2713 talibus
2999 2659 3322 2714 inveniatur.
3375 2656 3666 2731 Siquidem
3695 2704 3712 2728 ,
3766 2664 3871 2719 nisi

2265 2760 2444 2804 mente
2473 2752 2718 2815 recessit,
2741 2766 3015 2819 nunquam
3053 2750 3327 2822 Hesperiae
3370 2753 3624 2824 regiones
3663 2754 3759 2826 (ut
3799 2757 3868 2812 de

2267 2839 2388 2894 aliis
2415 2841 2596 2894 mundi
2623 2840 2795 2910 plagis
2823 2841 3038 2897 interim
3072 2840 3366 2913 taceamus)
3399 2860 3427 2897 a
3454 2844 3585 2898 sede
3611 2843 3678 2899 Β.
3716 2846 3869 2902 Petri

2266 2930 2322 2984 in
2372 2930 2739 2998 hujuscemodi
2784 2932 3173 3002 qumstionibus
3224 2933 3568 2991 dissonantes
3620 2937 3868 2994 inventae

2267 3032 2413 3075 sunt.
2447 3019 2599 3077 Unde
2640 3025 3009 3095 unusquisque
3040 3033 3275 3080 vestrum
3302 3025 3393 3094 qui
3440 3028 3865 3096 metropolitana

582 3117 791 3183 raliter,
824 3132 944 3189 qum
978 3116 1157 3189 lingua
1195 3114 1384 3173 Latina
1407 3117 1599 3183 utitur,
1634 3117 1929 3174 Ecclesiam
1978 3132 2164 3189 repre-
2192 3105 2236 3167 C
2266 3110 2390 3181 jura
2424 3114 2650 3169 sortitus
2665 3124 2768 3181 est,
2790 3114 2995 3185 junctis
3018 3116 3119 3171 sibi
3149 3115 3411 3173 fratribus
3440 3127 3494 3173 et
3514 3120 3864 3189 coepiscopis

584 3206 842 3275 inuidere,
868 3209 1007 3280 quod
1027 3211 1335 3280 jejunamus
1362 3210 1414 3265 in
1440 3211 1702 3278 sabbatis,
1722 3211 1863 3281 quod
1895 3210 2163 3282 Spiritum

584 3294 830 3354 sanctum
857 3315 923 3355 ex
954 3298 1113 3354 Patre
1143 3299 1389 3371 Filioque
1415 3304 1708 3372 procedere
1754 3305 2012 3365 dicamus,
2039 3318 2164 3361 cum

588 3389 690 3461 ipsi
746 3390 891 3447 hunc
935 3398 1140 3447 tantum
1189 3408 1252 3448 ex
1298 3392 1460 3449 Patre
1511 3396 1806 3465 procedere
1870 3395 2162 3452 fateantur.

586 3481 783 3541 Dicunt
810 3495 1074 3556 praeterea
1125 3500 1226 3542 nos
1263 3484 1562 3543 abominari
1620 3492 1856 3560 nuptias,
1889 3492 2013 3561 quia
2047 3504 2169 3561 pre-

586 3575 835 3650 sbyteros
863 3578 1047 3634 sortiri
1077 3577 1333 3649 conjuges
1368 3580 1748 3649 prohibemus;
1780 3591 1834 3636 et
1859 3582 2171 3636 insimulare

592 3664 842 3736 tentant,
892 3671 1149 3740 quoniam
1213 3671 1432 3728 eosdem
1482 3674 1828 3745 presbyterds
1879 3674 2174 3730 chrismate

588 3761 747 3818 linire
774 3762 1172 3834 baptizatorum
1197 3762 1404 3819 frontes
1436 3764 1742 3819 inhibemus
1773 3765 1957 3836 :quod
1994 3776 2171 3821 tamen

589 3854 825 3910 chrisma
866 3866 971 3910 non
1024 3868 1091 3908 ex
1139 3868 1275 3926 aqua
1323 3853 1561 3911 ﬂuminis
1591 3856 1861 3912 coniicere
1908 3855 2177 3912 fallaciter

592 3946 943 4001 arbitrantur.
992 3945 1408 4013 Reprehendere
1457 3948 1827 4005 nihilominus,
1858 3948 2171 4015 moliuntur,

592 4038 659 4091 eo
683 4037 823 4106 quod
844 4044 966 4092 octo
995 4036 1421 4093 hebdomadibus
1447 4048 1574 4093 ante
1606 4037 1819 4095 Pascha
1843 4054 1873 4094 a
1904 4040 2172 4106 carnium,

595 4134 651 4183 et
711 4136 919 4198 septem
967 4127 1391 4185 hebdomadibus
1430 4146 1461 4185 a
1506 4133 1650 4187 casei
1708 4142 1763 4187 et
1806 4146 2028 4187 ovorum
2080 4129 2175 4189 esu

597 4230 751 4273 more
789 4231 890 4272 suo
939 4233 1043 4273 non
1090 4234 1387 4276 cessamus.
1435 4220 1767 4276 Mentiuntur
1812 4238 2024 4294 quoque
2057 4237 2172 4288 nos,

595 4311 755 4368 Sicuti
781 4314 879 4381 per
915 4312 1018 4368 alia
1050 4314 1289 4383 ipsorum
1314 4315 1623 4384 con3cripta
1657 4315 1944 4380 indicatur,
1979 4324 2177 4383 agnum

593 4390 648 4458 in
673 4405 894 4473 pascha,
921 4414 1070 4460 more
1093 4402 1421 4469 Jtldi‘BOl‘tllli,
1446 4418 1610 4476 super
1629 4407 1797 4460 altare
1822 4407 2024 4476 pariter
2052 4416 2175 4462 cum

589 4478 871 4550 Dominico
921 4500 1149 4566 corpore
1195 4494 1514 4552 benedicere
1558 4507 1613 4553 et
1661 4497 1874 4553 offerre.
1921 4496 2060 4565 Quin
2112 4505 2168 4553 et

587 4588 968 4657 eprebendere
998 4596 1278 4660 satagunt,
1306 4591 1429 4661 quia
1452 4604 1619 4663 penes
1636 4606 1734 4647 nos
1764 4592 1944 4647 clerici
1964 4593 2163 4648 barbas

578 4679 771 4735 radere
826 4690 955 4737 suas
1006 4697 1113 4738 non
1170 4683 1433 4748 abnuunt,
1487 4691 1541 4738 et
1585 4685 1709 4753 quia
1755 4685 2011 4740 diaconus
2050 4701 2159 4742 non

578 4777 829 4838 suscepto
858 4771 1264 4843 presbyteratus
1309 4770 1484 4829 oliicio
1536 4776 1676 4843 apud
1728 4789 1829 4830 nos
1872 4777 2157 4846 episcopus

581 4859 896 4927 Ordinatur;
926 4877 1048 4916 cum
1076 4862 1175 4933 ipsi
1203 4863 1367 4918 etiam
1401 4863 1567 4925 illum,
1589 4879 1749 4935 quem
1785 4867 2150 4936 patriarcham

582 4965 735 5006 suum
799 4954 1105 5020 nominant,
1161 4970 1230 5013 ex
1277 4956 1413 5013 laico
1466 4958 1643 5013 subito
1703 4968 2038 5014 tonsuratum
2094 4975 2159 5017 ac

584 5046 920 5131 .monachum
983 5047 1211 5114 factum,
1264 5052 1405 5108 saltu
1461 5054 1529 5107 ad
1586 5055 1927 5125 episcopatus
1967 5057 2174 5127 apicem

582 5133 847 5203 lmperiali
865 5133 1049 5193 favore
1074 5152 1139 5193 ac
1160 5141 1382 5197 brachio
1404 5142 1728 5213 provehere,
1750 5153 1812 5199 ut
1836 5146 1948 5216 ipsi
1960 5155 2174 5217 putant,

522 5276 540 5310 ξ
582 5225 805 5281 minime
852 5226 1281 5287 formidaverint.
1332 5230 1398 5288 Et
1428 5234 1637 5303 adhuc,
1669 5236 1814 5308 quod
1848 5248 1931 5293 est
1960 5239 2177 5310 gravius

520 5301 539 5323 ’
581 5326 638 5375 et
674 5318 946 5386 insanius,
983 5336 1017 5375 a
1057 5322 1240 5378 missis
1275 5324 1499 5389 nostris,
1532 5301 1722 5383 contra
1750 5301 1988 5384 omnen;
2016 5344 2174 5401 regu-

581 5408 709 5473 lam,
727 5416 783 5463 et
799 5417 995 5480 praeter
1019 5425 1234 5467 omnem
1258 5416 1731 5485 consuetudinem,
1757 5417 1993 5473 libellum
2020 5418 2166 5487 fidei,

583 5501 631 5560 si
657 5513 718 5560 se
752 5504 821 5559 ab
851 5502 960 5559 illis
991 5505 1157 5575 recipi
1185 5506 1407 5575 vellent,
1429 5511 1647 5583 exigere
1694 5512 2075 5580 moliebantur,
2118 5514 2174 5570 in

589 5610 703 5667 quo
726 5606 836 5652 tam
861 5597 968 5654 ista
996 5598 1251 5670 capitula,
1280 5618 1442 5673 quam
1470 5620 1536 5660 ea
1561 5612 1813 5660 tenentes
1853 5604 2173 5660 anathema-

589 5688 825 5746 tizarent
867 5709 880 5746 :
929 5706 1136 5751 necnon
1180 5701 1234 5750 et
1277 5694 1532 5764 epistolas
1570 5694 1857 5751 canonicas
1884 5695 1952 5750 ab
1980 5694 2065 5751 bis
2102 5697 2175 5763 ei,

2202 4464 2254 4524 D

2272 3202 2384 3255 suis
2422 3203 2514 3272 qui
2538 3201 2637 3256 sub
2664 3217 2721 3257 se
2744 3212 2890 3269 sunt,
2916 3204 2981 3260 de
3011 3206 3095 3260 his
3124 3206 3434 3278 diligentem
3482 3224 3675 3263 curam
3741 3226 3858 3265 sus.

2271 3292 2466 3362 cipiat,
2497 3301 2549 3347 et
2571 3293 2698 3363 quid
2746 3294 2942 3350 invidis
2970 3309 3157 3352 eorum
3188 3300 3614 3356 detractionibus
3659 3304 3859 3374 opponi

2273 3400 2497 3444 necesse
2518 3389 2609 3452 sit,
2635 3389 2820 3445 rimari
2852 3392 3085 3457 studeat,
3115 3402 3169 3447 et
3222 3393 3463 3449 invenire
3506 3411 3856 3469 summopere

2273 3481 2511 3551 gestiat,
2563 3490 2726 3551 atque
2785 3482 3059 3537 inventum
3098 3484 3253 3540 nobis
3290 3486 3441 3540 ocius
3483 3488 3859 3545 transmittere

2272 3574 2494 3628 minime
2534 3575 2890 3644 parvipendat
2914 3593 2928 3630 :
2956 3587 3221 3646 quatenus
3272 3577 3325 3632 id
3374 3593 3474 3633 nos
3509 3594 3728 3649 quoque
3762 3579 3853 3635 ad-

2274 3673 2466 3721 rersus
2494 3680 2681 3722 eorum
2714 3669 2991 3723 vesaniam
3040 3686 3164 3724 cum
3205 3671 3417 3726 caeteris
3462 3672 3856 3729 assertionibus

2274 3760 2475 3814 nostris
2495 3759 2688 3814 deinde
2711 3760 2927 3816 mittere
2956 3761 3251 3817 valeamus.
3277 3759 3420 3817 Nihil
3450 3764 3597 3817 enim
3620 3763 3676 3817 in
3704 3765 3856 3820 nobis

2276 3858 2385 3904 tam
2410 3851 2636 3905 visibilis
2671 3865 2832 3921 quam
2882 3852 3169 3908 invisibilis
3195 3852 3385 3918 hostis,
3429 3854 3572 3909 sicut
3622 3869 3849 3909 concor-

2276 3943 2440 4007 diam,
2492 3945 2852 4000 exborrescit.
2910 3944 3142 4017 ideoque
3198 3934 3385 4000 mutuo
3437 3947 3616 4002 studia
3671 3959 3853 4007 nostra

2278 4050 2657 4106 provocemus,
2686 4046 2741 4090 et
2773 4044 2961 4091 contra
2993 4050 3308 4092 communes
3338 4038 3543 4103 hostes,
3570 4052 3675 4091 non
3699 4038 3850 4109 quasi

2277 4127 2381 4182 bac
2400 4127 2482 4182 vel
2518 4128 2645 4183 illac
2682 4128 2942 4200 palantes.
2967 4129 3060 4185 sed
3093 4138 3346 4200 tanquam
3383 4141 3688 4187 castrorum
3713 4133 3850 4188 acies

2277 4217 2506 4274 ordinati
2535 4220 2885 4288 reprriamur.
2912 4217 3109 4290 Sicque
3141 4218 3220 4284 lit,
3252 4229 3309 4273 ut
3342 4222 3468 4275 dum
3501 4238 3603 4277 nos
3623 4234 3849 4279 vestram

2281 4313 2691 4367 unanimitatem
2722 4311 2789 4367 ad
2832 4325 3173 4367 communem
3213 4311 3503 4368 i‘ncilamus
3523 4312 3847 4379 conﬂictum,

2281 4418 2336 4461 et
2374 4422 2471 4461 vos
2510 4388 2715 4461 nostris
2757 4406 3147 4461 certaminibus
3192 4405 3467 4460 interestis
3492 4447 3508 4471 ,
3562 4415 3623 4461 ut
3668 4420 3721 4462 et
3756 4422 3848 4463 nos

2279 4509 2512 4557 vestram
2537 4500 2948 4556 sanczimoniam
2974 4500 3156 4557 debito
3182 4502 3377 4559 mentis
3408 4500 3604 4558 at'l'ectu
3632 4505 3847 4576 diligere

2266 4596 2611 4667 fraterneque
2655 4595 2902 4650 venerari
2948 4600 3254 4660 cernamnr,
3312 4604 3369 4652 et
3387 4611 3482 4651 vos
3524 4598 3579 4651 in
3630 4598 3824 4652 nullo:

2276 4689 2474 4758 capite,
2528 4687 2579 4741 id
2626 4696 2708 4741 est
2766 4701 2796 4740 a
2848 4686 2974 4741 sede
3011 4685 3178 4750 Petri,
3219 4687 3484 4744 dissidere
3534 4689 3842 4743 noscamini‘

2278 4779 2488 4846 Quanto
2520 4786 2701 4834 autem
2728 4777 2916 4844 livore,
2950 4786 3257 4850 quantaque
3297 4780 3576 4845 vecordia,
3610 4779 3721 4848 jam
3763 4782 3845 4835 de-

2279 4869 2498 4941 signati,
2536 4868 2848 4925 Grtecorum
2890 4867 3185 4939 principes,
3231 4882 3529 4939 eorumque
3573 4870 3838 4938 satellites,

2279 4962 2541 5017 adversus
2592 4975 2708 5026 nos,
2757 4975 2857 5029 pro
2904 4974 2969 5015 eo
3016 4961 3158 5030 quod
3198 4960 3311 5015 suis
3355 4960 3626 5016 noluimus
3666 4976 3840 5032 parere

2275 5053 2479 5109 iilicitis
2502 5051 2957 5117 animositatibus,
2980 5050 3176 5107 armati
3217 5052 3348 5118 sint,
3386 5052 3438 5107 in
3467 5068 3533 5108 eo
3573 5051 3838 5109 manifeste

2280 5147 2436 5204 datur
2481 5146 2705 5218 intelligi
2759 5145 2901 5216 quod
2940 5153 3033 5200 aut
3062 5144 3195 5201 falsa
3227 5154 3353 5200 sunt
3391 5161 3513 5216 quas
3555 5148 3713 5201 nobis
3750 5146 3840 5200 im-

2279 5241 2504 5311 pingere
2558 5237 2877 5302 moliuntur,
2924 5244 3017 5291 aut
3044 5247 3190 5291 certe
3217 5235 3329 5304 jam
3353 5251 3382 5289 a
3410 5237 3590 5307 prisco
3616 5243 3841 5306 tempore

2281 5332 2399 5386 sine
2426 5328 2743 5399 cujusquam
2767 5328 3198 5385 contradictione
3244 5328 3298 5382 in
3330 5326 3571 5383 Ecclesia
3593 5327 3839 5394 Romana,

2278 5424 2388 5479 im‘o
2430 5423 2483 5477 in
2518 5430 2630 5476 tota
2660 5421 2985 5477 occidentali
3027 5429 3203 5493 parte,
3248 5421 3510 5477 hactenus
3547 5422 3837 5477 custodita:

2280 5526 2335 5574 et
2364 5532 2485 5572 cum
2516 5514 2803 5572 ﬂoruerint
2828 5516 2991 5570 etiam
3017 5513 3159 5585 apud
3206 5513 3354 5585 ipsos
3387 5514 3568 5585 magni
3608 5514 3840 5570 doctores

2281 5605 2556 5671 Ecclesiae,
2580 5605 2756 5662 nullus
2770 5615 2949 5661 tamen
2975 5620 3163 5661 eorum
3188 5605 3253 5661 de
3276 5604 3363 5661 bis
3382 5604 3841 5674 reprehensionem

2284 5696 2432 5765 fecit,
2458 5698 2562 5755 nisi
2591 5698 2648 5753 hi
2675 5697 2769 5769 qui
2792 5711 2897 5753 non
2942 5695 3310 5769 zelojustitia
3350 5695 3569 5762 fervidi,
3610 5694 3702 5751 sed
3734 5692 3841 5749 zelo
