4060 6338
254 304 399 364 “57

1481 304 1838 362 EPISTOLJE
1876 305 1965 359 ΕΤ
2010 304 2344 361 DECRETA.

3391 277 3530 363 uss

264 431 484 485 invidiae
511 428 761 500 pet‘Culsi,
817 425 1068 480 Ecclesiae
1107 425 1345 478 lacerare
1398 423 1713 476 traditiones
1745 439 1841 474 an-
1870 429 1916 484 Α
1947 420 2428 487 ctionesplnrimos
2445 418 2528 474 vel
2556 419 2778 474 rediisse
2801 419 2887 474 vel
2905 420 3199 476 accessisse
3219 436 3528 478 noscamus.

261 523 474 578 ltelant.
522 521 795 588 Praecipue
846 535 965 571 eum
997 517 1061 568 de
1100 515 1304 585 jejunio
1360 514 1571 568 sabbati
1614 524 1852 581 tempore

263 615 328 670 S.
372 614 619 669 Silvestri
658 610 993 665 confessoris
1023 607 1222 664 Christi
1267 608 1336 661 sit
1368 607 1500 660 satis
1547 605 1850 659 discussum

263 719 325 764 ct
373 710 740 776 disputatum,
797 713 958 772 atque
1011 712 1068 755 ut
1112 696 1480 754 celebraretur
1529 715 1623 766 per
1669 697 1850 750 omnia

264 803 569 863 definitum,
597 800 881 868 nullusque
909 807 1030 866 post
1059 797 1171 850 ha‘c
1196 811 1324 847 ausu
1346 791 1634 846 temerario
1661 798 1849 844 contra

261 892 397 947 illud
429 900 687 946 statutum
709 889 916 950 venire,
936 894 1027 939 aut
1054 884 1242 939 saltem
1269 883 1462 936 niutirc
1487 894 1847 950 praesumpse-

263 985 371 1038 rit:
397 998 518 1036 cum
557 979 783 1048 potiuse
813 978 1025 1031 diverso
1051 974 1192 1028 sedis
1215 971 1520 1041 apostoliezc
1559 969 1846 1034 institutio,

264 1083 325 1131 et
349 1074 608 1128 Ecclesiae
631 1071 905 1125 Romanae
926 1084 1156 1137 sequens
1197 1063 1563 1125 observantia,
1609 1060 1849 1129 ejusdem

264 1162 534 1220 salutiferi
587 1161 867 1216 constituti
899 1157 1209 1214 exsecutrix
1240 1155 1406 1208 fuisse
1441 1153 1718 1220 hucusque
1758 1163 1846 1204 re-

262 1260 532 1330 periatur.
582 1256 848 1310 Prazterea
895 1254 961 1308 de
1006 1250 1352 1322 proccssione
1397 1247 1630 1317 Spiritus
1677 1241 1850 1298 sancti

262 1349 391 1418 quis
441 1348 650 1402 nesciat
699 1345 939 1399 illustres
988 1343 1134 1397 viros
1182 1351 1237 1396 et
1279 1340 1548 1410 praecipue
1588 1336 1848 1398 Latinos,

265 1439 528 1495 nonnulla
585 1438 886 1507 scripsisse,
939 1450 1168 1503 quorum
1224 1431 1341 1486 fulti
1390 1428 1847 1492 auctoritatibus,

264 1531 496 1586 istorum
532 1529 728 1598 oppido
759 1542 889 1582 sane
920 1525 1246 1594 respondere
1286 1537 1566 1591 possemus
1604 1519 1847 1584 insaniat,

264 1622 313 1677 ei
341 1621 423 1676 vel
470 1620 575 1674 illis
630 1635 734 1672 non
775 1616 1230 1686 reprehendemli,
1273 1614 1354 1669 vel
1396 1613 1553 1668 nobis
1594 1612 1673 1666 eis
1719 1626 1848 1664 con-

263 1713 496 1768 tentiosa
575 1710 728 1765 fauce
794 1709 1176 1780 gannientibus
1251 1707 1518 1760 rationem
1587 1702 1848 1758 reddendi

1957 511 2020 564 Et
2049 521 2193 563 certe
2224 511 2267 563 si
2300 511 2402 563 hoc.
2430 509 2632 564 licitum
2679 526 2797 564 esse
2841 521 3054 580 posset,
3088 512 3263 566 nullus
3290 513 3530 584 profecto

1953 599 2109 653 nobis
2140 600 2573 669 tranquilliorem
2601 601 2766 653 vitam
2807 588 3324 669 ducere‘valuisset,
3371 605 3531 658 nimi-

1953 707 2070 743 rum
2124 706 2257 758 quos
2309 692 2617 759 quotidiana
2669 692 2904 760 undique
2959 694 3213 759 veniens,
3260 705 3530 753 annuente

1952 783 2192 847 Christo,
2227 784 2526 851 frequentia
2551 800 2651 838 non
2681 785 2888 840 modice
2919 786 3092 842 reddit
3117 789 3396 855 sollicitos,
3432 807 3533 848 nec

1950 891 2137 944 pauens
2184 876 2461 928 constituit
2506 877 2729 930 subiuth
2777 879 3061 932 sudoribus
3094 878 3363 951 fatigatos.
3397 882 3529 938 l‘cr-

1949 965 2167 1032 pendite
2218 965 2596 1029 nihilominus,
2648 967 2694 1020 si
2747 984 2776 1020 a
2827 967 3020 1038 legatis
3063 973 3265 1026 nostris
3325 973 3534 1030 libellus

1951 1055 2092 1125 exigi
2126 1057 2338 1120 debuit,
2384 1065 2475 1109 aut
2519 1073 2638 1126 qua:
2682 1058 2809 1114 hinc
2837 1061 3081 1131 exempla
3112 1067 3485 1131 prmeesserint
3515 1085 3530 1122 :

1955 1161 2078 1198 cum
2132 1149 2231 1200 nec
2283 1147 2484 1214 scripto
2549 1149 2844 1214 insertum,
2904 1167 3004 1206 nec
3058 1155 3331 1210 memoriae
3387 1174 3535 1213 com-

1957 1237 2264 1291 mendatum
2307 1238 2411 1292 tale
2441 1240 2568 1308 quid
2598 1241 2828 1296 inveniri
2856 1245 3128 1298 credatur.
3158 1245 3411 1317 Nunquid
3433 1265 3534 1305 nos

1952 1327 2178 1397 alicujus
2229 1329 2484 1384 novitatis
2539 1331 2848 1388 inventores
2905 1337 3244 1392 exstitiiuus?
3294 1341 3537 1408 nunquid

1953 1421 2058 1476 alia
2079 1462 2093 1486 ,
2119 1423 2220 1476 nisi
2245 1439 2363 1492 quae
2389 1424 2452 1476 ad
2483 1423 2708 1480 salutem
2736 1427 3006 1496 ipsorum,
3029 1438 3084 1484 et
3106 1432 3172 1484 ad
3197 1447 3536 1487 communem

1953 1511 2212 1568 Ecclesiae
2250 1524 2450 1568 statum
2497 1517 2870 1585 pertinebant,
2922 1523 3352 1579 transmisimus?
3398 1542 3537 1580 nun-

1951 1606 2082 1676 quid
2109 1621 2205 1661 nos
2241 1609 2481 1664 haeretici
2530 1609 2817 1681 aliquando
2863 1614 3096 1672 fuimus?
3125 1616 3255 1671 Nam
3284 1619 3410 1674 licet
3439 1637 3539 1678 nos

1953 1707 2266 1766 peccatores
2287 1702 2503 1769 quidem
2532 1720 2653 1759 esse
2679 1723 2785 1760 non
2808 1705 3153 1779 denegemus,
3177 1715 3540 1782 quorumlibet

262 1802 600 1860 consuetudo
623 1800 874 1870 quaelibet
895 1799 1234 1853 exstitisset?
1268 1799 1372 1852 Sed
1401 1797 1530 1866 quid
1573 1796 1768 1851 mirum
1801 1794 1848 1849 si
1877 1799 1924 1860 Β
1954 1801 2135 1846 tamen
2165 1808 2411 1850 errorum
2459 1796 2590 1853 hcce
2620 1799 2850 1868 pollutos
2869 1843 2882 1865 ,
2915 1802 3026 1858 Deo
3052 1806 3284 1875 gratias,
3314 1808 3540 1864 minime

261 1893 370 1950 hoc
413 1893 502 1948 isti
540 1892 918 1963 prietendunt,
969 1907 1091 1946 cum
1143 1891 1306 1946 etiam
1350 1890 1648 1961 glorientur
1685 1896 1848 1957 atque

259 1985 604 2054 perhibeant,
637 1983 852 2052 quando
897 1982 965 2038 de
1011 1982 1252 2035 Romana
1306 1982 1438 2035 urbe
1490 1981 1847 2052 imperatores

262 2072 794 2144 Constantinopolim
824 2082 950 2128 sunt
975 2073 1250 2136 translati,
1301 2083 1425 2127 tunc
1454 2083 1510 2126 et
1557 2074 1850 2141 primatum

261 2163 524 2217 Romana:
555 2165 702 2218 sedis
745 2165 813 2217 ad
854 2164 1506 2232 Constantinopolitanaui
1549 2163 1847 2218 Ecclesium

261 2256 700 2326 transmigrasse,
761 2265 817 2309 et
870 2270 993 2308 cum
1058 2254 1412 2325 dignitatibus
1473 2256 1638 2323 regiis
1680 2255 1847 2308 etiam

261 2347 520 2403 Ecclesiae
563 2347 820 2402 Romana:
875 2346 1154 2416 privilegia
1214 2348 1472 2401 translata
1533 2347 1848 2400 fuisse?lta

260 2448 322 2494 ut
348 2437 590 2506 ejusdem
620 2438 835 2491 iuvasor
872 2437 1128 2492 Ecclesia:
1159 2437 1381 2491 Photins
1423 2449 1584 2490 etiam
1635 2438 1746 2506 ipse
1790 2452 1849 2492 se

259 2528 315 2584 in
367 2526 585 2597 scriptis
615 2527 728 2581 suis
777 2527 1245 2594 archiepiscopum
1288 2536 1449 2596 atque
1489 2527 1846 2580 nuiversalem

258 2620 624 2689 patriarcliam
656 2617 908 2686 appellet.
943 2616 1129 2672 Videte
1157 2634 1318 2685 ergo,
1363 2621 1592 2683 fratres,
1640 2621 1685 2674 si
1732 2622 1846 2675 haec

262 2711 517 2766 Ecclesia:
557 2710 757 2765 Christi
787 2725 897 2765 non
930 2709 1282 2778 praejudieent
1318 2728 1330 2762 :
1369 2711 1541 2764 videte
1569 2711 1612 2764 si
1647 2710 1844 2763 tolera-

261 2804 387 2858 bilia
422 2802 638 2856 valeant
683 2802 947 2858 aestimari
984 2801 1366 2855 :cousiderate
1420 2803 1465 2856 si
1513 2803 1742 2856 debeant
1773 2802 1848 2856 illi

263 2895 516 2953 Ecclesim
562 2896 818 2949 Romana:
863 2893 1170 2962 hujusiuodi
1215 2896 1591 2966 derogationes
1635 2895 1718 2949 vel
1752 2896 1847 2950 de—

264 2992 554 3047 tractiones
574 2992 838 3060 ingerere,
858 3005 979 3042 eum
1000 2990 1138 3058 ipsa,
1156 3005 1221 3042 ex
1240 3004 1347 3057 quo
1361 2990 1524 3058 coepit
1537 2989 1846 3042 Christiana

263 3086 453 3155 religio
487 3085 735 3149 dilatari,
769 3099 888 3156 qua;
914 3084 1077 3138 semel
1129 3084 1179 3136 in
1227 3083 1388 3136 Petro
1416 3092 1644 3152 patrono
1670 3099 1734 3137 ac
1759 3083 1843 3136 in-

263 3179 511 3233 stitutore
561 3193 661 3230 suo
706 3176 974 3244 suscepit,
1003 3174 1326 3228 immutilata
1383 3174 1615 3228 tenuerit
1638 3214 1651 3238 ,
1681 3183 1736 3228 et
1763 3175 1846 3227 iu-

263 3279 518 3337 corrupta
553 3285 648 3337 per
677 3269 780 3322 alia
811 3268 1026 3321 climata
1073 3267 1260 3319 mundi
1288 3267 1533 3320 docuerit
1565 3286 1575 3319 :
1612 3282 1710 3321 nec
1755 3281 1849 3336 ap-

264 3361 502 3431 paruerit
525 3362 810 3430 quisquam
855 3374 953 3429 per
981 3368 1059 3414 tot
1108 3359 1296 3413 saltem
1329 3359 1647 3413 saeculorum
1677 3361 1850 3414 curri-

265 3451 381 3505 cula
401 3491 417 3514 ,
450 3451 542 3519 qui
565 3451 681 3520 ejus
703 3451 1086 3505 traditionibus
1106 3451 1447 3519 derogaverit
1467 3491 1482 3515 ,
1508 3461 1601 3503 aut
1627 3451 1849 3504 obviare

263 3545 700 3613 praesumpserit;
724 3543 866 3606 licet,
897 3555 956 3595 ut
984 3544 1347 3611 praetuliinus,
1379 3545 1431 3597 in
1461 3543 1697 3597 Ecclesia
1726 3559 1847 3598 cre~

264 3633 360 3687 bro
385 3649 442 3685 in
475 3633 564 3702 gni
588 3632 838 3686 doctores
864 3630 1198 3685 effulserint:
1229 3647 1328 3686 nec
1357 3632 1466 3684 visa
1509 3632 1580 3684 sit
1610 3647 1848 3699 unquam

264 3722 525 3786 Ecclesia,
566 3732 625 3778 ut.
654 3739 760 3776 non
803 3723 978 3777 dicam
1013 3721 1661 3791 Constantiuopolitanam
1682 3762 1696 3785 ,
1730 3739 1850 3790 quae

263 3815 418 3883 longe
473 3823 596 3884 post
650 3815 893 3868 instituta
956 3825 1069 3876 est,
1145 3812 1297 3880 cujus
1366 3816 1481 3868 haec
1546 3815 1850 3870 doctrinam

267 3907 348 3961 vel
377 3907 752 3960 auctoritatem
800 3913 982 3959 secuta
1028 3905 1129 3969 sit,
1177 3920 1297 3958 cum
1346 3905 1458 3973 ipsa
1506 3905 1687 3973 potius
1717 3905 1851 3960 alias

264 3998 516 4054 eccksias
545 3997 841 4052 instituerit
861 4037 878 4062 ,
907 4007 1069 4066 atque
1107 3998 1194 4051 liis
1223 3998 1510 4050 nonnullas
1538 3998 1849 4053 traditiones

263 4092 548 4148 contulerit
581 4107 595 4144 :
621 4093 753 4147 adeo
776 4101 829 4146 ut
848 4131 862 4157 ,
889 4092 1342 4161 quemadmodum
1371 4091 1679 4150 [huilacius
1705 4094 1851 4148 sedis

265 4184 570 4255 apostolica:
622 4185 816 4254 praesul
872 4193 1122 4249 testatur,
1190 4185 1463 4242 institutio
1532 4187 1851 4243 universalis

266 4278 538 4334 nascentis
562 4279 818 4334 Ecclesiae
845 4278 911 4333 de
962 4280 1106 4334 beati
1142 4277 1283 4332 Petri
1316 4279 1608 4348 sumpserit
1645 4280 1852 4336 honore

265 4375 585 4445 principium
603 4415 617 4440 ,
647 4375 702 4429 in
729 4391 840 4444 quo
862 4376 1097 4445 regimen
1125 4375 1240 4444 ejus
1265 4384 1317 4428 et
1340 4390 1549 4429 summa
1580 4375 1846 4429 consistit.

266 4467 588 4538 Perpendite
603 4483 732 4538 ergo
754 4509 768 4532 ,
792 4468 1025 4531 fratres,
1053 4467 1099 4522 si
1127 4469 1240 4522 hate
1273 4467 1420 4521 utilia
1451 4467 1560 4521 sint
1593 4466 1850 4522 Ecclesiae

1954 1889 2423 1957 recognoscimus,
2468 1893 2918 1961 quemadmodum
2969 1897 3080 1963 illi,
3118 1901 3211 1968 qui
3260 1917 3537 1972 nunquam

1953 1977 2069 2030 sine
2115 1978 2405 2035 schismate
2425 2021 2439 2046 ,
2469 1998 2745 2051 nunquam
2796 1990 3017 2054 pror'sus
3047 1990 3116 2043 ab
3148 2006 3333 2047 errore
3387 2009 3542 2061 repe—

1953 2067 2166 2122 riuntur
2195 2072 2462 2126 extranei.
2491 2072 2726 2128 Libellos
2754 2085 2933 2130 autem
2966 2093 3065 2132 nos
3091 2081 3158 2133 ab
3189 2081 3294 2136 illis
3337 2092 3392 2138 et
3421 2085 3538 2139 exi-

1953 2172 2077 2226 gere
2107 2167 2161 2212 et
2187 2161 2461 2231 suscipere
2477 2203 2492 2227 ,
2519 2179 2624 2218 non
2648 2174 2826 2219 autem
2851 2166 2968 2221 illos
2989 2183 3018 2222 a
3043 2172 3240 2227 nostris
3265 2175 3542 2243 requirere

1953 2248 2128 2302 solere
2155 2290 2169 2313 ,
2202 2255 2538 2308 consuetudo
2566 2255 2839 2327 hucusque
2869 2263 3134 2317 custodita
3184 2267 3540 2325 demonstrat.

1958 2337 2092 2393 Cum
2127 2344 2303 2407 enim,
2334 2343 2536 2400 Christi
2585 2363 2840 2416 munere,
2872 2364 3094 2424 propter
3120 2358 3414 2426 primatqu
3441 2361 3542 2417 Ec-=

1954 2432 2131 2488 clesia:
2165 2435 2421 2492 Romamn
2451 2439 2505 2491 in
2545 2439 2708 2495 beato
2751 2444 2912 2499 Petro
2957 2463 3308 2517 concessum,
3338 2454 3542 2510 nemini

1952 2525 2021 2578 sit
2064 2527 2130 2580 de
2180 2527 2326 2582 sedis
2356 2529 2664 2598 apostolicae
2701 2530 2908 2599 judicio
2931 2534 3210 2605 judicare,
3258 2551 3352 2596 aut
3395 2543 3539 2602 illius

1953 2618 2280 2670 sententiam
2314 2627 2611 2674 retractare
2644 2624 2964 2690 permissum
2998 2639 3251 2685 :constat
3280 2634 3538 2690 nimirum

1953 2721 2047 2761 eos
2084 2708 2151 2762 ab
2201 2710 2285 2763 his
2334 2711 2537 2765 nullum
2577 2712 2666 2780 jus
2712 2717 2988 2784 possidere
3020 2719 3227 2777 libellos
3253 2725 3536 2795 exigendi,

1952 2813 2089 2867 quos
2130 2801 2330 2855 habere
2365 2805 2446 2857 fas
2487 2802 2762 2871 judicandi
2805 2809 2950 2862 nullo
2980 2810 3242 2880 jubentur
3287 2829 3494 2872 canone
3523 2855 3540 2884 ,

1952 2889 2098 2943 nullo
2122 2893 2420 2959 probantur
2447 2896 2711 2966 exemplo.
2742 2897 3020 2956 Potioruin
3049 2904 3194 2958 enim
3226 2916 3312 2962 est
3353 2909 3420 2962 ab
3459 2909 3543 2963 iu-

1952 2982 2278 3048 ferioribus,
2313 3002 2417 3041 non
2462 2988 2778 3045 inferiorum
2823 3009 2853 3047 a
2900 2997 3229 3065 potioribus,
3283 3000 3544 3058 violenter

1954 3078 2170 3148 exigere
2197 3080 2478 3143 rationem,
2503 3092 2596 3138 aut
2615 3099 2855 3142 exortam
2873 3090 3069 3146 elicere
3091 3093 3540 3153 satisfactionem.

1876 3171 1921 3233 C
1953 3165 2436 3226 Coinnienuatizias
2461 3184 2642 3228 autum
2685 3179 2973 3249 epistolas,
3006 3185 3220 3240 etiamsi
3268 3189 3373 3244 tale
3414 3190 3544 3260 quid

1955 3261 2179 3330 antiqua
2209 3268 2544 3320 consuetudo
2579 3269 2694 3322 tieri
2742 3287 2772 3324 a
2820 3274 2974 3329 nobis
3003 3275 3380 3348 elllagitasset,
3412 3281 3546 3338 dan-

1953 3353 2050 3407 das
2073 3353 2266 3408 Photio
2299 3359 2457 3412 modo
2489 3362 2828 3421 mitteremus
2858 3383 2872 3421 :
2901 3369 3098 3440 quippe
3126 3387 3285 3440 quem
3319 3390 3423 3430 non
3457 3375 3546 3431 lit-

1956 3454 2191 3501 terarum
2247 3460 2550 3506 nostrarum
2597 3458 2977 3515 connuuuione
3022 3462 3076 3515 in
3127 3463 3363 3521 Ecclesia
3401 3468 3544 3524 Con-

1953 3538 2428 3607 stantinopolitana
2461 3544 2874 3612 stabiliendum,
2912 3552 3007 3606 sed
3039 3563 3238 3611 nostra:
3264 3561 3545 3617 sententias

1947 3628 2060 3694 jam
2092 3645 2350 3684 mucrone
2379 3635 2723 3702 perculsum,
2755 3641 2825 3693 ab
2869 3656 2931 3695 ea
2978 3645 3194 3711 penitus
3223 3648 3543 3706 decrevera-

1955 3734 2073 3771 mus
2105 3728 2360 3788 tanquam
2407 3725 2711 3781 adulterum
2755 3731 3180 3800 propellendum.
3214 3738 3413 3794 \‘erum
3445 3756 3544 3812 pro

1955 3809 2040 3863 his
2070 3820 2123 3864 et
2171 3813 2256 3865 his
2299 3814 2568 3870 similibus
2595 3821 2778 3875 causis
2805 3825 3065 3880 canonice
3106 3809 3462 3888 discutiendis
3487 3843 3545 3890 et

1954 3899 2060 3954 rite
2089 3903 2406 3959 detiniemiis
2433 3915 2540 3960 tam
2565 3918 2834 3975 vestram,
2862 3929 3026 3982 quam
3046 3916 3276 3974 aliorum
3305 3921 3540 3980 fratrum

1952 4003 2009 4048 et
2052 3999 2498 4077 coepiscoporum
2545 4015 2874 4070 nostrorum,
2925 4014 3278 4068 reverendam
3323 4017 3390 4070 ad
3443 4033 3544 4074 nos

1953 4103 2254 4146 convocare
2299 4093 2555 4149 vellemus
2600 4100 2975 4167 praesentiain,
3022 4103 3125 4158 nisi
3170 4121 3269 4162 nos
3317 4108 3544 4166 diversae

1953 4183 2138 4235 muni
2169 4183 2506 4242 calamitates
2522 4228 2540 4251 ,
2567 4199 2624 4244 i-t
2641 4193 2967 4259 quotidianae
2989 4210 3256 4265 pressura:
3279 4200 3330 4254 id
3351 4217 3543 4272 gerere

1953 4274 2270 4330 vetuissent.
2305 4276 2411 4333 Sed
2439 4295 2559 4348 qua:
2608 4283 2886 4338 nobiscum
2931 4291 3163 4355 ageretis
3209 4303 3540 4362 praesentes,

1953 4369 2240 4425 hortamur
2264 4374 2408 4442 agite
2435 4375 2626 4431 saltem
2654 4379 2936 4443 absentes,
2971 4383 3067 4451 qui
3094 4393 3274 4439 tamen
3301 4386 3427 4440 dum
3454 4387 3539 4441 in-

1955 4471 2038 4516 tra
2067 4464 2242 4518 sinuin
2275 4467 2587 4533 churitatis,
2635 4486 2797 4540 quam
2833 4472 3000 4528 latum
3053 4479 3363 4532 mandatum
3391 4478 3541 4534 Psal-

268 4561 356 4616 Dei
377 4603 391 4625 ,
420 4563 464 4616 si
491 4564 608 4617 haec
652 4577 885 4634 congrua
921 4565 1204 4618 videantur
1232 4564 1348 4634 ejus
1391 4565 1842 4619 ordinationibus.
1876 4541 1925 4599 Β
1957 4557 2114 4611 mis“!
2142 4563 2415 4630 ηυηυυβεῑ
2444 4561 2615 4633 (Ρεαί-
2657 4573 2881 4636 CXVIII),
2913 4583 3009 4623 V08
3037 4569 3540 4640 Circumpleﬂenles

266 4653 581 4723 Perpeudite
603 4693 618 4718 ,
650 4670 809 4724 rogo,
859 4657 906 4710 si
952 4657 1096 4710 sedis
1144 4657 1452 4725 aposwlicaa
1481 4659 1674 4710 missos
1706 4673 1736 4709 a
1762 4658 1845 4710 vi-

266 4748 416 4801 sione
439 4761 538 4799 sua
566 4746 888 4811 excludere,
937 4747 1021 4800 vel
1066 4762 1159 4801 eos
1207 4757 1299 4800 aut
1347 4748 1603 4817 epistolas
1631 4758 1848 4802 nostras

267 4853 520 4909 spernere
568 4837 884 4902 debuerint,
929 4849 986 4892 et
1024 4840 1112 4893 ubi
1157 4839 1234 4893 sit.
1279 4841 1568 4909 aliquando
1594 4853 1843 4910 gestum,

267 4945 480 5000 quaeso,
513 4944 814 4984 memorare
857 4929 1196 4994 contendite,
1243 4930 1477 5000 alioquin
1507 4943 1696 4986 contra
1730 4942 1846 4987 tan-

272 5032 379 5076 tum
433 5021 679 5077 laborare
727 5031 1095 5090 contemptum
1149 5023 1431 5076 nobiscum
1484 5031 1595 5076 tota
1649 5025 1846 5078 virtute

269 5123 471 5170 curate.
502 5113 636 5166 Nam
683 5114 727 5167 si
759 5113 1066 5183 hujusniodi
1105 5127 1222 5168 mos
1264 5114 1316 5168 in
1363 5113 1604 5169 Ecclesia
1650 5114 1850 5170 Christi

270 5206 430 5261 luent
459 5214 699 5270 exortus,
725 5204 972 5259 videlicet
993 5213 1052 5259 ut
1075 5203 1233 5275 legati
1266 5219 1359 5259 seu
1397 5205 1588 5259 litterae
1616 5205 1851 5276 singula-

272 5315 385 5353 rum
434 5297 826 5361 ecclesiarum,
873 5295 959 5350 vel
1002 5311 1353 5367 persouarum
1410 5299 1478 5351 ab
1518 5297 1602 5351 his
1655 5299 1850 5367 quibus

275 5392 556 5445 mittuntur
603 5390 824 5444 minime
873 5391 1256 5460 suscipiantur,
1303 5391 1424 5459 quis
1482 5389 1635 5445 locus
1681 5399 1848 5447 restet

277 5481 431 5535 Saluti
458 5496 554 5537 nos
595 5483 808 5552 penitus
853 5481 1199 5553 ignoramus,
1236 5483 1539 5555 praesertim
1582 5501 1704 5540 cum
1750 5500 1847 5556 per

281 5570 570 5640 legatorum
606 5581 659 5626 et
690 5574 1039 5644 epistularum
1075 5572 1466 5627 destinatarum
1497 5575 1848 5631 interventio-

280 5673 398 5718 nem
447 5664 511 5716 ad
560 5664 716 5718 fidem
763 5665 1048 5721 nonnullos
1097 5681 1422 5732 conversos,
1467 5680 1522 5721 et
1563 5670 1630 5723 ab
1665 5683 1849 5724 errore

281 5752 476 5809 multos
511 5766 818 5824 revocatos,
850 5766 903 5812 et
949 5758 1015 5814 ad
1058 5773 1247 5829 pacem
1293 5769 1625 5834 craterasque
1666 5778 1846 5821 corre-

1952 4666 2167 4720 seinper
2197 4653 2471 4710 intuemur
2493 4658 2644 4726 quasi
2669 4670 2987 4728 praesentes,
3012 4671 3278 4716 terrarum
3300 4663 3538 4732 profecto

1952 4746 2142 4814 spatiis
2176 4763 2447 4818 nunquam
2476 4753 2708 4822 potestis-
2733 4755 2920 4809 haberi
2961 4756 3164 4811 visibus
3213 4759 3411 4812 nostris
3443 4760 3539 4814 ab-

1952 4845 2154 4892 sentes.
2184 4837 2567 4898 Verumtamen
2589 4845 2636 4899 si
2655 4846 2759 4900 huc
2779 4846 3044 4902 veniendo
3064 4846 3242 4919 [[‘orre,
3265 4850 3534 4917 veniendi,

1953 4927 2151 5001 Hum]
2185 4933 2445 4987 recusatis
2471 4935 2710 4989 laborem
2739 4938 3001 5007 arripere,
3028 4953 3126 4995 nec
3147 4940 3297 5010 jussa
3332 4943 3536 4998 terreni

1954 5022 2242 5093 principis,
2278 5039 2377 5080 nec
2422 5026 2528 5098 ulla
2579 5028 2960 5096 impedimenta
3003 5033 3217 5098 saeculi,
3246 5037 3392 5104 pium
3422 5042 3538 5090 stu-

1952 5112 2099 5166 ditnu
2145 5124 2380 5169 vestrum
2411 5130 2441 5170 a
2473 5120 2742 5174 communi
2791 5119 2892 5177 hac
2933 5123 3289 5181 ecclesiastici
3335 5127 3536 5197 negotii

1953 5206 2334 5300 meditatione,
2387 5223 2480 5263 seu
2525 5214 2829 5267 necessaria
2863 5215 3252 5284 sollicitudine,
3283 5219 3537 5275 cohibere

1951 5313 2168 5368 quoquo
2191 5302 2348 5356 modo
2369 5301 2600 5358 valeant.
2623 5304 2837 5377 Alioqui
2863 5318 3098 5364 vestram
3121 5312 3187 5367 ad
3212 5328 3307 5368 nos
3339 5315 3536 5369 frater-

1954 5391 2179 5490 nitatem
2212 5396 2576 5461 convocandi,
2601 5407 2653 5452 et
2682 5401 2884 5471 pariter
2905 5404 2971 5459 de
2993 5404 3360 5474 hujuscemodi
3389 5423 3539 5490 quae:

1953 5484 2221 5539 stionibus
2247 5488 2545 5553 tractandi,
2577 5489 2734 5547 nobis
2755 5494 2856 5547 erit
2880 5497 3100 5552 omnino
3121 5497 3413 5552 necessitas
3438 5515 3452 5551 :
3477 5484 3538 5574 ut

1953 5577 2207 5632 videlicet
2243 5578 2393 5648 juxta
2435 5580 2718 5650 pristinam
2772 5588 3213 5646 consuetudinem
3253 5583 3538 5684 nobiseum"

1955 5670 2010 5724 i'n
2049 5670 2278 5740 idipsum
2303 5673 2440 5744 apud
2468 5672 2526 5728 S.
2550 5673 2768 5732 Petrum
2789 5681 3198 5745 convenientes,
3219 5670 3536 5739 communes

1959 5765 2214 5824 Ecclesiae
2239 5769 2593 5826 contumelias
2622 5772 2943 5843 repellamus
2961 5813 2976 5841 ,
3008 5773 3104 5844 qui
3125 5785 3411 5829 commune
3445 5777 3537 5854 saf
