4060 6338
545 299 683 356 “59

1901 293 2170 350 NICOLAI
2201 292 2402 348 PAP/E
2433 293 2453 347 Ι

3689 291 3881 346 1160

539 411 762 469 cerdotii
795 410 1004 467 culmen
1055 412 1104 466 in
1156 411 1354 468 Christi
1389 411 1659 476 Ecclesia,
1691 411 1886 480 singuli
1917 425 2110 483 secun:
2137 410 2301 473 Aet:
2315 408 2457 478 quod
2505 421 2662 478 agere
2729 407 2961 477 majores
3019 421 3209 462 eorum
3265 407 3489 463 minime
3549 421 3872 478 praesum-

539 503 664 558 dum
693 517 911 557 suorum
942 502 1255 572 qualitatem
1285 501 1682 572 privilegiortnn
1703 540 1717 566 ,
1749 501 2113 570 promeruisse

539 593 922 664 dignoscimur.
954 593 1224 660 Praecipue
1253 608 1372 646 cum
1406 609 1508 646 non
1541 591 1713 646 solum
1767 600 1987 661 propter
2018 591 2116 644 hu-

534 680 768 751 jnsmodi
799 681 1061 753 generalis
1091 680 1344 735 Ecclesiae
1375 681 1643 750 negotium
1667 721 1682 745 ,
1712 681 1803 734 sed
1828 681 1988 734 etiam
2019 695 2116 749 pro

542 773 790 842 specialis
837 771 993 840 hujus
1042 772 1186 827 sedis
1227 779 1411 825 exorta
1461 786 1623 825 causa
1689 770 2117 840 praedecessores

539 865 705 919 vestri
753 879 856 917 una
899 878 1021 918 cum
1065 860 1550 932 prmdecessoribus
1598 862 1796 916 nostris
1845 861 1936 916 hic
1973 861 2114 918 soliti

541 953 649 1008 sint
677 943 780 1006 non
810 951 1080 1007 immerito
1125 952 1432 1006 convenire.
1468 950 1600 1005 Nam
1640 950 1941 1005 mirandum
1980 965 2114 1020 qua-

539 1044 782 1099 mobrem
817 1042 978 1098 iidem
1007 1042 1364 1113 imperatores
1390 1042 1463 1096 ita
1493 1042 1749 1107 saeviant,
1781 1043 1854 1097 ita
1877 1056 2117 1108 commo-

539 1142 787 1198 veantur,
818 1133 888 1186 ita
929 1133 985 1188 in
1029 1133 1274 1188 convicia
1303 1142 1487 1188 nostra
1532 1141 1884 1203 prorumpant
1915 1147 1929 1186 :
1959 1148 2079 1199 cum
2099 1173 2113 1198 ,

539 1227 582 1282 si
612 1225 746 1281 bene
772 1233 1085 1297 gesserunt,
1115 1239 1208 1280 eos
1252 1239 1356 1278 non
1387 1224 1542 1279 nobis
1565 1224 1896 1288 conviciari,
1927 1224 2021 1279 sed
2050 1224 2118 1279 de

537 1316 678 1371 bono
708 1316 910 1387 gratias
941 1317 1143 1371 auctori
1180 1313 1380 1370 referre
1400 1355 1414 1378 ,
1443 1323 1495 1368 et
1525 1314 1579 1368 in
1622 1330 1683 1369 se
1716 1315 1846 1384 ipsis
1888 1314 2116 1384 gloriam

538 1408 768 1474 habere,
797 1417 852 1464 et
882 1409 1075 1464 missos
1100 1407 1184 1463 vel
1209 1407 1529 1477 legationem
1558 1417 1799 1461 nostram
1829 1420 2116 1476 respuere,

537 1501 630 1554 sed
663 1508 848 1570 utpote
893 1500 1004 1556 suis
1034 1500 1168 1554 bene
1219 1498 1385 1566 gestis
1416 1497 1849 1568 congratulantia
1887 1497 2118 1554 libenter

537 1593 823 1648 admittere
841 1633 856 1657 ,
882 1601 936 1648 et
961 1592 1116 1648 nobis
1143 1606 1381 1663 congrua
1408 1607 1667 1663 reSponsa
1698 1593 1930 1663 dirigere
1947 1633 1962 1659 ,
1993 1608 2119 1663 pro-

535 1686 679 1742 fecto
708 1687 968 1742 decuerit.
1001 1686 1057 1743 Si
1089 1702 1217 1742 vero
1262 1687 1400 1742 male
1443 1689 1650 1758 operati
1699 1698 1855 1754 sunt,
1893 1697 1953 1743 ut
1987 1689 2117 1758 quid

2216 508 2460 571 pserunt,
2506 500 2595 555 isti
2637 501 2800 554 etiam
2845 514 2966 570 quae
3010 500 3304 569 antiquitas
3335 500 3586 555 Romana
3637 515 3870 554 susce-

2215 592 2323 662 pit,
2379 607 2504 647 cum
2555 592 2858 646 numerosis
2915 592 3054 647 hanc
3111 593 3459 662 sequentibus
3520 591 3862 649 ecclesiis.

2216 681 2540 752 generaliter
2594 695 2849 736 accusare
2903 690 2960 736 et
3015 681 3396 753 hlasphemare
3451 697 3548 737 ore
3604 681 3864 751 polluto

2217 771 2438 826 minimc
2490 771 2804 826 timuerunt.
2851 770 2992 838 Quin
3051 782 3107 828 et
3153 773 3448 844 privilegiis
3493 774 3862 845 apostolica:

2217 864 2383 928 sedis,
2412 879 2640 934 quorum
2681 862 2990 918 valetudine
3019 879 3116 919 sua
3158 878 3371 934 quoque
3413 863 3677 918 roborari
3737 881 3826 933 po

2216 965 2550 1028 poscerent,
2584 958 2710 1027 quia
2759 956 2872 1030 suis
2922 956 3352 1027 malignitatibus
3396 971 3501 1009 non
3550 955 3854 1020 favimus,

2219 1049 2511 1105 conviciari
2564 1057 2620 1104 et
2664 1047 2928 1120 derogare
2964 1048 3081 1103 vice
3129 1048 3571 1119 tergiversatoria
3631 1047 3858 1102 multi-

2217 1139 2355 1194 farie
2401 1139 2744 1195 studueruut.
2780 1138 2952 1195 Porro
3001 1147 3202 1205 autem,
3258 1139 3384 1208 quia
3435 1153 3542 1194 nos
3591 1147 3856 1209 aposto—

2217 1229 2336 1284 lica:
2357 1229 2500 1284 sedis
2525 1229 2930 1293 auctoritatem,
2955 1227 3063 1283 Deo
3088 1228 3307 1299 gratias,
3342 1242 3450 1282 non
3469 1231 3850 1298 ignorantes,

2218 1322 2484 1378 hactenus
2511 1321 2908 1392 quodammodo
2951 1319 3297 1389 singulariter
3333 1333 3519 1373 eorum
3569 1318 3849 1387 pravita-

2221 1424 2360 1481 tem,
2401 1413 2548 1468 nullo
2587 1411 2780 1468 solatio
2810 1420 2993 1466 vestro
3029 1425 3179 1465 more
3218 1410 3400 1480 prisco
3429 1408 3661 1474 muniti,
3697 1424 3851 1464 con-

2220 1505 2419 1564 stantia
2461 1520 2670 1560 summa
2693 1504 3073 1574 repressimus,
3107 1509 3262 1556 actus
3290 1516 3420 1555 suos
3469 1500 3546 1554 illi
3592 1500 3846 1554 nonnisi

2219 1597 2376 1653 nobis
2424 1595 2729 1666 displicere,
2777 1593 2991 1648 nonnisi
3042 1606 3141 1647 nos
3190 1590 3487 1655 exsecrari,
3537 1588 3847 1645 fallaciter

2221 1687 2570 1743 arbitrantur.
2615 1672 2978 1752 Quamobrem
3029 1682 3147 1736 ﬁeri
3194 1689 3393 1752 potest,
3439 1689 3501 1736 ut
3545 1681 3673 1735 haec
3734 1697 3845 1736 sua

536 1794 644 1834 non
675 1779 871 1851 corrigi
906 1780 1085 1850 potius
1128 1788 1184 1836 et
1231 1779 1505 1835 meliorari
1535 1788 1818 1852 satagunt,
1851 1782 1944 1836 sed
1979 1781 2119 1836 indi-
2146 1769 2194 1829 B
2222 1779 2484 1836 venenosi
2526 1778 2786 1850 graminis
2817 1777 3022 1832 semina
3064 1790 3162 1846 per
3195 1774 3331 1830 alias
3377 1774 3565 1829 mundi
3631 1783 3847 1844 partes

536 1879 792 1940 gnantur,
825 1870 1108 1938 anhelant,
1155 1878 1208 1926 et
1256 1871 1309 1926 in
1361 1879 1437 1926 tot
1482 1871 1835 1927 contumelias
1861 1872 2119 1928 adversus

537 1963 907 2018 ordinationes
949 1963 1044 2018 Dei
1090 1972 1145 2018 et
1184 1963 1439 2019 Ecclesia:
1483 1964 1798 2018 traditiones
1847 1963 2121 2019 insiliunt?

541 2055 796 2123 Quamvis
834 2071 940 2110 non
991 2065 1099 2110 tam
1149 2056 1444 2126 indignati,
1474 2071 1636 2126 quam
1668 2057 1912 2112 deterriti
1957 2055 2122 2112 fuisse

539 2146 842 2209 videantur,
864 2146 1193 2201 conscientia
1220 2161 1453 2216 namque
1479 2146 1822 2200 remordente
1847 2146 2122 2201 intellexe-

539 2247 693 2302 runt,
723 2252 824 2309 pro
847 2236 1137 2307 judicanda
1168 2239 1429 2292 canonice
1459 2239 1540 2292 sui
1569 2238 1898 2307 obligatione
1927 2253 2026 2292 nos
2054 2237 2121 2291 il-

538 2330 622 2386 las
654 2338 839 2400 partes
885 2329 1117 2384 misisse.
1147 2327 1506 2395 Quamobrem
1541 2328 1910 2398 hujuscemodi
1939 2328 2120 2383 consi-

537 2420 611 2475 lio
643 2419 724 2474 usi
755 2427 912 2484 sunt,
957 2434 1064 2489 quo
1095 2418 1344 2474 videlicet
1388 2418 1550 2489 legati
1601 2419 1772 2474 nostri
1819 2419 2124 2474 nullatenus

539 2509 956 2566 admitterentur
983 2527 996 2563 :
1028 2508 1236 2564 scilicet
1267 2523 1332 2562 ne
1363 2523 1459 2578 per
1499 2509 1619 2564 illos
1643 2549 1657 2576 ,
1686 2510 1770 2565 vel
1799 2511 1866 2564 de
1893 2524 2122 2582 recupe-

540 2612 659 2658 rato
685 2602 854 2658 fratre
881 2611 935 2658 et
967 2601 1285 2671 coepiscopo
1310 2609 1496 2656 nostro
1525 2600 1744 2671 lgnatio,
1770 2600 1854 2655 vel
1885 2601 1952 2656 de
1974 2601 2126 2656 dam-

540 2702 666 2748 nato
689 2692 882 2748 Photio
911 2692 1190 2757 invasere,
1219 2692 1362 2747 sedis
1388 2692 1697 2762 apostolicae
1732 2694 1998 2747 sententia
2029 2707 2125 2763 pe-

539 2801 636 2840 nes
661 2800 720 2840 se
753 2783 1052 2850 diffamari,
1080 2799 1180 2840 nec
1211 2799 1400 2839 rursus
1427 2783 1620 2847 iidem,
1654 2790 1908 2853 tanquam
1951 2782 2126 2838 fauto—

541 2891 629 2931 res
661 2884 822 2931 tanue
846 2875 1250 2947 perversitatis,
1280 2889 1343 2930 ac
1384 2890 1479 2945 per
1525 2874 1629 2929 hoc
1663 2873 1916 2946 obligati,
1946 2874 2124 2928 mani-

540 2966 762 3033 festius,
809 2968 931 3039 quia
968 2976 1182 3032 errent,
1232 2965 1725 3031 excommunicati,
1773 2965 1900 3022 sciri
1936 2979 2124 3020 eorum

542 3060 886 3115 attestatione
909 3101 922 3126 ,
948 3068 1042 3114 aut
1061 3060 1384 3129 scriptorum
1407 3067 1716 3114 nostrorum
1747 3059 1887 3114 serie
1916 3059 2124 3129 potuis-

2222 1874 2573 1944 dispergant,
2637 1880 2692 1926 et
2741 1869 3131 1946 simpliciorum
3181 1869 3504 1939 piorumque
3568 1867 3842 1923 ﬁdelium

2222 1965 2389 2021 corda
2437 1964 2550 2019 suis
2599 1961 2802 2017 illicitis
2849 1962 2990 2017 votis
3036 1961 3339 2016 incurvent.
3382 1958 3531 2014 Adeo
3557 1965 3650 2024 ut,
3678 1959 3842 2014 sicut

2225 2055 2330 2126 ipsi
2360 2053 2679 2126 gloriantur,
2705 2052 2772 2107 ad
2804 2051 3230 2106 Alexandrinum
3270 2057 3324 2105 et
3359 2048 3841 2120 Hierosolymita-

2221 2162 2350 2203 num
2379 2145 2721 2217 patriarchas
2760 2144 2873 2216 jam
2901 2143 3166 2209 miserint,
3218 2155 3313 2198 eos
3358 2139 3618 2196 videlicet
3658 2150 3725 2194 ut
3774 2142 3834 2195 in

2223 2237 2522 2307 dejectione
2572 2235 2765 2304 lgnatii
2833 2233 3157 2304 patriarchae
3189 2275 3204 2300 ,
3261 2241 3316 2289 et
3369 2232 3424 2288 in
3467 2233 3836 2301 promotione

2223 2327 2491 2383 invasoris
2543 2325 2718 2380 Photii
2759 2323 2861 2381 sibi
2900 2324 3280 2390 consentiant,
3335 2322 3717 2379 adhortantes.
3767 2323 3832 2377 In

2222 2433 2332 2490 quo
2373 2433 2480 2474 non
2535 2432 2635 2473 nos
2665 2431 2852 2473 eorum
2904 2415 3289 2481 concordiam,
3342 2414 3579 2470 fortasse
3621 2423 3830 2469 contra

2227 2519 2429 2569 statuta
2472 2525 2566 2566 seu
2613 2509 2933 2565 traditiones
2984 2507 3295 2579 apostolicae
3337 2507 3482 2563 sedis
3509 2506 3829 2578 improvide

2226 2602 2646 2674 conglutinatam
2676 2641 2690 2666 ,
2744 2599 2856 2656 Deo
2900 2598 3207 2669 adjuvante,
3249 2612 3511 2668 pavemus
3545 2616 3558 2651 :
3599 2598 3702 2652 sed
3752 2613 3828 2652 ne

2229 2695 2574 2751 suasionibus
2604 2692 2811 2748 illectos
2837 2705 3126 2761 pravorum
3149 2704 3243 2745 eos
3275 2691 3343 2744 ad
3373 2704 3532 2745 suum
3570 2689 3824 2760 ipsorum

2226 2787 2517 2842 discrimen
2541 2785 2821 2856 contingat
2856 2783 2925 2838 ab
2951 2781 3204 2853 aequitate
3231 2779 3507 2846 decidere,
3555 2779 3824 2836 condole-

2226 2893 2366 2932 mus.
2416 2875 2556 2934 Sunt
2595 2876 2793 2946 quippe
2840 2872 2974 2929 diris
3015 2871 3392 2940 etjcontinuis
3435 2871 3820 2943 Agarenorutn

2225 2969 2494 3040 pressuris
2519 2967 2689 3022 attriti
2737 2983 2750 3020 :
2779 2981 2844 3022 ac
2873 2979 2971 3036 per
3015 2963 3120 3019 hoc
3149 2961 3374 3019 evenire
3399 2961 3565 3026 valet,
3622 2970 3687 3016 ut
3730 2960 3820 3016 vel

2229 3061 2460 3133 decepti,
2506 3060 2591 3115 vel
2632 3074 2729 3130 pro
2790 3057 2872 3115 sui
2920 3055 3252 3117 relevatione
3297 3054 3401 3110 sibi
3450 3054 3687 3124 plurima
3721 3055 3821 3110 tri-

541 3159 641 3206 set.
674 3149 828 3206 Unde
857 3152 978 3222 quis
1003 3166 1106 3206 non
1135 3151 1345 3216 videat,
1377 3165 1470 3205 eos
1513 3150 1715 3206 idcirco
1742 3150 1809 3205 de
1851 3149 2006 3204 nobis
2034 3150 2124 3204 illa
2154 3139 2199 3202 C
2229 3153 2399 3208 buere
2457 3149 2843 3223 spondentibus
2883 3145 3491 3218 constantinOpolitanis
3547 3146 3818 3217 principi-

541 3244 953 3314 derogationum
979 3243 1142 3297 verba
1181 3243 1496 3312 depromere
1516 3282 1531 3308 ,
1551 3251 1611 3296 ut
1631 3257 1727 3298 sua
1754 3256 1980 3312 quaeque
2001 3257 2124 3312 pra-

542 3335 724 3389 vitatis
749 3344 970 3403 possent
1000 3341 1121 3387 acta
1158 3341 1474 3402 contegere;
1507 3341 1563 3386 et
1591 3333 1712 3387 ideo
1753 3332 1890 3387 velle
1937 3339 2123 3387 nostra

541 3428 654 3484 suis
677 3425 963 3498 praestigiis
991 3423 1258 3480 ot'qucare
1277 3464 1292 3490 ,
1320 3433 1380 3478 ut
1410 3439 1506 3479 sua
1535 3423 1749 3478 valeant
1781 3423 2125 3478 tenebrarum

539 3533 702 3588 opera
726 3517 884 3589 longe
905 3515 1119 3586 lateque
1139 3513 1474 3570 clariﬁcare?
1497 3512 1631 3567 Nam
1659 3513 1780 3582 quis
1805 3511 1975 3583 stylus
2006 3513 2124 3566 sut-

541 3609 688 3664 ﬁciat
711 3621 972 3674 exarare,
1003 3613 1206 3676 quanta
1251 3613 1306 3660 et
1354 3604 1568 3674 qualia,
1618 3603 1932 3674 priusquam
1975 3603 2126 3659 missi

541 3700 712 3756 nostri
742 3699 867 3754 illuc
893 3698 1085 3753 directi
1110 3695 1368 3762 fuissent,
1399 3695 1484 3750 vel
1514 3695 1679 3749 etiam
1707 3704 1828 3765 post
1857 3694 2125 3750 reversio—

542 3808 666 3848 nem
697 3807 882 3846 eorum
902 3830 916 3855 ,
944 3801 1048 3845 tam
1072 3803 1168 3858 per
1190 3788 1415 3857 legatos,
1439 3801 1599 3857 quam
1623 3801 1721 3856 per
1743 3785 1956 3841 litteras
1975 3800 2125 3851 suas,

542 3894 603 3939 ut
632 3886 697 3937 de
726 3882 927 3937 nostris
975 3880 1282 3950 specialiter
1329 3878 1676 3944 omittamus,
1706 3876 1772 3931 de
1804 3875 1948 3932 beati
1977 3874 2127 3930 Petri

542 3977 805 4048 principis
851 3973 1218 4044 apostolorum
1265 3971 1512 4026 laudibus
1534 4009 1549 4035 ,
1581 3970 1646 4026 de
1687 3967 1832 4024 sedis
1860 3967 2009 4037 ejus,
2043 3965 2128 4022 vel

545 4069 798 4124 Ecclesiae
827 4067 1084 4122 Romanae
1109 4062 1432 4134 privilegiis,
1463 4060 1618 4117 nobis
1647 4059 1916 4130 praeconia
1947 4059 2115 4114 desti-

544 4157 763 4214 narint?
793 4156 926 4211 Cum
956 4164 1137 4210 autem
1165 4154 1382 4209 eosdem
1416 4151 1724 4222 apostolicae
1753 4150 1897 4206 sedis
1933 4150 2130 4205 missos

543 4250 600 4308 in
629 4263 782 4304 suam
823 4245 1114 4316 nequitiam
1143 4245 1542 4310 traduxissent,
1589 4251 1646 4299 et
1675 4242 1848 4297 instar
1873 4255 2132 4311 quarum-

546 4343 672 4398 dam
709 4338 1120 4411 prostitutarum
1168 4336 1419 4393 lihidines
1451 4349 1576 4391 suas
1607 4334 1739 4406 ipsis
1763 4333 2132 4390 convenienti-

547 4435 649 4489 bus
699 4430 1100 4502 explevissent,
1151 4429 1327 4500 primo
1371 4428 1588 4500 quidem
1633 4427 1817 4483 conati
1863 4436 1990 4483 sunt
2033 4441 2132 4482 nos

2226 3247 2348 3312 bus,
2373 3245 2516 3316 quod
2547 3252 2601 3300 et
2621 3250 2898 3316 gementes
2947 3240 3198 3306 dicimus,
3235 3239 3503 3296 assentire
3531 3246 3812 3310 cogantur.

2227 3338 2571 3409 Quapropter
2614 3333 2942 3392 venerabilis
2993 3333 3256 3389 industria
3323 3340 3505 3387 vestra
3549 3330 3716 3386 talem
3755 3345 3813 3387 se
3907 3379 3916 3384 -

2226 3429 2293 3485 de
2336 3438 2535 3485 caetero
2579 3429 2833 3486 exhibeat
2899 3441 3120 3482 necesse
3169 3435 3272 3492 est,
3325 3433 3387 3480 ut
3433 3423 3549 3479 sole
3597 3424 3808 3479 ’clarius

2227 3521 2367 3576 hanc
2409 3536 2439 3575 a
2489 3519 2615 3575 sede
2668 3518 2815 3574 Petri
2870 3518 2924 3572 in
2957 3516 3102 3572 nullo
3145 3515 3426 3580 dissidere,
3471 3513 3607 3584 quin
3636 3515 3816 3584 potius

2227 3625 2351 3666 cum
2379 3609 2470 3665 illa
2494 3609 2548 3664 in
2573 3608 2783 3664 cunctis
2805 3607 3029 3673 sentire,
3060 3607 3220 3662 iidem
3247 3607 3432 3662 hostes
3449 3614 3814 3676 cognoscant:

2228 3704 2303 3758 ita
2335 3710 2394 3756 ut
2440 3699 2754 3772 praesulatui
2785 3707 2972 3753 nostro
3015 3697 3218 3768 scripta
3255 3696 3515 3752 divinitus
3549 3695 3818 3764 inspirata

2228 3793 2490 3864 sapientia
2541 3798 2743 3858 vestra,
2798 3787 3260 3860 reprehendendo,
3313 3795 3369 3842 et
3417 3784 3544 3842 forti
3590 3800 3818 3855 prorsus

2230 3885 2534 3942 invectione
2556 3882 2798 3939 feriendo
2849 3890 3050 3936 tantam
3085 3879 3396 3936 eorumdem
3427 3879 3816 3949 imperatorum

2228 3976 2527 4039 vesaniam,
2558 3974 2778 4038 mittat;
2823 3986 2944 4042 quae
2970 3985 3072 4026 nos
3118 3968 3498 4038 suscipientes,
3527 3983 3723 4023 rursus
3750 3982 3816 4023 ea

2229 4084 2353 4124 cum
2393 4067 2512 4122 aliis
2534 4063 2926 4121 assertionibus
2970 4061 3170 4117 nostris
3215 4060 3282 4115 ad
3326 4060 3567 4132 ipsorum
3603 4075 3817 4131 quoque

2231 4159 2562 4215 dementiam
2612 4156 2994 4212 confutandam
3044 4153 3260 4208 mittere
3296 4151 3594 4207 valeamus.
3644 4151 3721 4207 Ita
3759 4160 3819 4208 ut

2232 4268 2357 4310 cum
2405 4267 2574 4307 unum
2640 4251 2843 4322 pariter
2898 4248 3148 4317 idemque
3202 4260 3302 4301 nos
3362 4245 3550 4300 hostes
3616 4245 3818 4302 sentire

2233 4345 2604 4418 cognoverint,
2656 4358 2759 4398 nec
2799 4340 3024 4411 injurias
3053 4355 3084 4394 a
3127 4353 3188 4395 se
3225 4337 3382 4394 nobis
3415 4337 3597 4394 illatas
3631 4337 3816 4395 ulcisci

2237 4434 2578 4493 solummodo
2633 4447 2733 4488 nos
2774 4430 3030 4486 affectare
3073 4429 3408 4484 mendaciter
3432 4437 3702 4495 astruant,
3728 4431 3813 4486 ni-

547 4523 758 4578 iteratis
780 4520 1030 4576 laudibus
1068 4516 1389 4584 efferentes,
1435 4527 1492 4573 et
1535 4517 1771 4574 versutis
1813 4516 2132 4586 blandisque
2158 4505 2211 4565 D
2237 4529 2434 4583 mirum
2486 4541 2608 4580 cum
2673 4524 2932 4579 adversus
2981 4537 3041 4578 se
3100 4522 3547 4577 monomachia“,
3599 4522 3810 4594 aggredi

549 4612 830 4667 lenociniis
857 4611 1118 4666 adeuntes
1136 4649 1150 4674 ,
1177 4608 1243 4663 ad
1287 4624 1415 4664 suos
1455 4607 1727 4664 inﬂectere
1754 4608 2019 4678 pessimos
2044 4623 2136 4664 ac-

552 4712 668 4768 tus,
696 4712 747 4757 et
778 4710 839 4756 ut
866 4701 951 4756 his
981 4716 1010 4755 a
1041 4695 1100 4756 se
1129 4700 1456 4771 perpetratis
1498 4709 1685 4756 nostro
1732 4715 2000 4757 consensu
2045 4701 2136 4757 fir-

550 4795 792 4850 mitatem
822 4792 1211 4856 tribueremus,
1243 4806 1404 4861 supra
1435 4791 1652 4847 modum
1679 4792 1881 4848 hortati
1928 4801 2056 4849 sunt
2083 4800 2137 4849 et

553 4884 845 4955 deprecati.
879 4882 951 4938 At
973 4883 1064 4937 ubi
1095 4899 1222 4950 nos,
1247 4883 1600 4954 inspiratione
1627 4883 1807 4940 divina
1826 4925 1841 4950 ,
1868 4898 1988 4954 quae
2013 4892 2134 4941 acta

552 4985 678 5033 sunt
723 4989 1006 5047 perperam
1054 4976 1337 5030 commissa
1387 4976 1554 5032 fuisse
1606 4976 2032 5047 comperientes,
2067 4992 2132 5033 ea

554 5085 662 5126 non
695 5069 865 5124 solum
906 5068 1116 5138 justitia
1144 5069 1433 5140 magistra,
1482 5077 1544 5124 ut
1574 5070 1683 5140 jam
1724 5069 1961 5126 diximus
1982 5111 1997 5138 ,
2026 5086 2133 5126 non

556 5162 1001 5234 approbavimus,
1049 5161 1142 5217 sed
1192 5170 1245 5216 et
1295 5163 1715 5217 damnavimus:
1764 5165 2014 5232 protinus
2056 5162 2136 5218 illi

555 5270 713 5312 versa
745 5255 1011 5309 sententia
1032 5298 1046 5322 ,
1075 5255 1341 5326 plectrum
1371 5255 1568 5325 linguae
1597 5255 1650 5309 in
1681 5256 2056 5327 derogationes
2081 5263 2138 5311 et

556 5344 924 5416 blasphemiae
967 5353 1258 5409 acuerunt,
1307 5355 1362 5399 et
1396 5353 1655 5412 tanquam
1707 5347 1904 5401 suimet
1944 5345 2133 5411 obliti,

557 5441 832 5500 contraria
854 5440 940 5496 his
963 5456 1082 5512 quae
1112 5440 1359 5510 primitus
1390 5439 1659 5510 prosecuti
1699 5439 1913 5494 fuerant
1941 5448 2138 5494 tracta-

558 5544 704 5592 runt.
733 5534 803 5590 Et
824 5533 968 5603 quia,
995 5533 1105 5587 Deo
1136 5539 1376 5596 auctore,
1403 5530 1469 5585 de
1500 5529 1654 5585 nobis
1677 5531 1805 5600 quid
1832 5531 2136 5601 specialiter

539 5632 886 5701 .impeterent
931 5642 1038 5682 non
1086 5625 1436 5690 invenerunt,
1488 5625 1868 5680 traditionibus
1898 5624 2137 5695 paternis

563 5723 764 5782 divinis
795 5718 1118 5777 testimoniis
1146 5717 1417 5775 roboratis
1446 5718 1732 5777 detrahere
1770 5725 2131 5784 curaverunt,

2239 4616 2639 4688 quodammodo
2667 4631 2766 4671 nos
2789 4615 3088 4679 intuentur,
3118 4622 3174 4670 et
3197 4628 3298 4684 per
3331 4613 3437 4669 hoc
3457 4612 3602 4683 quod
3622 4613 3734 4668 sint
3756 4620 3810 4668 et

2237 4709 2327 4762 alii
2355 4707 2557 4763 Christi
2584 4706 2892 4771 dilectores,
2922 4715 2977 4761 et
2996 4719 3186 4760 eorum
3216 4705 3603 4776 perversitates
3630 4705 3813 4760 odien-

2240 4809 2318 4856 tes
2344 4799 2547 4872 liquido
2575 4799 3056 4868 comprehendant,
3070 4805 3126 4853 et
3146 4812 3244 4853 ora
3270 4797 3606 4868 loquentium
3635 4797 3810 4867 iniqua

2238 4895 2455 4967 penitus
2473 4893 2844 4957 obstruantur,
2883 4891 2956 4946 ita
2986 4899 3047 4946 ut
3078 4889 3295 4946 Christo
3318 4891 3453 4946 duce
3480 4903 3587 4942 una
3613 4899 3808 4955 mente,

2239 4996 2293 5042 et
2339 5002 2452 5052 ore,
2503 5001 2566 5040 ac
2609 4983 2865 5048 brachio,
2905 4982 3060 5052 quasi
3106 4981 3311 5037 strenui
3369 4989 3808 5052 propugnatores,

2239 5077 2529 5149 phalanges
2569 5077 2800 5132 hostium
2843 5090 3090 5145 premere
3130 5089 3195 5130 ac
3240 5073 3510 5129 debellare
3547 5071 3809 5128 communi

2239 5168 2417 5225 studio
2467 5169 2822 5238 reperiamur,
2873 5183 3168 5237 eorumque
3220 5167 3578 5236 perniciosam
3634 5165 3808 5220 factio.

2239 5277 2386 5327 nem,
2437 5261 2554 5331 ipso
2586 5259 2897 5324 auxiliante,
2945 5259 3090 5315 socia
3130 5257 3535 5313 concertatione
3580 5254 3808 5309 funditus

2241 5351 2597 5421 interrupisse
2626 5348 3046 5419 comperiamus,
3083 5357 3138 5403 et
3178 5357 3286 5402 tam
3310 5347 3625 5402 inventores
3671 5360 3808 5401 men-

2241 5440 2540 5507 daciorum,
2556 5455 2718 5510 quam
2734 5439 3088 5496 fabricatores
3098 5451 3476 5508 perversorum
3489 5437 3806 5508 dogmatum,

2240 5531 2480 5602 paternis
2534 5531 2980 5597 definitionibus,
3025 5545 3089 5584 ac
3139 5528 3413 5584 veracium
3462 5528 3808 5584 assertionum

2242 5623 2464 5694 clypeis,
2494 5624 2547 5677 in
2581 5623 2799 5678 nomine
2831 5622 3041 5677 Domini
3086 5623 3255 5676 nostri
3285 5620 3413 5677 Jesu
3456 5621 3655 5676 Christi
3684 5634 3804 5674 una-

2242 5715 2457 5772 nimiter
2489 5715 2823 5787 triumphare
2850 5729 2915 5771 ac
2966 5728 3226 5785 superare
3277 5729 3374 5770 uer
3425 5711 3610 5768 omnia
3639 5711 3807 5781 digno-
