4060 6338
583 311 721 371 H65

1260 425 1410 480 CLV.

663 547 734 590 ΔΙ)
772 548 1048 590 ενιεςοιιοε
1085 550 1136 588 ΙΝ
1177 548 1345 590 πεοΝο
1384 550 1631 590 ιυυονιει
1670 548 2053 594 ουκετιτυτοε.

1181 651 1358 722 (Anno
1383 649 1531 722 867.)

571 784 921 855 Reprelteudit
942 782 1062 855 illo:
1090 784 1232 852 quod
1255 781 1689 855 _Tlteu‘tgualdum
1717 798 1765 839 et
1795 784 2150 853 Gunther-ium

641 852 751 908 suis
781 853 1039 925 gradibus
1063 853 1264 907 restitui
1287 852 1524 925 rupium.
1559 852 1789 925 Exponit
1825 872 1990 925 quant
2027 872 2147 925 gra-

641 872 751 908 suts
781 872 1029 922 graawus
1063 872 1262 907 reamur
1293 872 1524 921 ruptam.
1559 872 1789 975 Isaiam:
1825 872 1980 925 quant
2027 872 2144 977 Ἠπ-

640 925 769 978 viter
786 921 1117 993 deliquerint,
1140 932 1249 993 tum
1281 923 1332 975 in
1364 925 1622 993 suscipiet:
1663 942 1694 977 α
1719 924 2021 993 Ingcltrude
2082 943 2144 977 o-

638 992 780 1047 sonis
856 991 1077 1062 ccttjuge
1145 991 1329 1062 refuga
1384 991 1857 1062 exco‘tnmunicaia,
1925 1003 2035 1046 tum
2074 996 2169 1047 tin'

635 1062 919 1116 astrueudo
947 1071 996 1115 et
1017 1061 1347 1131 defendendo
1369 1061 1607 1115 Lotlmrii
1630 1065 1868 1129 repudio,
1912 1074 1965 1132 et
2004 1064 2147 1132 quod

635 1140 907 1201 propterea
950 1132 1131 1184 merito
1171 1132 1365 1201 fuerint
1396 1132 1633 1201 depositi.
1681 1132 1858 1197 Quare
1899 1131 2148 1187 hortatur

634 1198 691 1253 ut
731 1198 1067 1273 desinanttet
1099 1211 1154 1253 ut
1172 1198 1483 1254 Lat/larium
1526 1201 1595 1255 ad
1638 1202 1967 1273 exsequenda
1981 1201 2140 1273 jussu

631 1268 895 1338 pontiﬁcis
926 1269 1212 1334 inﬂectmu.

573 1357 599 1461 ί
1061 1396 1235 1473 [Apud
1263 1402 1454 1470 Mansi,
1478 1378 1604 1461 ibid.
1619 1405 1641 1477 ]

629 1531 897 1588 Νιροιλυδ
919 1533 1224 1603 episcopus,
1241 1549 1428 1590 servus
1441 1550 1721 1591 servorum
1744 1537 1861 1602 Dei,
1891 1551 2139 1594 reveren-

474 1637 483 1641 ’
559 1622 800 1679 dissimis
853 1634 907 1679 et
970 1624 1339 1680 sanctissimis
1384 1625 1750 1683 confratribus
1803 1628 2004 1684 nostris
2052 1636 2158 1683 ar-’

559 1715 919 1785 cbiepiscopis
946 1724 1002 1770 et
1040 1702 1307 1787 episcopis
1348 1715 1404 1771 in
1442 1731 1608 1787 regno
1635 1716 1891 1773 Ludovici
1920 1718 2135 1790 gloriosi

559 1807 701 1877 regis
720 1806 1050 1863 constitutis.

626 1897 935 1953 Gaudemus
984 1896 1223 1968 quidem,
1274 1897 1491 1961 fratres,
1536 1906 1591 1951 et
1632 1896 1792 1967 plane
1824 1896 1976 1952 vobis
2029 1913 2153 1953 non'

556 1987 830 2041 immerito
853 1986 1271 2057 congaudemus,
1294 1987 1547 2055 quoniam
1577 1999 1674 2055 per
1700 1984 2019 2040 charitatcm
2039 2000 2138 2041 vos

556 2076 930 2147 Theutgualdo
954 2084 1008 2130 et
1042 2074 1346 2131 Gunthario
1374 2075 1572 2129 dudum
1598 2074 1866 2128 damnatis
1895 2073 2129 2144 compati
2154 2084 2161 2111 λ

554 2175 621 2226 et.
635 2164 924 2220 condolere
958 2164 1373 2235 conspicientes,
1412 2164 1578 2217 etiam
1624 2179 1724 2233 pro
1754 2165 2137 2232 recuperandis

551 2259 639 2314 his
661 2259 713 2313 in
744 2257 1031 2329 pristinum
1062 2256 1341 2325 dignitatis
1367 2255 1593 2325 gradum
1618 2269 1724 2309 non
1756 2253 1966 2309 modice
1990 2263 2151 2308 sata--

550 2356 679 2421 gere
705 2347 1152 2418 contemplantur.
1182 2344 1289 2401 Sed
1328 2346 1629 2410 tristamur,
1661 2352 1716 2399 et
1750 2344 1908 2397 valde
1953 2345 2137 2398 trista-

547 2456 695 2506 mur,
720 2436 1052 2503 charissimi,
1077 2436 1204 2507 quia
1235 2436 1313 2490 sic
1347 2450 1445 2505 pro
1475 2434 1704 2489 duorum
1730 2432 2005 2487 hominum
2032 2433 2131 2486 de¢

542 2533 779 2603 jectione
801 2530 1071 2601 satagitis,
1106 2537 1166 2583 ut
1195 2526 1439 2598 plurima:
1458 2524 1785 2579 multitudini
1810 2522 2133 2579 Christianae

545 2623 719 2695 plebis
762 2637 860 2693 per
920 2637 1013 2678 eos
1054 2620 1198 2674 laesa:
1247 2617 1470 2673 minime
1523 2614 1816 2670 consulatis
1857 2631 1869 2667 :
1908 2616 1988 2669 sic
2033 2626 2153 2684 pro

545 2714 775 2770 duorum
802 2712 1080 2769 hominum
1109 2706 1468 2764 restaurando
1506 2712 1651 2760 statu
1674 2718 1773 2773 pro
1803 2704 2132 2760 criminibus

543 2805 845 2861 manifestis
868 2804 1000 2859 eliso
1031 2801 1272 2863 certatis,
1305 2809 1366 2853 ut
1404 2804 1486 2854 tot
1513 2796 1752 2852 ﬁdelium
1800 2809 2009 2860 casum,
2035 2796 2129 2865 qui

542 2910 637 2951 eos
657 2910 754 2965 per
777 2891 1075 2963 praecipitia
1104 2897 1244 2975 sunt.
1256 2887 1458 2951 secuti,
1488 2885 1648 2975 nullo
1688 2884 1849 2938 modo
1894 2896 2145 2975 perpetrm

542 2984 704 3041 datis.
748 2984 856 3039 Sed
887 2981 1017 3053 quid
1058 2972 1285 3043 mirum,
1324 2974 1541 3046 quando
1585 2975 1750 3029 etiam
1786 2988 1907 3029 cum
1934 2972 2145 3028 essetis'

541 3072 708 3131 vicini
731 3074 866 3130 locis
892 3073 1016 3137 illis,
1059 3071 1114 3126 in
1141 3068 1336 3139 quibus
1361 3065 1771 3134 Theutgualdns
1801 3072 1854 3118 et
1879 3064 2124 3119 Guntha-

1920 319 2194 378 NICOLAI
2243 322 2443 380 ΡΑΡΙΕ
2481 326 2503 381 1

3752 348 3915 403 1161.

2178 440 2370 511 Atare
2390 436 2517 503 facit
2554 441 2830 496 unanimes
2849 442 2903 496 in
2924 444 3080 500 domo
3103 444 3283 518 (Paul.
3311 468 3462 506 vau
3498 470 3511 505 :
3539 465 3609 508 et
3634 470 3861 511 rursus
3886 478 3901 513 :

2256 520 2392 578 Ecce
2432 543 2591 596 quam
2627 530 2816 584 bonum
2856 542 2904 586 et
2933 548 3089 603 quam
3116 539 3415 606 jucundum
3440 544 3717 599 habitare
3772 548 3900 615 fra-

2167 666 2170 670 Α
2252 623 2356 668 tres
2376 615 2431 669 in
2452 633 2613 672 unum
2631 620 2657 674 7
2676 618 2851 690 (Ρεαι.
2880 628 3114 695 exuit.)
3142 628 3195 682 in
3218 645 3386 686 unum
3413 635 3647 691 scilicet
3680 648 3895 694 mente

2250 705 2425 775 magis
2460 722 2622 776 quam
2652 724 2899 781 corpore.
2952 714 3108 781 Quod
3136 719 3184 772 si
3213 720 3345 775 nihil
3383 723 3594 781 borum
3636 728 3883 795 egistis,

2250 809 2354 851 nee
2378 796 2433 851 in
2458 799 2606 856 nullo
2635 803 2916 861 nobiscum
2938 811 3229 866 convenire
3254 814 3546 873 voluistis:
3574 820 3685 874 sed
3720 823 3887 878 sicut

2251 884 2526 944 laboribus
2554 893 2755 948 nostris
2786 895 3001 952 diverso
3050 909 3315 971 tempore,
3346 920 3447 975 pro
3485 909 3881 968 destruendis

2249 990 2370 1046 qua:
2406 979 2509 1034 viri
2550 983 2791 1051 praedicti
2840 986 3240 1048 fabricaverunt
3290 995 3578 1066 impensis,
3622 1003 3879 1058 mini-ne

2247 1070 2713 1141 communicastis,
2754 1075 2828 1129 ita
2870 1086 2927 1131 et
2978 1080 3225 1137 dolorum
3261 1094 3577 1142 nostrorum
3612 1066 3874 1159 partici-

2246 1174 2364 1228 pes,
2393 1160 2508 1217 ﬁeri
2535 1166 2827 1235 recusastis
2853 1185 2868 1221 :
2895 1169 3027 1237 quid
3056 1187 3199 1229 nunc
3227 1177 3499 1245 satagitis,
3544 1189 3609 1235 et
3650 1183 3871 1236 anxia-

2244 1248 2398 1314 ntini,
2421 1258 2475 1306 et
2496 1267 2596 1321 pro
2626 1253 2853 1310 duorum
2876 1256 3119 1314 virorum
3148 1268 3571 1333 restauratione,
3590 1270 3871 1327 innume-

2244 1354 2428 1396 rorum
2460 1345 2761 1411 pmvenire
2789 1348 2953 1404 vultis
2981 1350 3217 1408 fidelium
3256 1359 3689 1417 subversionem
3707 1364 3738 1419 Τ
3772 1365 3865 1421 An

2241 1428 2477 1500 plurium
2506 1431 2784 1489 interitum
2809 1438 3225 1508 parvipenditis,
3255 1454 3310 1503 et
3330 1446 3573 1503 duorum
3585 1452 3861 1509 virm-mn

2242 1518 2393 1579 casui
2423 1518 2761 1583 solummodo
2786 1525 3123 1582 condoletis?
3148 1530 3215 1585 Et
3242 1533 3354 1589 sola
3369 1537 3601 1604 quidem
3615 1541 3859 1598 illorum

2240 1610 2395 1665 vobis
2441 1613 2596 1667 ruina
2627 1615 2829 1684 gravis,
2860 1628 3048 1674 nostra
3085 1635 3213 1676 vero
3257 1633 3312 1680 et
3342 1628 3509 1691 totius
3538 1631 3861 1699 Ecclesiae.

2241 1701 2331 1754 cui
2361 1702 2472 1757 Deo
2524 1714 2746 1760 auctore
2787 1709 3074 1775 servimus,
3125 1716 3440 1781 quotidiana
3487 1722 3855 1785 sollicitudo,

2164 1783 2225 1843 B”
2242 1797 2298 1844 et
2321 1805 2420 1859 pro
2446 1793 2784 1849 eradicandis
2809 1811 2929 1865 qua:
2959 1797 3059 1867 ipsi
3088 1802 3466 1870 plantaverunt
3496 1809 3670 1865 malis
3707 1783 3857 1866 incf;

2236 1878 2418 1936 labilis
2453 1897 2584 1937 cura
2634 1884 2685 1940 ei
2732 1885 3090 1944 intolerabilis
3118 1891 3369 1961 profecto
3396 1899 3649 1962 vexatio,
3708 1901 3855 1957 levis

2236 1978 2291 2025 et
2317 1976 2708 2031 contemnenda
2739 1975 2985 2034 videtur?
3031 1980 3139 2037 Sed
3166 1998 3267 2039 nos
3309 2001 3429 2055 quae
3464 1991 3848 2059 pertulimus,

2235 2061 2346 2116 imo
2372 2078 2492 2131 quae
2522 2064 2589 2118 de
2616 2064 2881 2123 factorum
2919 2070 3160 2139 ipsorum
3208 2075 3417 2144 origine
3461 2082 3729 2147 quotidie
3762 2094 3848 2139 to-

2234 2151 2490 2216 leramus,
2517 2170 2624 2209 non
2651 2160 3042 2215 contemnenda
3075 2163 3342 2233 ducimus,
3385 2182 3487 2223 nec
3528 2168 3683 2226 levia
3716 2168 3847 2244 pos-

2234 2257 2420 2298 sumus
2445 2244 2733 2312 aestimare,
2759 2264 2986 2317 quorum
3016 2256 3333 2323 gravissima
3366 2274 3466 2314 nos
3510 2254 3834 2329 cernimus,

2232 2342 2287 2388 et
2315 2350 2419 2389 non
2458 2351 2576 2401 vos,
2624 2340 2860 2408 pondera
2896 2343 3156 2413 bajularc,
3189 2352 3437 2417 quamvis
3468 2360 3527 2408 et
3561 2356 3829 2412 charita-

2234 2429 2599 2526 tcm'vestram
2639 2428 2997 2487 incommodis
3043 2438 3248 2491 nostris
3285 2440 3521 2509 cognitis
3571 2448 3829 2529 comp'a'ti

2230 2514 2454 2570 minime
2476 2517 2587 2571 dztli
2607 2520 2798 2585 lamus,
2821 2520 3001 2589 etiam
3026 2540 3170 2581 nunc
3195 2532 3438 2598 exposita
3460 2514 3829 2606 nequaquam

2229 2606 2598 2674 perfunctorie
2630 2620 2790 2679 posse
2815 2614 3120 2670 credamus.

2288 2696 2714 2771 Ordiamur-ergo
2729 2702 3011 2759 historiam
3027 2706 3389 2781 Theutgualdi
3408 2719 3467 2767 et
3492 2713 3825 2784 Guntharii,

2229 2786 2274 2841 si
2334 2798 2513 2843 tamen
2551 2804 2657 2845 non
2704 2794 2965 2863 tragmdia
3001 2798 3184 2866 potius
3226 2801 3299 2855 sit
3339 2802 3629 2859 dicenda:
3668 2818 3723 2862 et
3764 2820 3827 2864 ut

2227 2879 2425 2948 partim
2476 2880 2667 2934 saltem
2698 2896 2820 2951 quae
2859 2898 2959 2940 nos
2985 2889 3194 2956 experti
3230 2905 3440 2957 sumus,
3468 2893 3540 2949 de
3565 2895 3681 2950 illis
3721 2912 3823 2953 vos

2228 2980 2445 3037 quoque
2487 2970 2631 3024 scire
2677 2972 2923 3035 valeatis,
2966 2986 3227 3045 quantum
3256 2982 3499 3051 epistola:
3548 2995 3821 3044 caventes

2226 3056 2573 3126 prolixiorem
2608 3075 2913 3117 sermonem
2949 3067 3152 3122 cursim
3178 3069 3449 3127 disserere
3490 3087 3813 3143 possumus,

1270 3155 1377 3211 sibi
1425 3123 1747 3210 cominissas
1801 3152 2122 3207 videbantur
2147 3123 2195 3187 (ἶ
2226 3150 2534 3205 terentibus
2566 3152 2724 3207 nobis
2753 3155 3037 3211 advortite.
3066 3157 3233 3228 igitur
3258 3176 3380 3215 cum
3419 3123 3810 3234 Eligant-udis;

540 3256 761 3326 quidem
788 3267 995 3324 regere,
1025 3266 1133 3304 non
1157 3256 1337 3302 autem
1364 3245 1644 3316 regebant,
1672 3244 1725 3329 in
1748 3243 1944 3313 quibus
1956 3244 2119 3297 etiam

541 3344 885 3406 licenter,‘ac
921 3339 1039 3394 sine
1067 3335 1261 3408 quavis
1285 3333 1664 3404 prohibitione,
1684 3338 1791 3384 tam
1810 3329 2119 3395 Waldrada,

539 3446 704 3507 quam
754 3420 1094 3502 Engeltrudis
1128 3440 1270 3483 uxor
1294 3425 1545 3491 Bosonis,
1578 3422 1972 3495 prostitutionis
2009 3439 2121 3483 sua:

538 3525 655 3582 sibi"
698 3522 976 3594 lupanaria
1042 3518 1438 3591 quodammodo
1505 3522 1965 3586 praeparaverant,
2018 3528 2121 3570 nec

526 3622 726 3674 centra
758 3616 1126 3685 insurgentem
1149 3609 1397 3665 morbum
1427 3602 1747 3662 medicinale
1766 3605 1972 3661 ferrum
1988 3616 2119 3659 exa-

536 3709 745 3772 cnistis,
777 3722 877 3762 nec
918 3705 987 3761 ad
1015 3699 1334 3759 excitandos
1372 3710 1568 3770 sapore
1616 3697 1780 3753 noxio
1822 3710 2117 3768 oppressos

534 3800 725 3856 eodem
767 3798 1011 3867 tempore
1040 3794 1239 3850 fratres
1273 3790 1557 3847 charitatis
1596 3786 1829 3859 pedibus
1868 3789 2116 3843 cucurri-

532 3892 654 3958 stis,
693 3888 1093 3962 sapientissimo
1121 3884 1410 3941 Salomone
1453 3880 1521 3937 de
1558 3879 1752 3967 talibus
1790 3881 2115 3935 admonente

532 3993 695 4053 atque
708 3983 938 4045 dicente,
954 3977 1225 4044 Discat-re,
1239 3973 1448 4045 festina,
1464 3971 1661 4026 suscita
1681 3971 1907 4024 amicum
1924 3980 2071 4023 tuum
2090 3973 2125 4025 ?~

532 4074 718 4140 (Prov.
760 4086 811 4127 vt
842 4076 861 4141 )
894 4071 1046 4138 Quod
1080 4084 1188 4124 non
1217 4066 1391 4123 solum
1416 4070 1545 4120 tunc
1568 4064 1790 4118 minime
1822 4077 1918 4117 vos
1938 4063 2113 4132 egisse

530 4164 742 4239 liquet:
776 4176 963 4216 verum
995 4160 1159 4216 etiam
1208 4172 1309 4213 nec
1347 4166 1633 4226 postquam
1675 4169 1775 4209 nos
1805 4153 1977 4209 erecti
2018 4168 2109 4209 sa-

528 4257 692 4328 gittas
724 4254 918 4311 divina:
947 4252 1212 4324 pharetras
1233 4250 1475 4322 iaculare
1501 4249 1760 4303 adversus
1801 4245 2106 4315 huiusmodi

528 4344 780 4416 pronel‘as
817 4343 971 4415 lange
1000 4341 1214 4412 lateque
1250 4339 1536 4410 carpimus,
1578 4334 1733 4392 nobis
1771 4335 2127 4393 collaborare‘

526 4437 755 4493 s'ollicite
783 4432 1152 4507 procurastis:
1193 4432 1425 4501 denique
1456 4428 1545 4484 ubi
1596 4442 1760 4498 super
1808 4428 1911 4483 hoc
1952 4425 2105 4483 labor

525 4539 704 4585 vester
730 4525 1032 4599 apparuit?
1058 4522 1148 4578 ubi
1180 4537 1500 4585 concursus,
1531 4520 1616 4574 vel
1647 4518 1736 4574 ubi
1763 4517 2102 4574 sacerdomle

522 4620 762 4675 studium
795 4614 1019 4671 claruit!
1045 4612 1260 4686 quando
1288 4610 1610 4666 ascendistis
1651 4624 1816 4679 super
1863 4618 2100 4664 montem

522 4708 827 4767 excelsum?
847 4707 1062 4778 quando
1089 4702 1499 4774 evangelizastis
1516 4700 1682 4756 Sion?
1709 4702 1926 4771 quando
1941 4701 2096 4771 quasi

522 4803 649 4856 tuba
678 4797 958 4854 exaltastis
979 4793 1205 4850 vocem?
1232 4790 1450 4863 quando
1478 4790 1842 4844 annuntiastis
1878 4789 2112 4844 cuilibeti

521 4890 575 4942 in
604 4890 704 4942 hac
731 4887 885 4957 culpa
915 4886 1135 4940 detento
1175 4882 1381 4939 scelera
1417 4877 1552 4935 sua?
1589 4878 1806 4948 quando
1843 4877 2096 4932 ascendi-

519 4978 621 5033 stis
645 4993 711 5032 ex
750 4978 1008 5041 adverso,
1044 4986 1099 5030 ct
1144 4974 1474 5045 opposuistis
1530 4984 1739 5024 mumnn
1791 4984 1890 5041 pro
1936 4971 2096 5024 domo

520 5066 771 5122 Domini?
802 5066 1017 5137 quando
1045 5078 1146 5134 pro
1194 5079 1259 5118 ea
1307 5063 1535 5116 latratus
1576 5059 1842 5114 dedistis?
1879 5060 2096 5127 quando

520 5157 769 5222 l’hinces,
792 5162 1101 5211 utcessaret
1125 5153 1421 5223 quassatio,
1454 5149 1646 5203 imitati
1674 5150 1805 5203 estis
1825 5150 1848 5202 ?
1874 5149 2105 5217 quando

521 5246 793 5306 Danielcm
839 5248 891 5301 in
921 5245 1208 5317 puniendis
1240 5242 1501 5298 adulteris
1531 5240 1866 5310 presbyteris
1900 5240 2105 5294 sectati

515 5338 687 5399 estis?
707 5338 790 5394 vel
824 5338 1036 5408 quando
1074 5336 1355 5391 nobiscum
1385 5341 1446 5387 ut
1485 5340 1787 5386 castrorum
1818 5332 1964 5385 acies
1993 5346 2107 5385 or-'

514 5430 682 5491 dinati
698 5428 958 5485 stetistis?
984 5427 1201 5498 quando
1224 5424 1502 5479 nobiscum
1527 5421 1815 5475 Dominum
1845 5421 1897 5473 in
1922 5422 2105 5475 choro'

515 5523 806 5582 laudastis?
855 5520 939 5575 vel
985 5519 1200 5588 quando
1246 5514 1522 5569 colmnbas
1570 5513 1763 5567 imitati
1821 5514 2085 5584 gregatim

511 5626 698 5675 contra
723 5613 915 5667 milvos
941 5608 1190 5672 incedere
1228 5605 1545 5660 studuistis?
1592 5603 1809 5673 quando
1845 5606 2087 5659 cantavi-

515 5724 635 5765 mus
655 5706 813 5762 simul
847 5722 858 5757 :
886 5702 1023 5757 Deus
1045 5700 1097 5753 in
1123 5698 1234 5753 loco
1263 5708 1441 5753 sancto
1474 5712 1589 5763 suo,
1629 5696 1765 5750 Deus
1798 5698 1889 5766 qui
1937 5696 2085 5752 Imbi-
2116 5772 2126 5782 θ

2223 3254 2361 3296 uxor
2375 3240 2608 3299 Bosonis
2632 3244 2871 3311 comitis,
2898 3249 2966 3303 ad
2994 3248 3198 3306 Gallias
3228 3253 3419 3309 relicto
3432 3258 3656 3326 proprio
3687 3259 3809 3315 viro

2223 3349 2344 3390 cum
2380 3335 2620 3392 adultero
2664 3338 2906 3393 adultera
2957 3342 3394 3413 transmigrasset
3424 3364 3438 3399 :
3471 3356 3527 3402 et
3559 3348 3644 3403 vir
3686 3349 3806 3420 ejus

2220 3441 2341 3481 eam
2382 3442 2505 3482 cum
2551 3429 2722 3484 multo
2752 3429 2935 3486 labore
2965 3434 3226 3490 reducere
3255 3436 3533 3501 voluisset,
3580 3454 3688 3494 nec
3717 3451 3802 3494 ta~

2219 3532 2341 3573 men
2364 3518 2545 3590 aliquo
2566 3522 2725 3576 modo
2746 3523 3029 3591 potuisset,
3054 3526 3423 3584 ecclesiastica
3452 3531 3621 3600 erepit
3648 3533 3807 3586 ausi-

2218 3608 2289 3661 lia
2315 3609 2593 3678 postulare
2618 3629 2630 3665 :
2661 3614 3019 3683 ordinemque
3049 3626 3295 3683 servans,
3327 3621 3565 3690 primam
3598 3624 3653 3676 in
3692 3632 3811 3678 toto

2219 3709 2483 3755 terrarum
2521 3704 2657 3757 orbe
2675 3705 2858 3758 sedem
2889 3708 3181 3776 appellans,
3213 3718 3272 3764 ut
3298 3712 3674 3769 ecclesiastico
3704 3718 3803 3770 de-

2216 3800 2366 3846 creto
2395 3806 2519 3847 eam
2543 3794 2609 3847 ah
2641 3795 2747 3857 his,
2779 3797 2871 3864 qui
2901 3797 3042 3850 illam
3073 3801 3407 3868 muniebant,
3445 3805 3564 3859 erui
3611 3816 3669 3859 et
3698 3807 3805 3863 sibi

2216 3879 2365 3936 reddi
2398 3883 2736 3952 przcciperet‘,
2764 3886 3107 3954 supplicavit.
3142 3888 3295 3946 Unde
3324 3893 3584 3949 decessor
3616 3906 3809 3952 noster

2214 3977 2414 4024 sauctze
2445 3973 2717 4027 memoriae
2745 3973 3065 4032 Benedictus
3090 3994 3247 4049 papa,
3293 3996 3578 4054 quousque
3608 4002 3805 4055 super-

2213 4071 2324 4117 stes
2348 4064 2577 4128 nstitit,
2611 4065 2753 4133 apud
2776 4066 3157 4135 imperatorem
3197 4080 3253 4127 et
3285 4089 3465 4144 regem
3497 4090 3559 4130 ac
3600 4078 3802 4145 princi-

2211 4168 2308 4223 pes
2356 4154 2721 4211 interveniens
2769 4165 2826 4213 ct
2871 4172 3209 4226 concertans,
3243 4174 3405 4234 atque
3440 4168 3716 4237 episcopis
3744 4179 3802 4226 et

2209 4246 2419 4301 cunctis
2463 4246 2709 4304 ﬁdelibus
2740 4251 3007 4318 scribens,
3046 4262 3106 4309 ut
3138 4266 3489 4313 revocaretur
3535 4262 3792 4323 suadere.

2208 4346 2263 4391 et
2315 4337 2636 4392 auctoritate
2684 4341 2975 4413 apostolica
3023 4344 3214 4415 jubere
3260 4363 3365 4402 non
3423 4350 3653 4404 destitit.
3697 4351 3797 4408 Cui

2209 4427 2509 4492 decedenti,
2561 4428 2751 4483 cll‘ectu
2784 4430 2929 4486 nullo
2978 4447 3248 4504 percepto,
3281 4453 3376 4506 per
3409 4437 3614 4494 Christi
3660 4457 3790 4511 gra-

2210 4516 2336 4569 tiam
2361 4533 2462 4572 nos
2490 4518 2542 4571 in
2573 4519 2883 4589 episcopatu
2916 4523 3213 4595 subrogati,
3238 4529 3602 4584 successimus
3626 4533 3788 4584 etiam

2204 4609 2257 4663 in
2292 4608 2495 4675 labore,
2543 4612 2630 4666 cui
2678 4613 2804 4669 licet
2838 4615 2996 4687 longe
3026 4620 3239 4677 meritis
3259 4621 3495 4691 impares
3520 4627 3786 4683 successi-

2200 4713 2321 4752 mus
2352 4699 2402 4751 in
2433 4699 2656 4755 honore.
2683 4701 2782 4769 Qui
2806 4694 2867 4757 ut
2892 4716 3240 4762 revocaretur
3269 4711 3457 4765 eadem
3480 4711 3704 4779 femina,
3729 4723 3785 4768 et

2202 4787 2398 4853 verbis,
2432 4798 2486 4843 et
2514 4790 2887 4872 frequentibus
2933 4796 3129 4851 litteris
3169 4799 3238 4853 ad
3283 4816 3474 4856 omnes
3526 4818 3787 4872 personas

2202 4877 2254 4930 in
2281 4892 2468 4935 omnes
2492 4892 2676 4950 partes
2716 4868 2913 4948 missis,
2949 4887 3014 4940 ad
3041 4903 3177 4956 quas
3202 4878 3496 4946 necessitas
3542 4895 3780 4962 postula-

2197 4968 2311 5031 bat,
2342 4986 2447 5023 non
2481 4972 2785 5027 dcstitimus
2824 4986 3001 5046 agerc.
3038 4978 3143 5032 Sed
3174 4991 3225 5033 et
3253 4982 3329 5034 sic
3364 4981 3588 5036 minimc
3629 4986 3780 5040 nobis

2195 5061 2645 5129 proficientibus,
2709 5077 2989 5135 ceperunt
3050 5068 3173 5125 hinc
3238 5071 3364 5127 inde
3414 5087 3443 5126 a
3502 5072 3777 5141 pontiﬁcio

2197 5158 2382 5205 nostro
2436 5154 2769 5224 episcopales
2834 5156 3027 5212 litterae
3096 5159 3377 5225 destinari,
3434 5174 3777 5233 suggerentes

2195 5241 2467 5308 videlicet,
2518 5253 2576 5298 ut
2628 5252 2735 5299 tam
2786 5248 3029 5303 morbida
3084 5250 3216 5309 ovis.
3260 5267 3327 5305 ne
3360 5261 3528 5306 totum
3561 5268 3774 5323 gregem

2197 5334 2611 5400 contaminaret,
2665 5336 3039 5393 ecclesiastico
3088 5338 3295 5408 judicio
3349 5343 3416 5396 de
3463 5343 3579 5413 ipso
3620 5356 3773 5412 grege

2194 5421 2477 5478 Dominico
2534 5424 2847 5493 pelleretur,
2893 5427 3130 5482 maxime
3178 5440 3297 5498 quae
3345 5436 3425 5483 tot
3470 5429 3781 5485 salubribus‘

2194 5513 2551 5569 monitionum
2576 5517 2986 5572 medicamentis
3016 5518 3197 5573 sanari
3222 5516 3443 5574 minime
3474 5519 3771 5575 consensis-

2192 5616 2293 5661 set.
2329 5606 2662 5676 Dccrotoquc
2684 5618 2739 5661 ct
2765 5609 3089 5664 auctoritate
3116 5612 3413 5680 praemissa,
3454 5608 3663 5677 iussum
3692 5618 3779 5663 est

2194 5697 2474 5756 Mediolani
2504 5689 2873 5770 episcoporum
2903 5698 3189 5758 concilium
3220 5704 3367 5771 ﬁeri;
3402 5704 3466 5759 ad
3495 5702 3637 5774 quod
3658 5703 3768 5772 ipsa
