4060 6338
190 330 352 391 1165
1411 326 1767 387 EPISTOLAE
1804 328 1810 382 ἱ

1920 326 2234 384 DECRETA
2246 365 2259 380 .
3324 320 3465 381 1168

187 451 408 499 vocata
456 440 500 499 si
551 447 701 496 certo
745 446 989 509 tempore
1029 452 1135 495 non
1179 448 1510 504 occurreret,
1554 439 1623 495 ab
1665 438 1783 510 ipso
1810 438 1968 503 Αὺὶε
1986 436 2291 507 huiusmodi
2309 436 2877 507 potiusauctoritatem
2896 436 3231 507 etiudicium
3255 445 3461 506 petere,

190 541 430 588 sacrato
492 530 717 600 collegio
773 529 1001 584 vinculis
1052 529 1412 587 anatbematis
1464 530 1784 587 vinciretur.
1889 536 2050 597 atque
2074 529 2361 586 consilium
2388 528 2707 598 praestolari.
2751 527 2870 595 Quo
2908 542 3007 582 nos
3042 527 3247 591 audito,
3272 527 3466 583 missos

192 623 479 692 Quodque
504 622 591 677 illa
620 629 822 677 statuto
848 629 1087 689 tempore
1110 634 1214 675 non
1243 629 1562 675 occurrente
1606 628 1789 690 patra-
1888 620 2105 689 quidem
2122 620 2388 675 destinare
2403 629 2513 675 tam
2532 619 2746 675 concite
2759 634 2855 673 nos
2866 633 2966 687 pro
2980 618 3285 689 huiusmodi
3300 634 3467 689 nego»

197 723 329 768 tum
348 722 451 778 est,
478 712 905 779 sententiamque
921 711 974 764 in
990 709 1157 779 ipsam
1179 725 1210 764 a
1236 709 1447 781 synodo
1468 709 1790 766 auctoritate
1889 711 1968 767 tio
1983 726 2091 765 non
2102 725 2261 780 posse
2274 711 2648 780 respondimus
2665 726 2680 763 :
2698 709 2955 764 missuros
2966 717 3145 764 tamen
3166 723 3260 767 eos
3279 717 3465 778 postea

195 817 407 863 nostra
454 813 747 861 convocata
809 818 908 857 nos
963 817 1199 872 quoque,
1250 810 1311 856 ut
1358 800 1498 857 sacri
1555 814 1790 859 canones
1891 801 2197 857 certissime
2227 801 2658 871 repromisimus,
2687 799 3044 859 admonentes
3072 798 3261 864 etiam,
3290 799 3469 865 nullm»

197 896 557 967 praecipiunt,
604 908 868 950 consensu
907 901 1092 950 nostro
1124 892 1475 951 ﬁrmavimus.
1502 889 1650 947 inter
1674 891 1793 948 haec

198 1000 373 1049 vero,
418 992 805 1054 cognoscentes
855 982 1101 1039 eamdem
1126 980 1379 1037 feminam
1412 980 1466 1035 in
1497 995 1667 1050 regno
1694 980 1790 1035 de-

201 1089 351 1145 gere
378 1073 619 1128 Lotharii
642 1074 805 1144 regis,
832 1088 938 1127 non
966 1072 1099 1127 satis
1126 1070 1409 1127 habuimus
1433 1084 1554 1140 quae
1580 1070 1647 1127 de
1675 1070 1793 1139 ipsa

205 1173 374 1233 gesta
423 1162 622 1218 femina
664 1164 928 1219 fuerant:
975 1163 1069 1218 sed
1115 1161 1184 1215 ad
1240 1161 1381 1219 hanc
1436 1159 1796 1217 revocandam

204 1254 493 1324 prioribus
521 1253 722 1309 nostris
750 1252 1021 1307 laboribus
1043 1252 1219 1307 adhuc
1243 1250 1518 1319 quaerendi
1557 1250 1797 1313 studium

207 1348 570 1417 apposuimus
599 1364 613 1399 :
642 1345 1048 1403 reminiscentes
1074 1343 1325 1400 videlicet
1352 1342 1586 1407 Domini,
1615 1342 1709 1412 qui
1730 1341 1797 1398 de

205 1437 375 1493 caelis
403 1436 522 1490 ideo
566 1435 635 1491 ad
680 1444 879 1491 terram
924 1433 1226 1499 descendit,
1275 1441 1334 1489 ut
1365 1441 1634 1503 quaereret
1655 1431 1799 1501 quod

209 1526 481 1598 perierat,
523 1523 678 1593 iuxta
723 1525 866 1595 quod
894 1539 926 1579 a
956 1523 1241 1581 Psalmista
1295 1525 1585 1593 rogabatur
1625 1521 1798 1577 confi-

209 1625 372 1671 tente
398 1626 559 1684 atque
588 1615 797 1670 dicente
836 1633 851 1669 :
890 1614 1078 1668 Errnvi
1114 1614 1249 1673 sicut
1281 1615 1391 1669 ovis
1412 1630 1530 1684 qua:
1549 1615 1800 1683 petierat,

1893 902 2053 949 tenus
2088 892 2306 947 interim
2337 907 2369 946 a
2408 892 2640 961 quodam
2686 890 2757 945 de
2785 888 3093 960 huiusmodi
3122 903 3282 944 causa
3311 889 3469 957 quid-

1894 998 2057 1054 quam
2084 983 2300 1053 penitus
2322 982 2746 1039 deliberandum.
2778 981 2887 1038 Sed
2910 981 2999 1037 ille
3033 982 3243 1047 horum,
3269 981 3471 1037 Theot-

1897 1075 2074 1145 gualdi
2104 1083 2158 1130 et
2205 1073 2514 1140 Guntharii,
2561 1083 2693 1131 tunc
2736 1075 3138 1144 episcoporum,
3182 1083 3240 1128 ut
3280 1082 3472 1145 postea

1897 1164 2113 1229 claruit,
2137 1166 2463 1221 auctoritate
2489 1165 2680 1232 fretus,
2729 1167 2935 1237 legatos
2958 1174 3175 1220 nostros
3200 1179 3305 1218 non
3334 1178 3477 1234 prat-

1899 1256 2129 1321 stolans,
2171 1256 2388 1327 publico
2419 1254 2661 1326 festaque
2695 1258 3004 1327 nuptiarum
3034 1257 3137 1310 ritu
3177 1253 3473 1319 celebrato,

1897 1343 2248 1400 Waldradam
2276 1345 2378 1399 sibi
2391 1348 2395 1353 ’
2400 1345 2524 1413 jure
2547 1347 2880 1402 matrimonii
2911 1347 3155 1401 sociavit.
3181 1344 3473 1401 Verumta-—

1902 1451 2026 1491 men
2073 1437 2216 1493 sedis
2259 1439 2587 1508 apostolicae,
2633 1440 2725 1509 qui
2770 1438 2882 1508 iam
2914 1438 3143 1509 profecti
3182 1437 3476 1494 fuerautin

1901 1524 2127 1592 Gallias,
2151 1534 2315 1598 atque
2349 1528 2415 1582 ad
2459 1528 2777 1584 Lotharium
2819 1530 3216 1600 pervenientes,
3240 1530 3382 1600 quod
3409 1530 3481 1585 ad

1904 1618 2056 1674 illum
2104 1620 2305 1675 fuerint
2350 1621 2502 1675 missi
2554 1623 2846 1678 secundum
2901 1623 3341 1694 pollicitationem
3375 1640 3477 1681 no-

214 1708 431 1787 require
449 1724 654 1762 servum
677 1706 1012 1777 tuum(Psal.
1039 1716 1251 1777 cxvm).
1276 1707 1544 1777 Missaque
1571 1706 1801 1776 epistola
1829 1784 1865 1787 _
1904 1699 2073 1767 stram
2103 1711 2375 1778 dixerunt,
2404 1722 2462 1767 et
2489 1714 2633 1783 quod
2669 1714 2825 1769 binos
2859 1730 2924 1769 ex
2962 1730 3129 1784 regno
3156 1712 3479 1785 gloriosissi-

216 1784 439 1862 nostra.
489 1796 716 1851 fratrum
772 1805 830 1852 et
878 1798 1317 1868 coepiscoporum
1372 1806 1678 1852 nostrorum
1742 1794 1798 1849 in
1828 1784 1875 1844 Β
1903 1818 2113 1858 morum
2151 1820 2360 1875 regum,
2405 1803 2663 1861 Ludovici
2696 1806 2925 1868 scilicet,
2957 1805 3133 1862 Caroli
3160 1784 3381 1878 majoris
3422 1797 3494 1862 et

216 1904 394 1959 regno
447 1889 657 1960 praefati
710 1890 851 1959 regis
932 1890 1370 1953 constitutorum,
1425 1897 1480 1945 ct
1528 1888 1802 1958 prmcipue
1903 1892 2079 1949 Caroli
2103 1892 2360 1963 iunioris,
2395 1897 2687 1952 convenire
2728 1911 2917 1952 secum
2948 1898 3151 1967 pariter
3193 1914 3315 1953 cum
3362 1899 3481 1968 epi-

215 1976 585 2051 lbentgualdi
603 1987 767 2051 atque
790 1978 1101 2044 Guntbarii,
1133 1980 1187 2034 in
1216 1994 1447 2049 quorum
1475 1978 1803 2036 dioecesibus

216 2070 416 2131 eadem
465 2070 673 2139 perdita
713 2070 884 2125 libere
918 2070 1109 2124 mulier
1150 2070 1483 2133 morabatur,
1531 2064 1804 2137 torporem

216 2160 404 2215 valide
434 2160 829 2231 redarguimus,
857 2168 911 2214 et
938 2160 1290 2229 quamobrem
1337 2160 1481 2214 inter
1505 2159 1800 2213 eos'licen—

220 2257 316 2309 ter
370 2250 513 2319 illam
576 2251 859 2322 degentem
902 2252 1127 2307 minime
1180 2251 1250 2305 ad
1304 2251 1478 2307 virum
1520 2250 1803 2319 proprium

221 2337 409 2395 redire
434 2341 727 2412 coegerint,
788 2356 894 2396 non
940 2341 1287 2397 mediocriter
1339 2341 1736 2410 increpavimus
1782 2354 1800 2393 :

221 2433 530 2501 indicantes
560 2434 725 2489 etiam
763 2421 907 2489 lianc
953 2449 984 2488 a
1013 2434 1171 2489 nobis
1205 2434 1567 2489 anatbetnatis
1591 2431 1805 2489 vinculo

222 2524 565 2590 innodatam,
630 2532 685 2583 et
735 2525 805 2580 ab
861 2526 1007 2579 omni
1059 2524 1367 2579 Christiana
1425 2523 1807 2578 communione

225 2624 516 2671 remotam.
543 2614 653 2672 Sed
681 2615 1079 2686 Tlieutgualdus
1118 2624 1278 2683 atque
1305 2614 1656 2678 Guntharius,
1676 2622 1807 2668 tunc

222 2707 489 2777 episcopi,
504 2715 559 2762 et
585 2706 913 2776 praecipuum
936 2704 1113 2761 locum
1143 2713 1197 2759 et
1226 2702 1644 2760 familiaritatem
1665 2702 1807 2771 apud

225 2797 531 2867 principem
554 2795 876 2860 obtinentes,
908 2810 1015 2850 non
1041 2794 1215 2851 solum
1244 2808 1385 2859 eam,
1414 2808 1535 2849 cum
1566 2800 1809 2863 possent,

230 2900 573 2955 nequaquam
605 2886 672 2940 ad
700 2885 983 2955 coniugum
1023 2869 1301 2955 proprium
1326 2882 1526 2939 reverti
1556 2882 1811 2938 suasione

1904 1984 2085 2052 scenis
2115 1985 2264 2055 regni
2294 1985 2378 2039 sui
2397 1983 2617 2048 faceret,
2637 1986 2792 2057 iuxta
2814 1989 3226 2058 praeceptionem
3242 1998 3484 2044 nostram

1904 2072 2006 2142 ipsi
2035 2074 2145 2144 regi
2177 2089 2468 2145 suggerere
2494 2077 2818 2147 studuerunt
2861 2095 2874 2132 :
2914 2085 2971 2131 ct
3005 2079 3148 2147 quod
3174 2078 3482 2135 Tbeutber-
3578 2146 3583 2147 ί

1905 2177 2025 2232 gain
2062 2162 2245 2219 sedem
2286 2165 2636 2234 apostolicam
2671 2166 3050 2236 appellantem,
3079 2169 3203 2223 data
3232 2169 3425 2226 idonea
3448 2184 3484 2225 a

1894 2255 2032 2325 'rege
2084 2256 2344 2312 Lothario
2382 2259 2691 2324 securitate,
2739 2259 2911 2316 eidem
2958 2263 3246 2318 conventni
3293 2266 3486 2321 adesse

1902 2346 2339 2415 przeceperimus,
2375 2348 2556 2402 verbis
2603 2358 2968 2404 asseruerunt.
3022 2351 3138 2407 Non
3187 2353 3331 2407 enim
3371 2354 3487 2424 epi-

1907 2434 2106 2496 stolas,
2172 2448 2308 2502 quas
2389 2435 2458 2488 ad
2536 2450 2633 2490 vos
2698 2444 3112 2507 vestrorumque
3181 2454 3475 2510 regnorum

1905 2516 2188 2586 episcopos
2249 2518 2592 2584 miseramus,
2658 2533 2838 2574 secum
2913 2522 3116 2578 habere
3177 2533 3477 2594 poterant:

1906 2605 2105 2675 quippe
2129 2620 2267 2675 quas
2287 2606 2389 2661 sibi
2416 2607 2483 2662 ab
2513 2606 2702 2663 amicis
2738 2608 2981 2666 Lotliarii
3023 2614 3166 2684 regis
3198 2613 3311 2682 jam
3354 2630 3483 2671 con-

1908 2696 2089 2751 stabat
2120 2696 2346 2751 ablatas.
2384 2697 2457 2752 At
2483 2714 2610 2754 vero
2640 2715 2736 2755 rex
2774 2700 3082 2771 Lotliarius,
3112 2705 3302 2761 horum
3344 2708 3482 2765 duo-

1910 2801 2030 2840 rum
2053 2787 2362 2856 m’agisterio
2386 2803 2533 2852 usus,
2562 2804 2663 2845 nec
2703 2789 3058 2864 Theutbergm
3098 2796 3298 2865 reginae
3330 2798 3487 2866 indu-

1909 2872 2135 2929 bitatam
2164 2876 2514 2931 deservanda
2538 2876 2771 2945 iustitia,
2822 2880 2909 2935 vel
2948 2882 3014 2936 de
3051 2897 3158 2939 non
3204 2884 3488 2943 inferenda

230 2973 494 3041 [aL-emi,
551 2983 648 3030 θυι
687 2975 1010 3031 auctoritate
1063 2974 1342 3038 canonica,
1391 2973 1549 3042 iam,
1603 2973 1745 3042 quod
1774 2987 1813 3027 α
1910 2961 2186 3028 violentia,
2233 2965 2607 3020 certitudinem
2655 2968 2891 3024 tribuere
2946 2970 3136 3040 voluit,
3195 2988 3299 3030 nec
3353 2975 3488 3032 alios

228 3065 363 3131 sede
389 3064 686 3135 amsmlica
735 3064 928 3125 crebro
971 3062 1188 3119 fuel-am
1238 3062 1530 3135 adponat},
1585 3061 1809 3117 minime
1848 3130 1879 3135 _
1910 3059 2111 3120 prmter
2136 3053 2287 3119 regni
2316 3054 2398 3108 sui
2425 3055 2715 3123 antistites,
2752 3058 3003 3115 videlicet
3028 3075 3166 3130 quos
3209 3062 3294 3117 vel
3322 3062 3488 3120 bene—

232 3130 639 3225 compulerunt;
680 3155 981 3225 prmsertim
1013 3170 1136 3209 cum
1168 3154 1221 3208 in
1248 3134 1572 3208 dioecesibus
1618 3167 1808 3207 eorum
1837 3130 1882 3192 C
1916 3142 2071 3207 liciis,
2100 3145 2186 3199 vel
2209 3145 2388 3211 minis,
2417 3146 2528 3218 iam
2556 3150 2623 3204 ad
2652 3156 2835 3205 mtum
2868 3166 3023 3208 suum
3062 3153 3370 3225 deﬂexerat,
3422 3159 3492 3214 ad

233 3247 561 3315 commorari
589 3262 732 3316 saepe
766 3253 1193 3303 commemorata
1231 3252 1287 3299 et
1325 3243 1579 3299 damnata
1600 3242 1811 3298 femina

233 3335 775 3399 dicereturzrverum
818 3335 1003 3397 etiam,
1046 3342 1106 3388 ut
1132 3333 1279 3388 licite
1332 3341 1513 3402 posset
1565 3332 1811 3387 omnium

235 3422 342 3483 frui
366 3425 771 3491 communione,
790 3436 953 3495 atque
982 3424 1037 3479 in
1069 3422 1256 3494 refuga
1286 3422 1672 3489 obstinatione,
1690 3422 1810 3478 sine

236 3513 554 3584 cujusquam
597 3515 1024 3571 contradictione
1072 3513 1160 3570 vel
1204 3514 1589 3584 impedimento
1637 3512 1812 3568 subsi-

236 3607 435 3671 stendi,
463 3605 664 3660 valeret
694 3615 973 3675 potentum
1012 3617 1456 3673 quorumcunque
1479 3602 1642 3672 potiri
1671 3602 1816 3658 sola-

239 3697 351 3763 tiis,
382 3696 524 3751 hanc
566 3694 868 3757 absolvere,
910 3701 1172 3761 quantum
1211 3693 1269 3747 in
1312 3693 1443 3762 ipsis
1482 3690 1605 3755 fuit,
1650 3700 1814 3760 atque

238 3785 485 3855 recipere
516 3792 719 3841 temere
764 3796 1178 3851 praesumpsere.
1207 3780 1264 3835 in
1299 3795 1408 3849 quo
1428 3780 1640 3836 etiamsi
1669 3779 1816 3835 sedis

240 3876 545 3947 apostolicae
588 3873 848 3945 iudicium
878 3888 922 3927 va
952 3871 1145 3942 quovis
1197 3869 1601 3939 retractandum
1645 3878 1809 3934 esset,

242 3965 455 4021 etiamsi
475 3965 544 4019 ab
583 3963 929 4021 inferioribus
959 3962 1225 4031 potiorum
1253 3961 1523 4019 sententia
1561 3960 1814 4017 solvenda

240 4069 463 4125 prorsus
507 4048 786 4117 existeret,
854 4059 1119 4122 quantum
1188 4050 1594 4122 Tbeutgualdus
1649 4059 1815 4121 atque

238 4143 572 4203 Guntbarius
598 4144 746 4201 circa
765 4157 953 4199 saeros
977 4156 1232 4208 canones,
1258 4150 1314 4196 et
1336 4143 1605 4212 praecipue
1641 4142 1817 4197 Nicat-

242 4251 358 4302 nos,
373 4236 465 4307 qui
488 4235 789 4303 luculenter
806 4234 1036 4291 innuunt
1053 4248 1161 4291 non
1178 4233 1373 4290 debere
1386 4233 1478 4303 qui
1492 4231 1819 4302 objiciuntur

246 4327 311 4382 ab
353 4320 474 4383 aliis
522 4325 715 4395 recipi,
778 4334 1124 4382 contumaces
1173 4324 1504 4392 exstiterint,
1560 4323 1666 4394 ipsi
1720 4337 1820 4378 vos

244 4418 468 4477 solerter
491 4420 777 4476 advertite.
808 4418 919 4475 Sed
948 4434 1018 4475 ne
1046 4418 1153 4474 tale
1190 4417 1320 4487 quid
1354 4431 1450 4473 eos
1478 4416 1817 4471 commisisse

244 4508 516 4576 dubitetis,
562 4509 756 4567 scitote
799 4523 982 4564 coram
1028 4508 1177 4564 omni
1212 4507 1451 4564 Ecclesia
1480 4516 1668 4563 nostra
1692 4506 1813 4563 illos

246 4598 346 4657 hoc
373 4613 435 4654 se
458 4599 728 4670 peregisse
769 4599 1066 4655 confessos.

308 4686 515 4743 interea
543 4685 803 4757 flagitium
825 4688 880 4741 in
907 4686 1264 4758 Tlieutbergte
1278 4688 1475 4759 regina:
1497 4685 1816 4755 deiectione,

246 4784 299 4833 et
318 4777 642 4833 admissione
676 4776 999 4843 Waldradm,
1029 4794 1060 4832 a
1106 4794 1233 4850 rege
1262 4777 1517 4835 Lothario
1544 4787 1820 4850 perpetra-

247 4876 376 4933 tum,
399 4868 591 4922 liorum
618 4867 783 4935 erepit
807 4867 1137 4925 adulationis
1162 4878 1219 4923 et
1264 4869 1462 4939 iniqua:
1489 4869 1819 4926 defensionis

248 4958 496 5013 fomentis
534 4972 804 5023 crescere,
852 4969 1020 5028 atque
1055 4960 1219 5015 latius
1263 4958 1551 5015 diﬂamari.
1585 4961 1699 5027 Qua
1753 4961 1822 5015 de

182 5034 191 5045 ’
248 5066 304 5105 re
329 5064 428 5104 nos
455 5058 827 5120 agnoscentes,
857 5060 1059 5121 quanta
1108 5053 1381 5122 potuimus
1432 5052 1710 5116 instantia,
1754 5065 1824 5105 ne

253 5147 451 5195 tantum
468 5141 647 5196 scelus
673 5143 1101 5197 committeretur
1125 5143 1478 5209 inhibuimus,
1493 5154 1546 5197 et
1566 5158 1662 5213 per
1688 5142 1821 5197 flde~

250 5229 322 5286 les
351 5246 616 5302 quosque,
643 5246 851 5288 necnon
880 5241 935 5289 et
962 5235 1167 5304 scripta
1203 5243 1391 5289 nostra
1423 5235 1649 5289 suadere
1688 5248 1821 5288 con-

253 5322 529 5378 tendimus.
562 5321 723 5377 Mittit
760 5338 859 5379 rex
882 5322 1175 5381 Lotharius
1199 5325 1335 5380 duos
1358 5326 1425 5380 ad
1452 5338 1549 5380 nos
1571 5324 1818 5388 comites,

251 5428 343 5483 per
359 5428 497 5484 quos
530 5415 588 5471 in
607 5416 827 5488 scriptis
859 5425 916 5472 et
945 5416 1127 5473 verbis
1147 5418 1325 5473 innuit
1355 5418 1640 5488 episcopos
1666 5415 1821 5487 regni

256 5504 352 5568 sui,
401 5520 525 5560 cum
570 5506 690 5563 aliis
736 5509 1082 5580 quibusdam,
1134 5509 1234 5565 sibi
1274 5510 1407 5565 dare
1442 5510 1821 5565 auctoritatem

257 5594 642 5670 Thentbcrgam
676 5603 988 5674 repellendi,
1032 5613 1089 5658 et
1132 5603 1480 5659 Waldr‘adam
1531 5604 1583 5658 in
1633 5604 1825 5658 matri-

252 5686 486 5744 monium
514 5691 805 5750 sortiendi:
831 5693 927 5750 sed
939 5693 1237 5765 se,utordo
1262 5692 1649 5761 custodiretur,
1680 5710 1708 5748 a
1728 5709 1823 5750 no-

1913 3232 2062 3287 illum
2087 3245 2428 3307 conventum,
2455 3239 2547 3308 qui
2581 3253 2746 3307 penes
2774 3242 2961 3297 urbem
3004 3244 3321 3302 Metensium
3355 3263 3490 3304 con-

1912 3327 2261 3395 gregabatur,
2292 3329 2508 3397 penitus
2519 3333 2869 3401 exspectavit.
2887 3332 2996 3390 Sed
3020 3337 3423 3407 corruptis,imo
3437 3349 3495 3397 et

1913 3418 1979 3471 ad
1994 3416 2234 3473 favorem
2249 3435 2406 3475 suum
2422 3422 2687 3479 traductis
2712 3424 2903 3494 legatis
2924 3429 3148 3495 nostris,
3164 3417 3307 3500 quod
3330 3431 3491 3488 libuit

1913 3506 2061 3560 nullo
2084 3508 2383 3564 resistente
2393 3513 2628 3580 patravit
2649 3529 2663 3565 :
2692 3513 2941 3584 factoque
2962 3526 3252 3584 conventu,
3280 3521 3495 3576 antisti-

1918 3602 1999 3649 tes
2044 3597 2135 3665 qui
2173 3609 2554 3663 convcnerant,
2594 3601 2735 3657 inter
2763 3618 2899 3672 quos
2927 3607 3257 3677 praecipuum
3289 3609 3492 3665 Theot-

1916 3685 2163 3755 gnaldus,
2197 3694 2359 3756 atque
2394 3686 2724 3747 Guntbarius
2753 3693 3027 3764 fastigium
3078 3698 3406 3763 retinebant,
3437 3709 3496 3756 et

1916 3775 2257 3831 eminentiori
2287 3787 2550 3849 potestate
2590 3780 2861 3852 vigebant,
2910 3786 3321 3853 praevenientes,
3374 3789 3495 3846 imo

1916 3864 2020 3921 sibi
2048 3876 2391 3936 usurpantes,
2405 3878 2570 3939 atque
2585 3871 2920 3928 vindicantes
2941 3866 3495 3946 iudicium’nostrum,

1918 3956 2168 4013 videlicet
2198 3959 2342 4029 quod
2367 3968 2423 4013 et
2449 3961 2645 4031 reginae
2675 3956 3030 4035 Theutberga:
3061 3966 3291 4035 primum
3318 3972 3497 4040 appel-

1918 4050 2142 4117 latione,
2172 4066 2238 4107 ac
2280 4052 2474 4109 deinde
2512 4053 2753 4109 Lotharii
2780 4057 2922 4127 regis
2949 4058 3206 4128 petitione
3237 4066 3497 4132 permoti,

1913 4141 2026 4212 iam
2080 4157 2180 4197 nos
2233 4142 2438 4200 laturos
2491 4145 3011 4216 repromiseramus,
3077 4148 3500 4223 inchoatumque

1921 4241 2032 4288 tam
2059 4250 2157 4302 per
2181 4235 2394 4299 missos,
2441 4250 2712 4306 quamque
2746 4252 2845 4307 per
2872 4240 3127 4309 epistolas
3155 4253 3372 4300 nostras
3401 4247 3500 4302 ba-

1919 4323 2049 4379 bere
2076 4324 2196 4381 luce
2225 4327 2426 4381 clarius
2457 4327 2795 4396 videbamur,
2820 4328 3218 4404 Theutbergam
3254 4337 3498 4405 reginam

1921 4415 2209 4472 obnoxiam
2245 4418 2608 4486 crediderunt,
2637 4427 2799 4491 atque
2828 4423 3290 4480 condemnandam
3322 4430 3373 4482 in
3404 4429 3500 4484 ab-

1920 4506 2093 4561 sentia
2119 4515 2469 4577 putaverunt.
2503 4508 2826 4582 Scriptaque
2848 4515 2914 4569 de
2948 4515 3053 4580 bis,
3088 4532 3210 4585 quae
3258 4517 3368 4573 illic
3403 4534 3502 4589 pro

1921 4606 2048 4651 voto
2093 4598 2235 4667 regis
2282 4598 2467 4670 iniqua
2506 4608 2635 4655 sunt
2679 4598 2835 4657 fauce
2869 4604 3207 4674 deprompta,
3261 4606 3496 4676 quodam

1919 4687 2147 4758 profano
2176 4678 2376 4756 libello,
2400 4704 2463 4745 ea
2491 4691 2571 4746 sic
2599 4702 2905 4757 censentes,
2949 4694 3151 4749 illibata
3184 4698 3498 4764 persistere,

1920 4778 2156 4848 propriis
2185 4780 2676 4851 subscriptionibus
2701 4785 3111 4851 roboraverunt,
3128 4787 3502 4858 Tlteutgnaldo

1921 4869 2173 4949 primitus
2196 4881 2253 4927 et
2274 4871 2576 4928 Guntbario
2602 4874 2655 4927 in
2705 4874 2834 4943 ipsis
2861 4876 3369 4948 subscriptionibus,
3396 4880 3504 4937 sic-

1922 4967 1983 5012 ut
2029 4968 2085 5014 ct
2133 4960 2188 5015 in
2247 4962 2458 5017 caeteris
2500 4962 2688 5033 gestis,
2720 4966 3169 5033 prmecllentibus,
3200 4978 3256 5023 et
3284 4969 3503 5028 aliosse

1924 5050 2079 5119 sequi
2130 5051 2387 5121 pestifero
2434 5054 2897 5123 compellcntibus.
2955 5058 3057 5123 Qui
3104 5076 3227 5114 mox
3271 5061 3499 5119 Romam

1924 5152 2201 5207 venturos,
2230 5158 2296 5198 ac
2326 5146 2480 5200 nobis
2511 5146 2576 5200 de
2604 5146 2691 5201 bis
2736 5162 2855 5216 quae
2901 5160 3186 5220 gesserant
3237 5153 3500 5210 rationem
3566 5183 3574 5190 -

1926 5233 2198 5301 posituros
2234 5249 2293 5290 se
2319 5249 2417 5305 per
2456 5236 2637 5292 omnia
2679 5239 3103 5309 spoponderunt.
3156 5243 3504 5317 Tandemque

1926 5324 2302 5392 pervenientes
2353 5334 2541 5383 nostro
2585 5336 2711 5382 sunt
2759 5331 3071 5399 conspectui
3118 5347 3303 5388 coram
3353 5334 3501 5388 omni

1929 5415 2165 5471 Ecclesia
2193 5416 2525 5486 praesentati,
2553 5427 2608 5472 et
2631 5418 2759 5474 dum
2795 5420 2863 5474 ab
2895 5421 2975 5476 eis
3004 5424 3240 5492 qualiter
3269 5424 3356 5477 illa
3388 5423 3503 5479 fuc-

1928 5508 2038 5562 rint
2073 5517 2221 5579 gesta
2271 5511 2688 5579 requireremus,
2717 5509 2832 5579 iam
2863 5524 3221 5570 memoratum
3260 5514 3496 5568 libellum

1929 5588 2235 5663 oﬂet'entes,
2283 5598 2689 5668 perhibuerunt"
2716 5616 2817 5658 nec
2843 5603 2982 5672 plus,
3042 5618 3139 5659 nec
3162 5603 3360 5667 minus,
3400 5616 3502 5656 nec

1931 5690 2087 5747 aliter
2115 5690 2404 5761 quidquam
2450 5707 2508 5748 se
2536 5693 2788 5765 gessisse,
2819 5694 2922 5751 uisi
2954 5702 3015 5750 ut
3040 5695 3252 5750 oblatus
3287 5692 3504 5747 videba-
