4060 6338
623 398 755 454 1171

1960 415 2235 476 NlCOLAl
2271 421 2471 481 PAPAE
2508 427 2529 481 Ι

3766 446 3909 503 ΗΤΞ

612 514 751 627 beri,
784 524 840 627 et
863 530 960 627 qus
998 533 1102 627 npn
1128 520 1573 627 .inconvenicnter
1599 527 1743 596 quod
1763 527 1969 584 licitum
2000 539 2105 597 est,
2132 538 2188 587 et
2213 538 2261 596 Α
2293 543 2374 590 ter
2413 537 2573 603 dolet,
2614 548 2668 593 et
2697 541 2910 612 aliquod
2960 546 3040 601 eis
3081 548 3194 602 vult
3223 549 3483 619 impertiri
3514 552 3902 627 suffragium;

610 605 1001 671 rationabiliter
1022 606 1312 679 llagitatur,
1343 615 1638 669 concedere
1674 631 2045 685 procuramus.
2079 619 2191 675 De-=

607 694 775 765 nique
800 695 845 751 si
882 696 1086 767 praefati
1128 700 1254 763 viri,
1285 701 1686 774 Theutgualdus
1710 708 1918 764 scilicet
1954 719 2009 764 et
2035 710 2182 766 Gun-

609 783 836 850 tbarius,
866 787 1134 856 patienter
1153 793 1382 859 egerint,
1412 803 1465 850 et
1492 796 1714 863 malum,
1741 799 1883 869 quod
1914 802 1997 857 sui
2026 802 2180 859 favo-

606 873 685 929 ris
713 875 887 930 studio
909 876 1169 946 perﬁcere
1191 884 1336 951 passi
1367 896 1511 951 sunt,
1555 888 1817 945 radicitus
1853 893 2181 962 extirpatum

552 997 573 1009 .
603 965 902 1056 exstiterit;
947 976 1109 1056 atque
1145 973 1190 1027 si
1239 973 1341 1028 hoc
1386 976 1623 1043 perfecta
1674 980 1811 1036 inse
1856 983 2178 1052 humilitate,

601 1051 884 1126 dignisque
927 1051 1258 1128 paenitentia:
1300 1063 1513 1140 fletibus
1555 1069 1772 1125 abolere
1833 1073 2176 1140 studuerint,

600 1145 733 1212 quin
760 1155 813 1200 et
845 1163 973 1216 pax,
1004 1165 1167 1220 quam
1195 1157 1671 1225 contnrbaverunt,
1702 1160 1955 1217 Ecclesiae
1978 1163 2179 1221 Christi

599 1235 809 1317 reddita
855 1237 1019 1295 fuerit
1063 1259 1077 1296 :
1126 1249 1255 1299 tunc
1287 1243 1529 1315 profecto
1579 1257 1834 1318 poterunt
1876 1252 1970 1306 Dei
2012 1254 2180 1309 solius

596 1322 823 1392 intuitu,
851 1338 909 1383 et
926 1337 1122 1387 vestrae
1142 1330 1494 1392 fraternitatis
1522 1337 1738 1405 aﬁ‘ectu,
1771 1339 1873 1394 alia
1903 1341 2183 1396 ministra-

596 1414 763 1485 tionis
784 1416 1039 1476 Ecclesia:
1077 1432 1264 1478 nostro
1297 1437 1429 1479 nutu
1454 1435 1618 1498 atque
1641 1444 1741 1499 ope
1765 1429 1886 1485 freti
1914 1422 2177 1489 beneﬁcia

593 1512 895 1578 promereri
930 1530 959 1573 ελ
989 1513 1185 1588 prioris
1227 1525 1403 1573 tamen
1444 1518 1747 1583 ministerii,
1791 1521 1875 1576 vel
1897 1522 2180 1591 cujuscun-

593 1612 701 1667 que
724 1602 1076 1659 sacerdotalis
1095 1602 1590 1676 ollicii'dignitatem
1606 1610 1804 1666 frustra
1825 1612 2041 1682 quidem
2057 1629 2177 1684 spe-

592 1706 719 1749 rare
754 1702 1037 1764 poterunt,
1079 1713 1353 1756 resumere
1394 1711 1573 1757 autem
1620 1705 1673 1758 in
1704 1714 2018 1775 perpetuum
2071 1722 2176 1761 non

590 1793 863 1852 poterunt.
897 1785 1086 1842 Cesset
1124 1789 1305 1857 itaque
1334 1799 1528 1846 vestra:
1556 1792 1912 1876 fraternitatis
1934 1793 2045 1863 jam
2076 1810 2173 1850 nos

2260 638 2437 696 .euret
2468 645 2686 687 necesse
2709 644 2792 688 est
2817 634 3032 701 vulnus,
3080 640 3219 708 quod
3260 641 3358 710 ipsi
3398 658 3506 697 non
3542 644 3744 699 solum
3802 649 3908 703 mi-

2282 722 2427 777 nime
2467 722 2611 779 ferro
2640 725 2864 793 justitite
2917 741 3247 798 resecarunt,
3300 751 3484 790 verum
3528 739 3719 793 etiam
3780 740 3903 797 oleo

2282 811 2481 882 iniqua:
2511 815 2832 892 adulatidnis
2859 827 2913 872 et
2939 822 3305 890 persuasionis
3347 822 3602 881 foventes
3625 845 3901 885 crescere

2281 904 2438 975 longe
2464 906 2674 978 lateque
2700 909 2963 976 fecerunt,
2996 914 3276 969 nobiscum
3297 916 3501 986 pariter
3526 919 3806 976 incidere
3838 940 3901 978 ac

2280 997 2519 1051 studiose
2544 999 2765 1055 mederi.
2790 1002 3047 1068 Quamvis
3077 1006 3173 1074 ipsi
3187 1006 3299 1077 jam
3328 1006 3419 1063 fati
3442 1010 3569 1071 viri,
3592 1022 3652 1077 ut
3686 1024 3901 1081 praem.

2280 1084 2458 1150 limus,
2502 1096 2761 1156 quantum
2798 1092 2861 1145 ad
2909 1094 3269 1148 sacerdotium
3311 1107 3538 1168 spectat,
3577 1101 3899 1170 recipiendi

2262 1172 2481 1231 nullam
2511 1177 2725 1233 valeant
2749 1180 2951 1235 habere
2977 1180 3248 1238 fiduciam.
3282 1182 3338 1239 Si
3362 1187 3504 1240 enim
3528 1190 3687 1256 quod
3723 1190 3786 1242 in
3816 1191 3901 1243 bis

2279 1264 2644 1323 destruximus
2684 1269 3154 1339 reaediﬁcaremus,
3196 1276 3657 1344 praevaricatores
3709 1295 3745 1333 a
3795 1280 3898 1334 Do—

2279 1356 2428 1411 mino
2472 1360 2659 1428 procul
2685 1361 2849 1416 dubio
2893 1365 3300 1429 constituemnr,
3328 1379 3383 1422 et
3429 1356 3590 1438 quasi
3648 1371 3726 1425 de
3786 1388 3893 1426 non

2277 1445 2418 1502 bene
2443 1450 2608 1518 gestis
2637 1452 3007 1520 paenitentiam
3036 1454 3205 1526 {edin
3253 1446 3404 1511 Rom.
3446 1459 3604 1512 addit
3656 1472 3891 1530 agentes

2278 1536 2333 1590 in
2362 1536 2554 1593 melius
2579 1541 2902 1595 sententiam
2929 1556 3305 1610 commutasse,
3334 1546 3467 1619 etc.]
3501 1560 3892 1605 commutasse

2277 1627 2596 1687 videbimur.
2627 1630 2705 1685 Ac
2729 1647 2824 1702 per
2849 1633 2952 1689 hoc
2975 1650 3074 1690 nec
3098 1636 3186 1690 isti
3205 1637 3507 1706 lutjusmodi
3526 1642 3889 1696 animadver-

2278 1719 2483 1776 sionem
2509 1732 2764 1792 paventes
2789 1727 3239 1793 emendabuntur,
3273 1745 3371 1784 nec
3395 1730 3445 1785 hi
3470 1732 3566 1801 qui
3610 1734 3887 1788 hactenus

2278 1809 2587 1866 inchoatum
2610 1813 2784 1868 scelus
2806 1815 3074 1872 introrsus
3098 1817 3353 1885 retinent,
3382 1820 3731 1889 puniendum
3784 1838 3883 1891 pu-

592 1890 755 1978 ⁸¹¹Ρεξν
777 1878 1129 1978 δίη-ξωίδπθ
1166 1880 1405 1978 δοξθτίίξν
1437 1892 1492 1939 ει
1516 1888 1659 1955 (ἰυοά
1698 1887 1811 1941 ﬁeri
1840 1903 1945 1942 ηοη
1975 1897 2170 1957 Ροίθεῐο
2204 1883 2250 1942 Β
2280 1899 2493 1966 tabunt;
2527 1917 2625 1956 nec
2649 1905 2853 1970 creteri,
2884 1906 2977 1975 qui
3004 1908 3071 1961 ad
3103 1878 3406 1976 lmjusmodi
3433 1919 3677 1978 possunt
3707 1878 3881 1964 relabi

591 1971 809 2025 tandem
860 1970 1150 2041 aliquando
1214 1975 1441 2032 desinat.
1492 1979 1623 2033 Nam
1675 1981 1820 2035 sedis
1868 1980 2176 2050 apostolicm

590 2063 861 2116 sententia
911 2072 1059 2119 tanta
1099 2080 1311 2136 semper
1343 2070 1551 2123 consilii
1590 2070 1958 2127 moderatione
2001 2072 2177 2127 concio

592 2152 765 2221 pitur,
804 2161 949 2208 tanta
987 2156 1263 2224 patientia:
1288 2160 1603 2216 maturitate
1625 2161 1964 2232 decoquitur,
1996 2170 2177 2216 tanta-

591 2259 698 2314 que
732 2246 1074 2315 postmodum
1119 2247 1524 2305 deliberationis
1574 2252 1840 2320 gravitate
1880 2252 2172 2322 prt‘fertur,

592 2337 957 2392 utretractari
1003 2354 1109 2393 non
1155 2350 1330 2409 egeat,
1365 2356 1464 2396 nec
1507 2341 1782 2397 immutari
1811 2344 2172 2400 necessarium

591 2429 774 2495 ducat,
804 2429 907 2485 nisi
937 2430 1074 2486 forte
1103 2430 1181 2486 sic
1217 2431 1424 2502 prolata
1453 2434 1541 2497 sit,
1586 2441 1644 2488 ut
1679 2434 1962 2489 retractari
1983 2435 2171 2505 possit,

589 2517 675 2575 vel
701 2520 1033 2577 immutanda
1062 2524 1358 2580 secundum
1382 2526 1673 2596 prmmissze
1709 2535 1954 2582 tenorem
1997 2527 2177 2582 condi-

503 2599 518 2610 ”
589 2611 754 2667 tionis
791 2614 1006 2669 existat.
1039 2614 1262 2671 Portent
1289 2617 1452 2688 igitur
1482 2618 1829 2690 ignominiam
1861 2618 2175 2689 dejectionis

590 2721 725 2771 suae,
767 2708 894 2778 quia
941 2718 1039 2774 est,
1085 2716 1223 2764 teste
1275 2708 1575 2779 Scriptura,
1616 2710 1854 2779 confusio
1910 2709 2175 2763 adducens

589 2793 815 2865 gloriam
836 2795 1028 2868 (Eccli.
1055 2796 1148 2868 tv).
1183 2796 1304 2852 Sint
1332 2798 1548 2853 interim
1577 2798 1632 2852 in
1658 2799 1870 2869 signum
1897 2797 2030 2852 etin
2052 2811 2175 2867 por-

588 2898 800 2943 lentum
834 2888 1104 2953 omnibus,
1137 2902 1273 2957 quos
1298 2888 1382 2944 vel
1406 2888 1506 2959 ipsi
1548 2888 1896 2958 deceperunt,
1937 2886 2021 2943 vel
2051 2887 2174 2959 qui-

587 2979 693 3035 bus
715 2980 996 3035 audaciam
1036 2980 1356 3051 persistendi
1388 2980 1440 3035 in
1473 2980 1714 3051 nequitia
1753 2980 2118 3050 praestiterunt
2156 2997 2171 3033 :

588 3081 855 3143 quatenus
883 3082 939 3128 et
977 3072 1065 3128 isti
1108 3081 1254 3127 tanta
1283 3071 1601 3128 confusione
1622 3072 1876 3142 respersi,
1907 3071 2051 3143 quod
2081 3085 2177 3126 ore

586 3165 847 3230 fatentur,
885 3165 1049 3221 corde
1088 3180 1303 3236 quoque
1329 3172 1547 3221 teneant
1571 3172 1628 3220 et
1666 3163 1964 3229 salventur,
2005 3170 2062 3217 et
2098 3160 2175 3217 illi

2276 1987 2553 2060 ﬂagitium,
2575 2007 2674 2062 per
2698 1995 2798 2050 hos
2823 1997 3113 2053 salubriter
3137 1999 3356 2065 eruditi,
3383 1990 3701 2056 consultius
3728 2018 3880 2057 com-

2276 2081 2492 2138 mittere
2517 2084 2919 2153 pertimescent,
2963 2089 3103 2158 quod
3135 2096 3281 2144 tanta
3323 2089 3563 2146 viderint
3606 2093 3880 2147 dissoluta

2275 2175 2594 2231 remissione
2638 2178 2892 2233 relaxari.
2933 2179 3286 2236 Revertimini
3322 2197 3484 2250 ergo,
3535 2182 3769 2248 fratres,
3816 2186 3879 2238 ad

2274 2279 2392 2330 vos,
2421 2274 2473 2320 ct
2498 2268 2666 2322 redite
2691 2268 2757 2323 ad
2779 2283 2892 2333 cor,
2915 2279 2970 2324 et
3000 2271 3365 2353 recognoscite
3385 2281 3576 2327 contra
3610 2273 3755 2326 vitia
3782 2274 3881 2326 mi-

2275 2355 2555 2409 nisterium
2587 2367 2848 2425 vestrum,
2871 2360 3043 2430 ipsum
3072 2377 3167 2431 per
3186 2378 3345 2431 quem
3374 2372 3585 2417 tantum
3624 2363 3879 2418 Ecclesia

2275 2444 2368 2499 Dei
2416 2447 2721 2501 scandalum
2763 2450 2984 2519 patitur,
3032 2449 3345 2506 Lotbarium
3390 2453 3601 2507 scilicet
3652 2468 3872 2524 regem.

2278 2535 2392 2591 zelo
2417 2536 2748 2603 fcrventiori,
2775 2549 2829 2592 et
2850 2539 3036 2607 majori
3064 2542 3417 2610 corripientes
3439 2551 3492 2596 et
3508 2543 3879 2597 admonentes

2277 2627 2534 2683 instantia
2567 2645 2676 2700 quo
2711 2630 2991 2686 subveniat
3017 2630 3166 2703 [edit.
3196 2632 3351 2686 Rom.
3394 2633 3543 2686 addit
3588 2634 3700 2688 sibi
3748 2637 3873 2688 sub-

2275 2719 2457 2772 veniat
2498 2727 2553 2774 et
2594 2720 2828 2785 miseris,
2859 2720 2990 2795 etc.]
3026 2733 3080 2777 et
3110 2723 3321 2777 miseris
3351 2722 3474 2785 illis,
3504 2739 3647 2793 quos
3687 2740 3789 2793 pro
3816 2740 3873 2779 se

2270 2809 2578 2882 juramento
2599 2813 2939 2867 constrinxit.
2995 2814 3251 2883 Reginam
3281 2812 3532 2868 videlicet
3560 2812 3871 2869 Thentber-

2277 2915 2419 2972 gain,
2444 2901 2727 2972 conjugem
2758 2916 2932 2968 suam,
2959 2900 3114 2970 juxta
3155 2909 3394 2956 tenorem
3426 2900 3872 2971 prtestitisacra—

2278 2991 2442 3045 menti
2469 2999 2726 3056 tractans,
2759 3000 2814 3047 et
2843 3008 2901 3047 se
2929 3009 2957 3046 a
2991 3000 3141 3045 reatu
3174 2991 3292 3047 vice
3325 3007 3422 3046 sua
3454 2991 3766 3061 iurantium
3792 3001 3873 3046 te-

2277 3095 2426 3153 gens,
2455 3083 2631 3137 mittat
2663 3082 2826 3137 etiam
2854 3082 2918 3136 ad
2945 3097 3042 3138 nos
3060 3081 3435 3147 Waldradam,
3465 3091 3525 3137 ut
3553 3095 3654 3152 per
3680 3081 3789 3135 hoc
3814 3088 3871 3135 et

2279 3169 2393 3240 ipse
2437 3186 2682 3226 securam
2724 3172 2791 3227 de
2837 3180 3031 3227 caetero
3075 3172 3238 3225 vitam
3265 3172 3450 3235 ducat,
3477 3179 3532 3226 et
3571 3186 3673 3225 nos
3700 3184 3867 3224 causa

590 3271 702 3310 non
748 3256 892 3313 bene
956 3257 1061 3315 sibi
1122 3258 1439 3327 subreptum
1493 3256 1699 3324 fuisse,
1746 3265 1808 3311 ut
1854 3256 1922 3311 ad
1963 3262 2169 3310 tantum
2199 3253 2243 3315 C
2276 3261 2417 3317 illius
2462 3263 2623 3318 tantis
2669 3263 2897 3318 ulterius
2934 3263 3208 3318 laboribus
3247 3278 3355 3317 non
3399 3262 3719 3318 subdamur.
3749 3260 3869 3315 Non

593 3348 869 3417 piaculum
898 3348 1231 3414 laberentur,
1261 3356 1509 3418 patenter
1538 3356 1854 3420 agnoscant.
1892 3346 2026 3403 Nam
2060 3362 2175 3402 ma-

588 3441 704 3497 lum
726 3443 902 3499 adhuc
942 3443 1206 3507 imminet,
1241 3443 1417 3498 adhuc
1455 3443 1628 3498 foveri
1670 3456 1775 3498 non
1794 3441 1973 3505 desiit,
1998 3440 2175 3496 adhuc

586 3532 858 3590 libertatis
879 3534 1083 3590 aditum
1110 3543 1164 3590 et
1184 3533 1416 3597 licentiae
1437 3544 1646 3604 tempus
1660 3542 1955 3604 exspectat.
1976 3533 2176 3589 Probat

586 3625 699 3681 hoc
716 3624 1045 3692 Waldradte,
1078 3626 1244 3682 etiam
1262 3635 1382 3696 post
1401 3627 1651 3683 adulterii
1674 3627 1946 3697 publicum
1974 3627 2169 3691 scelus,

587 3714 761 3785 gloria
789 3716 1009 3786 vigens:
1034 3724 1199 3786 atque
1229 3717 1426 3787 reginae
1442 3717 1796 3789 Tbeutberga:
1820 3717 2030 3772 dilectae
2054 3716 2176 3769 ﬁlim

586 3818 807 3873 nostrae,
839 3809 1002 3863 etiam
1017 3817 1141 3878 post
1156 3809 1397 3879 praistita
1406 3808 1711 3877 juramenta
1735 3823 1834 3863 nec
1859 3807 2173 3862 ancillarum

587 3899 832 3971 qualitati
867 3908 1143 3971 comquata
1168 3899 1413 3968 dejectio.
1464 3900 1707 3970 Denique
1736 3900 1953 3970 quando
1980 3896 2175 3952 Lotba‘

586 3993 704 4046 rius
758 4007 851 4047 rex
892 4006 1119 4047 uxorem
1164 3992 1277 4047 sibi!
1294 3991 1555 4056 debitam,
1585 4004 1727 4062 stepe
1765 3988 1930 4044 fatam
1966 3988 2182 4044 scilicet

586 4081 1007 4154 Theutbcrgam,
1055 4083 1110 4138 in
1138 4082 1428 4154 praesentia
1471 4082 1623 4138 missi
1660 4082 1831 4137 nostri
1861 4079 2171 4149 resumpsit,

585 4176 893 4241 duodecim,
921 4176 1063 4230 sicut
1086 4176 1333 4242 audistis,
1364 4175 1601 4231 illustres
1625 4174 1850 4230 comites
1866 4172 2172 4243 iuramenta

514 4259 524 4270 ’
584 4282 685 4325 sua
708 4267 824 4322 vice
852 4268 1229 4338 repromittere
1252 4268 1436 4338 jussit,
1461 4283 1520 4323 se
1548 4267 1613 4321 de
1643 4274 1843 4321 caetero
1869 4264 1943 4318 ita
1971 4262 2173 4317 Theot-

585 4362 807 4431 bergam
836 4358 950 4414 fore
977 4368 1313 4414 retenturum
1341 4370 1395 4415 et
1426 4365 1803 4422 tractaturum,
1825 4355 2173 4425 quemadmo-

586 4452 713 4505 dum
741 4444 924 4523 regem
967 4451 1268 4521 legitimam
1290 4449 1569 4521 conjugem
1601 4463 1755 4503 suam
1790 4447 2035 4516 reginam
2082 4458 2168 4497 re-

583 4541 760 4595 tinere
797 4540 1053 4595 convenit
1093 4547 1151 4594 et
1193 4547 1446 4594 tractare.
1482 4539 1589 4595 Sed
1625 4538 1760 4608 prob
1806 4536 1988 4592 dolor!
2019 4540 2170 4588 tanto

583 4646 752 4697 nunc,
794 4632 937 4702 quod
970 4647 1067 4687 vos
1110 4630 1249 4686 forte
1288 4647 1395 4685 non
1428 4631 1580 4695 latet,
1610 4605 1753 4685 lianc
1772 4628 2047 4685 submittit
2071 4642 2170 4697 op-
2201 4605 2248 4663 D

580 4725 823 4795 probrio,
856 4732 1127 4796 tantaeque
1159 4723 1523 4789 detestationi,
1550 4731 1843 4792 tantteque,
1870 4722 2011 4791 quod
2053 4720 2168 4777 solo

583 4816 728 4872 dictu
757 4832 922 4888 grave
947 4828 1052 4884 est,
1082 4818 1274 4889 impia:
1314 4817 1550 4889 subjicit,
1583 4828 1771 4872 utnon
1801 4818 2045 4875 dicamus
2071 4821 2169 4876 ali-

581 4925 744 4979 quem
783 4926 950 4980 penes
972 4912 1151 4966 virum
1181 4909 1296 4984 [pro
1327 4927 1464 4981 pauc
1505 4911 1703 4976 virum,
1742 4911 1941 4984 llum]
1981 4928 2168 4970 neces—

583 5001 797 5056 sitatem
846 5003 1147 5073 patientum
1202 5004 1473 5075 adjuvare,
1520 5019 1710 5060 verum
1762 5020 1859 5060 nec
1898 5004 2025 5069 sibi,
2066 5022 2166 5062 nec

580 5093 815 5162 propriis
859 5102 1020 5164 queat
1063 5093 1401 5150 bomunculis
1447 5096 1667 5149 omnino
1696 5103 1971 5164 prasstare.
2005 5095 2166 5151 Sede

583 5189 773 5235 contra
790 5180 1105 5249 Waldrada,
1133 5185 1367 5248 moecha,
1398 5191 1452 5237 et
1476 5183 1624 5237 omni
1654 5184 2034 5239 communione
2056 5185 2168 5255 pri—

581 5279 731 5329 vata.
760 5271 884 5327 licet
921 5288 951 5327 a
983 5273 1240 5328 Lotbario
1262 5273 1379 5329 solo
1400 5288 1625 5343 corpore
1651 5274 1896 5328 videatur
1921 5275 2162 5341 exclusa,

582 5359 739 5430 cujus
766 5369 942 5416 tamen
967 5363 1118 5418 cordi
1148 5376 1422 5431 nunquam
1445 5362 1630 5417 deesse
1658 5363 1843 5417 multis
1883 5363 2168 5418 exhibetur

581 5450 811 5517 iudiciis,
861 5461 917 5506 et
957 5465 1216 5506 cacumen
1261 5452 1490 5519 regium,
1544 5460 1599 5507 et
1644 5451 1871 5507 nocendi
1906 5454 1991 5507 vel
2014 5454 2167 5524 adju-

580 5540 740 5595 vandi
786 5557 923 5612 quos
963 5538 1075 5594 vult
1128 5540 1491 5596 omnimodam
1544 5542 1753 5597 obtinet
1816 5550 2161 5612 potestatem.

470 5652 481 5661 ·
579 5633 721 5689 Ecce
757 5635 974 5700 fratres,
1015 5634 1280 5703 germina,
1314 5649 1442 5691 ecce
1481 5635 1707 5699 fructus.
1752 5639 1845 5710 qui
1877 5639 1943 5695 de
1964 5639 2186 5696 Thcut--

580 5726 759 5796 gualdi
804 5734 859 5780 et
902 5725 1186 5781 Guntharii
1222 5724 1370 5794 jacto
1416 5730 1622 5783 semine
1665 5738 1792 5783 sunt
1835 5732 2034 5787 exorti.
2094 5732 2164 5787 De

583 5816 776 5890 quibus
806 5826 982 5873 tamen
1014 5818 1056 5873 si
1083 5818 1399 5875 fraternitas
1419 5826 1598 5875 vestra
1640 5822 1910 5877 veraciter
1934 5838 1995 5878 ac
2025 5823 2165 5878 utili-

2276 3354 2419 3409 enim
2443 3353 2647 3423 justum
2674 3362 2777 3419 est,
2817 3362 2876 3408 ut
2905 3354 3137 3425 legitima
3175 3362 3377 3408 tantam
3406 3353 3546 3423 apud
3576 3354 3760 3421 ipsum
3790 3354 3868 3406 in-

2276 3444 2710 3500 commoditatem
2741 3460 2804 3498 ac
2826 3444 3232 3501 dehonestatem
3256 3444 3508 3514 patiatur,
3534 3450 3597 3495 et
3617 3442 3692 3496 ab
3714 3441 3866 3495 adul-

2278 3545 2393 3592 tera
2424 3534 2593 3602 gloria
2632 3534 2908 3605 dignitatis
2953 3534 3069 3603 cjus
3096 3532 3446 3602 subripiatur.
3473 3530 3634 3596 Quod
3667 3531 3717 3584 si
3770 3545 3863 3583 rex

2275 3623 2565 3679 Lotharius
2590 3623 2662 3678 ita
2707 3624 2822 3679 ﬁeri
2848 3626 3089 3694 denegat,
3121 3632 3173 3676 et
3197 3637 3255 3677 se
3278 3621 3546 3676 veraciter
3580 3619 3779 3672 audire
3801 3633 3864 3673 ac

2274 3715 2536 3784 perlicere
2579 3714 2716 3768 velle
2761 3715 2961 3768 monita
3002 3721 3185 3767 nostra
3227 3712 3465 3775 fatetur,
3508 3711 3865 3807 quemadmo-

2276 3808 2404 3864 dum
2434 3811 2588 3865 nobis
2616 3808 2843 3863 dilectus
2871 3807 3010 3861 ﬁlius
3033 3814 3214 3860 noster
3233 3803 3542 3858 Ludovicus
3568 3801 3667 3856 re:
3692 3801 3865 3871 incly-

2277 3908 2363 3953 tus
2401 3914 2465 3954 cx
2506 3899 2673 3970 ipsius
2705 3898 3006 3952 assertione
3048 3894 3386 3965 significavit,
3430 3906 3751 3962 quazsumus
3786 3892 3865 3943 iu~

2278 3997 2581 4061 terrogetur
2603 3990 2685 4043 vel
2711 4004 2742 4042 a
2776 3988 2946 4049 vobis,
2980 3987 3063 4040 vel
3084 3986 3261 4040 studio
3280 3992 3475 4039 vestra:
3496 3982 3866 4052 suggestionis

2278 4095 2307 4134 a
2338 4080 2451 4151 jam
2482 4077 2593 4133 lato
2623 4079 2710 4147 pio
2741 4091 2888 4149 rege,
2934 4091 3101 4145 quare
3127 4075 3287 4129 nobis
3322 4072 3595 4136 scribens,
3628 4071 3713 4124 vel
3742 4070 3863 4123 aliis

2277 4171 2637 4236 satisfaciens,
2684 4170 2824 4224 sicut
2866 4168 3067 4223 indicat
3111 4168 3178 4221 de
3198 4165 3512 4228 Waldrada,
3553 4163 3700 4233 quod
3742 4170 3860 4231 post

2278 4262 2423 4316 missi
2452 4260 2620 4314 nostri
2650 4259 3010 4314 reversionem
3038 4272 3142 4310 non
3174 4256 3240 4310 ad
3288 4270 3406 4310 eam
3437 4253 3762 4315 accesserit,
3790 4254 3858 4306 ita

2275 4368 2380 4409 non
2413 4353 2613 4407 indicat
2641 4350 2706 4406 de
2742 4349 2969 4421 conjuge
3010 4365 3105 4403 sua
3146 4347 3508 4412 Theutberga,
3549 4346 3699 4416 quod
3740 4359 3859 4399 eam

2275 4445 2566 4501 secundum
2594 4444 2841 4498 datorum
2873 4450 3055 4496 tenore
3074 4443 3503 4510 juramentorum
3548 4446 3752 4492 tractet
3779 4444 3859 4490 at-

2273 4550 2378 4606 que
2414 4535 2665 4590 retineat.
2698 4532 2809 4587 Nisi
2853 4533 2982 4603 quia
3029 4548 3134 4586 non
3185 4531 3349 4585 habet
3389 4529 3534 4583 unde
3571 4529 3858 4600 glorietur,

2274 4641 2373 4680 nec
2411 4627 2525 4696 agit
2567 4625 2647 4680 sic
2682 4640 2807 4695 erga
2837 4638 2981 4689 eam,
3009 4634 3067 4677 ut
3093 4624 3249 4678 nobis
3274 4623 3326 4676 id
3359 4622 3629 4676 veraciter
3655 4620 3860 4675 referre

2273 4716 2463 4786 possit,
2487 4724 2542 4770 et
2561 4715 2854 4784 gratiarum
2885 4728 2915 4767 a
2942 4714 3096 4767 nobis
3124 4713 3247 4767 inde
3272 4711 3531 4781 perﬁcere
3558 4711 3737 4763 valeat
3766 4726 3858 4764 ac-

2275 4805 2450 4860 tiones
2481 4822 2493 4858 :
2528 4806 2653 4859 dum
2705 4819 2811 4858 non
2844 4803 3015 4857 solum
3052 4803 3140 4855 illa
3178 4802 3321 4856 nulla
3348 4801 3715 4855 muniﬁcentia
3744 4801 3861 4870 ipso

2273 4896 2532 4967 largiente
2570 4896 2792 4965 potitur,
2829 4910 3014 4950 verum
3054 4895 3216 4947 etiam
3251 4893 3502 4947 omnibus
3551 4892 3860 4960 opprobriis

2272 4999 2327 5043 et
2370 4998 2607 5060 egestate
2651 5003 2857 5042 summa
2904 4986 3149 5041 tabescit.
3194 4985 3415 5040 Dicatur
3450 4997 3579 5054 ergo
3613 4984 3666 5038 ei
3711 4999 3740 5037 a
3773 4985 3861 5053 pio

2274 5079 2535 5149 principe,
2558 5077 2644 5131 vel
2672 5093 2699 5129 a
2718 5087 2896 5131 vestra
2928 5075 3243 5130 sacerdotali
3259 5076 3549 5128 suadentur
3569 5073 3859 5135 industria,

2274 5178 2334 5224 ut
2356 5166 2567 5239 quando
2594 5167 2747 5221 nobis
2776 5166 2962 5230 mittit,
2979 5167 3043 5219 ad
3067 5165 3410 5219 Waldradam
3435 5178 3493 5218 se
3516 5178 3861 5233 nequaquam

2275 5270 2461 5315 contra
2491 5260 2832 5314 interdictum
2862 5269 3106 5313 nostrum
3146 5257 3424 5320 accedere,
3476 5255 3660 5309 mittat
3696 5255 3865 5309 etiam

2275 5356 2418 5426 quod
2458 5366 2512 5409 et
2537 5354 2932 5424 Theutbergam
2974 5368 3193 5407 uxorem
3239 5367 3393 5407 suam
3435 5350 3587 5419 juxta
3620 5354 3867 5420 praestita

2271 5445 2572 5516 iuramenta
2613 5444 2845 5515 benigne
2879 5452 3095 5508 tractet,
3131 5452 3186 5497 et
3227 5443 3522 5498 secundum
3548 5443 3757 5510 regiam
3786 5443 3871 5495 ὥς

2272 5540 2528 5611 gnitatem
2557 5538 2787 5594 retineat
2817 5554 2832 5592 :
2861 5537 2934 5590 ita
2966 5536 3226 5590 duntaxat
3256 5544 3338 5599 ut,
3377 5535 3520 5604 quod
3552 5534 3738 5593 mittit,
3775 5550 3870 5588 ve-

2276 5632 2434 5686 ritate
2463 5629 2635 5685 fulciri
2666 5629 2787 5682 aliis
2832 5628 2995 5681 etiam
3027 5626 3408 5681 attestantibus
3447 5638 3867 5697 c0gnoscamns.

2274 5727 2513 5795 Denique
2564 5724 2778 5794 quando
2835 5723 2923 5776 illa
2993 5720 3203 5790 repulsa
3258 5720 3373 5790 ipse
3426 5734 3517 5774 rex
3572 5718 3869 5772 LothaI-ins

2275 5818 2667 5888 Theutbergam
2696 5829 2923 5870 uxorem
2945 5828 3097 5868 suam
3121 5811 3356 5878 reduxit,
3384 5808 3666 5867 dilliuitum
3694 5806 3867 5863 fuisse
