4060 6338
321 328 348 389 1
364 324 460 388 Πδ

1493 326 1852 387 ΕΡΙΒΤΟΙΛΕ
1893 330 1981 385 ΕΤ
2022 322 2362 387 DECRETA.

3416 331 3557 388 H74

309 450 541 512 constat,
571 457 630 502 ut
667 431 851 502 eadem
892 445 1180 500 Waldrada
1211 445 1265 499 in
1308 444 1514 498 ltaliam
1557 445 1883 509 mitteretur,
1914 453 1959 504 Α
1987 443 2286 499 Gunthario
2319 460 2382 500 ea
2417 461 2522 517 qua
2566 458 2663 501 vos
2704 444 2861 500 nubis
2907 444 3187 501 atl'ectione
3230 444 3551 515 scripsisse,

310 549 579 608 quatenus
610 548 789 592 utrum
821 537 1043 591 Romam
1076 551 1243 591 necne
1283 536 1563 604 pervenire
1591 536 1881 600 debuisset,

309 637 510 684 nostrae
542 643 787 683 censum
825 628 1044 683 decreto
1073 626 1472 694 praestolaretur
1500 626 1620 698 ιρι..
1650 627 1885 697 postula-

308 723 481 780 retur,
513 716 736 788 "Mllle
770 717 844 770 De
865 715 949 771 his
973 716 1169 786 quippe
1184 710 1457 785 personis,
1480 731 1706 785 quarum
1730 716 1886 771 sedes

203 805 227 819 ⁸
308 806 600 876 apostolica
635 807 941 876 specialiter
976 807 1193 860 inchoat
1239 805 1444 875 agitare
1483 805 1774 873 negotium,
1806 806 1883 860 si-

308 897 420 950 cuti
450 911 549 949 nos
572 894 811 950 Lotharii
841 905 896 950 et
931 895 1283 964 Theuthcrgze
1312 909 1515 963 regum,
1550 904 1712 962 atque
1733 891 1885 946 Wal-

307 986 489 1040 dradze
511 985 714 1055 pellicis
732 987 955 1055 exsequi
982 984 1401 1039 controversiam
1426 984 1710 1053 coepimus,
1750 982 1883 1036 nulli

305 1074 393 1131 fas
434 1087 518 1132 est
563 1077 653 1131 alii
698 1076 782 1130 vel
812 1088 1107 1135 removere.
1147 1074 1232 1128 vel
1273 1074 1471 1143 aliquid
1496 1071 1742 1138 diilinire,
1779 1072 1887 1127 nisi

306 1164 449 1222 forte
493 1167 580 1221 cui
641 1166 755 1236 ipsa
815 1164 1151 1236 praiceperit.
1183 1162 1473 1218 Waldrada
1517 1177 1669 1233 ergo,
1720 1177 1882 1231 quam

306 1260 509 1315 nostris
546 1251 872 1324 hor‘tatihns,
915 1261 1222 1329 nostrisque
1260 1259 1511 1320 decretis,
1562 1272 1591 1311 a
1638 1256 1883 1311 Lotharii

305 1356 518 1402 constat
543 1358 805 1402 remotam
836 1364 957 1404 esse
994 1348 1272 1409 lateribus,
1302 1347 1502 1402 nostris
1523 1361 1734 1416 quoque
1762 1361 1885 1417 spe-

304 1438 515 1494 cialiter
538 1440 716 1505 debet,
743 1441 809 1494 ad
833 1454 1125 1509 congruam
1156 1437 1408 1493 Ecclesiae
1430 1452 1593 1506 quam
1623 1437 1769 1499 laesit,
1788 1452 1885 1492 sa-

306 1527 685 1595 tisfactionem,
713 1528 1207 1597 submittijudiciis.
1238 1527 1391 1594 Quod
1417 1527 1652 1596 quandiu
1683 1525 1885 1581 Lotba-u

301 1622 417 1679 rius
439 1638 545 1677 non
573 1622 765 1692 egerit,
794 1622 951 1677 sicuti
978 1636 1077 1675 nec
1112 1620 1268 1675 nobis
1292 1619 1528 1687 requies,
1556 1626 1655 1673 nec
1684 1617 1883 1674 Theut-

300 1712 479 1783 bergte
533 1713 818 1776 securitas,
854 1713 936 1767 sic
978 1725 1077 1765 ncc
1123 1710 1224 1779 ipsi
1268 1710 1466 1780 poterit
1505 1715 1617 1763 tuta
1645 1724 1749 1778 pax
1785 1717 1883 1763 aut

298 1799 478 1871 aliqua
510 1802 687 1857 inesse
715 1802 907 1857 salutis
942 1801 1160 1856 fiducia.
1206 1800 1382 1855 Tanto
1408 1800 1572 1872 igitur
1604 1798 1884 1857 sollicitius

297 1892 379 1962 ad.
415 1892 804 1947 correctionem
847 1892 990 1945 illius
1031 1904 1251 1961 operam
1296 1892 1458 1957 date,
1499 1900 1754 1962 tantoque
1795 1892 1883 1947 in-

300 1986 532 2040 stantius
574 1999 680 2039 non
715 1984 886 2040 solum
931 1983 1100 2047 illum,
1140 1992 1201 2038 ut
1243 1983 1297 2038 in
1334 1983 1419 2039 his
1447 1983 1601 2040 nobis
1644 1984 1885 2051 obediat,

298 2075 611 2141 admonete,
634 2091 830 2131 verum
858 2075 1022 2129 etiam
1051 2084 1105 2129 et
1133 2074 1388 2129 dilectum
1437 2074 1607 2129 illium
1639 2084 1885 2130 nostrum

294 2162 626 2221 Ludovicum
669 2165 1178 2220 excellentissimum
1219 2178 1397 2235 regem
1423 2205 1439 2231 ,
1487 2180 1596 2236 quo
1639 2182 1763 2222 eum
1812 2166 1883 2220 ad

298 2255 559 2312 audienda
584 2265 764 2312 nostra
791 2256 991 2311 monita
1016 2268 1230 2324 semper
1256 2255 1463 2321 incitet,
1495 2256 1877 2322 cohortamini,

297 2356 500 2415 quanto
546 2348 803 2401 attentius
847 2348 1024 2418 legitis
1061 2364 1076 2399 :
1110 2346 1247 2412 Quia
1300 2348 1659 2417 quitconuerti
1702 2348 1881 2417 fecerit

294 2427 613 2507 peccatore":
644 2438 707 2491 ab
735 2454 911 2492 errore
940 2439 1036 2492 vita
1058 2454 1189 2503 iure,
1213 2437 1451 2492 liberabit
1471 2441 1704 2494 animum
1729 2457 1881 2494 suam

296 2543 330 2581 tt
351 2538 534 2589 morte.
560 2537 609 2581 et
636 2528 827 2598 aperiet
852 2526 1237 2582 multitudinem
1257 2513 1587 2599 peccatoi'um
1615 2527 1759 2599 (lac.
1799 2527 1880 2599 v).

296 2613 415 2672 Non
453 2617 625 2671 solum
664 2626 843 2671 autem
890 2617 1016 2671 hinc
1073 2616 1366 2688 gloriosum
1408 2633 1588 2689 regem
1637 2626 1879 2672 vestrum

298 2709 464 2773 adite,
508 2723 697 2763 verum
736 2709 901 2763 etiam
942 2709 1247 2779 specialiter
1274 2709 1657 2779 deprecamini,
1687 2718 1746 2763 ut
1780 2709 1880 2764 ad-

297 2809 514 2857 moneat
537 2810 594 2857 et
620 2803 846 2856 suadeat
862 2801 1038 2857 cidem
1066 2802 1343 2868 Lothario,
1362 2812 1628 2873 quatenus
1649 2802 1881 2857 Romam

297 2909 404 2949 non
429 2895 532 2949 nisi
552 2903 845 2965 purgatus,
894 2902 951 2949 et
978 2894 1193 2964 quando
1231 2910 1328 2952 nos
1362 2894 1731 2956 annuerimus,
1785 2909 1877 2949 ve-

296 2985 417 3039 nire
460 2994 771 3052 praesumat.
809 2983 943 3038 Nam
989 2984 1092 3038 nisi
1138 2985 1291 3039 nobis
1320 2985 1582 3039 obediens
1617 2983 1877 3054 suspicio-

1988 534 2075 588 cui
2104 534 2226 603 quia
2257 550 2418 606 super
2465 540 2570 591 hoc
2610 535 2760 590 brevi
2806 535 3010 605 scripto
3047 535 3461 605 respondimus,
3507 535 3557 590 si

1986 625 2198 694 plenius
2225 642 2383 681 nosse
2411 627 2607 697 placet,
2636 641 2757 697 quae
2779 627 2846 680 de
2876 626 2982 682 illis
3024 626 3096 681 sit
3131 641 3297 696 penes
3324 642 3424 682 nos
3448 625 3555 682 ﬁxa

1985 718 2253 771 sententia
2274 756 2290 783 ,
2315 716 2633 773 industriam
2664 717 2781 785 ejus
2810 717 2875 771 ad
2904 714 3062 784 hujus
3103 713 3358 784 epistolas,
3390 728 3554 786 quam
3626 762 3643 773 .
3706 716 3721 739 ⁸

1982 802 2303 861 fraternitati
2343 818 2538 863 vesme
2564 807 2970 869 destinavimus,
3013 815 3252 860 tenorem
3301 815 3554 860 scrutan-

1984 893 2108 949 dum
2131 895 2446 953 direximus.
2462 897 2821 965 Quamobrem
2843 908 2967 967 agat
2980 896 3549 959 sanctimonia'vestra,

1983 993 2043 1039 ut
2082 986 2250 1056 ipsius
2293 988 2400 1057 piis
2440 990 2507 1044 ad
2558 989 2840 1060 legendum
2888 988 3163 1044 obtutibus
3208 1003 3329 1043 cum
3376 987 3555 1043 debita

1982 1076 2307 1143 reverentia,
2345 1076 2440 1132 seu
2468 1076 2633 1133 celeri
2664 1077 2940 1148 diligentia
2979 1076 3272 1133 deferatur.
3300 1075 3469 1131 Porro
3505 1075 3563 1130 si.

1982 1163 2147 1235 aliqui
2190 1165 2421 1222 fortasse
2466 1173 2612 1232 sunt,
2651 1166 2741 1237 qui
2782 1166 2963 1221 dicant
3006 1165 3228 1221 liberam
3255 1179 3375 1242 esse
3405 1163 3559 1218 Wal-r

1960 1254 2240 1320 adradam,
2290 1264 2345 1311 et
2379 1257 2499 1311 ideo
2543 1257 2649 1313 huc
2691 1255 3067 1327 proficiscendi
3115 1256 3163 1310 ei
3205 1270 3311 1310 non
3363 1255 3556 1311 debeat

1981 1344 2182 1414 imponi
2210 1340 2541 1413 necessitas;
2574 1347 2826 1405 noverint
2869 1361 2972 1401 non
3012 1361 3134 1402 esse
3161 1345 3408 1408 liberam,
3433 1359 3555 1413 qua:

1982 1449 2013 1488 a
2042 1444 2267 1505 peccato
2310 1446 2584 1505 superata,
2629 1437 2798 1505 ipsius
2842 1444 2898 1491 et
2938 1435 3132 1491 ancilla
3180 1434 3391 1490 addicta
3426 1441 3550 1490 est:

1979 1524 2143 1581 Petro
2172 1527 2384 1584 dicente
2425 1528 2666 1599 apostolo
2693 1542 2708 1581 :
2734 1527 2778 1582 Α
2805 1545 2907 1598 quo
2953 1527 3089 1583 enim
3115 1527 3230 1599 quis
3256 1536 3552 1597 superatur,

1981 1615 2097 1686 ejus
2143 1627 2207 1672 et-
2239 1633 2417 1672 cerrus
2462 1619 2705 1673 addictus
2742 1628 2817 1693 est
2862 1618 2913 1688 (f
2960 1616 3106 1673 Pctr.
3138 1617 3230 1687 tt),
3268 1625 3325 1673 et
3368 1631 3555 1672 rursus

1984 1704 2110 1761 alibi
2143 1724 2159 1761 :
2193 1706 2298 1774 Qui
2341 1708 2466 1778 facit
2508 1720 2796 1779 peccatum,
2838 1726 3016 1765 servus
3044 1719 3118 1764 est
3146 1709 3342 1780 peccati
3370 1707 3555 1782 (Joan.

1911 1777 2120 1867 thn).
2168 1798 2215 1852 Α
2263 1814 2372 1868 quo
2417 1777 2666 1856 videlicet
2711 1802 2811 1855 ista
2864 1800 3098 1863 nondum
3134 1777 3400 1864 liberata,
3438 1799 3557 1870 ejus

1980 1889 2225 1961 profecto
2251 1892 2428 1948 adhuc
2453 1892 2646 1948 ancilla
2686 1893 2979 1957 credenda,
3010 1908 3077 1949 ac
3102 1906 3200 1964 per
3232 1892 3338 1948 hoc
3371 1902 3556 1948 nostro

1980 1990 2065 2038 est
2084 1980 2290 2050 judicio
2317 1983 2541 2052 speciali
2567 1984 2868 2054 purganda,
2892 1983 3045 2054 cujus
3061 1984 3279 2039 decreto
3301 1982 3558 2052 iniquitas

1979 2068 2100 2138 ejus
2134 2069 2326 2140 agitari
2376 2071 2569 2140 carpit,
2596 2080 2656 2127 et
2688 2072 2906 2128 Christo
2932 2073 3166 2143 propitio
3210 2071 3557 2129 abolitionem

1979 2162 2276 2231 percipere.
2310 2160 2446 2216 Nam
2490 2162 2592 2216 nisi
2648 2161 2794 2217 illam
2829 2163 3064 2219 nondum
3094 2177 3123 2217 a
3153 2162 3381 2218 crimine
3419 2162 3554 2218 libe-

1980 2266 2092 2306 ram
2122 2267 2241 2307 esse
2267 2253 2552 2318 sciremus,
2585 2268 2923 2323 nequaquam
2946 2269 3069 2309 eam
3100 2269 3198 2325 pro
3216 2254 3554 2318 liberatione,

1979 2350 2088 2397 tam
2116 2359 2210 2398 sua
2239 2356 2409 2414 quam.
2435 2344 2706 2401 fautorum
2734 2345 2871 2416 ejus,
2894 2347 2950 2401 in
2970 2346 3176 2401 italiam
3205 2348 3392 2403 venire
3420 2363 3552 2416 quo-

1979 2434 2248 2502 quomodo
2297 2433 2602 2490 faceremus
2630 2452 2644 2488 :
2677 2435 2805 2493 licet
2842 2451 2961 2492 eam
2988 2451 3085 2507 per
3113 2437 3391 2492 ministros
3431 2452 3553 2493 suos

1978 2534 2185 2595 postea,
2217 2541 2286 2581 ne
2317 2527 2419 2580 huc
2450 2527 2774 2596 perveniret,
2806 2526 3037 2583 Satanas
3083 2528 3406 2598 impedierit.
3435 2529 3552 2584 Jam

1976 2630 2137 2680 vero,
2174 2619 2218 2672 si
2244 2617 2390 2686 jussa
2420 2624 2603 2673 nostra
2634 2618 2716 2674 vel
2743 2620 3052 2675 sanctiones
3076 2619 3401 2691 impleverit,
3431 2621 3552 2674 idco

1978 2722 2036 2762 se
2068 2717 2222 2778 putat
2262 2708 2543 2772 ancillam;
2574 2723 2705 2779 ergo
2742 2709 3033 2765 Lotbarius
3082 2725 3172 2766 rex
3222 2724 3410 2765 servus
3450 2711 3551 2764 dici

1978 2798 2160 2862 debet,
2207 2800 2298 2870 qui
2342 2809 2619 2870 utcunque
2651 2809 2832 2856 nostra
2874 2800 3066 2857 fecisse
3100 2802 3347 2858 mandata
3372 2802 3532 2873 digno

1978 2894 2181 2958 scitur;
2211 2907 2342 2965 ergo
2374 2893 2475 2949 ista
2505 2902 2756 2950 teneatur
2792 2910 2891 2964 pro
2933 2894 3171 2960 domina,
3209 2911 3329 2963 qua:
3370 2897 3544 2952 inube-

1978 2980 2130 3040 diens
2153 2995 2450 3055 permanet.
2474 2994 2524 3040 et
2555 2985 2861 3041 dominetur
2882 2984 3158 3049 Lothario,
3176 2986 3265 3054 qui
3287 2994 3550 3049 utcuncne

296 3092 424 3131 num
448 3085 503 3131 et
523 3077 676 3131 malae
704 3076 859 3132 fama:
882 3077 1070 3132 sordes
1090 3076 1294 3132 diluere
1315 3077 1550 3146 primum
1578 3077 1871 3138 curaverit.
1902 3112 1949 3174 Ο
1979 3075 2182 3129 nostris
2202 3076 2407 3129 studuit
2427 3076 2647 3130 obedire
2666 3076 2921 3137 decretis.
2945 3076 3086 3145 quod
3111 3077 3551 3132 absurdissimum

294 3168 474 3222 videat
501 3182 569 3222 ne
595 3166 736 3222 forte
765 3167 1095 3237 leprosornm
1128 3183 1276 3222 more
1309 3168 1373 3221 dc
1412 3169 1605 3222 castris
1636 3166 1873 3221 Domini-

293 3258 375 3312 cis
416 3272 536 3310 cum
579 3258 813 3312 maxima
838 3250 1152 3313 coiifusione
1176 3258 1422 3328 pellatur.
1445 3257 1725 3325 Quomodo
1751 3272 1875 3312 vero

295 3347 438 3417 ipsas
467 3349 633 3418 possit
656 3363 860 3417 ponere
897 3348 1108 3414 sordes,
1133 3349 1371 3404 breviter
1397 3351 1708 3403 intimamus
1741 3368 1754 3401 :
1797 3350 1874 3404 vis

294 3437 505 3501 delicet,
535 3438 577 3492 si
615 3438 1011 3507 Theulbergam
1040 3452 1263 3493 uxorem
1283 3454 1436 3494 suam
1461 3437 1613 3507 juxta
1635 3440 1872 3509 praestita

290 3524 597 3596 iuramenta
627 3526 858 3597 benigne
888 3535 1103 3589 tractet,
1139 3537 1195 3581 et
1220 3528 1513 3583 secundum
1553 3528 1755 3598 regiam
1789 3528 1871 3582 di-

291 3617 549 3686 gnitatem
580 3615 832 3680 retineat,
859 3616 1319 3686 Waldradamque
1348 3616 1416 3671 ad
1442 3632 1540 3672 nos
1571 3618 1874 3673 accelerare

293 3704 602 3774 compellat,
637 3713 799 3774 atque
830 3706 883 3759 in
928 3704 1168 3774 praefatis
1190 3704 1463 3765 Ecclesiis.
1494 3705 1682 3760 ordine
1710 3721 1873 3776 quem

291 3796 341 3851 ei
381 3796 726 3862 dietavimus,
767 3799 1039 3853 antistites
1076 3786 1331 3852 ordinare
1386 3798 1683 3868 permittat.
1735 3798 1869 3854 Nam

291 3886 528 3955 quandiu
575 3886 923 3942 Waldradam
984 3888 1063 3942 sic
1113 3901 1333 3942 manere
1377 3887 1678 3952 dimiserit,
1733 3888 1874 3944 sicut

291 3977 540 4032 omnibus
563 3977 749 4047 liquet,
776 3979 1279 4050 Theutbergamque
1300 3993 1400 4034 nec
1416 3978 1565 4050 regio
1586 3978 1752 4043 cultu,
1770 3995 1877 4036 nec

292 4064 557 4137 coniugali
573 4067 860 4124 dilectione
875 4070 1209 4132 tractaverit,
1236 4070 1471 4138 quandiu
1485 4070 1648 4125 etiam
1674 4070 1871 4125 'l‘hent-

291 4155 541 4226 gnaldum
572 4156 657 4212 vel
686 4156 1045 4215 Guntharium
1086 4158 1342 4213 ecclesias
1369 4158 1564 4213 dudum
1606 4158 1706 4213 sibi
1745 4174 1866 4213 cum

291 4248 592 4304 sacerdotio
618 4249 826 4305 ablatas
853 4250 1095 4305 obtinere
1109 4250 1417 4320 permiserit
1437 4259 1749 4319 occupatas,
1768 4266 1867 4307 nec

288 4353 320 4404 a
334 4338 479 4409 lepra
492 4340 652 4395 inusti
669 4342 930 4405 criminis,
947 4357 1047 4396 nec
1060 4358 1088 4395 a
1105 4341 1584 4411 sordibuspessimi
1601 4341 1864 4407 odoris,id

1978 3175 2080 3227 est,
2111 3174 2167 3220 et
2191 3167 2413 3221 omnino
2445 3165 2756 3220 nefandum.
2803 3165 3003 3222 Verum
3047 3167 3091 3222 si
3140 3176 3297 3222 tanta
3317 3184 3409 3223 rex
3447 3168 3524 3222 Lo

1975 3258 2184 3312 tbarins
2234 3258 2534 3312 intentione
2579 3256 2928 3313 Waldradam
2977 3259 3235 3315 voluisset
3285 3258 3551 3313 "aeoliam

1975 3347 2040 3399 ad
2083 3360 2180 3401 nos
2218 3346 2474 3412 mittere,
2529 3348 2596 3402 ad
2646 3345 2765 3416 ejus
2810 3348 3021 3405 scilicet
3072 3364 3101 3403 a
3148 3348 3302 3405 nobis
3332 3362 3550 3404 causam

1975 3434 2209 3502 legitime
2231 3422 2612 3502 deliniendam,
2637 3446 2840 3507 quanta
2860 3439 3035 3494 voluit
3049 3438 3340 3507 legitimam
3359 3439 3536 3493 Thent

1975 3511 2188 3596 Ilergam
2226 3528 2497 3582 destinare
2531 3526 2849 3597 coniugem,
2879 3529 2947 3583 ad
2976 3527 3110 3581 falsa
3139 3536 3325 3583 contra
3363 3542 3424 3583 se
3457 3544 3547 3583 cx-

1973 3623 2112 3670 torta
2164 3616 2371 3671 scelera
2431 3614 2784 3686 meerenda;
2839 3615 2979 3671 forte
3034 3614 3146 3683 jam
3210 3615 3366 3671 nobis
3418 3630 3543 3685 qua-

1972 3706 2253 3778 iiscunqne
2281 3723 2384 3779 pax
2413 3707 2495 3763 vel
2524 3707 2734 3762 reddita
2778 3708 2994 3775 requies
3039 3708 3345 3763 haberetur.
3374 3708 3547 3779 Atque

1972 3796 2177 3851 utinam
2223 3797 2303 3852 sic
2355 3797 2571 3851 studeat
2624 3795 2970 3851 Waldradam
3020 3798 3087 3851 ad
3127 3813 3223 3851 nos
3252 3798 3546 3863 destinare,

1971 3898 2090 3954 qua:
2116 3885 2280 3940 habet
2308 3887 2376 3940 de
2402 3884 2607 3947 scelere
2634 3901 2733 3940 suo
2764 3887 2907 3956 quod
2931 3886 3148 3954 pandat,
3168 3886 3329 3942 sicuti
3359 3888 3532 3956 gestie

1969 3977 2061 4031 bat
2084 3978 2325 4048 reginam
2350 3978 2771 4047 Theuthergam,
2793 3993 2912 4048 qua:
2932 3993 3038 4034 non
3069 3978 3288 4047 quidem
3316 3979 3544 4035 habebat

1970 4070 2112 4136 quod
2145 4070 2214 4124 de
2246 4068 2474 4124 crimine
2500 4070 2799 4138 panderet,
2828 4070 2923 4124 sed
2949 4070 3091 4137 quod
3122 4070 3189 4124 de
3214 4069 3467 4125 violentia
3496 4082 3544 4123 et

1963 4157 2076 4226 jugi
2133 4173 2291 4228 poena
2349 4157 2495 4211 illata
2544 4157 2649 4213 sibi
2702 4156 3072 4226 multipliciter
3120 4166 3443 4224 enarraret,
3495 4167 3544 4213 ct

1967 4264 2129 4317 quam
2178 4246 2396 4316 injustis
2444 4247 2640 4311 minis,
2685 4255 2746 4303 ut
2790 4255 2974 4303 contra
3005 4263 3064 4303 se
3102 4247 3295 4302 falsum
3342 4247 3544 4301 crimen

1967 4354 2150 4394 coram
2196 4339 2362 4394 nobis
2401 4338 2782 4408 depromeret,
2827 4338 3119 4393 multifaria
3173 4337 3544 4408 compellebat.

288 4437 393 4493 est,
438 4429 591 4485 malae
620 4432 917 4501 opinionis,
953 4432 1037 4486 vel
1064 4432 1404 4503 suspicionis,
1441 4432 1578 4486 liber
1605 4447 1728 4488 esse
1772 4449 1863 4503 po-
1887 4460 1939 4519 Β
1968 4428 2229 4499 Optamus
2258 4427 2653 4483 fraternitatem
2681 4436 2917 4484 vestram
2965 4428 3019 4482 in
3057 4427 3274 4482 Christo
3305 4443 3449 4482 nunc
3492 4436 3545 4481 et

288 4518 415 4573 sarit
435 4560 449 4584 ,
481 4535 582 4574 nec
610 4521 759 4589 puris
787 4521 1068 4576 ecclesiam
1099 4524 1375 4593 gressibus
1402 4522 1606 4579 intrare
1640 4524 1858 4593 valebit,

289 4624 391 4665 nec
415 4611 787 4667 sacerdotibus
814 4612 1017 4666 Christi
1051 4613 1214 4667 libera
1243 4628 1366 4668 cum
1394 4614 1477 4668 vel
1522 4630 1709 4669 secura
1747 4626 1862 4671 tan-

289 4697 481 4765 gendi,
524 4696 607 4753 vel
654 4698 796 4752 intra
841 4709 1020 4779 castra
1061 4701 1349 4770 recipiendi
1401 4702 1645 4771 profecto
1690 4707 1866 4777 quibit
1961 4721 1967 4726 ‘

288 4802 406 4842 esse
429 4786 677 4843 facultas.
717 4790 860 4861 Ergo
887 4789 1129 4847 laborate
1170 4792 1224 4847 in
1269 4793 1370 4850 hoc
1400 4798 1699 4861 nobiseum,
1733 4800 1863 4854 cha-

288 4877 508 4941 rissimi,
542 4878 813 4937 decertate
852 4881 1069 4951 pariter,
1122 4883 1318 4938 fratres
1347 4902 1359 4936 :
1391 4886 1514 4954 quia
1544 4888 1684 4942 sicut
1712 4888 1864 4945 labor

287 4975 370 5022 est
419 4969 695 5040 multiplex
744 4972 796 5024 in
846 4974 1004 5027 terris
1033 5015 1046 5037 ,
1088 4974 1159 5028 ita
1210 4992 1309 5030 nos
1377 4992 1588 5033 merces
1640 4981 1857 5049 copiosa

286 5060 529 5116 manebit
560 5060 611 5113 in
641 5062 810 5116 caelis.
858 5061 967 5118 Nec
1013 5064 1232 5118 dubium
1275 5075 1359 5119 est
1423 5062 1579 5120 hunc
1606 5065 1859 5133 juvenem

286 5150 545 5221 plurimos
574 5152 775 5207 habere
806 5169 949 5208 nunc
976 5170 1072 5224 pro
1092 5170 1187 5208 sua
1213 5156 1447 5224 potentia
1472 5157 1556 5211 vel
1579 5158 1856 5214 dominatu

286 5240 388 5297 sibi
432 5242 831 5297 consentientes
884 5262 895 5296 :
939 5244 1007 5297 de
1054 5260 1280 5314 quorum
1330 5246 1570 5300 omnium
1617 5248 1859 5315 profecto

286 5332 637 5387 conversione
678 5349 741 5388 ac
792 5333 963 5388 salute
1009 5350 1199 5415 omnes
1244 5337 1401 5390 simul
1445 5336 1766 5403 laetabimur,
1812 5342 1857 5395 si

286 5418 477 5475 horum
507 5424 774 5493 princeps,
804 5426 897 5479 Dei
931 5427 1102 5497 gratia
1134 5432 1527 5496 prreveniente,
1554 5433 1854 5486 communi-

286 5510 385 5567 bus
407 5516 604 5569 nostris
625 5518 911 5573 sudoribus
958 5518 1246 5588 perfectius
1284 5522 1682 5577 emundahitur.
1714 5523 1858 5578 Prae-

288 5608 433 5657 terea
468 5607 679 5662 noverit
705 5610 967 5665 sanctitas
997 5620 1211 5677 vestra,
1235 5612 1344 5681 jam
1387 5622 1743 5669 memoratum
1772 5630 1859 5671 su-

290 5689 662 5753 blimissimum
713 5712 893 5767 regem
945 5712 1181 5760 vestrum
1243 5720 1340 5772 pro
1386 5704 1751 5774 Theutgualdo
1800 5713 1855 5760 ct

1964 4532 2175 4588 semper
2202 4518 2339 4574 bene
2365 4518 2565 4578 valere.
2615 4518 2753 4578 Data
2802 4517 2973 4593 pridie
3004 4517 3270 4578 Kalendas
3310 4515 3543 4578 NOVCS‘:

1961 4611 2096 4681 bris,
2129 4610 2427 4669 indictione
2454 4629 2493 4669 ι.

2675 4723 2851 4780 CLVI.

2277 4853 2343 4891 AD
2378 4853 2679 4894 ιυυογιευκ
2710 4850 2885 4891 REGE!
2923 4849 3226 4890 GERMANIE.

2578 4925 2754 4994 (Anno
2786 4925 2934 4993 867.)
3010 4998 3013 5005 η

1969 5035 2421 5111 Conqueriturde
2460 5036 2731 5111 Lgthurio,
2780 5039 2922 5111 quod
2954 5037 3083 5091 nihil
3109 5056 3286 5111 eorum
3333 5034 3541 5111 pra'slrt

2038 5104 2153 5177 qum
2180 5106 2437 5177 promisit.
2494 5104 2736 5160 Prohibet
2776 5104 2837 5159 ne
2882 5106 3097 5161 Romam
3143 5104 3341 5171 veniat,
3375 5111 3525 5177 prius

1980 5208 1983 5211 -
2036 5176 2603 5247 qurnnAWaldradant,
2645 5188 2698 5229 ut
2736 5178 2917 5247 jussus
2973 5189 3071 5239 est,
3112 5195 3171 5247 eo
3217 5176 3428 5247 dirigat,
3490 5188 3538 5232 et

2000 5288 2005 5294 .
2042 5245 2415 5316 Tlieutbergam
2444 5256 2625 5299 tractet
2654 5258 2708 5298 ut
2735 5245 2985 5316 reginam,
3038 5257 3085 5300 et
3119 5245 3343 5303 Treviris
3384 5260 3537 5314 atque

2035 5315 2265 5368 Coloniae
2294 5315 2767 5385 legitimiypiscopi
2796 5315 3122 5371 ordinentur.
3148 5317 3449 5383 luembolo,
3474 5318 3536 5371 de

2037 5385 2286 5438 reditibus
2308 5378 2476 5439 sancti
2509 5378 2673 5437 Petri.

2457 5493 2633 5567 [Apud
2666 5494 2857 5563 Mausi,
2892 5497 3050 5570 ibitl.]

2031 5602 2300 5667 Nicouus
2328 5609 2633 5681 episcopus,
2669 5625 2858 5667 servus
2889 5625 3170 5668 servorum
3197 5608 3310 5678 Dei,
3339 5607 3535 5664 dilecto
3555 5635 3569 5645 -

1965 5702 2074 5759 ﬁlio
2104 5702 2374 5760 Lt'novtco
2401 5702 2635 5774 glorioso
2658 5704 2788 5775 regi.
