4060 6338
581 353 610 410 Ι
621 351 721 408 175

577 571 704 613 cum
725 555 925 613 dilecto
947 555 1055 612 ﬁlio
1089 566 1278 612 nostro
1301 556 1496 612 Carolo
1523 557 1758 628 glorioso
1798 571 1947 628 rege,
1989 556 2158 613 fratre

581 648 833 704 videlicet
869 657 1070 713 vestro,
1114 647 1181 702 ad
1228 661 1516 703 commune
1544 647 1868 717 colloquium
1906 648 2152 713 venisse;

578 740 666 797 cui
691 741 818 812 quia
847 740 1019 795 defuit
1040 738 1334 794 Lotharius
1363 752 1482 803 rex,
1511 754 1684 808 nepos
1709 739 1924 796 scilicet
1951 748 2152 803 vester,

577 833 877 904 perhibetis
898 845 996 886 vos
1019 830 1087 885 ad
1109 845 1233 885 eum
1256 829 1372 898 jam
1398 831 1601 885 dictum
1645 829 1868 885 fratrem
1914 837 2153 884 vestrum

575 923 826 978 Carolum
859 937 1062 994 regem,
1093 921 1348 990 adjuncto
1377 922 1479 977 sibi
1507 922 1739 992 quodam
1785 936 1852 977 ex
1888 921 2156 992 episcopis

577 1013 728 1084 regni
766 1014 958 1078 vestri,
1007 1012 1264 1068 misisse:
1299 1020 1588 1083 quatenus,
1639 1019 1802 1082 prout
1856 1011 2011 1066 vobis
2056 1026 2155 1080 per

574 1102 829 1173 epistolas
851 1111 1067 1158 nostras
1094 1103 1165 1157 ad
1188 1117 1283 1157 vos
1312 1102 1546 1158 directas
1568 1101 1920 1174 iniunximus,
1948 1101 2018 1156 ab
2048 1102 2153 1158 illis

573 1197 1055 1263 admoneretur,ut
1079 1196 1130 1250 in
1159 1196 1411 1252 omnibus
1435 1193 1773 1266 jussionibus
1797 1196 2001 1251 nostris
2022 1195 2152 1250 obe-

570 1289 727 1345 diens
750 1291 1011 1346 existeret
1038 1308 1051 1344 :
1081 1288 1234 1356 Quod
1260 1289 1387 1360 quia
1413 1297 1523 1344 tam
1560 1296 1749 1360 utpote
1776 1289 1848 1359 pii
1877 1288 2150 1359 principes

569 1380 832 1449 justitiam
855 1381 1158 1452 diligentes,
1187 1395 1349 1450 quam
1380 1379 1612 1451 proximi
1637 1380 1866 1434 salutem
1899 1393 1996 1448 per
2019 1381 2148 1433 cha-

569 1472 784 1526 ritatcm
809 1481 1133 1542 quaerentes,
1178 1474 1485 1543 nostrisque
1513 1471 1862 1527 nihilominus
1891 1470 2147 1525 adhorta-

568 1566 807 1622 tionibus
852 1567 1324 1630 obsecundantes,
1371 1565 1598 1637 egistis,
1651 1564 1861 1620 debitas
1937 1563 2144 1634 gratias

565 1657 815 1728 agimus:
847 1666 1108 1728 quantum
1155 1665 1338 1711 tamen
1383 1656 1527 1714 lucri
1578 1654 1818 1710 eliicacia
1849 1664 2028 1710 vestra
2060 1653 2143 1708 vel

566 1758 754 1803 nostra
782 1749 982 1802 monita
1010 1762 1175 1816 penes
1194 1747 1442 1801 eumdem
1474 1760 1654 1818 regem
1681 1745 2000 1800 Lotharium
2041 1746 2143 1797 im-

562 1839 847 1908 petrat-int,
881 1839 1056 1894 fateor
1095 1839 1358 1893 hactenus
1409 1851 1514 1892 non
1561 1837 1756 1892 elucet.
1803 1834 1913 1891 Sed
1960 1835 2142 1890 dicitis
2170 1825 2216 1884 Β
2246 1842 2486 1888 mentum
2517 1849 2622 1889 non
2653 1843 2851 1890 tractat
2883 1853 2896 1888 :
2929 1850 3116 1891 verum
3164 1835 3328 1891 etiam
3349 1850 3452 1890 nec
3493 1850 3622 1904 pro
3672 1835 3874 1888 timore

562 1942 686 1983 cum
712 1938 820 1984 tam
844 1929 1122 1984 absentem
1149 1942 1312 1999 quam
1344 1936 1530 1998 postea
1559 1933 1901 1998 prmsentem,
1933 1941 1963 1979 a
1990 1926 2144 1982 vobis

563 2021 736 2090 ipsam
763 2020 1184 2074 admonitionem
1220 2018 1452 2090 benigne
1495 2018 1819 2088 suscepisse,
1844 2015 2145 2086 deindeque

560 2108 863 2178 professum
904 2107 1072 2163 fuisse
1117 2109 1168 2162 in
1199 2109 1450 2163 omnibus
1483 2122 1543 2164 se
1594 2108 1800 2163 nostris
1828 2109 2145 2179 praeceptio-

560 2201 722 2255 nibns
769 2201 1094 2271 pariturum.
1134 2199 1285 2268 Quod
1329 2201 1457 2270 quia
1501 2215 1643 2270 saepe
1679 2200 2003 2264 audivimus,
2033 2216 2142 2255 non

559 2303 742 2346 tamen
771 2293 897 2347 hinc
926 2290 1175 2346 ell‘ectum
1217 2293 1584 2363 percepimus,
1636 2292 1770 2347 satis
1825 2291 2140 2362 ingemisci-

558 2398 699 2448 mus,
729 2390 784 2438 et
806 2381 966 2451 hujus
992 2383 1068 2437 rei
1091 2382 1266 2454 gratia
1293 2382 1434 2437 ultra
1469 2397 1631 2452 quam
1659 2382 1765 2438 dici
1798 2382 1969 2452 possit
2007 2380 2143 2435 allii-

555 2473 734 2540 gimur
768 2489 780 2526 :
821 2473 1076 2528 nimirum
1112 2473 1207 2544 qui
1247 2473 1412 2528 etiam
1468 2487 1568 2543 pro
1599 2487 1696 2528 sua
1741 2471 1910 2542 ipsius
1963 2470 2138 2526 salute

555 2561 798 2632 quotidie
819 2561 1131 2618 laborantes
1178 2560 1320 2632 apud
1348 2561 1522 2631 ipsum
1552 2559 1685 2615 nihil
1715 2560 1936 2615 omnino
1969 2557 2141 2629 proﬁ-

557 2654 757 2721 cimus,
786 2654 913 2710 dum
941 2655 1086 2725 quod
1108 2668 1359 2710 sermone
1390 2653 1543 2717 dicit,
1581 2651 1726 2707 facto
1759 2666 1869 2706 non
1898 2650 2138 2722 perﬁcit:

556 2751 612 2799 et
625 2743 894 2815 praecipue
919 2759 1041 2800 cum
1063 2743 1226 2799 verba
1249 2741 1386 2812 ejus,
1410 2753 1467 2798 ut
1495 2743 1750 2797 arborum
1774 2741 1920 2806 folia,
1946 2755 2142 2796 sonare

556 2834 777 2904 quidem
807 2834 1040 2904 possint,
1068 2841 1316 2888 saturare
1340 2847 1495 2898 vero,
1523 2846 1647 2886 cum
1672 2830 1912 2885 sintsine
1937 2829 2134 2894 fructu,

557 2940 666 2982 non
699 2926 925 2996 possint.
956 2925 1342 2992 Quamobrem,
1372 2925 1497 2979 dum
1534 2924 1830 2994 qumrimus
1851 2923 1936 2978 cui
1958 2922 2140 2991 hujus-

556 3017 703 3073 modi
732 3017 816 3072 vir
843 3015 1018 3071 valeat
1046 3015 1374 3086 comparari,
1409 3013 1589 3069 nullus
1619 3014 1786 3068 menti
1808 3012 2139 3068 convenien-

555 3108 667 3165 tius
692 3107 953 3172 occurrit,
987 3120 1148 3177 quam
1181 3105 1270 3161 ille
1306 3104 1469 3169 ﬁlius,
1503 3103 1592 3160 cui
1641 3103 1783 3173 apud
1824 3101 2136 3157 Matthreum

555 3207 713 3268 pater
749 3196 951 3253 dixisse
976 3195 1209 3264 legitur:
1259 3192 1392 3258 Fili,
1421 3194 1550 3248 vade
1597 3193 1772 3258 hodie,
1817 3207 2031 3261 operare
2081 3192 2138 3245 in
2165 3179 2210 3241 C

557 3290 708 3343 vinea
735 3305 849 3343 nica
874 3303 892 3340 :
907 3297 962 3343 at
987 3287 1077 3342 ille
1095 3287 1426 3357 respondens
1445 3287 1524 3340 ait
1549 3303 1563 3338 :
1584 3285 1684 3350 Eo,
1707 3285 1948 3349 Domine,
1961 3294 2008 3337 et
2034 3299 2139 3338 non

555 3381 645 3435 irit
675 3379 891 3450 (Matth.
919 3377 1054 3451 xxI).
1082 3377 1236 3432 Unde
1261 3376 1456 3430 merito
1478 3375 1704 3445 ﬁguram
1727 3373 1935 3429 Judaici
1960 3373 2136 3442 populi

555 3472 831 3543 exprimit.
855 3471 972 3542 ipse
1016 3469 1216 3540 quippe
1252 3467 1663 3538 repromittehat
1692 3465 1862 3536 Moysi
1892 3465 2076 3520 dicens
2119 3483 2134 3520 :

553 3564 755 3619 Cuncta
803 3579 921 3631 quae
977 3562 1184 3615 locutus
1220 3569 1296 3614 est
1346 3559 1601 3612 Dominus
1649 3556 1902 3627 faciemus
1934 3555 2132 3627 (Exod.

554 3656 672 3726 xix)
706 3670 720 3708 :
749 3670 855 3709 non
893 3663 1072 3708 tamen
1110 3666 1230 3721 qua:
1271 3651 1456 3705 verbis
1503 3649 1913 3720 repromitteltat
1953 3663 2134 3703 rerum

549 3738 834 3801 ell'ectihus
863 3741 1213 3814 adimplebat.
1255 3740 1356 3806 ita,
1390 3739 1524 3810 proh
1546 3739 1731 3794 dolor!
1763 3746 1818 3792 et
1838 3737 1938 3792 iste
1967 3752 2134 3806 nepos

553 3848 756 3903 vester,
791 3851 1006 3907 semper
1031 3833 1250 3906 quidem
1285 3841 1470 3888 nostra
1515 3831 1717 3886 monita
1747 3830 1884 3884 velle
1921 3830 2130 3893 audire,

551 3945 768 4002 semper
781 3928 1071 3998 adimplere
1085 3939 1286 3996 cupere
1297 3931 1631 3995 protestatur
1646 3938 1660 3976 :
1677 3937 1782 3977 non
1800 3930 1976 3976 tamen
1990 3921 2132 3991 quod

548 4037 666 4088 ore,
703 4021 846 4092 quod
875 4019 1094 4090 scriptis
1124 4026 1448 4089 opportune,
1487 4017 1797 4086 importune
1832 4014 2130 4085 saepissime

552 4113 857 4185 proﬁtetur,
899 4111 1154 4182 operibus
1173 4124 1431 4164 exercere
1453 4108 1538 4163 vel
1556 4107 1716 4163 factis
1735 4107 1991 4162 exhibere
2006 4121 2130 4160 con-

552 4205 745 4268 tendit,
770 4202 1080 4274 etpaternis
1103 4201 1322 4257 monitis
1347 4200 1551 4256 nostris
1573 4215 1679 4253 non
1707 4208 1962 4268 tanquam
1987 4198 2128 4253 ﬁlius

549 4295 809 4352 ubedicns
838 4305 1024 4367 paret,
1049 4295 1142 4350 sed
1179 4303 1433 4364 tanquam
1470 4292 1713 4362 ingratus
1757 4299 1879 4359 post
1915 4298 2126 4357 tergum

549 4387 852 4458 repedavit.
895 4383 950 4440 Si
987 4385 1201 4454 quidem
1233 4384 1286 4437 in
1331 4399 1437 4453 quo
1460 4383 1750 4453 aliquando
1789 4383 2000 4452 apparit
2033 4397 2123 4436 rex

548 4478 842 4534 Lotharius
862 4477 1016 4531 nobis
1042 4475 1342 4530 obediens?
1370 4485 1460 4528 aut
1485 4474 1614 4544 quid
1642 4474 1710 4528 ab
1734 4473 2126 4544 illo‘exegimus

548 4657 823 4730 praestitit]
849 4657 1141 4712 Ecclesiae?
1169 4655 1286 4710 nisi-
1304 4656 1663 4726 Theutbergaa
1694 4657 1897 4728 regina:
1943 4655 2128 4723 conju-

551 4751 634 4819 gis
656 4747 770 4818 ejus
793 4748 932 4819 apud
950 4755 1194 4802 sanctum
1211 4743 1434 4799 Petrum
1465 4746 1773 4815 praesidium
1801 4745 2127 4814 requirentis

553 4841 1065 4898 securitatemhnisi
1113 4848 1354 4895 nostram
1404 4838 1571 4894 etiam
1613 4835 1736 4908 post
1792 4847 1872 4893 tot
1911 4838 2124 4894 labores

553 4935 841 5004 aliquando
872 4932 1151 5002 requiem?
1174 4929 1308 4985 Nam
1334 4931 1459 4986 hinc
1488 4931 1628 4985 inter
1657 4931 1968 4986 innumeras
1990 4930 2123 4985 alias

551 5040 713 5080 curas
759 5024 1026 5094 prmcipue
1076 5021 1422 5087 laboramus,
1472 5021 1599 5076 hinc
1639 5022 2001 5077 omnimodam
2058 5021 2125 5076 de

548 5114 843 5170 Waldrada
887 5117 1100 5172 moecha
1139 5124 1195 5169 et
1245 5115 1712 5170 excommunicata
1763 5115 2123 5184 suspicionem

551 5204 892 5260 adimendam
934 5221 1073 5274 saepe
1115 5204 1474 5260 decrevimus.
1525 5204 1862 5260 Hincetiam
1912 5213 1971 5258 ut
2001 5204 2123 5258 novi

548 5293 869 5354 Trevercnsi
903 5303 954 5349 et
984 5295 1288 5350 Coloniensi
1337 5295 1594 5351 Ecclesiis
1625 5295 2124 5350 antistitcs'daren-

549 5401 640 5445 tur
675 5385 965 5457 injuximus
995 5404 1006 5438 :
1043 5385 1290 5443 videlicet
1339 5387 1450 5458 qui"
1476 5391 1577 5442 nec
1621 5385 2116 5458 per'Theutgualdi

544 5489 600 5533 et
624 5475 910 5533 Guntharii
942 5474 1140 5530 dudum
1167 5477 1559 5548 Episcopal-um,
1583 5490 1706 5532 nec
1734 5485 1831 5548 per
1849 5477 1962 5546 jam
1995 5475 2117 5532 fatae

550 5567 856 5624 Waldrada:
868 5555 1590 5636 'favorettl'pioveherentur,
1631 5561 1758 5624 sedi
1776 5579 1778 5584 '
1795 5569 2072 5628 canonice?
2086 5585 2115 5624 a

526 5657 672 5719 'tiliis
695 5649 748 5717 et
769 5663 832 5717 de
856 5661 990 5716 tiliis'
1007 5653 2113 5728 jaminominaiklruim’ecclesiarumelecti,

546 5755 613 5808 ab
627 5753 707 5808 his
724 5754 811 5825 qui
837 5755 1144 5810 earumdem
1165 5751 1522 5809 ’ecclesiartim
1537 5750 1809 5810 antistites
1821 5754 1974 5809 ecliti
1993 5763 2116 5810 unt

1925 346 2194 407 MCOLAI
2231 347 2431 405 ΡΑΡᾸΞ
2465 349 2486 406 l

651 461 993 537 Syllabarum
1019 471 1322 520 vestrarum
1366 471 1555 518 tenore
1589 462 1876 546 pandistis,
1906 477 2003 519 vos
2041 479 2150 519 una
2176 473 2228 531 Α
2255 479 2598 532 consecrare,
2627 467 2948 540 regulariter
2973 469 3378 528 ordinarentur.
3411 472 3530 529 Sed
3587 486 3748 528 cum
3797 473 3902 529 hac

2157 4525 2204 4585 D

550 4571 654 4625 nisi
683 4570 907 4624 salutem
931 4567 1120 4622 suam?
1141 4566 1240 4620 nisi
1259 4565 1588 4636 jurationem
1606 4581 1768 4635 quam
1792 4565 1928 4620 larsit
1946 4566 2124 4637 [for-te,
2157 4565 2221 4600 νη

3773 355 3902 416 ηπ

2257 557 2439 614 omnia
2469 573 2569 614 nos
2595 570 2898 631 opportuna
2926 576 3051 619 esse
3076 578 3144 619 ac
3169 565 3478 620 necessaria
3513 563 3898 634 prospicien-

2257 658 2362 712 tes,
2397 650 2498 720 ipsi
2545 652 2659 722 regi
2718 653 2978 708 Lothario
3026 656 3220 711 crebro
3267 657 3768 720 mandassemus,
3799 673 3900 725 quo

2254 749 2454 794 nostrze
2475 741 2828 800 institutionis
2854 757 3142 804 exsecutor
3177 746 3426 813 effectus,
3477 758 3552 803 ut
3578 749 3731 802 hac
3771 762 3897 803 con-

2254 842 2656 890 summarentur
2683 846 2970 903 annueret,
2997 839 3109 894 imo
3136 847 3196 894 ut
3217 854 3316 893 sua
3353 854 3614 911 prorsus
3651 854 3895 893 exsecu-

2254 922 2402 976 tione
2429 933 2876 994 perpetrarentur
2903 929 3212 995 insisteret,
3237 931 3439 1001 aliquid
3470 932 3730 987 horum
3774 931 3896 988 elle-

2254 1023 2400 1069 ctum
2449 1016 2746 1085 quemlibet
2774 1020 3052 1089 accepisse
3111 1035 3214 1076 nos
3281 1021 3540 1092 profecto
3631 1023 3892 1075 nondum

2251 1105 2623 1176 cognovimus,
2648 1116 2706 1163 et
2732 1117 2913 1164 tamen
2940 1109 3031 1163 ille
3061 1119 3250 1166 nostra
3301 1127 3361 1167 se
3400 1111 3553 1166 velle
3603 1112 3894 1179 perlicere

2252 1196 2308 1251 in
2337 1197 2592 1254 omnibus
2616 1200 2820 1254 monita
2861 1200 3167 1270 proﬁtetur.
3208 1199 3451 1270 Denique
3489 1201 3888 1255 Ἥρωι-θάλε]

2251 1287 2317 1342 ad
2344 1303 2442 1343 nos
2456 1305 2562 1343 non
2585 1289 2756 1346 solum
2772 1304 2877 1345 non
2896 1290 3062 1354 misit,
3078 1291 3218 1346 sicut
3237 1291 3436 1360 saepius
3459 1291 3651 1344 illum
3679 1290 3888 1344 hortati

2250 1393 2467 1444 sumus;
2495 1394 2682 1433 verum
2708 1379 2870 1434 etiam
2894 1379 3143 1435 Ticinum
3165 1420 3179 1445 ,
3212 1378 3339 1434 dum
3366 1380 3436 1434 ad
3479 1394 3616 1434 nos
3648 1380 3883 1434 tendere

2247 1470 2714 1540 crederetur,jam
2747 1471 3069 1542 profectam,
3091 1473 3145 1528 in
3180 1471 3382 1529 Gallias
3426 1472 3743 1527 reducere
3769 1487 3882 1540 pro-

2247 1562 2474 1616 curavit.
2505 1560 2698 1617 Filiam
2719 1577 2847 1618 vero
2871 1572 3117 1618 nostram
3140 1563 3552 1632 Theutbergam
3584 1562 3878 1632 reginam,

2245 1667 2366 1722 qua:
2391 1651 2534 1707 beati
2555 1651 2702 1707 Petri
2732 1667 2791 1708 se
2814 1654 3052 1723 tegmine
3096 1669 3309 1724 semper
3334 1653 3544 1708 muniri
3579 1654 3877 1723 poposcit,

2244 1757 2353 1797 non
2385 1743 2558 1798 solum
2582 1744 2722 1799 sicut
2737 1745 2981 1814 reginam
3005 1744 3305 1810 secundum
3346 1744 3692 1814 praestitum
3725 1742 3872 1812 jura-

2245 1921 2363 1987 Dei,
2389 1939 2489 1980 nec
2513 1940 2611 1994 pro
2633 1925 2807 1980 sancti
2845 1925 2991 1982 Petri
3024 1925 3354 1990 reverentia,
3374 1939 3477 1980 nec
3502 1939 3631 1995 pro
3682 1922 3868 1990 conju-

2243 2013 2349 2084 gali
2375 2011 2604 2078 foedere,
2625 2030 2727 2071 nec
2748 2016 2913 2070 etiam
2941 2031 3040 2086 pro
3057 2016 3248 2072 eodem
3270 2014 3468 2071 collato
3491 2015 3868 2086 iur-amento,

2243 2105 2434 2160 saltem
2475 2107 2530 2161 in
2586 2107 2826 2163 minimis
2876 2108 3182 2177 quibusque
3215 2107 3448 2178 negotiis
3491 2123 3680 2162 suam
3728 2107 3863 2160 lianc

2240 2213 2363 2254 esse
2428 2199 2746 2269 participem
2796 2201 3169 2270 recognoscit;
3221 2201 3419 2270 quippe
3468 2214 3660 2268 quam
3713 2199 3856 2253 omni

2241 2290 2495 2358 egestati,
2528 2290 2679 2344 omni
2701 2291 3018 2360 opprobrio,
3055 2290 3205 2344 omni
3261 2305 3490 2360 prorsus
3533 2289 3859 2359 abjectioni

2240 2383 2532 2438 submittit.
2556 2382 2726 2438 Porro
2755 2384 2822 2437 de
2848 2381 3276 2453 praememoratis
3300 2381 3548 2436 ecclesiis
3580 2381 3854 2435 ordinan-

2240 2476 2324 2531 dis
2346 2489 2454 2530 non
2473 2474 2650 2531 solum
2711 2476 2967 2530 mandata
3024 2483 3212 2530 nostra
3254 2475 3588 2537 contemnit,
3642 2473 3750 2528 sed
3800 2482 3856 2525 et

2240 2581 2523 2622 sacrorum
2562 2567 2830 2623 canonum
2857 2576 3126 2638 praecepta
3149 2565 3450 2630 conculcet,
3493 2567 3641 2620 dum
3703 2566 3847 2618 vidc-

2239 2657 2368 2712 licet
2388 2657 2632 2714 ecclesiis
2661 2674 2768 2714 non
2791 2658 3249 2729 compatitur,sed
3275 2659 3372 2712 bas
3400 2665 3556 2712 tanto
3587 2666 3846 2726 tempore

2239 2750 2356 2804 sine
2380 2758 2586 2804 rectore
2615 2763 2838 2804 manere
2865 2751 3152 2820 permittit.
3183 2749 3339 2813 Ecce,
3378 2747 3455 2803 ﬁli
3484 2749 3839 2808 charissime,

2238 2843 2510 2912 quomodo
2553 2839 2842 2898 Lotharius
2879 2857 2973 2898 rex
3025 2843 3271 2897 instituta
3321 2851 3508 2896 nostra
3571 2841 3838 2900 custodit,

2237 2947 2363 2988 ecce
2385 2934 2655 3004 quomodo
2682 2948 2872 2990 verum
2899 2943 3009 3000 est,
3029 2935 3171 3004 quod
3208 2935 3341 2990 dicit
3361 2943 3550 2990 nostra
3591 2950 3661 2990 se
3706 2933 3832 2987 velle

2240 3025 2291 3079 in
2323 3026 2577 3080 omnibus
2598 3027 2888 3082 observare
2914 3026 3153 3081 decreta.
3202 3027 3270 3080 Et
3297 3026 3479 3080 adhuc
3520 3026 3593 3080 ad
3625 3040 3733 3080 nos
3777 3039 3832 3078 se

2239 3131 2530 3186 properare
2555 3117 2694 3182 velle
2727 3118 3083 3182 demonstrat,
3114 3133 3238 3173 cum
3286 3117 3343 3172 id
3379 3131 3449 3171 ne
3477 3118 3602 3171 sine
3647 3124 3828 3171 nostra

2241 3206 2458 3262 licentia
2489 3219 2864 3278 praesumeret,
2909 3223 3010 3264 nos
3041 3209 3091 3263 ci
3128 3223 3282 3276 saepe
3316 3206 3628 3263 districtius
3654 3207 3824 3273 injun-

2240 3299 2482 3353 xerimus
2529 3307 2586 3352 et
2634 3297 3095 3368 prohibuerimus.
3144 3295 3346 3353 Verum
3386 3311 3553 3367 quam
3599 3298 3670 3352 ob
3711 3309 3817 3350 rein

2239 3387 2528 3444 Lotharius
2579 3389 2806 3443 Romam
2863 3388 3133 3459 proﬁcisci
3177 3389 3416 3460 gestiat,
3459 3389 3726 3443 miramur
3772 3385 3816 3440 si

2237 3488 2474 3533 vestram
2525 3478 2695 3534 latere
2742 3479 2919 3548 potuit
2963 3478 3326 3548 prudentiam.
3367 3477 3559 3547 Itaque
3605 3476 3812 3547 impleat

2235 3569 2388 3638 prius
2413 3578 2606 3624 cuncta
2632 3583 2754 3638 quae
2796 3569 3174 3638 praemisimus,
3212 3568 3378 3622 totius
3403 3569 3709 3623 occasionis
3736 3563 3810 3620 vel

2237 3658 2471 3712 sinistra:
2513 3657 2841 3726 suspicionis
2882 3656 3126 3712 fomitem
3156 3672 3186 3711 a
3233 3671 3291 3711 se
3339 3657 3530 3726 procul
3579 3655 3806 3726 abjiciat,

2235 3749 2344 3802 imo
2370 3762 2496 3802 vero
2524 3763 2554 3802 a
2601 3747 2804 3802 nostris
2854 3748 3125 3803 mentibus
3159 3756 3424 3817 amputet,
3476 3757 3533 3801 et
3579 3756 3728 3809 tunc,
3763 3745 3806 3799 si

2233 3840 2282 3894 ei
2310 3840 2381 3894 sit
2404 3840 2506 3895 huc
2529 3839 2876 3904 veniendum,
2904 3855 2935 3893 a
2971 3839 3127 3894 nobis
3150 3848 3235 3894 est
3272 3839 3501 3896 sollicite
3529 3839 3806 3909 providen-

2231 3928 2380 3984 dum.
2415 3930 2696 3999 Siquidem
2738 3930 2903 3985 etiam
2948 3930 2994 3984 si
3042 3938 3273 3994 cuncta,
3315 3945 3436 3998 qua:
3477 3945 3578 3985 nos
3628 3931 3678 3984 ci
3722 3944 3803 3983 su-

2227 4036 2326 4091 pra
2385 4020 2932 4075 commemoravimus
2979 4018 3276 4088 injunxisse
3311 4059 3326 4084 ,
3364 4021 3578 4089 penitus
3643 4021 3803 4076 adim-

2227 4109 2368 4179 pleta
2402 4109 2666 4178 potuisset
2699 4109 3021 4175 ostendere,
3054 4124 3155 4164 nec
3183 4109 3264 4164 sic
3301 4109 3352 4163 ei
3411 4119 3600 4165 contra
3645 4112 3798 4165 inter

2226 4200 2431 4256 dictum
2504 4210 2750 4255 nostrum
2821 4201 3050 4256 Romam
3119 4201 3298 4256 fuerat
3358 4203 3794 4272 properandum:

2227 4302 2428 4363 quanto
2477 4293 2654 4346 minus
2702 4306 2877 4356 nunc,
2929 4291 3146 4362 quando
3200 4291 3362 4346 toties
3404 4307 3435 4345 a
3496 4293 3655 4348 nobis
3709 4290 3794 4344 ad-

2226 4386 2463 4441 monitus
2518 4385 2654 4440 nihil
2705 4386 2774 4441 de
2835 4386 2914 4440 eis
2977 4398 3382 4439 consummasse
3437 4383 3796 4440 convincitur!

2230 4477 2396 4547 Igitur
2437 4475 2652 4531 dilectio
2695 4483 2875 4530 vestra
2923 4475 3072 4529 illum
3128 4489 3272 4528 nunc
3335 4474 3523 4530 venire
3580 4475 3791 4530 Romam

2231 4581 2414 4636 quaeso
2435 4566 2719 4635 prohibeat
2750 4583 2763 4618 :
2793 4565 3055 4634 alioquin,
3087 4565 3218 4618 mihi
3259 4564 3488 4630 credite,
3519 4565 3566 4620 si
3611 4575 3792 4620 contra

2229 4657 2565 4726 propositum
2611 4663 2856 4711 nostrum
2911 4655 3051 4712 forte
3095 4657 3532 4727 praesumpserit,
3584 4657 3794 4711 minime

2231 4763 2354 4802 eum
2384 4763 2489 4817 qua
2539 4747 2689 4816 cupit
2725 4749 3012 4803 honestate
3059 4748 3142 4803 vel
3195 4749 3286 4802 hic
3325 4750 3667 4818 suseipietur,
3719 4746 3793 4804 vel

2229 4839 2611 4910 hiucprofecto
2637 4841 2975 4911 regredietur
2999 4859 3012 4895 :
3036 4840 3171 4895 Nam
3197 4843 3338 4896 sicut
3359 4841 3552 4896 mulier
3579 4843 3793 4897 Omnino

2227 4933 2332 4986 ﬁde
2351 4932 2666 5002 proximans
2683 4932 2888 5002 tangit;
2922 4933 3079 4986 turha
3102 4946 3231 4988 vero
3255 4931 3382 4986 licet
3405 4932 3592 5003 tangit,
3623 4944 3790 4988 tamen

2229 5023 2570 5093 comprimit;
2599 5023 2678 5077 sic
2707 5023 2841 5092 proh
2869 5022 3021 5077 dolor
3045 5023 3058 5076 !
3101 5023 3204 5078 isto
3235 5023 3288 5076 in
3317 5031 3555 5096 tempore
3581 5025 3790 5092 quidam

2227 5115 2329 5170 etsi
2378 5114 2758 5184 approximare
2805 5114 3076 5178 videntur,
3121 5123 3300 5168 tactus
3347 5124 3526 5167 tamen
3588 5130 3788 5178 eorum,

2227 5209 2354 5279 quia
2394 5224 2500 5263 non
2529 5225 2595 5263 ex
2620 5207 2743 5274 ﬁde,
2776 5225 3081 5280 pressuram
3107 5210 3294 5280 gignit,
3330 5220 3384 5264 et
3409 5209 3790 5279 approximatio

3993 2531 3999 2570 {

3999 2047 4002 2154 Ι

3999 2602 4001 2725 4

2198 5295 2588 5354 μωιιὺειῑίοηθιη
2624 5301 2858 5356 adducit.
2897 5299 3041 5371 Ergo
3067 5315 3291 5355 necesse
3327 5309 3414 5355 est
3453 5309 3514 5354 ut
3539 5301 3700 5355 talem
3740 5315 3790 5355 se

2215 5392 2280 5446 'lu
2309 5392 2522 5449 cunctis
2557 5392 2810 5447 exhibeat
2837 5391 3265 5455 rexLolharius,
3299 5400 3360 5446 ut
3387 5408 3488 5447 nos
3512 5408 3636 5447 eum
3672 5407 3790 5463 gra-

2223 5484 2576 5538 tanti-tanlmo
2603 5483 3182 5554 primitus-suscipere
3231 5483 3581 5542 delectemur,
3618 5492 3674 5538 et
3719 5483 3790 5539 ita

2224 5573 2450 5630 {leniunt
2466 5574 2776 5630 venientem
2819 5573 3072 5642 eSpansis
3086 5574 3362 5630 "brachiis.
3392 5574 3790 5642 amplectamur.

2196 5701 2198 5705 ι
2223 5663 2379 5732 Quod
2405 5665 2704 5722 aliter‘lieri
2732 5662 2836 5721 non
2858 5665 3515 5736 poterit,.nisi;WaMrmla
3551 5666 3789 5727 Romam.

2193 5755 2414 5812 ετειῑουιὶι
2437 5758 3258 5830 ἒωριιιπι·ο⁴ξ¹ιιει·ξη,.-ἀὶ.ιιὶειιιωσ,
3291 5768 3347 5828 ut
3383 5760 3656 5815 vrislulicet‘
3699 5772 3790 5814 nos
