4060 6338
271 327 438 383 ιιττ

1493 321 1858 382 EPISTOLE
1899 322 1988 377 ΕΤ
2029 323 2369 380 DECRETA.

3425 331 3566 387 "78

269 447 524 494 causam
557 434 674 505 ejus
699 435 767 491 ad
817 435 976 492 finem
1022 435 1323 506 legitimum
1359 436 1748 506 perducamus,
1795 435 1886 506 qui
1914 437 1964 495 Δ
1992 451 2097 490 nou
2151 437 2220 491 ad
2266 452 2386 492 eam
2415 411 2751 501 accesserit,
2805 439 2877 494 ita
2927 455 3032 496 non
3085 441 3153 496 de
3188 441 3415 514 conjuge
3465 459 3565 498 sua

235 523 361 589 'de
425 532 594 603 ipsius
635 531 1079 602 praevaricatione
1124 531 1292 586 semel
1348 530 1558 584 initium
1605 527 1884 600 judicandi

277 624 645 695 suscepimus
677 631 770 678 :et
801 622 906 678 nisi
947 623 1189 692 reginam
1217 621 1638 692 Theutbergam,
1695 635 1888 675 secun-

279 719 434 774 dum
492 724 733 770 tenorem
786 713 1103 784 juramenti,
1155 713 1224 768 ab
1275 713 1391 782 ipso
1433 713 1715 767 audiamus
1763 725 1890 780 rege

277 805 566 862 Lothario
603 804 832 874 conjuge
872 817 970 857 suo
1017 803 1236 857 tractari
1269 802 1564 857 :videlicet
1608 811 1669 856 ut
1726 800 1888 855 talem

282 911 357 952 se
391 895 541 949 circa
569 893 714 949 illam
743 901 924 948 mente
967 893 1300 947 demonstret
1347 902 1402 948 et
1443 907 1628 962 opere,
1675 889 1889 960 qualem

285 989 540 1059 diligens
561 1003 656 1042 rex
687 1000 814 1056 erga
855 985 1108 1040 dilectam
1139 985 1419 1055 conjugem
1447 999 1602 1038 suam
1637 998 1695 1038 se
1733 983 1892 1036 debet

288 1080 686 1136 demonstrare
715 1077 955 1148 reginam
987 1094 1001 1130 :
1033 1085 1088 1130 et
1130 1076 1232 1131 nisi
1280 1077 1346 1130 de
1388 1075 1607 1146 proprio
1651 1074 1797 1130 clero
1837 1073 1891 1126 in

291 1170 694 1242 Agrippinensi
722 1168 932 1224 colonia
957 1177 1118 1237 atque
1141 1167 1460 1222 'l‘reverensi
1510 1166 1758 1222 ecclesiis
1784 1164 1894 1234 epi-

289 1275 507 1330 scopos
569 1259 812 1315 ordinari
861 1259 1188 1329 permiserit,
1232 1273 1325 1313 eos
1371 1257 1596 1323 scilicet,
1651 1257 1741 1326 qui
1793 1271 1893 1310 nec

291 1351 640 1417 Waldradze,
683 1366 783 1406 nec
831 1349 1138 1414 Guntharii,
1177 1363 1277 1404 nec
1305 1348 1662 1420 Theutgualdi
1710 1346 1893 1401 favore

290 1442 390 1498 vel
427 1443 717 1512 eligantur,
759 1441 844 1498 vel
897 1442 1061 1496 etiam
1115 1449 1523 1496 consecrentnr.
1569 1439 1694 1494 Haec
1745 1446 1890 1502 sunt,

289 1534 652 1598 charissime,
679 1549 800 1603 qua:
845 1533 891 1587 si
940 1532 1232 1587 Lotharius
1266 1547 1433 1601 nepos
1477 1540 1660 1586 vester
1702 1529 1895 1584 callide

287 1642 419 1682 non
452 1626 762 1697 perfecerit,
789 1625 933 1680 hunc
951 1623 1224 1679 veraciter
1251 1639 1350 1678 nos
1380 1623 1568 1678 audire
1591 1620 1733 1677 nolle
1762 1635 1891 1692 pro-

301 1717 403 1773 cui
429 1718 592 1773 dubio
645 1725 900 1786 poterunt
947 1716 1210 1781 indicare,
1261 1724 1420 1785 atque
1470 1714 1516 1770 si
1564 1713 1723 1769 saluti
1775 1713 1892 1786 ejus

294 1817 492 1864 vestra
515 1783 754 1864 charitas
799 1807 1054 1872 consulit,
1111 1820 1246 1870 eum,
1290 1783 1617 1878 magnopere
1669 1783 1895 1860 suadeat
1924 1783 1970 1844 Β

296 1898 560 1964 incitare,
613 1907 670 1953 et
712 1914 817 1953 non
855 1897 973 1966 ejus
1015 1896 1147 1952 foris
1200 1896 1663 1967 perstrepentibus
1717 1892 1898 1949 verbis

297 1988 470 2044 facile
498 1990 681 2044 credat
713 2006 726 2042 :
764 1989 857 2044 sed
883 2002 1107 2058 operum
1141 1987 1302 2052 facta,
1341 1986 1636 2042 secundum
1689 1984 1899 2055 perspi-

300 2077 651 2132 cacissimam
689 2077 893 2147 proprii
951 2075 1276 2131 afﬂuentiam
1334 2091 1527 2131 sensus
1566 2074 1897 2130 consideret.

302 2166 455 2221 Dicit
474 2168 617 2220 enim
644 2164 880 2221 Joannes
909 2165 1182 2235 apostolus
1208 2182 1222 2219 :
1255 2164 1438 2219 Filioli
1483 2164 1602 2226 mei,
1637 2181 1742 2218 non
1770 2162 1897 2216 dili-

303 2271 496 2325 gamus
557 2254 708 2308 verbo
771 2271 936 2325 neque
1003 2253 1208 2323 lingua,
1246 2254 1336 2308 sed
1391 2269 1540 2323 opere
1581 2262 1628 2306 et
1683 2253 1899 2306 veritate

307 2344 369 2416 (I
396 2337 560 2399 Joait.
592 2347 669 2414 v).
693 2344 827 2400 Nam
855 2346 900 2400 si
950 2335 1109 2400 nosse
1137 2345 1268 2400 libet
1315 2343 1648 2399 excellentiae
1681 2351 1893 2407 vestrm,

306 2435 444 2506 quid
482 2435 553 2489 sit
596 2435 738 2490 unde
769 2433 1059 2489 Lotharius
1082 2434 1252 2503 jactat
1279 2449 1338 2488 se
1363 2442 1602 2488 nostram
1632 2431 1687 2486 in
1711 2432 1894 2486 omni-

309 2526 416 2580 bus
437 2523 731 2595 adimplere
752 2523 1107 2588 voluntatem,
1139 2538 1239 2578 nos
1267 2523 1544 2578 evidenter
1571 2522 1898 2590 aperiemus.

310 2615 582 2670 Videlicet
629 2615 754 2683 quia
807 2612 985 2677 nobis,
1040 2615 1150 2668 imo
1201 2612 1312 2668 Deo
1363 2620 1554 2667 nostro
1606 2611 1896 2678 obediens,

312 2705 712 2777 Tlteutbergam
752 2703 1032 2776 coniugem
1078 2719 1230 2759 suam
1280 2703 1504 2771 recepit,
1544 2700 1896 2757 Waldradam

314 2811 471 2860 vero,
501 2805 686 2864 utpote
717 2795 1037 2860 adulteram,
1069 2780 1266 2849 merito
1293 2792 1675 2863 sequestravit,
1707 2806 1808 2848 nec
1828 2793 1898 2849 ad

316 2888 463 2942 illam
505 2897 628 2957 post
674 2889 1034 2944 reversionem
1080 2886 1244 2958 legati
1293 2886 1464 2941 nostri
1499 2885 1750 2942 accessit.
1791 2883 1898 2940 Sed

314 2979 598 3050 prudentia
624 2978 808 3049 gloriae
833 2987 1027 3034 vestra:
1071 2976 1182 3044 jam
1235 2975 1380 3032 valet
1425 2977 1743 3041 advertere,
1768 2974 1900 3045 quid

316 3070 490 3139 prosit
529 3071 574 3125 si
621 3069 690 3125 ad
720 3085 840 3125 eam
890 3084 998 3124 non
1045 3067 1272 3139 pedibus
1319 3067 1587 3136 corporis,
1618 3074 1673 3122 et
1721 3075 1898 3121 tamen

1992 526 2354 598 Theutberga,
2384 529 2527 598 quod
2560 543 2681 583 eam
2703 530 2995 585 secundum
3022 530 3269 584 datorum
3324 542 3564 585 tenorem

1983 615 2416 686 jurameutorum
2445 629 2639 676 tractet
2669 631 2827 690 atque
2871 620 3122 687 retineat,
3155 621 3254 676 nisi
3286 621 3412 691 quia
3460 637 3566 676 non

1991 709 2190 764 habeat
2219 712 2360 766 unde
2379 711 2670 782 glorietur?
2719 728 2818 768 nec
2863 714 2975 783 agit
3013 715 3092 769 sic
3141 729 3270 785 erga
3317 731 3456 780 eam,
3511 723 3573 770 ut

1991 801 2148 856 nobis
2178 801 2230 856 id
2270 803 2534 858 veraciter
2573 803 2812 860 referens
2845 805 3139 875 gratiarum
3171 819 3202 859 a
3248 805 3400 861 nobis
3445 806 3570 862 inde

1992 891 2270 962 percipere
2293 891 2470 948 valeat
2489 894 2770 949 actiones?
2791 895 2918 949 dum
2954 910 3058 950 non
3097 894 3269 950 solum
3299 895 3390 950 illa
3425 897 3570 950 nulla

1993 984 2363 1040 munificentia
2414 986 2529 1055 ipso
2570 986 2832 1056 largiente
2880 986 3106 1055 potitur,
3157 1001 3345 1041 verum
3406 987 3570 1041 etiam

1994 1076 2246 1130 omnibus
2258 1076 2583 1146 Opprobriis,
2599 1086 2654 1130 et
2674 1086 2731 1130 ut
2749 1077 3080 1146 prmtulimus
3101 1086 3340 1146 egestate
3361 1093 3571 1132 sununa

1995 1166 2258 1221 tabescit?
2287 1167 2456 1221 Dicite
2487 1181 2614 1238 ergo
2645 1167 2721 1221 illi
2751 1182 2866 1233 vos,
2898 1168 3241 1234 charissime,
3295 1177 3350 1223 et
3393 1176 3569 1221 vestra

1997 1258 2175 1327 sagaci
2221 1258 2578 1313 conventione
2622 1259 2852 1313 suadere
2900 1259 3235 1324 contendite,
3275 1258 3574 1330 utquando

1996 1350 2154 1404 nobis
2205 1349 2393 1415 mittit,
2442 1351 2510 1405 ad
2551 1343 2900 1407 Wald'radam
2962 1359 3083 1420 post
3137 1352 3366 1407 reditum
3422 1351 3572 1406 missi

1996 1439 2170 1492 nostri
2220 1447 2408 1494 contra
2462 1439 2804 1506 interdictum
2856 1450 3102 1496 nostrum
3164 1457 3222 1496 se
3271 1440 3578 1495 nullatenus

1997 1528 2310 1593 accessisse,
2340 1529 2520 1584 mittat
2551 1531 2712 1584 etiam
2739 1533 2882 1601 quod
2905 1530 3303 1604 Theutbergam
3350 1546 3575 1586 uxorem

1995 1630 2149 1671 suam
2177 1617 2330 1687 juxta
2357 1619 2598 1688 praestita
2625 1616 2936 1687 iuramenta
2983 1620 3212 1691 benigne
3261 1628 3475 1685 tractet,
3521 1628 3579 1676 et

1997 1709 2292 1764 secundum
2324 1709 2524 1779 regiam
2553 1709 2868 1780 dignitatem
2892 1712 3124 1766 retineat
3159 1729 3173 1766 :
3208 1713 3284 1768 ita
3314 1713 3581 1766 duntaxat

1997 1811 2058 1856 ut
2079 1801 2222 1870 quod
2253 1801 2419 1856 mittit
2444 1802 2673 1857 veritate
2699 1801 2878 1858 fulciri
2909 1802 3030 1858 aliis
3056 1805 3217 1858 etiam
3272 1804 3580 1860 attestanti-

1997 1894 2100 1949 bus
2138 1907 2546 1962 cognoscamus.
2595 1893 2772 1948 Mittat
2817 1895 3166 1950 nihilominus
3216 1896 3394 1961 nobis,
3435 1895 3581 1964 quod

1999 1984 2054 2040 in
2084 1981 2323 2054 praefatis
2353 1983 2596 2038 ecclesiis
2614 1984 2824 2046 ordine,
2853 1999 3014 2054 quem
3039 1999 3199 2053 supra
3227 1984 3578 2050 dictavimus,

1997 2072 2235 2142 episcopi
2289 2073 2398 2126 sint
2453 2072 2773 2142 regulariter
2821 2074 3059 2127 ordinati
3100 2091 3112 2126 :
3145 2082 3201 2127 et
3238 2080 3365 2128 tunc
3406 2074 3586 2142 perhi-

1996 2165 2144 2221 benti
2184 2179 2244 2220 se
2275 2175 2458 2221 nostra
2486 2164 2623 2218 velle
2662 2165 2810 2233 jussa
2859 2164 3122 2234 perlicere
3168 2164 3470 2226 credemus,
3529 2173 3584 2218 et

1997 2255 2296 2327 condignas
2359 2254 2470 2310 Deo
2527 2256 2732 2323 gratias
2788 2253 3105 2311 referemus.
3167 2253 3300 2308 Nam
3345 2254 3583 2325 quandiu

1999 2346 2395 2416 Theutbergam
2429 2346 2578 2416 regio
2605 2345 2750 2400 cultu
2781 2354 2836 2400 et
2855 2345 3118 2414 conjugali
3159 2345 3444 2400 dilectione
3475 2360 3582 2399 non

2001 2436 2222 2495 rctinet.
2253 2443 2310 2489 et
2335 2433 2763 2504 Theutgualdnm
2810 2435 2892 2490 vel
2924 2434 3280 2490 Guntharium
3325 2435 3584 2491 ecclesias

1999 2523 2202 2578 dudum
2232 2524 2334 2578 sibi
2361 2539 2484 2578 eum
2508 2524 2812 2579 sacerdotio
2840 2525 3051 2580 ablatas
3080 2525 3328 2580 obtinere
3374 2525 3583 2595 permi-

2001 2616 2135 2670 serit
2172 2625 2485 2686 occupatas,
2541 2615 2670 2670 licet
2714 2614 3066 2671 Waldradam
3124 2631 3230 2672 non
3273 2617 3470 2681 videat,
3527 2618 3584 2686 hi

2001 2719 2179 2766 tamen
2209 2711 2406 2780 gradus
2435 2719 2580 2774 sunt,
2606 2711 2850 2780 quamvis
2873 2710 3050 2781 [fet-te,
3083 2710 3326 2779 quemvis
3345 2752 3359 2775 ,
3383 2709 3582 2783 Hum]

2002 2802 2068 2856 ad
2101 2802 2206 2856 ima
2244 2809 2566 2872 mergentes,
2593 2816 2691 2871 per
2717 2815 2853 2870 quos
2881 2800 3030 2854 illum
3074 2801 3275 2855 sensim
3298 2800 3364 2855 ad
3406 2801 3578 2868 ipsam

2003 2891 2226 2946 tendere
2249 2891 2490 2962 prudens
2516 2892 2743 2960 quisque
2770 2900 3016 2960 patenter
3041 2891 3286 2960 agnoscit
3315 2908 3330 2945 :
3365 2892 3492 2947 dum
3523 2899 3584 2946 et

2003 2982 2123 3036 illos
2147 2981 2314 3046 fovet,
2347 2997 2484 3052 quos
2506 2983 2572 3036 ad
2625 2981 2878 3051 pronefas
2906 2982 3156 3036 ductores
3186 2981 3439 3037 habuisse
3471 2980 3584 3048 cla-

2002 3079 2106 3136 ret,
2139 3082 2192 3127 et
2238 3085 2357 3126 eam
2418 3069 2624 3141 aﬂligit,
2657 3086 2817 3142 quam
2869 3071 3048 3126 debita
3082 3071 3417 3126 correctione
3449 3085 3588 3141 pm-

318 3162 565 3232 passibus
604 3162 802 3217 mentis
843 3161 1080 3217 accedit.’
1114 3160 1252 3228 Quid
1311 3158 1534 3230 prodest
1569 3157 1693 3228 quia
1728 3158 1897 3213 forin-
1924 3143 1970 3204 C
2006 3163 2170 3217 missa
2195 3163 2412 3218 Christo
2460 3161 2685 3231 juvante
2737 3163 2959 3233 recepit.
3010 3164 3586 3234 Accusatores-autem

319 3267 475 3308 secus
502 3253 571 3308 ab
618 3253 706 3307 illa
757 3259 1130 3322 sequestratus
1168 3252 1428 3313 cernitur,
1472 3250 1563 3319 qui
1618 3259 1796 3306 tamen
1845 3251 1896 3304 ei

319 3341 475 3396 valde
532 3341 933 3412 conglutinatus
980 3341 1307 3396 intrinsecus
1362 3339 1712 3412 intelligitur?
1757 3339 1898 3407 Quid

320 3440 496 3487 autem
523 3432 738 3502 prolicit
764 3432 973 3487 dilecta:
1011 3432 1132 3486 filia:
1177 3440 1378 3487 nostra:
1407 3422 1764 3500 'l‘héutbergze
1811 3445 1898 3483 re-

321 3523 476 3592 ginae,
507 3523 635 3592 quia
663 3537 771 3576 non
793 3537 858 3576 ex
887 3528 998 3576 toto
1028 3523 1096 3576 ab
1118 3522 1205 3576 illa
1228 3522 1442 3576 videtur
1488 3535 1713 3589 corpore
1766 3534 1898 3588 pro-

323 3609 590 3680 longatus,
625 3609 752 3663 dum
794 3617 978 3664 tamen
1013 3624 1132 3664 esse
1177 3625 1300 3664 cum
1341 3623 1405 3664 ea
1447 3617 1628 3664 mente
1675 3608 1899 3662 minime

323 3701 583 3769 probatur
613 3712 855 3754 annexus
875 3699 900 3753 ’ἓ
919 3698 1059 3765 Quid
1087 3700 1134 3754 ei
1163 3698 1378 3768 proficit
1405 3698 1705 3769 conjugalis
1733 3697 1901 3754 finde-

325 3791 421 3853 ris,
450 3789 534 3842 vel
564 3787 725 3859 regiae
748 3787 1026 3858 dignitatis
1063 3788 1282 3842 nomine
1311 3787 1424 3844 solo
1452 3786 1580 3854 frui,
1612 3803 1732 3857 qua).
1752 3796 1902 3843 caret

325 3880 571 3936 omnibus
599 3894 718 3949 quae
757 3879 824 3934 ad
871 3878 1124 3950 perfectae
1165 3880 1466 3936 dilectionis
1517 3893 1572 3936 et
1608 3881 1902 3936 consimilis

327 3972 542 4028 ditionis
577 3972 848 4041 pertinere
880 3971 1128 4026 videntur
1169 3972 1593 4044 insignia?Nam
1623 3973 1746 4044 quis
1794 3975 1897 4030 nisi

329 4063 514 4117 :emula
572 4062 711 4132 ejus,
759 4060 1054 4116 Waldrada
1107 4063 1376 4125 videlicet,
1428 4079 1547 4132 qua:
1592 4079 1698 4119 non
1727 4063 1902 4119 solum

327 4170 422 4226 pro
447 4153 711 4210 adulterio
749 4154 1061 4219 commisso,
1083 4153 1178 4208 sed
1205 4169 1303 4223 pro
1345 4153 1701 4224 impmnitenti
1738 4153 1902 4209 corde

328 4245 552 4300 vinculis
580 4253 666 4300 est
711 4245 1287 4300 excommunicationis
1331 4245 1547 4308 innexa,
1591 4246 1742 4317 regni
1779 4261 1902 4301 eum

333 4335 582 4390 Lothario
603 4335 836 4390 culmina
865 4335 1125 4404 possidet,
1154 4333 1322 4406 gloria
1349 4333 1559 4397 fruitur,
1583 4317 1705 4405 jura
1731 4344 1901 4400 tenet,

331 4433 382 4478 et
404 4427 582 4480 omnia
602 4441 702 4480 suo
729 4425 963 4495 disponit
991 4424 1216 4480 arbitrio
1240 4442 1256 4480 :
1289 4439 1409 4495 quae
1431 4423 1556 4479 licet
1577 4441 1606 4479 a
1632 4425 1903 4495 colloquio

2001 3254 2204 3309 habere
2257 3253 2596 3312 Lotharium.
2628 3267 2733 3307 non
2780 3254 2883 3308 nisi
2943 3252 3252 3322 illum,.qui
3303 3261 3589 3308 accusator

2001 3340 2230 3397 fratrum
2261 3343 2312 3397 in
2341 3342 2660 3414 Apocalypsi
2681 3341 2908 3397 Joannis
2947 3342 3246 3412 appellatur
3294 3341 3433 3414 (cap.
3461 3343 3585 3412 xu),

2001 3443 2057 3489 et
2089 3450 2253 3505 opera
2283 3435 2420 3504 ejus,
2451 3450 2573 3504 quae
2601 3443 2656 3488 et
2675 3435 2790 3503 ipsa
2813 3433 3051 3501 ejusdem
3075 3433 3280 3503 antiqui
3315 3434 3488 3488 hostis
3510 3433 3588 3488 in-

2003 3525 2200 3578 stinctu
2232 3531 2538 3592 patrantur,
2589 3521 2830 3590 profecto
2873 3522 3254 3589 comperimus.
3289 3520 3420 3586 Quae
3459 3537 3588 3577 vero

2000 3613 2291 3668 Lotharius
2317 3627 2414 3667 rex
2440 3621 2621 3667 vester
2648 3625 2816 3682 nepos
2835 3622 3113 3681 operatur,
3135 3619 3452 3664 accusatore
3477 3623 3583 3663 non

2002 3707 2264 3776 indigent.
2289 3703 2564 3759 Manifesta
2584 3705 2801 3775 quippe,
2825 3703 3082 3775 Apostolo
3105 3712 3259 3767 teste,
3279 3711 3584 3772 suntopera

2002 3797 2182 3852 carnis
2236 3811 2356 3866 quae
2402 3805 2528 3851 sunt
2581 3795 2892 3861 fornicatio,
2951 3794 3323 3860 immunditia,
3374 3793 3585 3850 luxuria

2004 3888 2150 3962 (Gal.
2181 3888 2259 3954 v),
2283 3898 2340 3944 et
2378 3889 2606 3958 reliqua.
2633 3887 2893 3958 Optamus
2922 3886 3146 3958 gloriam
3176 3895 3408 3942 vestram
3441 3902 3586 3942 nunc

2001 3989 2059 4035 et
2070 3994 2286 4050 semper
2297 3981 2434 4034 bene
2449 3979 2646 4042 valere,
2667 3977 3016 4033 dilectissime
3035 3976 3130 4031 liii.
3149 3977 3283 4032 Data
3305 3993 3365 4032 ιιι
3385 3977 3584 4054 Kalen-

2004 4071 2102 4125 das
2130 4069 2470 4136 Novembris,
2500 4069 2792 4126 indictione
2815 4084 2854 4123 ι.

2659 4195 2928 4236 ειδοιωι.
2997 4185 3010 4192 ”

2077 4334 2278 4391 Statuit
2331 4343 2592 4407 praeterea
2668 4335 2950 4390 nobiscum
3000 4333 3334 4389 excellentia:
3393 4315 3588 4385 vestra:

2004 4427 2237 4498 legatus,
2268 4440 2326 4482 ut
2361 4429 2628 4482 mediante
2649 4425 2788 4482 Maio
2828 4442 3012 4482 mense
3041 4425 3198 4494 hujus
3235 4425 3423 4493 prima:
3452 4424 3589 4476 indi-

331 4522 438 4590 ejus
462 4523 705 4592 sejuncta
736 4524 915 4592 specie
943 4532 1098 4578 tenus
1117 4523 1367 4579 videatur
1392 4524 1648 4591 existere,
1680 4541 1778 4594 per
1821 4525 1902 4579 in-
1930 4509 1980 4568 D
2006 4518 2227 4582 ctionis,
2260 4533 2358 4587 pro
2381 4517 2540 4572 unius
2572 4518 2698 4572 anni
2735 4517 2996 4572 reditibus
3029 4529 3206 4569 rerum
3245 4514 3302 4567 S.
3339 4512 3480 4566 Petri
3532 4509 3585 4589 in

329 4613 620 4666 ternuntios
644 4621 839 4673 tamen,
874 4621 930 4667 et
976 4614 1215 4668 diversos
1243 4613 1532 4679 satellites,
1565 4615 1900 4669 tantumdem

330 4720 483 4774 penes
505 4707 700 4776 ipsum,
728 4706 810 4760 vel
825 4707 988 4760 etiam
1014 4707 1187 4776 magis
1209 4707 1373 4771 valet,
1395 4720 1556 4776 quam
1585 4706 1632 4760 si
1663 4705 1900 4776 legitima

332 4797 514 4865 conjux
577 4798 761 4851 haberi
813 4799 1192 4868 quoquomodo
1247 4799 1528 4867 potuisset.
1558 4797 1691 4852 Nam
1742 4813 1901 4853 nemo

331 4888 458 4957 apud
492 4888 694 4958 regium
717 4889 923 4957 apicem
946 4898 1027 4943 est
1051 4889 1287 4959 adjutus,
1320 4889 1423 4944 nisi
1458 4905 1555 4958 per
1593 4889 1738 4946 illam
1765 4891 1897 4944 :vix

334 4992 707 5046 usquequaque
764 4977 938 5037 laesus.
992 4979 1094 5033 nisi
1131 4987 1349 5048 propter
1393 4978 1562 5043 illam,
1603 4979 1892 5049 quisquam

335 5081 440 5121 esse
469 5065 722 5120 refertur.
757 5066 844 5119 Illa
876 5067 1073 5138 quippe
1095 5084 1260 5138 penes
1279 5083 1402 5123 eum
1428 5068 1660 5139 gratiam
1676 5084 1905 5138 poscen-

335 5160 463 5212 tibus
486 5157 802 5226 impetrare,
847 5159 958 5227 ipsa
997 5160 1107 5213 sola
1145 5160 1341 5229 quibus
1389 5160 1591 5214 mavult
1642 5161 1903 5216 beneﬁcia

337 5265 514 5318 parare
538 5250 838 5305 coz'suevit.
872 5249 989 5303 Jam
1014 5266 1140 5306 vero
1158 5253 1202 5305 si
1230 5252 1300 5304 ita
1326 5265 1430 5306 non
1453 5259 1608 5305 estut
1629 5251 1860 5305 dicimus
1885 5291 1899 5313 ,

340 5347 382 5398 id
405 5354 484 5400 est
507 5347 552 5400 si
588 5345 668 5401 vel
701 5346 1045 5416 Tlteutberga
1078 5346 1258 5416 regina
1297 5355 1500 5400 tantam
1548 5345 1686 5414 apud
1728 5345 1900 5414 ipsum

340 5436 816 5492 incommoditatem
847 5445 900 5490 et
921 5437 1340 5493 .dehooestatem
1385 5453 1492 5492 non
1541 5437 1762 5505 patitur,
1805 5451 1903 5491 nec

337 5523 610 5586 want-arta
633 5527 868 5581 moecba'
887 5526 1084 5596 gloria.
1111 5535 1262 5583 tanta
1311 5541 1420 5584 non
1463 5525 1696 5590 fruitur;
1737 5541 1908 5594 quare

335 5615 486 5671 nobis
512 5617 777 5681 scribens,
819 5617 928 5673 vel
959 5618 1080 5686 aliis
1113 5615 1668 5692 satisfaciens..sietth
1705 5617 1900 5693 inditi“

318 5706 396 5760 πάι
422 5706 726 5773 Waldrada,
747 5711 897 5780 quod
940 5710 1288 5780 postxlttissi
1308 5709 1486 5770 nostt'i
1539 5709 1900 5787 reversiutwm

2010 4625 2176 4681 regno
2220 4619 2402 4666 vestro
2453 4609 2679 4664 sitarum
2739 4607 3082 4680 recipiendis.
3133 4615 3348 4660 nostros
3391 4604 3586 4658 missos

2006 4701 2574 4756 direxissemuszcum
2615 4701 2844 4755 duorum
2892 4711 3154 4751 annorum
3184 4695 3297 4764 jam
3344 4705 3587 4763 tempora

2004 4792 2384 4860 przeterierint,
2416 4806 2484 4844 ex
2519 4806 2628 4859 quo
2657 4789 2862 4843 reditus
2898 4801 2965 4841 ex
3003 4785 3106 4839 illis
3130 4785 3430 4840 debuerunt
3469 4797 3588 4837 esse

2006 4882 2240 4948 collecti,
2269 4891 2326 4937 et
2370 4896 2468 4935 nos
2518 4895 2581 4935 ex
2637 4880 2718 4957 eis
2767 4879 2902 4933 nihil
2941 4877 3261 4947 recepimus.
3303 4874 3472 4928 Porro
3515 4875 3584 4937 si,

2005 4965 2146 5026 sicut
2173 4987 2268 5040 per
2296 4971 2493 5024 multos
2525 4978 2581 5024 et
2613 4956 2756 5024 hunc
2780 4969 3028 5023 eumdem
3073 4977 3309 5021 vestrum
3351 4965 3588 5036 legatum

2005 5063 2371 5133 cognovimus,
2405 5061 2666 5116 Arsenius
2687 5061 2812 5115 inde
2833 5059 3034 5128 aliquid
3065 5057 3296 5126 collegit,
3337 5056 3462 5138 licet
3491 5072 3586 5109 no-

2005 5155 2089 5208 bis
2113 5152 2311 5222 aliquid
2337 5167 2442 5206 non
2464 5150 2738 5212 detulerit,
2765 5150 2833 5204 de
2856 5149 3144 5220 pratteritis
3171 5148 3328 5202 annis
3351 5147 3584 5216 collegit,

2006 5265 2113 5304 non
2144 5249 2212 5304 de
2242 5247 2457 5302 futuris.
2492 5245 2643 5302 Unde
2668 5262 2919 5318 rogamus
2945 5245 3170 5316 gloriam
3214 5253 3472 5308 vestram,
3528 5251 3588 5296 ut

2009 5359 2108 5411 pro
2128 5341 2396 5398 mercedis
2423 5349 2615 5393 vestrae
2633 5339 2883 5401 cumulis,
2915 5338 3154 5416 collectis
3177 5336 3428 5391 omnibus
3456 5331 3585 5394 illis.

2010 5450 2107 5505 per
2135 5433 2300 5496 vestri
2329 5430 2583 5486 culminis
2606 5430 2762 5484 viros.
2780 5430 2846 5484 ad
2873 5429 3237 5500 apostolorum
3263 5427 3445 5480 limina
3467 5438 3588 5477 ora-

1979 5527 2174 5587 ,tionis
2203 5526 2379 5595 gratia
2406 5524 2705 5588 venientes,
2737 5530 3024 5594 antequam
3075 5522 3142 5576 de
3193 5519 3388 5572 finibus
3435 5516 3585 5586 regni

1983 5613 3108 5692 .yestriJorasgaﬂduei,jubeatis,’nobis
3152 5608 3488 5696 signiﬁcetis,
3531 5617 3588 5659 ut

1974 5710 2091 5774 his
2115 5708 2329 5776 interim
2365 5708 2431 5777 in
2459 5707 2726 5781 tutissimo
2761 5724 2797 5781 7a
2839 5705 3124 5776 prudentia
3159 5710 3335 5785 vestra
3385 5708 3586 5760 statuto
