4060 6338
474 294 619 352 “79

475 387 593 440 loco
630 380 942 445 reconlitis,
994 379 1039 435 si
1090 393 1122 432 a
1163 376 1382 447 speciali
1428 376 1536 431 lilio
1582 384 1768 431 nostro
1812 378 2054 445 Augusto
2085 381 2130 435 Α

478 475 724 527 obtinere
750 471 1104 541 potuerimus,
1131 477 1190 520 ut
1215 483 1335 521 cum
1366 469 1397 536 ἰ,
1418 470 1533 520 sius
1568 467 1783 520 homine
1810 475 2052 520 nostrum

479 563 605 618 illuc
629 562 943 633 dirigamus,
967 567 1019 613 et
1042 574 1101 612 ea
1130 566 1188 612 ut
1225 558 1379 612 nobis
1407 558 1523 612 sine
1552 557 1733 627 aliquo
1774 558 2054 627 dispendio

479 650 810 713 deferantur,
843 647 1187 723 recipiamus,
1211 647 1508 716 gratiarum
1550 648 1789 701 actiones
1829 648 2057 703 Domino

478 728 831 809 rependendae
853 745 994 792 sunt.
1029 736 1122 791 Sin
1145 745 1344 799 autem,
1384 736 1607 791 missum
1655 745 1894 801 nostrum
1946 736 2056 791 Deo

482 829 672 898 opilice
716 816 1121 890 destinabimus,
1158 827 1249 894 qui
1286 824 1516 893 qualiter
1557 825 1608 879 in
1660 834 1841 879 vestro
1891 841 2055 895 regno

483 916 590 970 sint
619 915 892 969 recondita
921 930 984 967 ac
1006 915 1295 978 custodita,
1318 930 1440 968 eum
1488 924 1669 968 vestro
1706 915 1869 969 misso
1926 930 2058 984 pra:-

482 1005 660 1060 videat
686 1022 700 1071 ;
731 1013 784 1058 et
814 1004 898 1058 his
928 996 1277 1059 nihilominus
1331 1004 1546 1058 interim
1590 1005 1643 1057 in
1681 1014 1861 1058 vestro
1891 1020 2057 1072 regno

482 1097 620 1151 bene
643 1095 886 1160 salvatis,
917 1105 1009 1149 aut
1042 1096 1195 1150 nobis
1224 1097 1511 1159 renuntiet,
1564 1104 1655 1151 aut
1710 1108 1856 1151 certe
1907 1097 2062 1166 quid-

485 1187 612 1258 quid
680 1186 1104 1257 prmviderimus,
1158 1186 1242 1241 vel
1300 1187 1663 1253 sanxerimus,
1725 1186 1903 1241 facere
1950 1203 2056 1242 non

483 1277 722 1332 omittat.
740 1270 847 1330 Aut
870 1278 916 1329 si
945 1277 1113 1347 gloria
1139 1264 1337 1341 vestra,
1363 1292 1696 1346 quaecunque
1722 1278 1809 1330 illa
1832 1277 2054 1345 fuerint,

430 1384 433 1387 ‘
482 1366 618 1422 infra
673 1369 1003 1422 territorimn
1063 1369 1279 1423 ditionis
1325 1378 1538 1432 vestrae,
1590 1360 1838 1423 videlicet
1887 1383 2058 1437 usque

481 1460 774 1514 Bononiam
805 1469 897 1514 aut
928 1448 1237 1515 Ravennam
1264 1462 1480 1531 perduci
1510 1459 1715 1535 fecerit,
1745 1468 1951 1515 tantum
2000 1468 2059 1514 ut

482 1565 670 1621 secura
699 1552 824 1615 sint,
854 1552 957 1607 hoc
984 1553 1149 1607 nmlto
1179 1554 1406 1622 amplius
1440 1553 1567 1606 utile
1589 1561 1643 1607 et
1668 1554 2058 1624 gratumhabe-

479 1639 678 1704 binms,
702 1642 956 1709 quoniam
981 1651 1031 1695 et
1067 1658 1165 1696 nos
1196 1643 1386 1697 deinde
1419 1643 1575 1698 modo
1594 1657 1700 1712 quo
1727 1643 2056 1699 valuerimus

481 1746 649 1800 usque
671 1732 897 1786 Romam
924 1748 987 1786 ea
1016 1731 1141 1786 ferri
1167 1733 1493 1803 jubebimus.

1164 1893 1362 1949 CLVII.

631 2016 700 2054 AD
734 2016 1016 2057 EPISCOPOS
1040 2018 1277 2058 LEGATOS
1310 2018 1363 2057 IN
1398 2019 1679 2085 FMNCIAlx
1709 2017 1914 2060 HISSOS.

481 2110 647 2165 Mittit
674 2116 741 2166 ad
783 2131 870 2168 eos
910 2116 1358 2169 commonitorium
1388 2101 1484 2186 pro
1508 2134 1671 2171 causa
1703 2116 2058 2187 Theatbergtz.

828 2243 1005 2316 [Apud
1040 2244 1233 2311 Mansi,
1258 2245 1418 2299 (Ione.
1450 2242 1744 2318 tom.‘XV.j
1774 2258 1777 2265 ‘

486 2450 487 2453 η
553 2375 1026 2435 flammulas-imis
1085 2384 1140 2436 et
1204 2378 1560 2436 sanctissimis
1626 2378 1952 2440 Buenamo
2005 2389 2061 2447 et

480 2470 671 2527 JUANNI
703 2473 991 2542 episcopis.

549 2562 1006 2626 Quemadmodum
1040 2572 1239 2620 sanctae
1279 2565 1536 2622 Romanae
1576 2567 1831 2631 Ecclesia:
1876 2568 2061 2624 fideles

478 2655 630 2718 estis,
695 2664 750 2708 et
796 2656 1103 2724 apostolicae
1149 2659 1292 2713 sedis
1357 2659 1619 2714 Columnae
1662 2661 1934 2728 existitis;
1984 2661 2060 2716 ita

478 2745 842 2802 custodientes
863 2748 1042 2801 omnia
1064 2748 1358 2802 secundum
1384 2751 1618 2818 priorem
1642 2753 2058 2820 praeceptioan

478 2845 718 2890 nostram
740 2852 1005 2909 peragere
1046 2839 1315 2903 festinate,
1362 2848 1419 2895 et
1447 2841 1600 2896 Metis
1640 2843 1928 2911 apostolica
1967 2858 2059 2895 au-

479 2928 732 2983 ctoritate
757 2929 961 2999 synodo
981 2938 1223 2995 evocata,
1252 2941 1434 2985 nostra
1451 2930 1601 3001 jussa
1625 2933 1883 3001 perficito.
1902 2932 2055 2999 Quod

478 3019 523 3073 si
557 3019 793 3088 synodus
818 3020 1198 3089 episcoporum
1228 3036 1287 3075 se
1325 3020 1453 3075 illuc
1493 3022 1714 3076 minime
1757 3023 2057 3094 collegerit,
2084 3062 2127 3120 Ο

481 3120 575 3161 aut
604 3109 892 3164 Lotharins
936 3114 1122 3165 venire
1165 3111 1453 3177 distulerit,
1514 3121 1640 3168 tunc
1675 3129 1772 3168 vos
1819 3115 1885 3169 ad
1930 3131 2054 3169 eum
2085 3101 2128 3124 ν

479 3212 704 3267 pergere
730 3201 958 3264 studete,
988 3209 1045 3254 et
1071 3209 1254 3254 nostra
1294 3200 1444 3268 jussa
1480 3212 1642 3271 atque
1671 3203 1931 3258 instituta.
1950 3204 2048 3257 de-

480 3290 700 3344 clarate.
731 3292 794 3345 Et
817 3293 1009 3347 deinde
1038 3310 1160 3347 cum
1190 3310 1287 3361 pro
1313 3310 1477 3349 causa
1504 3295 1750 3350 Balduini
1783 3297 1850 3351 ad
1875 3296 2049 3354 Caro-

483 3376 593 3431 lum
623 3380 991 3447 perrexet'itis,
1015 3382 1191 3437 eidem
1213 3383 1446 3453 glorioso
1471 3386 1581 3455 regi
1615 3385 1870 3456 epistolas
1894 3403 2054 3461 syno—

483 3468 655 3532 dicas,
677 3477 730 3522 et
762 3470 857 3524 has
880 3486 1014 3537 quas
1043 3488 1186 3526 llllllc
1208 3473 1361 3527 vobis
1386 3473 1686 3543 dirigimus,
1711 3477 1914 3545 pariter
1933 3493 2056 3533 cum

481 3559 893 3613 commonitorio
918 3563 1271 3630 praesentibus
1290 3564 1499 3619 cunctis
1535 3567 1839 3633 ostendite;
1865 3576 1921 3623 et
1947 3584 2057 3625 non

480 3648 651 3704 solum
697 3650 780 3716 ei,
831 3652 923 3706 sed
968 3662 1024 3707 et
1067 3655 1316 3709 omnibus
1365 3656 1651 3726 episcopis,
1682 3667 1740 3714 et
1790 3660 2059 3719 universis

478 3737 873 3815 ﬁdelibus'hoc
924 3752 1108 3797 notum
1176 3745 1436 3801 facientes
1482 3748 1680 3818 palam
1754 3749 1932 3819 legere
2002 3762 2061 3809 et

478 3831 799 3886 denuntiare
824 3835 1053 3889 studete.
1084 3835 1354 3892 Praeterea
1396 3838 1591 3895 scitote
1629 3855 1659 3894 a
1683 3842 1840 3896 nobis
1865 3851 2058 3898 vestra:

479 3922 754 3976 sanctitati
816 3924 951 3979 duas
1007 3927 1165 3995 dirigi
1219 3928 1480 3996 epistolas
1532 3929 1648 3984 vice
1703 3932 2001 3987 ahlatarum
2036 3974 2052 4000 ,

480 4025 643 4062 unam
675 4009 867 4065 Carolo
893 4014 1023 4084 regi,
1078 4017 1365 4070 secundam
1394 4032 1524 4072 vero
1567 4020 1743 4091 uxori.
1775 4020 2056 4090 Episcopis

482 4107 660 4152 autem
692 4099 877 4155 Gallia:
909 4113 963 4156 et
991 4103 1293 4161 Germania:
1343 4107 1569 4162 alteram
1619 4125 1740 4165 cum
1796 4111 1897 4166 hac
1940 4113 2056 4182 ipsa

483 4189 550 4243 ad
574 4205 667 4243 vos
697 4191 960 4246 destinata
986 4197 1323 4251 mandamus.
1398 4196 1401 4201 ’

589 4295 1032 4339 (ΣΟΙΗΙΟΝΙΤΟῘΗΙΙΙ
1084 4302 1308 4342 LEGATIS
1357 4303 1701 4351 SDPRADICTIS
1741 4306 1947 4349 DATUI.
1984 4314 1987 4315 ⁷

1820 284 2093 341 N180th
2135 284 2214 339 PA
2224 283 2333 339 [UE
2369 280 2391 338 ἱ

3630 279 3801 339 "80

2161 373 2266 429 Sed
2308 374 2437 447 quia
2485 373 2628 429 idem
2676 373 2949 445 gloriosus
3011 389 3110 429 rex
3159 383 3309 430 metu
3335 374 3811 463 Theatra-gainl

2164 464 2453 541 admisisse
2497 478 2555 518 se
2577 464 2705 518 dicit
2735 481 2747 517 :
2778 478 2877 539 vos
2917 463 3046 539 illud
3069 465 3438 535 evangelicum
3490 466 3785 529 recolite,

2158 571 2265 624 quo
2296 556 2590 610 Dominus:
2629 553 2829 621 Nolite,
2863 555 3059 627 inquit,
3086 559 3265 615 timere
3296 575 3383 613 eos
3414 560 3509 628 qui
3553 575 3786 625 corpus

2159 646 2400 700 occidunt
2454 646 2672 717 (Matth.
2726 645 2782 718 ι)
2807 663 2822 712 ;
2849 654 2904 701 et
2944 648 3138 702 iterum
3179 649 3294 702 ait:
3330 648 3482 714 Quid
3531 650 3783 718 prodest

2156 736 2377 803 homini,
2402 738 2450 791 si
2492 739 2786 792 universum
2823 739 3075 793 mundum
3100 739 3353 803 lucretur,
3395 743 3595 795 anima:
3636 758 3780 797 vero

2156 842 2266 878 sua:
2308 825 2673 880 detrimentum
2718 827 3006 896 patiatur?
3033 825 3249 897 (Matth.
3291 827 3391 899 Vl.)
3441 827 3499 882 In
3543 830 3777 898 quibus

2162 913 2453 968 Dominicis
2500 916 2782 970 sententiis
2829 916 3281 972 considerandum
3325 925 3429 981 est,
3488 920 3651 987 quod
3718 919 3775 973 si

2159 1006 2431 1060 occisores
2468 1021 2754 1075 corporum
2783 1006 3006 1063 timendi
3037 1023 3141 1061 non
3193 1016 3316 1062 sunt
3343 992 3535 1062 contra
3576 1010 3776 1078 justi-

2162 1100 2287 1153 tiam
2328 1099 2597 1154 hominem
2630 1098 2983 1168 impellentes,
3015 1106 3071 1153 et
3104 1099 3312 1154 lucrum
3352 1101 3524 1154 totius
3555 1103 3771 1156 mundi

2159 1203 2266 1241 non
2295 1188 2463 1257 prosit
2490 1187 2690 1241 homini
2717 1186 2893 1240 anima
2920 1188 3150 1256 perdita,
3172 1196 3375 1259 quanto
3394 1189 3769 1243 minusmctu

2158 1274 2318 1330 unius
2372 1267 2606 1329 hominis
2655 1283 2837 1330 tantus
2882 1264 2981 1329 rex
3020 1275 3225 1339 debuit,
3265 1287 3451 1330 contra
3494 1278 3767 1331 divinum

2165 1373 2517 1435 przeceptum,
2552 1365 2604 1418 in
2632 1365 2866 1420 humane
2899 1354 3251 1435 przecipitium
3294 1368 3519 1438 mergi?
3548 1369 3606 1422 In
3648 1371 3769 1423 hoc

2160 1466 2308 1511 certe
2353 1472 2413 1511 se
2465 1456 2636 1528 magis
2677 1457 3155 1527 reprehensihilem
3195 1458 3480 1523 ostendit,
3532 1458 3589 1512 in
3635 1475 3766 1529 quo

2160 1549 2328 1602 amori
2359 1548 2541 1602 mundi
2591 1563 2829 1602 amorem
2880 1548 2973 1602 Dei
3016 1549 3336 1619 postposuit.
3363 1538 3461 1605 Ubi
3489 1551 3624 1604 nihil
3654 1567 3765 1604 vo-

2160 1640 2245 1694 bis
2293 1639 2434 1693 aliud
2488 1639 2871 1709 prtecipimus,
2925 1638 3360 1693 manifestatione
3398 1657 3497 1695 sua
3550 1644 3773 1720 eodem

2058 1719 2133 1791 ηΒ
2163 1746 2285 1801 rege
2331 1731 2597 1795 convicto,
2659 1718 2869 1784 nisiut
2918 1729 3210 1783 secundum
3271 1732 3593 1785 canonicam
3650 1718 3775 1793 an-l

2159 1822 2462 1877 ctoritatem
2519 1829 2700 1876 nostra
2757 1836 2890 1875 voce
2938 1820 3084 1880 freti,
3134 1836 3352 1875 causam
3406 1822 3555 1876 illius
3617 1824 3762 1875 deli-

2159 1911 2339 1966 niatis.
2368 1910 2461 1966 Sin
2504 1926 2636 1965 vero
2684 1909 2909 1966 minime
2949 1910 3234 1980 probatum
3269 1911 3455 1975 fuerit,
3490 1911 3760 1966 Waldra-

2159 2002 2284 2056 dam
2310 2016 2532 2056 uxorem
2571 1999 2737 2055 fuisse
2764 1994 3078 2071 legitimam,
3100 2016 3281 2070 neque
3306 2003 3510 2072 nuptiis
3536 2018 3752 2057 secun-

2159 2093 2284 2147 dum
2336 2108 2542 2148 morem
2594 2091 2898 2155 celebratis,
2946 2106 3045 2161 per
3069 2089 3499 2145 benedictionem
3532 2094 3757 2147 scilicet

2160 2180 2478 2245 sacerdotis,
2524 2179 2632 2234 filio
2680 2172 2865 2233 nostro
2893 2177 3154 2233 Lothario
3192 2181 3471 2234 exstitisse
3511 2182 3753 2251 conjun-

2160 2280 2300 2326 ctam
2329 2285 2342 2323 :
2371 2270 2645 2340 suggerite
2678 2269 2776 2333 illi,
2807 2276 2865 2322 ut
2890 2285 2996 2323 non
3028 2270 3254 2325 moleste
3279 2270 3416 2324 ferat
3443 2271 3754 2342 legitimam

2161 2363 2283 2426 sihi,
2319 2362 2362 2415 si
2416 2363 2530 2430 ipsa
2561 2361 2818 2415 innocens
2868 2362 3199 2431 apparuerit,
3242 2364 3587 2417 reconciliari
3617 2383 3752 2420 uxo—

2159 2467 2307 2523 rem;
2342 2467 2440 2511 nec
2472 2452 2522 2505 in
2548 2452 2646 2506 hoc
2678 2452 2856 2505 carnis
2884 2452 2998 2505 voci
3033 2454 3398 2521 obtemperet,
3433 2455 3528 2507 sed
3560 2458 3752 2525 potius

2161 2549 2358 2604 divinis
2384 2551 2672 2620 praeceptis
2709 2546 2986 2607 (medie-ns.
3018 2547 3216 2615 pudeat
3247 2562 3395 2609 eum,
3439 2548 3549 2601 imo
3570 2552 3747 2617 perti-

2160 2652 2379 2703 mescat,
2414 2641 2465 2693 in
2497 2640 2720 2695 luxuriae
2742 2650 2980 2699 stercore
3009 2638 3309 2709 putrefieri,
3331 2640 3761 2700 etrolumatem

2160 2733 2439 2803 prepriam
2478 2733 2752 2802 sequendo
2794 2742 2921 2786 ante
2970 2733 3203 2793 tribunal
3251 2735 3451 2789 Christi
3490 2739 3746 2790 stric:am

2161 2809 2387 2890 ponere'
2413 2821 2705 2876 rationem.
2759 2821 3025 2876 Praeterea
3080 2838 3173 2877 vos
3219 2824 3359 2878 scire
3397 2825 3565 2890 volo,
3613 2831 3745 2893 quia

2162 2895 2387 2981 prtefata
2420 2909 2758 2982 Themberga
2809 2912 3158 2980 apostolicam
3204 2915 3384 2969 sedem
3428 2914 3511 2969 bis
3559 2926 3613 2968 et
3661 2931 3747 2969 ter

2164 3002 2470 3072 appellavit,
2494 3012 2548 3057 et
2573 3018 2633 3057 se
2678 3018 2707 3056 a
2757 3001 2982 3072 praefato
3009 3018 3134 3074 rege
3168 3004 3401 3074 glorioso
3431 3018 3620 3077 questa
3659 3020 3747 3060 est

2160 3090 2356 3161 injuste
2385 3093 2551 3149 fuisse
2577 3093 2862 3164 deiectam,
2888 3102 2941 3149 et
2970 3094 3019 3149 vi
3049 3105 3289 3150 coactam
3321 3095 3515 3152 falsum
3547 3109 3743 3152 contra

2160 3200 2219 3240 se
2253 3186 2621 3256 composuisse
2665 3186 2955 3255 piaculum.
3000 3185 3134 3240 Nam
3165 3202 3230 3253 eo
3256 3195 3500 3259 tempore
3522 3191 3588 3241 ad
3610 3207 3741 3259 apo-

2160 3275 2410 3329 stolicam
2435 3276 2613 3331 sedem
2645 3274 2878 3329 libellum
2922 3268 3294 3346 appellationis
3332 3294 3444 3331 sua:
3471 3279 3637 3338 misit,
3684 3280 3738 3331 in

2157 3379 2265 3434 quo
2293 3380 2396 3419 non
2421 3364 2637 3434 quidem
2665 3364 2843 3419 adhuc
2871 3365 3199 3430 confessam,
3228 3367 3320 3421 sed
3360 3376 3419 3420 ut
3456 3379 3643 3422 contra
3679 3385 3739 3421 se

2158 3454 2355 3510 falsum
2386 3455 2590 3510 diceret
2628 3455 2857 3518 crimen,
2899 3457 3018 3527 cegi
3048 3472 3166 3511 sese
3214 3457 3464 3512 innotuit.
3512 3459 3738 3528 Insuper

2158 3543 2511 3616 subjungens,
2535 3544 2686 3612 Quod
2706 3546 2750 3600 si
2783 3547 3011 3623 amplius
3038 3547 3309 3618 compulsa
3337 3547 3515 3613 fuero,
3538 3550 3738 3603 scitote

2159 3650 2265 3689 non
2298 3635 2547 3703 veritate,
2593 3635 2687 3690 sed
2733 3636 2924 3690 timore
2975 3638 3181 3700 mortis,
3231 3646 3287 3691 et
3319 3640 3578 3713 evadendi
3628 3651 3736 3692 stu-

2159 3723 2266 3784 dio,
2290 3724 2416 3791 quia
2439 3723 2595 3778 aliter
2618 3740 2723 3779 non
2765 3741 3003 3795 possum,
3041 3728 3181 3795 quod
3222 3727 3490 3782 voluerint
3531 3729 3733 3783 dicam.

2159 3811 2267 3867 Vos
2310 3824 2489 3869 autem
2528 3832 2793 3872 memores
2844 3827 3016 3873 estote
3062 3819 3166 3872 mei
3218 3820 3332 3873 haec
3384 3820 3534 3873 vobis
3595 3821 3731 3873 insi-

2162 3906 2396 3962 nuantis.
2452 3906 2606 3963 Unde
2659 3909 3000 3979 praecipimus
3044 3911 3217 3974 vobis,
3274 3918 3335 3964 ut
3373 3926 3496 3965 cum
3542 3912 3745 3973 eadem

2163 3992 2504 4068 Thcutherga
2535 3998 2601 4052 ad
2632 4000 2933 4053 condictam
2984 4000 3243 4069 synodum
3273 3999 3414 4053 sicut
3442 4002 3734 4054 statuimus

2161 4086 2457 4148 advenerit,
2492 4102 2709 4141 causam
2745 4088 2859 4156 ejus
2887 4090 3128 4160 diligenti
3176 4090 3574 4144 examinatione
3620 4101 3730 4145 tnt-

2161 4175 2352 4241 ctetis;
2380 4185 2433 4229 et
2457 4177 2501 4231 si
2529 4178 2577 4231 ei
2616 4176 2886 4246 objicitur,
2911 4180 3053 4250 quod
3078 4181 3165 4234 illa
3195 4181 3398 4236 crimen
3427 4197 3487 4236 se
3514 4182 3729 4251 aliquod

2159 4265 2447 4319 admisisse
2475 4265 2725 4321 confessa
2759 4268 2962 4328 fuisset,
2991 4279 3044 4323 et
3077 4279 3262 4324 contra
3290 4269 3378 4323 illa
3419 4270 3728 4324 violentiam

552 4382 576 4410 ο
614 4370 904 4428 Lotharins
962 4376 1247 4444 profitetur
1297 4378 1640 4433 Waldradam
1709 4398 1766 4437 se
1818 4399 1848 4436 a
1902 4393 2057 4453 patre
2083 4401 2134 4460 D
2241 4351 3108 4460 Perfuiiss"A"“?°i“"2"°f?"“'°'
3137 4357 3458 4460 Sininifniws
3507 4357 3608 4458 Sibi
3646 4356 3726 4456 1:".

479 4462 774 4530 accepisse,
822 4471 877 4516 et
923 4478 1164 4518 sororem
1215 4468 1553 4534 postmodum
1603 4470 1887 4529 admisisse
1936 4473 2051 4530 Hu-

480 4550 673 4604 cberti.
735 4551 835 4606 Ubi
906 4554 1140 4621 primum
1207 4556 1447 4627 diligenti
1512 4560 1927 4632 investigatione
1973 4564 2053 4620 in-

478 4643 695 4711 quirite.
727 4653 781 4698 et
823 4645 867 4699 si
898 4648 1146 4702 eumdem
1175 4648 1467 4718 gloriosum
1515 4667 1695 4722 regem
1738 4656 2050 4723 prmdictam

480 4733 829 4793 Waldradam
888 4741 1179 4808 praemissis
1226 4742 1480 4806 dotibus,
1538 4759 1723 4798 coram
1783 4747 2050 4813 testibus,

478 4829 769 4882 secundum
816 4829 985 4901 legem
1029 4840 1085 4883 et
1136 4832 1323 4896 ritum,
1366 4849 1475 4901 quo
1536 4834 1739 4904 nuptiae
1781 4836 2046 4894 celebrari

477 4915 695 4979 solent,
750 4934 843 4986 per
906 4920 1084 4973 omnia
1134 4914 1445 4977 inveneritis
1500 4925 1795 4995 accepisse,
1846 4936 1901 4981 et
1950 4943 2053 4997 pu~

476 5004 617 5058 blica
669 5006 1100 5063 manifestalione
1143 5011 1326 5065 eadem
1355 5012 1645 5067 Waldrada
1694 5015 1746 5068 in
1776 5016 2053 5070 matrimo-

478 5094 626 5149 nium
658 5093 827 5162 ipsius
870 5100 1100 5153 admissa
1149 5110 1265 5166 est;
1298 5113 1465 5156 restat
1506 5114 1566 5158 ut
1628 5107 2045 5174 perscrutemini

477 5199 575 5241 cur
624 5185 713 5239 illa
762 5188 1037 5257 repudiata
1087 5191 1177 5258 sit,
1233 5192 1315 5246 vel
1364 5192 1475 5247 lilia
1517 5193 1741 5249 Bosonis
1786 5195 2042 5251 admissa.

546 5338 876 5418 aLgt_h_arius
913 5344 1205 5418 proﬁtetur.
1258 5347 1406 5416 Apud
1458 5348 1675 5403 Ivonem
1714 5360 1869 5418 parte
1922 5365 2044 5415 vm,

475 5424 596 5481 cap.
636 5410 763 5474 554,
787 5419 842 5487 et
862 5410 1346 5487 apudGratianuin
1378 5418 1466 5481 2|,
1494 5434 1548 5487 q.
1579 5419 1633 5475 9..
1679 5410 1798 5474 dine
1840 5410 2049 5475 voculae

472 5495 759 5550 perperam
817 5482 1162 5546 inferuntur,
1216 5482 1604 5541 Lotharius'iu
1647 5492 2044 5544 commonitorio

474 5553 764 5628 pro/iretur.
793 5551 1305 5628 Reduntlantenim,
1339 5557 1716 5628 pertimuitque
1749 5560 1815 5614 ad
1833 5560 2043 5614 tituhun

477 5622 736 5688 ρρῐειοιίιι,
781 5638 889 5693 quo
939 5631 1084 5678 recte
1131 5623 1184 5678 in
1238 5622 1478 5680 Romana
1521 5622 1764 5685 Gratiani
1813 5630 2046 5684 editione

2162 4443 2311 4498 dices
2341 4444 2506 4499 fuisse
2546 4454 2742 4499 testata
2781 4445 2970 4512 fuerit;
3006 4455 3133 4501 tunc
3182 4447 3311 4501 illud
3357 4447 3626 4502 renovetis
3648 4446 3708 4513 ju

2160 4532 2355 4586 dicinm
2388 4534 2681 4588 secundum
2728 4536 2997 4604 aequitatis
3027 4551 3297 4603 normam,
3341 4546 3399 4590 ut
3453 4535 3723 4607 injustilitl'

2159 4622 2299 4677 mole
2320 4637 2427 4677 non
2457 4625 2806 4694 opprimatur.

2830 4714 3050 4771 CLVIII.

2264 4819 2331 4857 Αῐ)
2370 4819 2691 4859 ROTLANDUM
2724 4820 3173 4862 ARCHIEPISCOPUM
3215 4794 3617 4861 λιιεωτεκεεὶι.

2161 4902 2325 4968 Missa
2370 4929 2487 4967 cum
2532 4896 2697 4967 altera
2733 4914 2972 4981 epistola,
3012 4932 3114 4984 qua
3168 4914 3418 4970 Nicotaus
3460 4914 3726 4968 Rottando

2641 4984 2770 5036 vices
2804 5001 2927 5039 suns
2957 4986 3242 5054 dcit-gebat.

2227 5096 2494 5151 NICOLAUS
2528 5098 2830 5167 episcopus,
2865 5113 3054 5153 servus
3083 5114 3358 5154 servorum
3399 5098 3519 5164 Dei,
3571 5096 3714 5154 Iler-

2155 5206 2326 5247 ωηο
2351 5192 2756 5261 archiepiscopo
2777 5191 3102 5259 Arelatensi.

2154 5349 2494 5405 observatum
2556 5356 2658 5401 est.
2711 5345 2777 5400 In
2825 5348 3216 5402 rommonitorio
3263 5348 3443 5415 itaque
3492 5346 3707 5410 dictum,

2156 5420 2296 5488 quod
2328 5420 2395 5472 ah
2423 5418 2543 5470 aliis
2580 5418 3063 5479 commonitorium;
3089 5426 3147 5469 ιιι
3172 5416 3410 5488 Zosinms
3434 5417 3710 5469 commoni-

2156 5486 2346 5543 torium
2378 5488 2693 5557 presbyteris
2737 5497 2784 5539 et
2815 5488 3120 5557 diacenibus
3158 5488 3253 5549 qui
3286 5486 3547 5557 Benenate
3573 5495 3709 5557 sunt,

2155 5567 2211 5613 et
2237 5559 2362 5611 illud
2384 5554 2536 5625 apud
2567 5556 2884 5626 Gregorium
2911 5557 2964 5626 in
2998 5555 3225 5626 dialogis
3249 5555 3517 5626 :VSabinus
3564 5554 3709 5610 ϐΙιῐὶι

2155 5628 2222 5682 sti
2244 5644 2416 5682 servus
2435 5623 2896 5680 Vcomntonitorimn
2924 5625 3091 5679 Pado.
3118 5623 3235 5678 Jac.
3262 5625 3416 5679 Sunt.
