4060 6338
362 356 498 419 1181

1556 350 1919 411 EPISTULA]
1958 346 2050 407 ET
2091 349 2429 407 DECRETA.

3486 346 3629 405 H82

437 467 716 537 Susceptis
741 464 1045 523 sanctitatis
1075 472 1181 519 ture
1212 462 1445 529 litteris,
1466 463 1634 518 totius
1674 461 1953 516 humilitao
1977 466 2025 523 Α
2050 475 2243 515 omnes
2284 459 2494 529 recipit,
2539 474 2729 516 omnes
2770 458 2936 523 fovet,
2975 467 3029 514 et
3078 459 3311 530 protegit
3350 447 3631 531 proximas

365 560 437 615 tis
482 559 623 614 dono
671 559 909 622 refertis,
950 567 1371 623 cunctarumque
1419 553 1679 608 virtutum
1732 550 1953 606 ﬁoribus

366 651 632 707 redimitis
650 691 665 715 ,
692 650 1016 719 multiplices
1042 649 1337 719 gratiarum
1366 646 1541 701 cultus
1570 645 1814 701 Olenium
1853 644 1953 698 bo-

368 757 562 797 norum
594 741 801 797 auctori
849 741 1229 811 rependimus;
1261 748 1517 809 tuamque
1539 754 1569 793 a
1603 737 1785 794 multis
1811 746 1957 793 retro

372 836 709 909 temporibus
737 851 862 907 erga
891 835 1074 890 sedem
1111 834 1465 905 apostolicam
1512 832 1756 904 aguilam
1793 831 1957 885 devo-

377 928 582 984 tionem
621 926 912 997 plurimum
949 925 1414 989 commendamus,
1457 931 1618 993 atque
1646 930 1707 975 ut
1750 920 1804 975 in
1856 920 1961 975 boc

375 1014 579 1071 salubri
629 1013 907 1085 proposito
950 1021 1300 1083 perseveret,
1359 1010 1751 1066 fraternitatem
1812 1015 1959 1063 tuam

377 1104 627 1160 obnixius
654 1105 1027 1158 adhortamur.
1062 1102 1153 1157 Sic
1181 1103 1326 1157 enim
1354 1110 1554 1157 sancta:
1587 1099 1957 1155 conversatio-

378 1195 464 1250 nis
486 1195 698 1265 pedem,
724 1209 832 1264 quo
861 1194 1082 1249 tendere
1115 1193 1330 1255 debeas,
1366 1190 1729 1262 perspicacius
1765 1203 1963 1267 cogno-

381 1302 534 1342 scere
588 1287 810 1356 poteris,
862 1293 917 1340 et
978 1285 1410 1355 supervenientia
1454 1298 1744 1354 pravorum
1780 1279 1961 1349 jacula

381 1378 680 1450 praevidere
713 1386 767 1433 et
812 1378 1084 1434 declinare
1118 1378 1362 1445 liberius,
1398 1376 1669 1432 revelante
1711 1374 1959 1439 Domino,

381 1469 723 1539 przevalebis,
757 1469 801 1523 si
835 1469 887 1522 in
934 1468 1243 1539 apostolicae
1286 1469 1432 1523 sedis
1457 1476 1629 1537 petra,
1663 1480 1811 1519 more
1850 1478 1964 1517 ma-

378 1559 584 1630 jorum,
630 1558 935 1629 praesidium
967 1566 1114 1612 tuum
1147 1557 1428 1618 locaveris,
1453 1554 1677 1624 ejusque
1707 1552 1827 1607 ﬁdei
1870 1551 1964 1607 do—

383 1649 578 1705 ctrinis
630 1649 715 1704 vel
756 1649 991 1704 decretis
1041 1648 1245 1703 arctius
1286 1649 1549 1702 inhaerere
1578 1644 1959 1709 contenderis;

385 1757 547 1811 quam
578 1741 667 1797 ille
695 1756 790 1796 sua
827 1742 1060 1796 sacravit
1089 1742 1348 1805 sessione,
1384 1754 1543 1810 quem
1569 1738 1826 1793 Dominus
1847 1734 1964 1805 ejus

2057 567 2216 616 suos;
2251 551 2376 621 quia
2397 550 2551 620 juxta
2584 551 2885 621 apostolum
2928 551 3175 616 Paulum,
3206 552 3426 622 benigna
3457 562 3553 617 est,
3576 559 3630 606 et
3698 534 3701 537 l

2060 651 2234 705 omnia
2283 644 2478 720 suﬂ'ert‘
2498 649 2551 714 (1
2590 647 2712 704 Cor.
2759 648 2873 721 xv).
2918 648 3117 703 Verum
3162 665 3193 702 a
3231 649 3497 703 cbaritate
3537 655 3629 702 tua

2059 758 2223 797 unum
2269 742 2373 803 hoc
2410 743 2716 797 necessario
2756 742 3115 813 postulamus,
3153 742 3361 796 scilicet
3407 750 3464 794 ut
3505 756 3629 795 cum

2061 832 2294 902 aliquem
2328 833 2393 886 ad
2422 833 2770 903 apostolicam
2798 832 2983 888 sedem
3013 832 3245 897 miseris,
3268 832 3479 886 studeat
3508 845 3633 887 eum

2064 933 2153 978 tua
2184 938 2404 978 monere
2430 922 2763 989 fraternitas,
2812 933 3077 993 quatenus
3124 923 3177 976 in
3209 921 3481 977 redeundo
3527 936 3633 976 non

2062 1028 2445 1085 usquequaque
2492 1013 2721 1091 festinus
2772 1021 3029 1084 appareat
3055 1028 3071 1078 ;
3096 1024 3162 1068 eo
3206 1012 3349 1081 quod
3393 1011 3635 1065 omnium

2062 1107 2414 1162 ecclesiarum
2455 1106 2549 1161 Dei
2582 1106 2748 1178 (sicut
2790 1108 2903 1175 ipse
2951 1106 3114 1175 nosti)
3146 1120 3272 1160 cura
3317 1102 3639 1170 constringi—

2064 1215 2206 1262 mur,
2229 1208 2286 1254 ct
2322 1214 2445 1259 cum
2479 1198 2718 1267 undique
2762 1197 2830 1251 ad
2865 1197 3045 1252 sedem
3088 1195 3433 1265 apostolicam
3483 1192 3638 1247 multi

2064 1291 2276 1355 diversa
2311 1298 2616 1360 qumrentes
2637 1289 2929 1349 confluant,
2963 1288 3225 1343 ellicimur
3255 1287 3393 1341 tardi
3422 1288 3489 1340 ad
3530 1287 3639 1339 sin-

2064 1376 2236 1449 gulo's,
2285 1381 2410 1434 dum
2456 1381 2706 1435 volumus
2744 1380 3133 1451 benignitatem
3174 1387 3231 1433 et
3276 1375 3637 1447 dapsilitatem

2065 1486 2322 1542 spargere
2367 1486 2466 1543 per
2510 1473 2773 1526 diversos.
2823 1470 2955 1525 lllud
3006 1478 3185 1523 autem
3226 1468 3384 1524 valde
3417 1467 3639 1537 placuit,

2063 1564 2207 1618 unde
2237 1564 2397 1618 etiam
2422 1545 2689 1617 immenso
2719 1561 2951 1631 tripudio
2980 1558 3383 1622 exsultavimus,
3413 1557 3642 1620 scilicet,

2064 1654 2318 1723 quoniam
2368 1654 2437 1708 ab
2485 1652 2789 1723 apostolatu
2836 1659 3023 1706 nostro
3070 1649 3330 1705 sciscitati
3384 1649 3513 1716 quid
3554 1656 3643 1700 tua

2067 1743 2325 1797 sanctitas
2366 1743 2520 1813 sequi
2556 1741 2852 1806 debuisset,
2893 1739 3312 1809 prudentissime
3337 1736 3643 1790 decrevisti.

386 1831 634 1889 Christus
678 1830 935 1887 Ecclesiae
977 1848 1087 1887 suae
1127 1832 1293 1886 voluit.
1344 1833 1577 1902 primum
1621 1840 1677 1886 et
1731 1829 1963 1901 speciale
1996 1810 2039 1870 Β
2066 1835 2268 1891 Verum
2299 1810 2546 1905 quamvis
2587 1834 2753 1889 multa
2801 1834 2909 1886 sint
2934 1849 3053 1901 qum
3098 1831 3188 1885 tibi
3218 1831 3432 1883 mittere
3466 1842 3650 1897 posse-

386 1923 622 1978 retinere
672 1922 975 1989 fastigium,
1032 1923 1159 1993 quin
1200 1933 1254 1977 et
1303 1922 1541 1977 crelestis
1593 1922 1718 1977 atrii
1770 1920 1966 1991 delegit

387 2027 655 2069 summum
700 2014 1030 2070 constituere
1052 2013 1367 2081 ianitorem,
1415 2013 1556 2083 quod
1584 2013 1695 2083 jam
1740 2011 1966 2066 beatitu-

390 2107 572 2163 dinem
600 2115 743 2161 tuam
770 2115 988 2162 strenue
1011 2116 1424 2176 persequentem
1446 2104 1643 2159 debitis
1673 2102 1966 2157 attollimus

277 2211 295 2225 '
389 2198 610 2253 omnino
636 2198 920 2266 praeconiis
950 2212 1058 2250 non
1110 2196 1283 2251 solum
1317 2197 1370 2250 in
1418 2195 1544 2261 hoc,
1573 2184 1758 2250 verum
1802 2194 1966 2247 etiam

389 2290 444 2343 ln
467 2303 553 2354 eo,
583 2281 724 2358 quod
754 2288 1111 2358 apostolatum
1136 2297 1379 2342 nostrum
1412 2286 1477 2340 ad
1506 2285 1965 2357 perseverantiam

391 2377 712 2432 cohortaris.
762 2376 818 2431 ln
864 2392 971 2446 quo
1000 2378 1143 2431 enim
1173 2387 1282 2431 tam
1327 2376 1614 2431 manifeste
1660 2385 1965 2430 nostrarum

392 2467 728 2522 sanctionum
754 2475 809 2522 et
837 2467 1175 2523 decretorum
1206 2469 1491 2522 ostendere
1523 2475 1574 2521 te
1602 2467 1808 2535 poteris
1849 2481 1969 2521 esse

394 2560 696 2623 custodem,
718 2573 879 2629 quam
911 2558 964 2612 in
988 2574 1072 2624 eo,
1102 2559 1243 2628 quod
1276 2566 1515 2613 nostram
1546 2572 1760 2627 quoque
1790 2556 1971 2635 solidi7

393 2658 558 2704 tatem
607 2665 768 2720 supra
821 2649 1031 2704 ﬁrmam
1075 2659 1284 2720 petram
1332 2648 1633 2712 fundatam,
1688 2656 1750 2701 ut
1798 2648 1850 2701 in
1886 2646 1973 2700 his

394 2749 724 2811 perseveret,
748 2739 1038 2795 studiosius
1065 2735 1306 2793 animare
1333 2738 1626 2810 procuras?

469 2830 622 2898 Quod
647 2838 824 2885 autem
849 2830 1165 2900 deprecatur
1187 2837 1276 2882 tua
1315 2828 1648 2891 fraternitas,
1671 2835 1733 2895 ut
1769 2833 1974 2880 scrute-

331 2912 337 2918 ’
399 2937 543 2988 mur,
575 2922 764 2992 quales
793 2922 1220 2990 praedecessores
1251 2920 1416 2974 nostri
1448 2920 1592 2973 circa
1615 2918 1975 2989 praedecesso-

400 3026 489 3068 res
534 3021 652 3067 tuos
703 3012 1001 3081 antiquitus
1028 3011 1267 3077 fuerint,
1308 3020 1361 3066 et
1404 3010 1663 3081 postulas,
1712 3019 1770 3064 ut
1816 3010 1976 3064 liceat

399 3103 496 3158 tibi
522 3103 786 3173 rescripto
812 3114 1156 3173 cognoscere,
1185 3111 1365 3156 utrum
1404 3101 1634 3156 ﬁdenter
1660 3101 1853 3155 crebro
1887 3099 1976 3155 lit—

400 3196 534 3251 teris
576 3196 661 3251 vel
711 3195 901 3268 legatis
956 3212 1065 3251 non
1111 3195 1309 3251 audeas
1366 3194 1543 3268 [lege,
1597 3211 1697 3250 nos
1751 3196 1971 3258 audeas,

363 3301 377 3312 ·
402 3285 576 3342 Hann.
600 3286 620 3358 ]
648 3285 1014 3356 frequentare,
1036 3295 1090 3342 et
1127 3303 1353 3358 qumque
1380 3288 1729 3363 congruentia
1770 3296 1977 3363 tempoo

400 3376 553 3433 ribus
577 3378 891 3449 Opportunis
923 3392 1245 3449 suggerere;
1272 3380 1406 3434 sciat
1432 3360 1710 3435 beatitudo
1739 3390 1848 3444 tua,
1877 3360 1977 3437 nos

401 3465 540 3522 bene
568 3482 912 3537 cognoscere,
945 3468 1087 3537 quod
1115 3472 1542 3538 praedecessores
1571 3472 1675 3525 mei
1702 3472 1844 3524 inter
1871 3470 1975 3524 alia

403 3555 625 3612 honoris
668 3555 928 3611 beneﬁcia
957 3559 1387 3627 prmdecessores
1432 3570 1551 3613 tuos
1589 3562 1721 3615 adeo
1768 3559 1976 3614 dilexe-

403 3651 533 3714 rint,
558 3657 618 3703 ut
642 3649 722 3704 eis
752 3649 900 3704 vices
928 3665 1053 3704 suas
1082 3651 1133 3704 in
1167 3651 1269 3705 illis
1312 3651 1556 3721 partibus
1594 3650 1827 3705 retinere
1853 3666 1979 3707 con-

403 3738 689 3803 senserint,
735 3738 1185 3807 quemadmodum
1235 3741 1420 3808 quinta
1464 3739 1633 3794 refert
1682 3748 1868 3795 sancta
1922 3750 1979 3797 et

404 3828 728 3911 universalis
758 3829 1014 3899 synodus.
1057 3828 1138 3884 Tu
1168 3845 1295 3884 vero
1323 3831 1369 3885 si
1399 3831 1661 3901 promissa
1693 3840 1798 3886 tua:
1842 3832 1977 3889 dile-

402 3920 598 3976 etionis
652 3919 965 3990 perfeceris,
1014 3929 1069 3975 et
1119 3923 1274 3978 nobis
1333 3924 1739 3991 consentiendo,
1786 3935 1979 3981 contra

403 4024 602 4079 pravos
645 4025 888 4082 quosque
916 4013 999 4068 vel
1044 4022 1232 4069 contra
1277 4015 1536 4070 molestos
1574 4017 1730 4073 nobis
1771 4018 1979 4072 luerere

405 4102 768 4167 contenderis,
802 4108 855 4157 et
890 4117 920 4157 a
949 4102 1183 4159 decretis
1219 4105 1435 4160 deviare
1480 4102 1745 4177 refugeris
1775 4090 1979 4162 :nove—

405 4191 481 4246 ris
506 4200 555 4246 te
575 4193 768 4249 deinde
796 4196 1125 4266 apostolatus
1153 4198 1322 4253 nostri
1350 4199 1537 4269 clypeo
1563 4201 1975 4268 protegendum,

404 4292 460 4339 et
511 4287 794 4344 charitatis
840 4304 904 4344 ac
951 4289 1171 4360 pietatis
1218 4289 1451 4345 brachiis
1503 4292 1678 4347 modis
1723 4270 1981 4351 omnibus

405 4376 900 4447 complectendum;
931 4391 1173 4436 sanctam
1206 4395 1420 4452 quoque
1453 4379 1749 4437 Ecclesiam
1785 4381 1982 4437 divini-

2067 1943 2226 1983 mus:
2255 1927 2473 1980 interim
2504 1934 2680 1980 tamen
2709 1940 2826 1995 qua:
2855 1925 2907 1979 in
2952 1924 3056 1977 alia
3099 1922 3267 1981 nostri
3316 1919 3649 1990 apustolatus

2068 2020 2294 2091 epistola
2342 2019 2665 2073 beatitudini
2698 2026 2801 2072 tum
2832 2016 3168 2078 intimamus,
3200 2014 3370 2068 solum
3416 2020 3520 2066 tuae
3557 1996 3649 2064 soi

2067 2112 2240 2165 lcrti.e
2290 2111 2399 2164 sint
2446 2109 2689 2178 pervigili
2738 2124 2866 2162 cura
2934 2108 3224 2169 sectanda,
3274 2104 3652 2175 praecipueque

2069 2201 2249 2258 Studio
2284 2199 2610 2270 peragenda.
2659 2197 2936 2268 Siquidem
2980 2211 3100 2266 quze
3129 2195 3274 2250 circa
3321 2209 3442 2256 nos,
3481 2193 3652 2247 circa-

2072 2308 2175 2362 que
2205 2288 2391 2345 sedem
2416 2289 2561 2344 beati
2598 2288 2768 2352 Petri,
2798 2304 2903 2342 non
2935 2295 3019 2343 est
3054 2287 3197 2340 aliud
3246 2285 3456 2354 signum
3484 2283 3649 2336 devo-

2075 2384 2237 2436 tionis
2287 2391 2411 2445 tum,
2459 2396 2622 2450 quam
2654 2379 2947 2450 polliceris,
2991 2378 3093 2432 nisi
3135 2374 3561 2445 obtemperantia
3600 2383 3655 2450 et

2072 2473 2474 2532 censummatio
2515 2473 2855 2526 decretorum
2910 2478 2964 2527 et
3011 2471 3381 2525 deﬁnitionum
3442 2460 3653 2520 nostra?

2073 2582 2217 2629 rum,
2241 2566 2331 2634 qui
2363 2564 2490 2619 licet
2517 2563 2742 2633 indigni,
2771 2578 2869 2632 per
2913 2561 3297 2615 abundantiam
3331 2568 3507 2612 tamen
3534 2572 3656 2627 gra-

2074 2656 2163 2710 tiae
2205 2654 2425 2716 Christi,
2453 2653 2622 2723 ipsius
2665 2652 2853 2707 vicarii
2885 2666 3094 2707 sumus.
3126 2651 3261 2705 Data
3292 2663 3476 2703 mense
3506 2646 3653 2711 Maii,

2076 2747 2162 2803 die
2189 2746 2276 2811 l2,
2306 2746 2601 2801 indictione
2626 2761 2727 2800 xu.

2775 2858 2954 2914 CLIX.

2430 2966 2498 3004 AD
2538 2965 2782 3006 CAROLUI
2818 2963 2990 3002 REGE“
3037 2960 3297 3002 IMOREI.

2660 3061 3066 3132 Fragmentum.

2436 3170 2514 3227 De
2560 3172 2804 3242 'conjugio
2831 3168 3010 3225 Caroli
3050 3170 3301 3239 junion's.

2147 3286 2386 3343 Dilectus
2430 3285 2571 3340 ﬁlius
2599 3282 3055 3352 etcoaequivocus
3106 3291 3290 3336 vester
3339 3278 3564 3334 Carolus
3594 3278 3662 3344 ad

2074 3391 2317 3435 nostram
2341 3377 2692 3449 apostolicam
2725 3391 2868 3430 nunc
2894 3375 2945 3428 in
2976 3373 3230 3443 praesenti
3260 3370 3535 3428 destinare
3555 3378 3665 3424 stu-

2076 3460 2192 3529 duit
2228 3472 2635 3542 patcrnitatem,
2669 3468 2928 3522 intimaus
2957 3466 3132 3521 videlit
3150 3476 3204 3520 et
3228 3465 3369 3533 quod
3400 3480 3499 3532 pro
3523 3477 3663 3531 qua-

2078 3566 2199 3621 dam
2228 3562 2427 3617 femina
2457 3576 2488 3614 a
2514 3560 2687 3629 primo
2730 3557 2843 3625 jam
2887 3557 3234 3611 matrimonio
3260 3555 3469 3617 relicta,
3502 3567 3665 3621 quant

2077 3656 2193 3711 sine
2222 3663 2426 3714 vestro,
2457 3652 2599 3721 quod
2632 3664 2738 3704 non
2769 3649 3049 3710 debuerat,
3081 3660 3345 3701 consensu
3368 3644 3467 3697 sibi
3489 3644 3665 3697 socia-

2076 3746 2154 3800 vit
2181 3745 2234 3800 in
2263 3742 2586 3812 conjugium,
2609 3750 2801 3795 vestrae
2828 3737 3168 3808 paternitatis
3194 3733 3452 3790 offensam
3480 3732 3665 3789 incuro

2078 3838 2235 3893 rerit.

2146 3925 2301 3979 Item.
2332 3923 2409 3978 De
2435 3937 2605 3978 uxore
2639 3920 2749 3975 ﬁlio
2771 3927 2952 3975 vestro
2983 3916 3296 3986 conjuncta,
3326 3914 3370 3969 si
3397 3913 3518 3968 talis
3537 3927 3668 3968 con,

2081 4027 2162 4073 tra
2190 4015 2525 4071 divinitatem
2556 4012 2830 4068 invenitur
2858 4024 3019 4065 causa
3050 4024 3147 4078 pro
3171 4022 3277 4077 qua
3327 4005 3476 4060 nullo
3508 4006 3666 4060 modo

2079 4125 2196 4166 eam
2226 4107 2425 4163 habere
2452 4104 2666 4170 debeat,
2695 4102 2940 4156 volumus
2961 4099 3171 4161 nobisa
3192 4106 3367 4153 vestra
3382 4097 3671 4151 dilectione

2079 4200 2343 4257 mandari.
2374 4198 2526 4266 Quod
2554 4196 2600 4252 si
2629 4194 2774 4250 nulla
2804 4193 3072 4248 invenitur
3090 4208 3157 4248 ex
3185 4192 3351 4247 latere
3371 4191 3471 4244 alia
3502 4202 3668 4244 causa

2081 4292 2220 4360 quod
2236 4303 2397 4362 grave
2423 4287 2600 4358 pariat
2624 4294 2925 4355 peccatum,
2950 4298 3054 4336 non
3085 4282 3351 4352 reperitur
3374 4278 3669 4341 auctoritas

2080 4393 2141 4436 ut
2168 4396 2354 4435 eorum
2385 4378 2556 4433 scindi
2606 4376 2800 4431 debeat
2824 4373 3156 4443 coniugium,
3184 4387 3283 4426 nec
3317 4378 3559 4424 nostrum
3586 4375 3670 4420 cst

406 4472 493 4519 tus
521 4466 613 4520 tibi
663 4469 921 4555 creditam
967 4478 1151 4525 nostra
1193 4470 1550 4526 sollicitudine
1594 4481 1648 4526 et
1674 4472 1975 4544 vigilantia,
2008 4494 2058 4555 υ
2082 4472 2161 4526 eis
2190 4471 2303 4525 sine
2351 4468 2633 4522 manifesta
2656 4465 2837 4521 delicti
2867 4464 3025 4534 culpa
3055 4478 3165 4519 suae
3198 4456 3555 4530 separationis
3586 4455 3670 4509 in-

405 4558 626 4633 auctore
666 4554 794 4620 Deo,
826 4558 1153 4630 peramplius
1182 4568 1239 4614 et
1280 4558 1573 4631 perfectius
1619 4571 1976 4633 augmentan-
2012 4554 2031 4555 Si
2054 4576 2063 4589 ‘
2086 4563 2227 4619 ferre
2258 4558 2649 4631 prarjudicium.
3660 4599 3667 4627 τ

407 4644 553 4697 dam.
591 4628 801 4703 Mittere
844 4628 1027 4704 autem
1056 4652 1211 4705 nobis
1242 4628 1445 4722 legatos
1478 4653 1560 4707 vel
1587 4628 1799 4709 litteras
1825 4660 1977 4710 tanto

406 4734 573 4791 libere
601 4736 827 4804 debetis,
855 4751 1060 4811 quanto
1103 4744 1364 4809 Charitas,
1409 4760 1515 4815 qua
1545 4746 1690 4800 circa
1717 4746 1979 4801 sanctita-

406 4830 516 4880 tem
557 4835 702 4881 tuam
734 4829 1022 4900 ﬁagramus
1072 4833 1255 4904 (quam
1287 4834 1453 4890 latum
1488 4824 1798 4891 mandatum
1841 4834 1983 4905 psal-

408 4919 736 4987 mographus
761 4927 1077 4997 nuncupa'),
1112 4925 1250 4980 intra
1278 4926 1452 4982 sinum
1483 4926 1853 4997 amplitudinis
1868 4941 1979 4981 suae

2158 4652 2311 4707 Item.
2346 4651 2663 4720 Quanquam
2685 4649 2921 4704 sciamus
2943 4646 3107 4700 ﬁliam
3150 4653 3408 4705 vestram,
3443 4641 3486 4695 si
3516 4640 3668 4709 libet,

2089 4760 2247 4815 posse
2278 4758 2371 4798 vos
2399 4740 2655 4796 Balduino
2686 4738 2924 4811 legalitcr
2946 4737 2998 4790 in
3024 4749 3247 4790 uxorem
3297 4732 3592 4797 dimittere,
3614 4739 3679 4784 ct

2090 4833 2306 4905 pietatis
2357 4840 2552 4886 vestra:
2613 4829 2910 4884 clementer
2964 4826 3191 4895 gratiam
3247 4823 3532 4893 impertiri,
3562 4836 3675 4879 non

2047 4940 2053 4947 '
2094 4935 2273 4981 tamen
2295 4922 2445 4994 jussa
2473 4921 2741 4989 misimus,
2772 4918 2864 4974 sed
2892 4933 3083 4991 preces
3109 4917 3417 4974 obtulimus.
