4060 6338
435 367 576 422 1185

1074 363 1165 418 AD
1203 362 1579 418 EPISTULAS
1615 325 1722 432 Er
1744 317 2066 428 occasu
2102 361 2374 424 NICOLAI
2405 362 2609 421 eam
2647 365 2665 420 l
2703 363 3070 421 APPENDIX.

3595 365 3749 423 ΗΝ

1544 660 2573 818 APPENDIX.

917 1053 1374 1134 DECRETA
1435 1049 1626 1131 SEU
1697 1051 2260 1130 RESCBIPTA
2337 1053 2755 1133 NICOLAI
2831 1054 3112 1134 PAPIE
3189 1055 3223 1132 Ι

1677 1249 1763 1291 EX
1804 1249 2102 1292 GBATIANI
2147 1249 2475 1294 VOLUMINE

772 1396 896 1459 Per
928 1400 1230 1460 Joannsu
1273 1395 1642 1458 Cosanum
1677 1395 1743 1455 in
1777 1413 1968 1454 unum
1999 1392 2256 1454 collecta
2289 1404 2344 1454 ct
2377 1395 2446 1456 in
2482 1397 2714 1476 viginti
2747 1396 2971 1460 titulos
3003 1399 3364 1462 distributa.

1551 1553 1711 1620 (Apud
1737 1554 1914 1614 Mansi,
1938 1551 2118 1604 Coucil.
2144 1553 2372 1616 general.
2399 1562 2518 1606 tom.
2543 1555 2669 1620 XV.)

1870 1702 2246 1716 -ιῌ

738 1815 810 1869 De
835 1812 1284 1868 constitutionibus
1311 1811 1575 1875 Ecclesiw,
1593 1811 1670 1864 tit.
1689 1810 1739 1865 I.

519 1929 562 1985 I.
579 1924 737 1997 (Dist.
763 1923 849 1988 It),
872 1938 922 1976 c.
948 1923 999 1986 1,
1025 1920 1292 1991 Episcopi:
1318 1921 1372 1974 in
1392 1919 1578 1974 concii.
1603 1919 1742 1990 apud
1767 1918 1950 1976 Const.
1973 1935 2028 1974 γι

449 2017 712 2087 eongreg.)
766 2012 1031 2083 Imperiali
1068 2011 1271 2080 judicio
1316 2026 1423 2066 non
1465 2019 1690 2081 possunt
1711 2009 1834 2080 jura
1858 2009 2033 2065 cccle-

450 2107 668 2161 siastica
720 2103 967 2168 dissolvi;
1025 2118 1126 2157 nec
1176 2109 1398 2172 possunt
1449 2102 1833 2170 imperatorum
1886 2099 2034 2172 leges

451 2195 780 2266 evangelicis
809 2203 863 2249 et
913 2193 1242 2263 apostolicis,
1272 2202 1433 2262 atque
1478 2191 1752 2246 canonicis
1776 2193 2032 2258 decretis,

451 2287 647 2357 quibus
679 2285 1059 2355 postponcndte
1089 2294 1235 2349 sunt,
1267 2283 1466 2338 inferre
1486 2281 1873 2353 praeiudicium.
1941 2333 1948 2344 ,

524 2379 584 2432 II.
637 2379 795 2449 (Dist.
829 2379 912 2441 I2,
950 2377 1293 2448 Ridiculum.)
1320 2376 1622 2432 Ridiculum
1663 2384 1766 2440 est,
1804 2383 1859 2430 et
1898 2373 2034 2430 satis

452 2470 815 2525 abominabile
841 2467 1090 2533 dedecus,
1121 2478 1180 2523 ut
1211 2469 1526 2522 traditiones
1570 2483 1704 2536 quas
1733 2465 2033 2536 antiquitus

452 2575 482 2613 a
511 2559 756 2628 patribus
783 2559 1140 2628 suscepimus,
1174 2556 1390 2628 infringi
1421 2557 1708 2627 patiamur.

922 2689 1001 2744 De
1034 2689 1422 2752 consuetudine,
1451 2690 1528 2742 tit.
1556 2687 1638 2743 II.

522 2802 563 2856 1.
597 2801 754 2872 (Dist.
781 2801 835 2866 8,
883 2817 930 2856 c.
961 2801 1016 2865 8,
1048 2799 1237 2870 Mala.)
1263 2799 1397 2853 Mala
1426 2798 1757 2854 consuetudo
1789 2813 1894 2854 non
1933 2799 2034 2868 mi-

451 2910 554 2949 nus
583 2909 742 2964 quam
769 2893 1067 2964 perniciosa
1095 2890 1717 2962 corruptelaabjicienda
1738 2901 1793 2947 et
1816 2891 2033 2946 vitanda

454 2995 560 3039 est.

523 3076 584 3130 ιι.
608 3075 868 3146 (ῡίειλε,
891 3076 1051 3129 Mich.
1079 3075 1227 3145 imp.)
1246 3073 1386 3129 Nihil
1411 3076 1606 3129 obsunt
1629 3075 1785 3130 saluti
1812 3058 2036 3131 creden-

2049 1813 2098 1870 Α
2127 1819 2330 1882 martyr
2358 1808 2578 1866 effectus
2605 1821 2710 1873 est,
2749 1811 3072 1868 sententiam
3115 1809 3359 1883 proferre
3407 1829 3586 1872 ausus
3615 1815 3745 1872 fue-

2132 1901 2225 1966 rit,
2254 1901 2379 1954 dum
2428 1900 2476 1955 ei
2508 1900 2804 1970 sapissime
2831 1917 3019 1958 omnes
3045 1903 3320 1957 dicerent:
3353 1903 3469 1958 Tuo
3512 1923 3626 1961 ore
3649 1905 3745 1975 ju-

2131 1990 2247 2044 dica
2277 2006 2496 2045 causam
2533 2000 2700 2055 tuam,
2731 2007 2836 2046 non
2884 2004 3070 2048 uestro
3092 1993 3313 2061 judicio.
3349 1993 3415 2048 Et
3467 1995 3689 2051 iterum
3723 2012 3740 2050 :

2130 2078 2249 2134 Noli
2283 2080 2458 2134 audiri
2488 2080 2541 2134 iu
2574 2090 2762 2137 nostro
2782 2081 3010 2151 judicio,
3039 2086 3134 2139 sed
3157 2085 3346 2156 collige
3390 2088 3444 2141 in
3474 2090 3612 2143 sinu
3646 2099 3743 2144 tuo

2129 2184 2347 2224 causam
2377 2179 2544 2236 tuam,
2575 2182 2680 2226 etc.

2202 2260 2288 2315 IV.
2333 2261 2510 2331 (lbid.,
2544 2277 2592 2316 c.
2625 2262 2764 2334 seq.)
2790 2263 3118 2333 Aceplialum
3166 2264 3332 2338 liquet
3374 2282 3498 2322 esse
3537 2271 3743 2324 conci-

2133 2349 2282 2412 lium,
2315 2349 2403 2403 ubi
2436 2352 2502 2405 de
2531 2358 2678 2405 tanta
2714 2367 2942 2421 persona
2969 2353 3166 2423 agitur,
3200 2364 3254 2408 et
3299 2355 3566 2424 majorum
3623 2373 3740 2412 non

2133 2451 2479 2512 exspectatur
2505 2444 2793 2507 sententia,
2823 2461 2946 2499 cum
2978 2457 3034 2500 et
3074 2447 3128 2501 in
3158 2462 3319 2501 causa
3351 2448 3617 2503 clericum
3655 2451 3740 2503 in-

2132 2531 2346 2588 ferioris
2373 2535 2574 2602 gradus
2601 2537 2766 2590 solius
2794 2537 3028 2606 episcopi
3062 2537 3143 2591 sui
3191 2537 3458 2605 judicium
3487 2549 3739 2596 tantum-

2134 2622 2294 2675 modo
2319 2623 2692 2692 postulandum
2723 2623 2846 2697 [al.,
2879 2626 3317 2698 prmstolandum]
3351 2627 3432 2682 lit.

2209 2712 2269 2764 Υ.
2301 2712 2477 2781 (lbid.,
2506 2730 2554 2768 c.
2589 2715 2725 2784 seq.)
2751 2715 2804 2768 ln
2835 2725 3040 2770 tantum
3070 2716 3209 2772 hanc
3249 2717 3736 2787 praesumptionem

2135 2802 2306 2855 sancti
2337 2800 2523 2856 Patres
2565 2805 2706 2873 apud
2755 2804 3144 2861 Chalcedonem
3193 2807 3442 2862 detestati
3489 2819 3642 2873 sunt,
3674 2817 3737 2861 ut

2136 2891 2449 2947 Dioscorum
2504 2893 2925 2950 Alexandrinum
2975 2899 3270 2953 antistitem
3326 2900 3468 2953 inter
3521 2911 3728 2955 eastern

2138 2983 2338 3038 idcirco
2363 2984 2698 3054 potissimum
2743 2987 2858 3040 sine
2905 2986 3008 3039 ulla
3054 2988 3398 3043 restitutione
3429 2989 3732 3044 damnave-

2137 3075 2267 3141 rint,
2296 3077 2434 3145 quod
2467 3091 2672 3146 ponens
2715 3079 2768 3132 in
2805 3079 3001 3135 calum
3041 3071 3114 3136 hos
3151 3096 3327 3145 suum,
3379 3081 3561 3152 lingua
3607 3083 3735 3150 ejus

454 3166 590 3220 tium
625 3166 850 3221 diversa:
883 3182 980 3237 pro
1004 3167 1122 3220 loco
1153 3175 1207 3220 et
1253 3175 1492 3234 tempore
1519 3167 1929 3222 constitutiones
1953 3166 2036 3221 vel
2065 3163 2112 3223 B
2143 3177 2454 3224 transeunte
2506 3186 2669 3240 super
2715 3181 2913 3227 terram
2941 3213 2959 3237 ,
3011 3173 3626 3229 excommunicationem
3674 3177 3729 3230 in

457 3257 895 3320 consuetudines,
922 3257 967 3311 si
1003 3255 1109 3310 illis
1136 3255 1395 3310 canonica
1445 3272 1548 3309 non
1597 3256 1824 3310 obsistat
1856 3265 2043 3310 aucto-

459 3344 608 3399 ritas.

531 3435 617 3489 III.
645 3433 802 3501 (Dist.
825 3434 912 3496 2i,
943 3432 1218 3504 Denique.)
1250 3432 1328 3488 Illi
1359 3433 1448 3502 qui
1491 3441 1616 3487 ante
1664 3447 1761 3488 nos
1805 3431 2040 3498 fuerunt,

460 3523 739 3594 providam
786 3524 838 3578 in
888 3523 1146 3578 Ecclesiis
1199 3522 1640 3578 consuetudinem
1687 3523 2040 3594 tradiderunt,

463 3613 732 3681 hodieque
759 3613 812 3667 in
836 3612 1078 3667 Romana
1108 3611 1367 3675 Ecclesia,
1399 3627 1519 3681 quze
1537 3610 1797 3683 magistra
1818 3621 1902 3665 est
1929 3627 2044 3666 om-

463 3705 612 3758 nium
654 3703 1038 3769 Ecclesiarum,
1089 3703 1522 3772 impraetermisse
1553 3711 1820 3767 servatur,
1862 3701 1934 3755 ita
1985 3710 2047 3757 ut

465 3793 644 3848 nullus
669 3795 939 3855 sacerdos,
974 3790 1177 3859 majore
1205 3808 1303 3846 suo
1335 3807 1439 3845 non
1476 3792 1732 3845 innuente
1753 3806 2045 3846 consacer-

467 3885 615 3948 dote,
645 3883 931 3952 cujuslibet
969 3883 1045 3937 rei
1075 3881 1498 3937 benedictionem
1528 3881 1656 3936 dare
1686 3880 1906 3935 nitatur.
1941 3880 2047 3936 Sed

466 3974 783 4028 euuterior
813 3981 963 4026 stans
1000 3972 1067 4025 ad
1096 3970 1544 4040 pronuntiandam
1587 3970 1823 4037 aliquam
1858 3969 2046 4022 lectio-

468 4079 616 4126 nem,
641 4062 1066 4117 benedictionem
1095 4061 1309 4130 quidem
1348 4059 1601 4128 postulat,
1629 4060 1722 4112 sed
1746 4059 1794 4112 ei
1822 4059 2048 4128 quilibet

469 4155 694 4209 inferior
720 4169 825 4208 non
857 4155 1018 4208 audet
1066 4153 1416 4219 benedicere,
1463 4155 1586 4224 quia
1620 4153 1670 4206 in
1717 4152 1951 4222 Epistola
1981 4153 2049 4206 ad

469 4246 726 4300 Hebraeos
773 4245 998 4316 legimus
1026 4245 1169 4317 quod
1205 4246 1381 4302 minor
1404 4262 1434 4300 a
1465 4246 1668 4316 majore
1711 4245 2052 4300 benedicitur

472 4335 660 4409 (Hebr.
691 4336 796 4410 nt).
1709 4327 1720 4336 “

969 4425 1048 4480 De
1062 4427 1302 4496 judiciis,
1333 4428 1413 4480 tit.
1437 4425 1554 4481 111.

2146 3273 2391 3320 sanctum
2417 3263 2649 3320 Leonem
2680 3282 2871 3336 papam
2901 3267 3140 3322 dictavit.

2217 3350 2305 3406 VI.
2339 3352 2413 3424 (2,
2443 3369 2498 3423 q.
2521 3354 2576 3418 2,
2607 3369 2656 3407 c.
2679 3354 2734 3419 2,
2768 3353 2955 3408 Carolo
2982 3357 3088 3425 regi
3115 3354 3493 3425 Francorum.)
3527 3355 3730 3412 Omnes

2144 3439 2308 3514 leges,
2340 3451 2447 3496 tam
2475 3443 2854 3498 ecclesiastica:
2884 3461 3042 3514 quam
3090 3445 3337 3514 vulgares
3379 3455 3434 3500 et
3473 3447 3726 3516 publica.

2144 3532 2461 3602 praecipiunt
2509 3543 2569 3587 ut
2597 3535 2776 3588 omnia
2809 3534 2909 3588 sibi
2939 3535 3120 3589 ablata
3159 3537 3514 3592 restituantur
3553 3539 3603 3592 ei
3633 3537 3728 3608 qui

2151 3623 2265 3678 suis
2294 3632 2377 3678 est
2406 3623 2567 3678 rebus
2594 3624 2940 3694 exspoliatus.

2218 3714 2326 3772 VII.
2361 3717 2436 3785 (5,
2461 3731 2515 3785 q.
2546 3717 2600 3782 5,
2626 3732 2674 3772 c.
2706 3716 2762 3782 2,
2794 3715 2952 3769 Miclt.
3001 3715 3152 3785 imp.)
3199 3715 3351 3782 Quod
3397 3716 3632 3785 suspecti
3675 3726 3735 3770 et

2148 3793 2349 3862 inimici
2395 3805 2605 3874 judices
2633 3821 2751 3862 esse
2781 3820 2884 3860 non
2930 3803 3178 3870 debeant,
3219 3816 3274 3860 et
3305 3807 3421 3878 ipsa
3461 3806 3598 3860 ratio
3643 3805 3732 3859 di-

2149 3906 2280 3960 ctat,
2309 3906 2363 3950 et
2390 3896 2632 3965 plurimis
2664 3895 2920 3965 probatur
2964 3895 3245 3964 exemplis.
3278 3895 3415 3950 Nam
3444 3896 3572 3967 quid
3599 3911 3730 3966 gra-

2151 3986 2256 4039 tius
2277 3995 2332 4039 et
2357 3985 2640 4039 amabilius
2676 3985 2804 4038 dare
2848 3984 2968 4052 quis
2999 3985 3213 4038 inimico
3255 3993 3454 4054 potest,
3490 4001 3653 4055 quam
3683 3987 3734 4039 si

2149 4073 2199 4128 ei
2247 4074 2313 4128 ad
2361 4073 2722 4145 impetendum
2757 4073 3109 4139 commiserit,
3139 4088 3300 4143 quem
3354 4073 3548 4128 laedere
3592 4073 3732 4128 forte

2150 4162 2402 4219 voluerit.

2223 4252 2355 4306 VIII.
2385 4251 2459 4320 (5,
2489 4267 2542 4322 q.
2571 4252 2626 4319 9,
2645 4251 2884 4322 Revera.)
2909 4252 3112 4308 Revera
3135 4251 3314 4320 justus
3335 4251 3597 4306 mediator
3621 4266 3738 4306 non

2149 4348 2254 4404 est,
2298 4341 2389 4410 qui
2431 4357 2538 4396 uno
2583 4342 2841 4412 litigante,
2870 4350 2924 4395 et
2959 4341 3128 4395 altero
3173 4342 3414 4407 absente,
3446 4342 3730 4395 amborum

2153 4441 2493 4503 emergentes
2518 4431 2636 4487 lites
2666 4432 2914 4486 decidere
2945 4447 3048 4485 non
3076 4431 3346 4486 formidat.

522 4534 586 4592 "I.
644 4540 804 4610 (Dist.
836 4539 924 4606 I2,
948 4556 998 4595 c.
1029 4539 1304 4610 Inferior.)
1350 4541 1575 4595 Inferior
1603 4540 1758 4596 sedes
1786 4541 2046 4610 potiorem

2171 4562 2187 4586 ,
2224 4521 2314 4576 IX.
2346 4521 2526 4592 (lbid.,
2561 4537 2612 4578 c.
2649 4521 2946 4593 Indicant.)
2996 4523 3203 4578 Indicas
3225 4522 3591 4578 IIermannum
3618 4523 3734 4591 cpio

471 4632 769 4697 absolvere,
797 4644 891 4686 aut
915 4633 1113 4700 judicio
1142 4633 1308 4704 ligare
1331 4647 1437 4687 non
1467 4641 1660 4702 potest,
1693 4649 1793 4688 nec
1821 4634 2053 4704 propriis

473 4722 877 4780 diﬂinitionibus
900 4725 1204 4794 subjugare.

542 4814 606 4869 II.
653 4817 830 4885 (lbid.,
860 4833 909 4871 c.
942 4815 1160 4886 Nolite.)
1191 4816 1354 4870 Filios
1392 4815 1534 4870 circa
1583 4814 1912 4884 spiritualem
1960 4832 2054 4885 pa-

476 4913 635 4968 trem,
664 4915 721 4958 ut
758 4906 1046 4977 discipulos
1090 4921 1214 4976 erga
1247 4907 1585 4974 magistrum,
1635 4907 1706 4958 ita
1757 4905 1964 4960 sobrios
1990 4921 2054 4960 ac

477 4995 698 5048 devotos
743 5011 862 5050 esse
906 4997 1080 5060 decet,
1125 5006 1186 5051 ut
1215 4997 1356 5050 nulla
1391 4997 1604 5069 penitus
1651 4996 1948 5051 temeritate
1983 4995 2051 5051 ad

475 5099 662 5138 eorum
693 5085 858 5138 vitam
889 5086 1305 5154 dijudicandam,
1333 5102 1435 5143 nec
1488 5087 1678 5142 saltem
1707 5085 1940 5142 tenuiter
1968 5102 2054 5142 re-

474 5174 930 5246 prehendendam,
968 5179 1273 5246 prosiliant.
1949 5189 1954 5194 “

547 5268 632 5324 III.
665 5267 845 5340 (lbid.,
871 5283 922 5321 c.
950 5269 1150 5341 Nunc.)
1183 5269 1296 5323 Non
1327 5276 1504 5339 potest
1528 5269 1812 5338 quisquam
1843 5268 1946 5322 rite
1984 5269 2054 5325 ab

478 5361 566 5416 his
595 5359 686 5430 qui
718 5356 990 5413 inferioris
1015 5360 1217 5413 ordinis
1244 5359 1328 5415 vel
1354 5359 1630 5428 dignitatis
1656 5367 1801 5422 sunt,
1827 5357 2055 5424 judicia-

479 5451 619 5507 libus
649 5449 890 5507 submitti
917 5447 1344 5504 dillinitionibus.
1377 5450 1527 5505 Unde
1579 5451 1778 5504 factum
1803 5459 1889 5505 est
1915 5459 1972 5502 ut
1999 5451 2055 5506 in

480 5543 707 5600 concilio
755 5543 1128 5614 episc0porum
1156 5541 1330 5594 nullus
1359 5543 1411 5596 in
1442 5542 1809 5600 Marcellinum
1839 5557 2052 5610 papam,

481 5634 572 5703 qui
605 5643 843 5704 tempore
883 5633 1199 5690 Diocletiani
1241 5645 1296 5680 et
1341 5633 1647 5689 maximiani
1691 5637 2056 5707 Augustorum

486 5724 638 5782 idolis
674 5727 979 5796 compulsus
1033 5724 1448 5786 sacriﬁcaverat,
1487 5726 1579 5777 sed
1625 5737 1804 5795 postea
1835 5727 2056 5795 insignis

2156 4629 2378 4684 sc0pum
2406 4630 2568 4685 super
2609 4615 2927 4686 quibusdam
2973 4615 3284 4685 frequenter
3313 4614 3480 4668 fuisse
3511 4629 3733 4668 accusa-

2155 4715 2267 4761 tum
2299 4725 2310 4758 :
2339 4721 2436 4775 pro
2454 4708 2667 4776 quibus,
2694 4706 2818 4775 quia
2848 4723 2912 4761 ex
2942 4716 3095 4777 parte
3115 4708 3287 4778 ipsius
3304 4720 3531 4777 persona
3555 4707 3734 4768 deest,

2158 4811 2257 4849 nos
2301 4795 2559 4864 uni'parti
2601 4796 2666 4848 ad
2692 4794 2984 4850 discrimen
3029 4795 3251 4851 alterius
3296 4795 3517 4851 credere
3546 4793 3735 4866 procul

2159 4882 2320 4938 dubio
2349 4899 2454 4938 non
2483 4899 2788 4953 possumus.

2229 4973 2296 5028 X.
2327 4973 2504 5044 (lbid.,
2549 4990 2598 5029 c.
2631 4974 2684 5039 6,
2733 4975 2790 5028 Si
2819 4974 3000 5047 forte.)
3039 4974 3268 5030 Necesse
3311 4983 3393 5030 est
3436 4974 3735 5028 secundum

2155 5081 2430 5122 sacrarum
2463 5067 2862 5136 Scripturarum
2911 5067 3311 5130 documentum,
3342 5081 3406 5120 ac
3435 5064 3735 5119 secundum

2150 5155 2373 5226 iustitia:
2403 5157 2692 5221 tramitem,
2722 5165 2776 5210 et
2809 5165 3117 5212 accusatum
3146 5165 3202 5211 et
3244 5167 3612 5210 accusatorem
3657 5154 3733 5207 si-

2157 5249 2267 5303 mul
2296 5249 2506 5316 adesse,
2534 5258 2588 5304 et
2612 5264 2770 5304 unam
2799 5259 3033 5318 partem,
3081 5258 3492 5318 quantacunque
3519 5255 3574 5301 et
3600 5261 3734 5315 qua-

2155 5339 2406 5409 licunque
2453 5341 2674 5410 praedita
2704 5341 2775 5395 sit
2801 5340 3138 5404 auctoritate,
3173 5339 3252 5394 sic
3295 5353 3518 5408 prorsus
3558 5336 3733 5391 audiri

2157 5439 2216 5484 ut
2241 5431 2396 5486 alteri
2428 5431 2568 5502 parti
2597 5431 2796 5485 nullum
2827 5431 3192 5501 prtejudicium
3224 5430 3513 5500 irrogetur.

2231 5539 2319 5596 XI.
2353 5541 2427 5611 (4,
2458 5559 2512 5610 q.
2549 5543 2598 5605 ί,
2628 5557 2675 5596 c.
2707 5541 2762 5605 2,
2797 5540 3024 5595 Michael
3047 5541 3196 5612 imp.)
3228 5541 3504 5598 Haereticis
3542 5557 3648 5597 non
3669 5542 3758 5595 Ii-.
3787 5569 3796 5580 ο

2158 5639 2244 5686 cet
2293 5631 2663 5700 accusationes
2709 5639 2893 5686 contra
2943 5631 3268 5692 ortliodoxos
3316 5631 3594 5700 episcopos
3635 5644 3738 5697 pro

2160 5723 2536 5778 ert-lesiasﬁt-is
2582 5723 2757 5776 facere
2783 5721 3025 5794 negotiis.
3061 5721 3346 5774 Ilattrcliros
3384 5728 3559 5773 autem
3601 5718 3738 5773 dici-

3921 1170 3925 1258 Ν

3925 1274 3929 1384 ‘l

3935 1670 3941 1792 ι
