4060 6338
395 237 539 293 1185

1394 233 1706 288 DECRETA
1747 233 1838 289 EX
1872 234 2226 292 GRATIANO
2262 235 2645 292 COLLECTA.

3512 244 3652 298 H86

391 369 521 408 mus
568 362 675 406 tam
711 366 805 406 eos
845 350 934 420 qui
980 350 1106 402 olim
1161 349 1229 401 ab
1262 331 1498 401 Ecclesia
1548 347 1770 417 projecti
1823 356 1966 410 sunt,
1999 355 2045 410 Α
2075 361 2180 400 non
2209 361 2345 416 papa
2397 349 2476 402 vel
2525 349 2879 416 apostolicus,
2936 351 3028 405 sed
3078 352 3406 419 apostaticus
3457 353 3655 408 habea-

389 461 559 515 quam
605 444 696 512 qui
745 451 865 513 post
908 444 1011 496 hoc
1059 457 1088 494 a
1141 440 1295 494 nobis
1341 439 1776 492 anathematizati
1824 448 1967 492 sunt.

387 534 603 588 Praeter
635 533 731 587 hos
752 541 929 585 autem
960 539 1014 585 et
1036 543 1128 584 eos
1155 529 1246 598 qui
1273 529 1428 582 tidem
1453 543 1638 583 sanam
1669 535 1864 598 negant
1889 525 1972 580 vel

393 621 652 676 simulant
681 620 948 674 conliteri.

466 710 578 764 ΧΠ.
613 711 687 779 (4,
719 726 774 779 q.
805 710 858 774 4,
890 725 939 765 c.
970 709 1089 779 lin.)
1112 709 1310 764 Contra
1352 710 1512 763 ritum
1546 708 1970 764 ecclesiasticum

389 813 687 874 contraque
713 804 1042 858 venerandus
1065 802 1210 870 leges
1238 804 1551 871 producitur
1575 810 1859 856 accusator
1885 799 1970 853 vel

391 893 549 946 testis
577 893 642 946 de
672 892 1035 960 imperialibus
1059 893 1282 955 aedibus,
1309 901 1364 946 et
1388 893 1472 947 cui
1495 892 1745 962 imperari
1774 897 1966 960 potest,

392 983 462 1034 ad
507 982 700 1036 falsum
746 984 1030 1038 dicendum
1074 983 1438 1038 testiinonium
1486 983 1802 1046 adhibetur;
1837 983 1969 1036 liunt

388 1073 626 1142 suspecti
653 1071 889 1140 judices;
911 1081 968 1126 et
986 1072 1118 1142 'lupi,
1149 1073 1416 1126 custodes.

468 1163 599 1217 ΧιῐΙ.
635 1163 708 1234 (6,
737 1178 789 1232 q.
819 1164 874 1228 1,
902 1163 1054 1228 Quod
1083 1164 1206 1218 bene
1235 1161 1423 1216 Carolo
1461 1161 1567 1232 regi
1597 1158 1966 1230 Francorum.)

387 1253 543 1320 Quod
573 1255 706 1307 bene
751 1253 920 1308 semel
967 1251 1250 1307 dil‘linitum
1293 1262 1394 1314 est,
1425 1259 1480 1306 et
1525 1252 1853 1321 interpositis
1882 1249 1969 1317 ju-

389 1344 652 1398 ramentis
696 1343 1067 1409 deliberatum,
1123 1344 1263 1399 nulla
1319 1346 1478 1399 debet
1500 1345 1815 1408 iteratione,
1863 1343 1966 1400 nisi

387 1434 637 1490 fortassis
665 1435 754 1490 ubi
781 1436 942 1489 fuerit
969 1451 1140 1504 major
1167 1437 1481 1500 auctoritas,
1519 1435 1824 1489 retractari.

460 1525 598 1580 XIV.
645 1527 759 1597 (24,
790 1541 844 1595 q.
880 1527 929 1588 l,
954 1527 1040 1579 Ait
1075 1525 1237 1579 Mich.
1285 1527 1411 1594 imp.
1443 1527 1688 1595 August.)
1713 1525 1804 1578 Ait
1846 1523 1970 1580 Cm-

384 1614 612 1670 lestinus
661 1631 828 1685 papa,
878 1614 1244 1670 Orientalibus
1293 1615 1558 1684 cpiseopis
1590 1613 1964 1669 scribens:Si

2073 449 2179 492 tur.
2221 441 2510 510 Liceatque
2559 443 2920 497 cardinalibns
2955 453 3009 498 et
3056 445 3174 498 aliis
3221 445 3432 500 clreicis
3483 445 3651 500 Deum

2074 530 2406 595 timentibus,
2455 540 2510 586 et
2554 532 2726 597 laicis,
2782 533 3088 589 iuvasorem
3135 535 3281 589 illum
3327 536 3652 590 anathema-

2071 621 2278 687 tizare,
2323 629 2379 676 et
2425 623 2659 677 humano
2706 623 2906 680 auxilio
2951 640 2982 679 a
3023 626 3149 680 sede
3198 625 3492 694 apostolica
3536 626 3651 696 pel:-

2065 709 2202 764 lere.

2138 798 2224 852 lll.
2273 800 2440 869 (Dist.
2489 801 2578 864 97,
2614 816 2665 856 c.
2721 801 2914 856 Ludov.
2952 802 3113 873 imp.)
3169 802 3319 859 Licet
3370 820 3651 874 nunquam

2069 891 2376 960 apostolica:
2399 893 2541 946 sedis
2590 895 2781 948 modus
2819 893 2980 949 fuerit
3025 884 3228 964 absque
3262 897 3488 966 signatis
3533 901 3652 968 api-

2068 980 2220 1034 cibus
2247 981 2600 1050 undecunque
2637 982 2957 1051 legationem
2998 983 3289 1054 suscipere,
3333 1001 3429 1040 nos
3469 995 3651 1041 tamen

2067 1069 2450 1125 sublimitatem
2477 1081 2710 1126 vestram
2759 1073 2810 1126 in
2859 1072 3189 1129 nobilissimo
3235 1075 3350 1130 viro
3395 1091 3459 1130 ac
3515 1085 3653 1132 stre-

2067 1175 2175 1214 nuo
2214 1161 2385 1229 legato
2436 1173 2616 1218 vestro
2661 1165 3008 1229 honorantes,
3061 1167 3283 1236 ejusque
3326 1169 3648 1236 gravitatem

2065 1255 2122 1300 et
2145 1248 2476 1317 eloquiorum
2510 1251 2652 1305 illius
2673 1252 2937 1307 veridicas
2969 1266 3354 1320 cognoscentes
3383 1257 3644 1310 assertio—

2066 1351 2184 1399 nes,
2208 1338 2376 1394 nihilo
2401 1339 2579 1395 minus
2601 1355 2722 1396 eum
2755 1341 2956 1411 absque
2985 1343 3208 1412 epistola
3258 1354 3437 1399 vestra
3463 1361 3646 1400 susce-

2065 1443 2265 1498 pimus.
3300 1459 3304 1462 -

2134 1517 2222 1571 ιν.
2259 1517 2334 1589 (1,
2366 1533 2419 1588 q.
2457 1521 2479 1573 1
2510 1529 2564 1575 et
2587 1520 2640 1586 9,
2674 1537 2728 1591 q.
2755 1521 2809 1586 5,
2841 1537 2890 1576 c.
2939 1521 3040 1574 Per
3062 1521 3422 1592 principalem.
3473 1522 3635 1577 Miclt.

2065 1607 2215 1678 imp.)
2232 1607 2335 1663 Per
2354 1609 2704 1680 principalem
2729 1613 3004 1666 beatorum
3024 1615 3386 1681 apostolorum
3416 1613 3554 1668 Petri
3585 1622 3641 1668 et

383 1709 509 1777 quis
536 1709 604 1762 ab
631 1711 880 1777 episcopo
926 1707 1198 1766 Nestorio.
1227 1707 1309 1762 vel
1349 1709 1418 1761 ab
1442 1706 1560 1761 aliis
1593 1707 1684 1774 qui
1730 1722 1850 1760 eum
1883 1721 1964 1760 se-
1993 1697 2038 1756 B
2065 1696 2214 1752 Pauli
2267 1699 2530 1764 dextram,
2563 1709 2619 1754 et
2647 1709 2964 1769 potestatem
3001 1711 3055 1756 et
3079 1703 3170 1778 jus
3204 1703 3483 1768 habemus,
3532 1717 3639 1757 non

382 1812 644 1870 quuntur,
673 1817 736 1856 ex
771 1818 877 1872 quo
905 1802 1036 1855 talia
1071 1802 1366 1872 praedicare
1410 1809 1712 1870 casperunt,
1759 1801 1842 1854 vel
1869 1817 1964 1855 ex-

381 1881 811 1948 communicatus
838 1893 918 1948 vel
949 1905 1140 1946 exutus
1171 1902 1256 1947 est
1297 1907 1390 1946 seu
1437 1892 1697 1946 antistitis
1733 1906 1826 1947 seu
1856 1891 1962 1946 cle-

383 1982 482 2036 rici
525 1981 802 2051 dignitate,
837 1980 889 2035 in
935 1992 1118 2035 nostra
1156 1981 1304 2034 hunc
1333 1981 1712 2034 communione
1740 1981 1962 2036 durasse

380 2081 438 2124 et
464 2072 659 2127 durare
687 2071 1029 2124 manifestum
1064 2079 1174 2124 est.
1208 2069 1314 2125 Nec
1333 2071 1640 2140 judicamus
1669 2085 1790 2123 eum
1838 2085 1960 2125 esse

379 2173 664 2224 remotum,
713 2163 838 2232 quia
881 2177 986 2215 non
1034 2170 1246 2231 poterat
1288 2175 1611 2230 quemquam
1643 2159 1756 2228 ejus
1783 2177 1960 2215 remo-

379 2265 508 2304 vere
535 2253 822 2318 sententia,
856 2252 946 2321 qui
970 2250 1083 2320 jam
1107 2267 1166 2306 se
1203 2252 1508 2320 prtebuerat
1537 2252 1652 2322 ipse
1680 2266 1962 2307 removen-

379 2340 529 2394 dum.

451 2430 567 2485 XV.
597 2431 708 2504 ('55,
739 2446 794 2502 q.
837 2430 892 2496 2,
922 2429 1178 2485 Historia.
1210 2429 1398 2485 Carolo
1443 2432 1550 2500 regi
1578 2429 1955 2501 Francorum.)

378 2517 610 2574 Historia
632 2521 993 2575 ecclesiastica
1015 2523 1082 2576 ab
1100 2521 1328 2575 Eusebio
1352 2520 1680 2575 Cmsareensi
1704 2521 1954 2590 episcopo

377 2610 646 2676 confecta,
678 2613 743 2665 de
767 2612 989 2666 muliere
1016 2614 1245 2681 quadam
1275 2627 1393 2680 qua:
1417 2611 1483 2665 de
1509 2611 1762 2665 castitate
1784 2626 1812 2664 a
1840 2626 1956 2666 ma-

378 2701 484 2755 rito
507 2703 881 2761 accusabatur.
909 2703 985 2756 ait
1010 2720 1021 2756 :
1049 2701 1382 2772 Praeceptum
1409 2711 1492 2756 est
1513 2702 1580 2755 ab
1605 2703 1949 2772 imperatore,

377 2792 495 2863 lege
527 2793 653 2855 lata,
679 2802 736 2847 ut
764 2795 936 2862 primo
959 2796 1360 2864 permitteretur
1383 2793 1431 2847 ei
1479 2809 1591 2848 rem
1631 2792 1950 2849 familiarem

373 2882 543 2937 libere
593 2885 791 2938 diutius
838 2886 1122 2947 ordinare,
1159 2892 1287 2938 tunc
1340 2885 1552 2939 demum
1608 2887 1951 2951 responderet

370 2973 615 3040 objectis.
665 2973 774 3026 Hoc
805 2988 991 3027 omnes
1031 2973 1172 3044 leges
1219 2981 1326 3026 tam
1375 2973 1750 3029 ecclesiasticae
1783 2990 1941 3043 quam

2065 1787 2237 1842 solum
2267 1789 2320 1843 in
2366 1791 2676 1856 monachos,
2705 1806 2889 1846 verum
2927 1793 3090 1847 etiam
3132 1792 3186 1846 in
3228 1793 3494 1861 quoslibet
3531 1794 3641 1848 cle-

2062 1880 2206 1936 ricos
2234 1881 2301 1936 de
2323 1895 2641 1952 quacunque
2669 1882 2908 1947 ditecesi,
2939 1896 3061 1937 cum
3093 1898 3310 1939 necesse
3339 1883 3522 1947 fuerit,
3551 1895 3640 1938 at-

2061 1985 2166 2040 que
2188 1971 2569 2027 ecclesiasticis
2594 1973 2931 2043 exigentibus
2955 1973 3465 2043 opportunitatibus,
3503 1974 3638 2028 invi-

2062 2069 2196 2116 tare.

2134 2149 2194 2204 V.
2253 2151 2332 2220 (2
2364 2191 2379 2216 ,
2419 2167 2472 2221 q.
2507 2152 2558 2206 6.
2588 2153 2787 2222 Arguta
2850 2151 3128 2207 Rhemensi
3175 2153 3582 2225 archiepiscopo.
3615 2155 3636 2227 )

2056 2238 2261 2310 Arguta
2309 2241 2569 2311 sapientia
2613 2251 2701 2296 tua
2736 2244 3014 2299 materiam
3061 2244 3410 2315 depositionis
3447 2248 3638 2301 adver«

2057 2345 2149 2384 sus
2195 2331 2497 2387 Rothadum
2543 2335 2854 2403 assumpsit,
2885 2343 2939 2389 et
2987 2334 3056 2388 ab
3097 2335 3290 2389 itinere
3328 2337 3636 2405 apostolica

2057 2422 2200 2475 sedis
2247 2423 2493 2485 removit,
2546 2431 2598 2476 et
2644 2424 2995 2478 tontinuatim
3048 2424 3397 2493 apostolicam
3448 2427 3634 2480 sedem

2056 2510 2412 2579 appellantem
2459 2513 2750 2577 damnavit,
2782 2522 2836 2569 et
2879 2515 3138 2569 carcerali
3181 2506 3442 2571 custodite
3483 2532 3635 2570 man-

2056 2598 2272 2667 cipavit.
2310 2599 2594 2670 Privilegia
2630 2613 2806 2657 tamen
2855 2603 3160 2672 apostolica:
3189 2605 3330 2659 sedis
3359 2620 3455 2659 vos
3493 2604 3633 2658 obli-

2052 2689 2195 2744 vioni
2230 2693 2442 2745 tradere
2485 2692 2632 2746 nullo
2671 2693 2830 2749 modo
2867 2695 3209 2761 debuissetis,
3238 2695 3433 2766 quibus
3473 2711 3633 2751 vene-

2053 2781 2204 2835 randi
2233 2797 2465 2837 canones
2483 2781 2684 2851 judicia
2714 2784 2874 2839 totius
2894 2785 3146 2842 Ecclesiae
3167 2787 3234 2842 ad
3267 2788 3405 2842 hanc
3433 2786 3631 2842 deferri

2045 2871 2252 2942 jubent.

2122 2963 2206 3017 Vl.
2237 2963 2311 3035 (6,
2337 2981 2391 3035 q.
2423 2964 2476 3032 3,
2504 2963 2676 3020 Patet.
2707 2966 2868 3022 Mica.
2902 2969 3051 3040 imp.)
3082 2969 3232 3025 Patet
3272 2970 3512 3041 profecto
3537 2985 3622 3026 se-

370 3063 621 3132 vulgares
650 3063 978 3132 publicaeque
1008 3042 1344 3133 praecipiunt.
1394 3063 1450 3118 Si
1492 3073 1668 3118 autem
1711 3042 1944 3118 deimu-

2046 3053 2129 3108 dis
2149 3055 2476 3122 apostolicae,
2508 3054 2658 3125 cujus
2687 3059 3006 3113 auctoritate
3035 3058 3208 3129 majus
3249 3077 3355 3116 non
3395 3071 3498 3128 est,
3534 3079 3626 3133 ju-

371 3153 592 3209 lieribus
635 3163 689 3208 et
739 3154 1081 3208 saecularibus
1123 3155 1254 3208 viris
1301 3154 1412 3209 haec
1459 3155 1746 3209 constituta
1799 3163 1942 3220 sunt,

368 3243 538 3298 multo
568 3244 734 3312 magis
753 3243 1132 3300 ecclesiasticis
1162 3244 1468 3299 hominibus
1491 3252 1545 3300 et
1574 3245 1944 3301 sacerdotibus

368 3343 488 3388 sunt
525 3349 802 3390 concessa.

440 3423 574 3480 xw.
605 3425 782 3494 (lbid.,
807 3441 855 3481 c.
884 3425 1023 3481 Sive.
1056 3426 1284 3498 Eidem.)
1310 3427 1434 3482 Sive
1460 3428 1526 3482 de
1570 3427 1800 3498 conjugii
1845 3428 1944 3482 roe—

267 3507 293 3556 Ῑ
367 3515 493 3568 dere
537 3517 650 3570 sive
679 3518 744 3569 de
773 3517 1017 3569 adulterii
1069 3518 1295 3570 crimine
1339 3517 1600 3584 judicium
1627 3519 1938 3584 agitandum

367 3608 454 3671 sit,
488 3607 627 3661 nulla
673 3608 809 3660 ratio
837 3608 1038 3675 patitur
1083 3606 1478 3677 Theutbcrgam
1519 3623 1639 3661 cum
1685 3607 1942 3663 Lothario

365 3711 522 3763 posse
572 3696 709 3750 inire
753 3706 1046 3757 certamen,
1099 3696 1200 3749 nisi
1243 3697 1390 3765 prius
1417 3697 1484 3750 ad
1532 3705 1739 3766 tempus
1779 3697 1944 3753 fuerit

367 3787 571 3840 reddita
623 3801 732 3840 sua:
789 3786 1079 3854 potestati,
1139 3796 1192 3840 et
1249 3786 1658 3856 consanguineis
1711 3787 1941 3856 propriis

366 3875 530 3929 libere
571 3877 793 3930 sociata.
834 3876 1017 3945 Itaque
1062 3876 1225 3930 etiam
1276 3876 1424 3931 locus
1453 3877 1812 3946 providendus
1833 3864 1943 3943 est,

367 3969 416 4021 in
443 3983 550 4036 quo
579 3968 721 4021 nulla
755 3969 832 4022 vis
865 3969 1218 4022 multitudinis
1248 3967 1584 4034 formidetur,
1615 3983 1683 4024 ne
1721 3969 1791 4023 sit
1831 3968 1936 4022 dif-

367 4056 502 4110 licile
555 4065 716 4112 testes
762 4057 1054 4126 producere
1097 4057 1178 4110 vel
1224 4065 1448 4112 caeteras
1501 4072 1778 4126 personas,
1819 4073 1938 4127 qua:

365 4157 468 4201 tam
495 4166 524 4202 a
549 4150 750 4203 sanctis
772 4149 1062 4202 canonibus
1082 4163 1244 4218 quam
1273 4165 1303 4200 a
1336 4149 1652 4204 venerandis
1677 4149 1936 4206 Romanis
1965 4183 1967 4186 ‹

364 4238 565 4308 legibus
595 4240 649 4294 in
679 4238 980 4309 hujusmodi
1013 4240 1392 4294 controversiis
1424 4241 1790 4309 requiruntur.

448 4370 522 4424 De
547 4370 785 4424 Romana
815 4368 1048 4424 Ecclesia
1077 4379 1123 4423 et
1150 4369 1268 4422 sede
1292 4368 1596 4438 apostolica,
1627 4369 1708 4422 tit.
1730 4367 1759 4421 I
1779 4366 1861 4437 γε

427 4506 466 4560 1.
507 4506 663 4576 (Dist.
691 4506 782 4570 22,
824 4521 873 4560 c.
918 4507 968 4571 1,
1005 4504 1524 4575 Mediolanensibus.)
1568 4507 1787 4573 Omnes,
1817 4508 1932 4564 sive

359 4599 678 4668 patriarcha:
707 4598 989 4668 cujuslibet
1017 4604 1243 4670 apicem,
1269 4601 1381 4657 sive
1403 4602 1711 4673 metropolis
1729 4604 1931 4674 prima-

360 4697 459 4754 tus,
507 4699 593 4742 aut
645 4691 1046 4760 episcopatuum
1100 4693 1404 4758 cathedras,
1455 4691 1538 4747 vel
1581 4694 1928 4749 ecclesiarum

359 4779 721 4849 cujuscunque
745 4781 950 4834 ordinis
972 4782 1286 4851 dignitatem
1316 4782 1548 4836 instituit
1572 4783 1809 4837 Romana
1835 4785 1930 4840 Ec-

358 4871 534 4924 clesia.
571 4869 718 4923 Illam
748 4885 877 4925 vero
919 4871 1063 4924 solus
1109 4871 1220 4940 ipse
1257 4871 1516 4937 fundavit,
1548 4881 1602 4927 et
1643 4888 1799 4943 supra
1832 4891 1928 4944 pe-

357 4969 486 5014 tram
529 4959 650 5014 ﬁdei
697 4976 818 5014 mox
867 4963 1143 5016 nascentis
1182 4963 1375 5026 erexit,
1405 4963 1496 5032 qui
1542 4962 1701 5018 beato
1744 4964 1924 5031 Petro,

357 5061 566 5105 :etcrnze
585 5051 710 5104 vitae
740 5051 1032 5120 clavigero,
1059 5052 1257 5105 terreni
1283 5051 1443 5106 simul
1479 5059 1534 5106 et
1559 5051 1795 5107 caelestis
1821 5053 1924 5107 im-

356 5141 479 5210 perii
496 5140 620 5208 jura
651 5142 921 5196 commisit
945 5141 1162 5212 (Matth.
1189 5143 1322 5212 xvi).

335 5271 340 5280 ι
419 5233 478 5287 ll.
515 5234 671 5303 (Dist.
706 5232 792 5299 79,
825 5249 874 5287 c.
903 5234 951 5297 1,
982 5233 1041 5288 Si
1067 5235 1182 5304 quis
1225 5235 1488 5304 pecunia.)
1519 5233 1575 5290 Si
1608 5235 1729 5304 quis
1766 5250 1927 5304 pecu-

356 5328 435 5382 nia
472 5329 557 5384 vel
611 5329 782 5400 gra'tia
829 5329 1080 5394 humana,
1129 5338 1221 5383 aut
1268 5311 1980 5401 populari‘seumilitari."

359 5422 595 5486 tumultu,
627 5422 935 5492 apostolica:
969 5421 1078 5476 sedi
1124 5422 1240 5476 sine
1287 5422 1540 5476 concordi
1571 5429 1626 5476 et
1667 5401 1964 5498 canonici.“

359 5511 607 5566 electione
640 5511 993 5568 cardinali’um
1037 5510 1151 5580 ejus
1192 5503 1442 5567 Ecclesiae
1487 5510 1792 5566 ae-deinde
1843 5503 1926 5566 εό-

360 5605 626 5673 quentium
639 5617 659 5632 "
676 5607 1004 5666 clericorum
1061 5603 1436 5692 religioSOrtinr
1450 5688 1460 5692 δ
1475 5604 1884 5691 ridthrouiitilt'ur
1910 5599 1948 5672 ζ’

2047 3142 2244 3198 dicium
2274 3159 2305 3198 a
2335 3145 2550 3200 nemine
2578 3146 2694 3201 fore
2723 3150 3150 3215 retractandum,
3178 3165 3353 3221 neque
3375 3155 3629 3224 cuiquam

2045 3233 2111 3288 de
2141 3233 2258 3304 ejus
2297 3235 2458 3290 liceat
2488 3234 2734 3305 judicare
2755 3238 2980 3308 judicio.
3025 3239 3134 3293 Nec
3164 3241 3228 3295 de
3271 3241 3386 3312 ejus
3425 3241 3629 3310 judicio

2045 3338 2282 3379 canones
2311 3341 2546 3396 unquam
2582 3338 2952 3398 praeceperunt
2995 3329 3248 3399 judicari,
3277 3333 3629 3388 sententiam-

2043 3432 2147 3486 que
2188 3417 2330 3473 illius
2368 3421 2763 3476 constituerunt
2791 3437 2896 3477 non
2927 3433 3179 3492 oportere
3205 3424 3448 3493 dissolvi,
3475 3426 3628 3496 cujus

2039 3509 2216 3575 potius
2236 3509 2507 3578 sequenda
2537 3510 2752 3564 decreta
2783 3512 3192 3567 mandaverunt.

2114 3594 2223 3649 vn.
2258 3597 2365 3667 (15,
2396 3613 2449 3666 q.
2478 3597 2533 3662 6,
2568 3615 2618 3654 c.
2665 3599 2721 3664 2,
2751 3599 3021 3670 Episcopis
3054 3600 3286 3672 Galliw.)
3321 3583 3625 3661 Auctorita-

2043 3693 2150 3738 tem
2182 3687 2572 3741 venerabilium
2604 3689 3058 3758 praedecessorum
3082 3702 3384 3746 nostrorum
3429 3697 3620 3762 secuti,

2041 3787 2093 3832 et
2123 3777 2438 3832 nominatim
2469 3778 2758 3833 beatissimi
2784 3796 2934 3850 βψω
2971 3789 3027 3836 et
3054 3783 3307 3852 martyris
3331 3773 3620 3841 Aleiandri

2039 3870 2230 3939 quinti,
2263 3887 2290 3923 a
2315 3871 2472 3925 beato
2502 3869 2684 3936 Petro,
2712 3871 2780 3926 ab
2807 3872 3055 3926 omnibus
3090 3870 3414 3940 juramentis
3453 3886 3508 3930 et
3527 3893 3620 3930 cu-

2033 3959 2333 4029 juscunque
2383 3961 2833 4031 obligationibus,
2886 3963 3082 4032 quibus
3131 3964 3206 4018 illi
3256 3980 3392 4031 sese,
3445 3968 3618 4023 coacti

2039 4050 2288 4106 violentia
2316 4052 2622 4122 impiorum,
2653 4052 3048 4123 obligaverunt,
3094 4055 3438 4122 absolvimus,
3469 4068 3523 4113 et
3549 4075 3618 4113 ne

2037 4143 2125 4196 illa
2152 4151 2436 4198 serventur
2456 4145 2748 4210 vetuimns,
2785 4153 2888 4198 tam
2933 4146 3391 4218 archiepiscopum
3423 4148 3614 4205 Trevi-

2037 4251 2245 4290 rensem
2279 4250 2440 4304 quam
2483 4234 2600 4304 ejus
2626 4235 2993 4305 praepositum,
3035 4246 3089 4291 et
3126 4254 3313 4293 onmes
3349 4240 3438 4308 qui
3488 4249 3614 4296 tunc

2037 4324 2290 4392 temporis
2340 4324 2482 4394 capti
2527 4338 2586 4378 se
2637 4323 2744 4378 illis
2794 4326 3170 4393 quoquomodo
3217 4326 3608 4395 obligaverunt.

1999 4413 2216 4486 TNeque
2246 4416 2407 4471 ullam
2435 4432 2528 4472 eos
2565 4417 2791 4488 proinde
2818 4416 3095 4473 infamiam
3133 4419 3217 4472 vel
3261 4418 3612 4486 calumniam,

2033 4518 2126 4564 aut
2171 4525 2200 4563 a
2249 4508 2362 4563 suis
2391 4509 2548 4564 bonis
2592 4510 3074 4578 sequestrationem
3105 4525 3362 4579 unquam,
3389 4522 3614 4568 auctore

2033 4601 2144 4656 Deo
2171 4609 2226 4655 et
2253 4601 2460 4656 sanctis
2480 4601 2738 4670 apostolis
2763 4611 2820 4656 et
2862 4600 3064 4655 nostris
3105 4602 3609 4668 praedecessoribus,

2031 4693 2299 4747 sustinere
2350 4690 2731 4760 permittimus,
2759 4690 2897 4744 sicut
2943 4702 3039 4758 per
3081 4691 3394 4758 prophetam
3432 4691 3612 4746 Domi-

2030 4797 2132 4837 nus
2166 4783 2294 4838 dicit
2325 4801 2338 4836 :
2374 4780 2610 4835 Dissolvc
2635 4779 2991 4849 colligationes
3016 4778 3320 4849 impietatis,
3343 4790 3449 4836 etc.
3470 4781 3606 4852 (Isa.

2031 4874 2206 4943 Lvm).

2103 4962 2232 5018 V'lll.
2283 4962 2392 5032 (l7,
2418 4975 2474 5029 q.
2508 4959 2562 5024 Δ,
2611 4958 2842 5014 Nemini.
2884 4958 3138 5014 Omnibus
3171 4959 3352 5030 cpisc.)
3393 4959 3606 5017 Nemini

2029 5065 2115 5110 est
2161 5053 2226 5107 de
2255 5052 2397 5108 sedis
2437 5049 2746 5119 apostolica:
2780 5048 2982 5118 judicio
3013 5048 3259 5118 judicare
3283 5091 3298 5114 ,
3335 5060 3430 5105 aut
3463 5050 3606 5108 illius

1977 5153 1980 5158 '
2030 5144 2354 5200 sententiam
2393 5151 2688 5196 retractare
2722 5142 3041 5219 permissum
3062 5181 3077 5205 ,
3108 5141 3357 5197 videlicet
3384 5153 3606 5213 propter

2031 5235 2287 5289 Romana:
2337 5231 2592 5287 Ecclesiae
2632 5223 2968 5300 primatum",
3018 5230 3224 5307 Christi
3279 5246 3500 5286 munere
3548 5232 3606 5286 in

2032 5323 2191 5379 beato
2212 5323 2378 5377 Petro
2391 5319 2654 5391 'apos‘tOlO‘
2669 5318 3226 5375 divinitus-collatum.
3603 5379 3605 5382 ,

2093 5409 2398 5485 9lx;’(.’58,'~‘q.
2409 5411 2473 5474 εξ
2485 5395 2562 5466 st-
2573 5401 2714 5479 quis?
2727 5399 3030 5464 Universall
3044 5410 3252 5480 synodo
3268 5407 3602 5478 praesidens.)

2031 5507 2101 5564 Si
2139 5506 2268 5576 quis
2294 5503 2582 5572 lassum;
2603 5505 2608 5522 ε
2627 5486 3252 5580 ώὴηιιωηξεξνιιετσῑοια,
3296 5500 3603 5577 sanctiones
3653 5515 3656 5519 '

2032 5600 2120 5659 γε(
2133 5585 2482 5667 Nimim
2500 5580 2902 5669 ῗῖηῆῧιῖύάίίῆὰε
2928 5591 3409 5649 νθιέιέςοιίιείθειὶρε
3442 5591 3602 5646 disci;
3634 5583 3656 5620 '7-
