4060 6338
474 278 615 335 1187

1115 264 1622 330 Ᾰῡέριδτοωιε
1657 270 1747 325 ΕΤ
1788 268 2044 324 DECllE’l

2152 268 2409 323 NICOLAI
2450 268 2651 327 PAPJE
2690 271 2712 325 Ι
2748 270 3110 327 APPENDlX.

3610 272 3761 332 1188

473 395 642 463 plina,
689 407 787 463 pro
826 392 1162 447 correctione
1195 389 1586 443 imminentium
1631 388 1712 441 vel
1747 386 2049 440 futurorum
2083 397 2125 452 Α
2156 387 2569 454 ministrantur,
2611 385 2856 455 judicare
2902 399 3264 459 prtesumant,
3314 393 3534 463 penitus
3585 392 3764 466 igno-

476 487 760 550 malornm,
794 500 824 538 a
849 485 991 539 sedis
1019 482 1324 551 apostolicae
1362 480 1589 549 przesule
1617 479 2052 548 salubriterproa

468 573 712 643 mitigata
741 573 1144 641 contempserit,
1178 570 1465 621 anathema
1499 568 1591 620 sit.

546 664 613 718 Χ.
654 664 766 733 (35,
797 680 850 733 q.
893 662 947 727 9,
980 650 1320 715 Sententiam.
1362 657 1607 711 Michaeli
1635 656 1786 727 imp.)
1826 655 2053 711 Senten-

478 754 608 809 tiam
663 755 916 808 Romana:
954 752 1095 805 sedis
1136 766 1243 803 non
1276 764 1534 817 negamus
1577 763 1732 816 posse
1768 747 1819 800 itt
1865 747 2053 801 melius

475 828 826 906 commutari,
869 857 993 896 cum
1024 852 1118 894 aut
1148 841 1459 909 subreptum
1492 839 1691 908 aliquid
1731 838 1923 899 fuerit,
1961 847 2054 891 aut

474 939 590 1007 ipsa
636 951 731 1005 pro
766 934 1197 989 consideratione
1236 943 1452 987 aetatum
1487 933 1566 985 vel
1608 944 1907 1000 temporum
1954 945 2049 983 seu

477 1027 720 1097 gravium
751 1024 1155 1087 necessitatum,
1192 1024 1591 1092 dispensatione
1627 1022 1870 1088 quaedam
1904 1021 2053 1072 ordi-

472 1127 603 1168 nare
618 1114 942 1177 decreverit;
966 1112 1221 1182 quoniam
1244 1122 1298 1165 et
1312 1113 1582 1181 egregium
1599 1110 1819 1163 Paulum
1846 1119 2056 1178 aposto-

470 1205 581 1261 lum
603 1193 990 1274 dispensatorie
1011 1205 1495 1275 lcgimusqttmdatn
1513 1203 1720 1261 fecisse.
1736 1218 1855 1271 qua:
1869 1211 2049 1268 postea

472 1295 790 1363 reprobasse
846 1294 1061 1363 legitur.
1102 1293 1252 1359 Quod
1295 1301 1474 1345 tamen
1517 1293 1909 1346 observandum
1945 1300 2049 1352 est,

466 1384 697 1452 “quando
720 1382 809 1435 illa
854 1382 1098 1436 Romana
1130 1382 1376 1437 videlicet
1401 1380 1639 1436 Ecclesia
1668 1380 2052 1434 disn'etissima

472 1474 901 1529 consideratione
942 1473 1056 1527 fieri
1088 1473 1376 1543 delegerit;
1412 1488 1518 1527 non
1550 1471 1759 1541 quando
1790 1472 1901 1539 ipsa
1934 1484 2065 1541 quite

472 1564 611 1619 bene
637 1571 760 1618 sunt
788 1562 1010 1617 difﬁnita
1044 1572 1342 1617 retractare
1367 1563 1617 1617 voluerit.

546 1652 635 1705 Xl.
682 1651 783 1722 (De
828 1669 1027 1705 consec.
1067 1651 1194 1704 dist.
1227 1652 1278 1714 1,
1330 1650 1581 1704 Ecclesia.
1623 1648 1774 1703 Clero
1821 1659 1869 1703 et
1916 1647 2051 1718 plebi

2154 492 2354 531 ramus.

2150 602 2153 609 ι
2222 566 2308 622 ιγ.
2328 569 2503 640 (lbid.,
2535 585 2587 625 c.
2612 570 2743 625 Cum
2763 572 2833 625 ad
2857 588 3055 626 verum.
3085 571 3313 644 Eidem.)
3346 575 3617 631 llediator
3650 575 3757 633 Dei

2153 670 2208 746 Et
2258 661 2569 727 hominum,
2630 665 2790 718 homo
2840 664 3085 720 Christus
3132 665 3322 730 Iesus,
3368 669 3508 723 idem
3545 685 3655 723 rex
3700 678 3762 724 et

2150 750 2414 820 pontifex,
2450 754 2659 807 actibus
2701 756 2934 823 propriis
2978 762 3034 808 et
3068 755 3418 822 dignitatibus
3456 759 3759 813 distinctis

2150 839 2324 895 cilicia
2358 844 2640 910 potestatis
2690 846 2969 913 utriusque
3003 845 3279 908 discrevit,
3326 857 3385 901 ut
3432 848 3757 903 Christiani

2152 934 2507 1004 imperatores
2538 950 2634 1003 pro
2663 944 2864 989 acterna
2894 936 3001 989 vita
3029 936 3369 1005 pontificibus
3399 938 3754 1009 indigerent,

2148 1033 2209 1078 et
2246 1025 2531 1092 pontifices
2588 1040 2687 1094 pro
2740 1040 2901 1079 cursu
2942 1025 3314 1095 temporalium
3360 1031 3758 1084 tantummodo

2156 1127 2332 1165 rerum
2405 1114 2774 1180 imperialibus
2834 1113 3038 1183 legibus
3099 1123 3410 1179 uterentur;
3464 1128 3755 1184 quatenus

2150 1208 2443 1277 spiritualis
2487 1211 2629 1264 actio
2665 1226 2693 1263 a
2721 1211 3027 1266 carnalibus
3050 1211 3277 1265 distaret
3305 1212 3617 1267 incursibus
3642 1255 3659 1275 ,
3696 1226 3757 1269 et

2152 1300 2263 1352 Deo
2294 1298 2530 1352 militans
2568 1292 2792 1353 minime
2823 1315 2882 1353 se
2911 1301 3138 1370 negotiis
3178 1301 3527 1356 saecularibus
3559 1303 3753 1372 impli—

2148 1399 2323 1453 Caret;
2356 1404 2420 1443 ac
2443 1390 2681 1444 vicissim
2707 1404 2811 1443 non
2835 1389 2923 1443 ille
2945 1391 3105 1447 rebus
3128 1391 3325 1445 divinis
3347 1392 3647 1460 priesidere
3667 1395 3757 1448 vi-

2154 1480 2372 1534 deretur
2391 1480 2482 1549 qui
2508 1487 2653 1534 esset
2683 1479 3037 1534 saecularibus
3063 1480 3289 1549 negotiis
3308 1480 3648 1550 implicatus.

2227 1571 2288 1626 V.
2330 1572 2509 1640 (lhid.,
2551 1588 2600 1627 c.
2630 1586 2746 1641 seq.
2797 1564 3225 1640 Satis.’Eidem.)
3266 1570 3407 1626 Satis
3456 1573 3757 1630 evidenter

2155 1663 2456 1717 ostenditur
2477 1677 2508 1715 a
2538 1662 2781 1716 steculari
2810 1664 3073 1731 potestate
3097 1675 3200 1716 nec
3226 1661 3359 1716 solvi
3380 1678 3611 1732 prorsus
3638 1681 3754 1721 nec

485 1741 787 1795 Viennensis
827 1741 1116 1809 Ecclesia.)
1150 1742 1407 1801 Ecclesia,
1445 1743 1494 1795 id
1537 1749 1622 1794 est
1664 1741 2051 1794 catholicorum
2085 1743 2126 1803 Β
2156 1751 2306 1823 ligari
2333 1752 2661 1821 pontiﬁcem,
2689 1768 2847 1822 quem
2875 1759 3088 1807 constat
3127 1769 3158 1806 a
3200 1754 3288 1823 pio
3316 1756 3560 1823 principe
3590 1757 3746 1812 Con-

468 1833 736 1898 collectio,
772 1831 1041 1903 quomodo
1069 1832 1185 1886 sine
1233 1832 1541 1903 apostolica
1568 1833 1714 1886 sedis
1746 1833 2055 1885 instituctur

471 1934 625 1987 nutu,
656 1925 870 1994 quando
908 1922 1064 1993 juxta
1114 1938 1269 1977 sacra
1311 1925 1545 1985 decreta,
1604 1936 1703 1976 nec
1746 1923 1856 1990 ipsa
1896 1922 2054 1976 debet

468 2013 672 2083 absque
708 2015 1066 2082 pmceptione
1099 2028 1249 2083 papae
1290 2012 1509 2067 basilica
1558 2012 1767 2065 noviter
1790 2012 2051 2074 construi,

472 2117 594 2171 quae
621 2102 789 2171 ipsam
816 2103 1202 2157 catholicorum
1225 2103 1366 2156 intra
1400 2109 1572 2156 semet
1599 2100 1849 2170 amplecti
1878 2110 2055 2155 cater-

472 2204 597 2247 vam
627 2193 981 2263 dignoscitur.

631 2302 711 2357 De
732 2302 950 2356 decretis
978 2301 1333 2357 Romanorum
1363 2303 1689 2373 pontiﬁcum,
1718 2304 1801 2357 tit.
1839 2302 1903 2357 V.

537 2413 588 2471 Ι.
622 2413 783 2479 (Dist.
818 2414 900 2477 11,
936 2430 984 2469 c.
1024 2415 1079 2478 2,
1123 2413 1287 2469 Mica.
1317 2415 1468 2485 imp.)
1507 2415 1657 2481 Quod
1694 2430 1723 2466 a
1756 2412 1897 2467 sedis
1926 2428 2051 2482 apo-

467 2508 668 2565 stolica:
698 2509 996 2562 rectoribus
1020 2508 1174 2578 plena
1202 2508 1523 2562 auctoritate
1554 2506 1819 2571 sancitur,
1853 2505 2051 2560 nullius

469 2597 876 2665 consuetudinis
907 2598 1189 2655 occasione
1219 2608 1577 2654 removeatur.

468 2754 475 2759 λ
537 2687 602 2742 ll.
636 2688 793 2759 (Dist.
830 2689 913 2749 19.
946 2704 998 2742 c.
1028 2689 1079 2752 1,
1111 2688 1522 2756 Arcltiepiscopis
1568 2695 1614 2738 et
1662 2685 1914 2756 episcopis
1955 2701 2050 2755 per

470 2773 705 2836 Calliam
733 2776 1073 2837 constitutis.)
1110 2776 1166 2830 Si
1209 2777 1566 2830 Romanorum
1607 2776 1920 2844 pontificum
1948 2773 2045 2828 de-

471 2878 623 2924 creto
660 2877 977 2922 caeterorum
1005 2867 1258 2936 opuscula
1291 2876 1642 2919 tractatorum
1681 2864 2047 2934 approbantur

466 2961 551 3016 vel
604 2960 959 3028 reprobantnr
981 2997 998 3024 ,
1030 2959 1102 3011 ita
1135 2967 1192 3010 ut
1220 2958 1363 3025 quod
1398 2972 1525 3010 vere
1566 2956 1723 3010 sedes
1752 2954 2044 3023 apostolica

464 3054 733 3127 probavit,
766 3054 922 3107 hodie
952 3059 1195 3106 teneatur
1235 3061 1544 3118 acceptum;
1574 3058 1629 3103 et
1659 3048 1799 3118 quod
1833 3050 1918 3102 illa
1952 3064 2040 3103 re-

465 3143 624 3213 pulit,
658 3144 916 3198 hactenus
949 3142 1187 3195 inefﬁcax
1218 3141 1481 3194 habeatur
1507 3156 1520 3191 :
1547 3149 1749 3207 quanto
1776 3138 1953 3207 potius
1980 3151 2044 3191 ca

466 3249 584 3311 quae
626 3236 738 3302 ipsa
770 3249 867 3300 pro
906 3233 1168 3286 catholica
1200 3232 1322 3294 fide,
1357 3246 1453 3300 pro
1494 3231 1642 3283 sanis
1682 3228 2042 3298 dogmatibus,

465 3338 565 3394 pro
610 3323 776 3375 variis
817 3332 873 3375 et
904 3321 1207 3374 multifariis
1256 3321 1507 3375 Ecclesiae
1557 3319 1968 3373 necessitatibus
1992 3326 2047 3372 ct

468 3412 703 3467 fidelium
734 3414 973 3467 moribus
1003 3412 1097 3484 lat.
1123 3411 1380 3483 motibus]
1408 3411 1620 3465 diverso
1650 3421 1892 3481 tempore
1919 3409 2048 3464 scri-

465 3484 596 3572 psit,
642 3504 784 3557 onmi
820 3506 1020 3557 bonore
1059 3502 1254 3558 debent
1296 3498 1559 3573 praeferri,
1599 3511 1654 3557 et
1694 3503 1761 3556 ab
1799 3502 2047 3556 omnibus

464 3609 687 3665 prorsus
722 3595 772 3648 in
802 3593 1124 3664 quibuslibet
1165 3594 1573 3648 necessitatibus
1606 3592 1690 3647 vel
1732 3592 2044 3663 opportuni-

466 3685 697 3747 tatibus,
733 3686 1056 3738 discretione
1085 3684 1167 3738 vel
1198 3683 1595 3754 dispensatione
1630 3683 1921 3752 magistra,
1961 3697 2048 3736 re-

464 3785 718 3831 verenter
748 3777 969 3837 assumi,
999 3786 1101 3831 ctc.
1690 3762 1697 3765 ’

536 3868 621 3922 lll.
647 3867 805 3938 (Dist.
835 3867 925 3930 20,
950 3882 999 3921 c.
1029 3867 1141 3930 fin.,
1171 3866 1320 3920 Clero
1351 3862 1970 3933 Constantinopolitano.)
1989 3862 2045 3918 Si

464 3959 684 4014 decreta
714 3959 1076 4014 Romanorum
1110 3959 1420 4027 pontiﬁcum
1450 3973 1555 4011 non
1593 3955 1824 4020 habetis,
1855 3955 1921 4010 de
1956 3971 2050 4009 ne-

465 4050 639 4120 glectu
667 4057 827 4114 atque
865 4048 1071 4103 incuria
1104 4050 1234 4103 estis
1274 4047 1663 4115 redarguendi;
1698 4046 1742 4099 si
1792 4059 1921 4099 vero
1952 4046 2046 4099 ha-

464 4140 604 4213 betis
644 4148 701 4191 ct
744 4155 847 4192 non
893 4139 1216 4203 observatis,
1259 4139 1325 4193 dc
1361 4136 1665 4192 temeritate
1706 4134 1840 4190 estis
1876 4133 2047 4188 corri-

463 4230 640 4300 piendi
668 4238 721 4284 et
747 4230 1077 4299 increpandi.

869 4341 948 4399 De
978 4342 1394 4411 imperatoribus,
1415 4342 1497 4395 tit.
1536 4338 1632 4396 VI.

2148 1842 2389 1896 stantino
2412 1841 2580 1896 Deum
2611 1841 2932 1910 appellatum
2951 1882 2965 1906 ,
2995 1856 3120 1896 cum
3147 1855 3248 1896 nec
3273 1855 3431 1910 posse
3455 1842 3633 1898 Deum
3663 1846 3745 1900 ab

2154 1932 2459 1986 hominibus
2478 1932 2705 2003 judicari
2731 1932 3078 1985 manifestum
3097 1941 3203 1986 est.

2224 2023 2312 2078 Vl.
2351 2025 2428 2096 (l,
2451 2039 2507 2092 q.
2538 2026 2588 2087 1,
2633 2021 2756 2076 Νοη
2782 2023 2981 2092 quales.
3022 2022 3253 2094 Eidem.)
3288 2022 3404 2080 Non
3433 2024 3630 2094 quales
3654 2041 3753 2081 sa-

2149 2114 2405 2169 cerdotes
2442 2113 2650 2168 Domini
2686 2113 2812 2177 sint,
2849 2115 2943 2169 sed
2973 2114 3102 2184 quid
3129 2114 3197 2168 de
3236 2114 3462 2170 Domino
3507 2114 3753 2184 loquan-

2147 2211 2260 2267 tur,
2291 2213 2373 2259 est
2402 2204 2555 2258 vobis
2579 2219 2902 2274 magnopere
2936 2204 3356 2273 praevidendum.
3381 2203 3494 2261 Nec
3520 2205 3577 2259 in
3600 2206 3754 2259 vica-

2148 2295 2251 2349 riis
2270 2278 2422 2349 beati
2452 2294 2597 2349 Petri
2626 2278 2854 2363 apostoli
2886 2295 3037 2349 vobis
3070 2304 3153 2349 est
3189 2295 3577 2365 attendendum
3608 2296 3751 2364 quid

2152 2385 2280 2449 sint,
2311 2385 2402 2439 sed
2428 2384 2555 2454 quid
2584 2399 2679 2453 pro
2711 2384 3045 2439 correctione
3071 2383 3450 2447 Ecclesiarum,
3482 2385 3616 2453 quid
3643 2398 3750 2454 pro

2150 2472 2323 2529 salute
2346 2482 2522 2526 vestra
2552 2481 2822 2541 satagant.
2854 2472 2962 2528 Nec
2984 2474 3127 2528 enim
3150 2472 3269 2528 illos
3293 2474 3487 2529 dicetis
3511 2473 3749 2529 inferio-

2150 2578 2240 2619 res
2279 2562 2485 2617 Scribis
2537 2570 2594 2618 et
2641 2562 2929 2617 Pliarisaiis
2974 2563 3288 2617 sedentibus
3332 2576 3495 2632 super
3545 2563 3746 2617 cathe-

2149 2658 2303 2711 dram
2365 2654 2565 2719 Mosis,
2617 2653 2685 2709 de
2737 2655 2931 2723 quibus
2979 2654 3237 2709 Dominus
3295 2654 3598 2724 praecepit,
3657 2655 3742 2707 di-

2150 2763 2277 2803 cens
2343 2761 2359 2800 :
2420 2745 2755 2816 Quaecunque
2812 2744 3038 2799 dixerint
3115 2744 3297 2812 vobis,
3362 2745 3562 2813 facile,
3625 2752 3737 2799 etc.

2152 2837 2369 2910 (Matth.
2400 2836 2581 2907 xxut.)

2625 2970 2703 3026 De
2731 2971 2959 3042 regibus,
2986 2971 3065 3027 tit.
3113 2969 3241 3026 VII.

2217 3101 2257 3156 Ι.
2293 3100 2450 3173 (Dist.
2498 3100 2602 3165 63,
2652 3097 2843 3153 Porro.
2888 3100 3136 3155 Lotltario
3168 3100 3322 3171 regi.)
3361 3101 3606 3158 Relatum
3648 3112 3742 3159 (ει

2146 3191 2301 3247 nobis
2339 3191 2480 3260 quod
2511 3190 2816 3258 quicunque
2846 3189 2917 3243 ad
2945 3190 3311 3259 episcopatum
3339 3193 3392 3245 in
3440 3207 3606 3262 regno
3640 3202 3736 3247 tuo

2144 3280 2518 3349 provehendus
2560 3287 2667 3344 est,
2712 3278 2926 3333 nonnisi
2975 3278 3243 3335 faventem
3296 3278 3392 3335 tibi
3443 3283 3734 3350 permittas

2145 3370 2291 3439 eligi.
2334 3367 2537 3422 Idcirco
2579 3368 2878 3437 apostolica
2925 3370 3267 3436 auctoritate,
3309 3371 3412 3426 sub
3442 3373 3609 3426 divini
3640 3373 3733 3441 ju-

2146 3459 2268 3515 dicii
2298 3457 2655 3513 obtestatione
2681 3498 2697 3524 ,
2735 3457 3063 3528 injungitntts
3089 3460 3187 3515 tibi
3229 3467 3289 3515 ut
3324 3460 3380 3515 in
3417 3459 3732 3518 Trevireusi

2146 3552 2278 3605 urbe
2321 3557 2377 3603 et
2419 3548 2710 3617 Agrippina
2759 3547 2985 3603 Colonia
3040 3547 3245 3605 nullum
3298 3550 3425 3621 eligi
3478 3553 3729 3622 patiaris,

2145 3651 2434 3709 antequam
2493 3640 2724 3694 relatum
2789 3654 2951 3710 super
3004 3625 3107 3695 hoc
3160 3649 3349 3695 nostro
3401 3642 3734 3711 apostolatui

2146 3732 2245 3785 ﬁat

2212 3823 2275 3879 ll.
2301 3822 2380 3893 (2,
2397 3838 2451 3892 q.
2472 3823 2523 3887 1,
2544 3822 2675 3887 Qua
2688 3820 2991 3875 Lotltarius.
3010 3818 3200 3874 Carolo
3229 3819 3337 3891 regi
3350 3815 3735 3890 Francorum.)

2145 3915 2275 3983 Quae
2314 3916 2602 3971 Lotharius
2644 3930 2739 3970 rex
2784 3928 2950 3985 nepos
2991 3923 3169 3968 vester
3206 3912 3354 3979 fecit,
3383 3917 3733 3974 accusatione

2145 4023 2252 4063 non
2297 4006 2558 4076 indigent.
2610 4003 2896 4075 Manifesta
2927 4003 3072 4058 enim
3098 4012 3238 4065 sunt,
3276 4011 3414 4058 teste
3443 4005 3728 4076 Apostolo,

2145 4113 2299 4167 opera
2328 4098 2521 4159 carnis,
2551 4095 2856 4165 fornicatio,
2883 4094 3240 4159 immunditia,
3284 4102 3390 4149 etc.
3427 4091 3629 4165 (Colat.
3661 4094 3728 4164 ι.)

2143 4188 2201 4243 ht
2230 4187 2530 4242 manifestis
2564 4186 2711 4241 enim
2740 4185 3035 4240 calliditate
3076 4185 3446 4240 accusantium
3490 4201 3595 4239 non
3636 4200 3730 4256 0p-

2141 4279 2393 4349 primitur
2413 4292 2559 4340 reus,
2605 4290 2709 4332 nec
2740 4275 3184 4345 tergiversatione
3216 4276 3491 4345 proprium
3515 4277 3727 4331 crimen

2143 4369 2349 4425 celatur
2366 4407 2380 4433 ,
2407 4382 2528 4421 cum
2556 4365 2712 4434 culpa
2742 4366 2841 4419 sub
2864 4363 3035 4442 oculis
3065 4364 3305 4419 omnium
3328 4372 3520 4432 sponte
3544 4378 3601 4417 se
3635 4364 3724 4417 in-

532 4454 575 4508 ι.
617 4455 776 4525 (Dist.
803 4454 889 4518 10,
915 4468 963 4508 c.
1000 4454 1055 4517 1,
1083 4454 1244 4507 .llich.
1287 4452 1438 4523 imp.)
1472 4452 1769 4522 imperator
1795 4450 1910 4506 suis
1936 4450 2041 4504 rei-

2152 4468 2330 4531 gcrat;
2370 4469 2531 4528 atque
2553 4457 2674 4512 ideo
2696 4457 2748 4511 in
2780 4433 2975 4511 talibus
2995 4454 3312 4525 judiciarius
3340 4454 3471 4509 ordo
3495 4469 3606 4510 non
3630 4468 3723 4510 re-

461 4548 687 4617 publica:
733 4548 1063 4619 quotidianis
1110 4546 1665 4601 administrationibus
1705 4546 1863 4601 debet
1920 4560 2043 4601 esse

462 4648 768 4701 conuentus,
813 4654 918 4693 non
961 4653 1222 4709 usurpare
1258 4652 1381 4707 qua:
1424 4637 1792 4693 sacerdotibus
1826 4636 2041 4693 Domini

461 4729 632 4782 solum
662 4728 1005 4784 conveniunt.
1278 4764 1283 4770 .

474 4849 481 4856 ς
531 4817 594 4872 ll.
627 4819 782 4888 (Dist.
813 4818 902 4880 96,
931 4831 982 4871 c.
1023 4813 1267 4870 Ubinam.
1302 4813 1536 4887 Eidem.)
1566 4813 1669 4871 Ubi
1700 4815 1908 4886 legistis
1937 4815 2038 4870 im-

461 4921 734 4980 peratores
759 4920 1129 4967 antecessores
1155 4920 1364 4966 vestros
1395 4911 1738 4981 synodalibus
1765 4912 2039 4966 conventi-

461 4999 562 5052 bus
596 4998 904 5056 interfuisse
927 5041 940 5065 ,
979 5000 1079 5056 nisi
1111 5000 1327 5056 forte'in
1358 5001 1678 5070 quibusdam
1709 5004 1798 5057 ubi
1829 5004 1897 5057 de
1932 5003 2037 5058 fide

463 5097 748 5142 tractatum
799 5100 900 5155 est,
950 5106 1069 5163 qtue
1096 5094 1430 5148 universalis
1473 5104 1579 5159 est,
1627 5109 1748 5163 (piae
1793 5096 2041 5149 omnium-

462 5178 803 5241 commnnis,
852 5192 971 5249 qua:
1026 5196 1132 5236 non
1198 5183 1370 5238 solum
1420 5185 1487 5237 ad
1537 5184 1801 5249 clericos,
1846 5199 2031 5239 verum

460 5269 624 5323 etiam
655 5268 721 5321 ad
757 5267 922 5323 laicos
948 5279 1001 5324 et
1038 5275 1105 5326 ad
1134 5288 1324 5328 omnes
1366 5274 1585 5329 omnino
1607 5274 1840 5344 pertinet
1874 5276 2035 5330 Chrié

460 5359 710 5414 sdanos?
1192 5394 1199 5399 ι

528 5448 613 5503 Ill.
648 5449 800 5514 (Ibid.
851 5464 899 5503 c.
951 5463 1065 5518 seq.
1115 5451 1366 5524 Denique.
1419 5454 1650 5527 Eidem.)
1694 5457 1935 5526 Denique
1976 5458 2032 5513 hi

460 5542 653 5609 quibus
680 5550 884 5598 tantum
928 5542 1178 5599 humanis
1221 5549 1398 5612 rebus,
1433 5565 1539 5604 non
1580 5550 1777 5605 divinis
1804 5566 2037 5621 praeesse

460 5632 780 5697 permissum
840 5642 942 5701 est,
998 5636 1266 5704 quomodo
1306 5636 1374 5691 de
1423 5638 1506 5693 his
1554 5654 1655 5710 per
1691 5641 1826 5711 quos
1859 5640 2036 5697 divina

2146 4552 2399 4623 quiritur.

2214 4644 2297 4699 Ill.
2347 4642 2527 4705 (lbid.,
2552 4656 2603 4695 c.
2627 4639 2721 4694 fin.
2758 4638 3028 4709 Episcopis
3051 4653 3144 4708 per
3163 4634 3645 4701 GalliamJtaliam
3671 4645 3721 4689 et

2143 4731 2477 4788 Germaniam
2519 4728 2854 4798 constitutis.)
2887 4728 3074 4784 Scelus
3107 4727 3250 4796 quod
3284 4725 3573 4780 Lotbarius
3600 4741 3721 4788 rex,

2143 4824 2188 4878 si
2223 4831 2401 4877 tamen
2441 4835 2536 4875 rex
2579 4820 2846 4874 veraciter
2871 4819 2975 4874 dici
3000 4818 3172 4887 possit
3211 4816 3302 4885 qui
3345 4814 3491 4870 nullo
3513 4814 3723 4869 salubri

2142 4915 2406 4985 regimine
2450 4912 2696 4981 corporis
2733 4913 2999 4980 appetitus
3049 4908 3320 4971 refrenat,
3368 4909 3464 4962 sed
3513 4906 3723 4961 lubrica

2138 5007 2484 5061 enervatione
2528 5004 2701 5074 magis
2747 5003 2949 5056 illicitis
2994 5001 3112 5069 ejus
3167 5002 3403 5056 motibus
3449 5000 3615 5063 cedit,
3661 4998 3725 5054 in

2136 5097 2345 5152 duabus
2417 5095 2622 5150 scilicet
2675 5094 2891 5150 feminis
2944 5094 3284 5165 Theutbcrga
3332 5102 3391 5147 et
3427 5091 3722 5146 Waldrada

2137 5187 2442 5251 commisit,
2506 5187 2752 5240 omnibus
2796 5184 3142 5240 manifestum
3190 5194 3303 5249 est;
3364 5183 3459 5238 sed
3512 5181 3719 5237 dudum

2136 5280 2418 5347 episcopos
2498 5276 2905 5345 Theutgaudum
2967 5285 3023 5331 et
3092 5276 3452 5331 Cuntharium
3512 5275 3566 5329 in
3623 5273 3720 5327 tali

2138 5369 2282 5424 facto
2319 5382 2442 5422 eum
2493 5364 2748 5421 habuisse
2786 5374 2990 5420 tutores
3047 5375 3209 5436 atque
3262 5365 3536 5429 fautores,
3578 5374 3726 5433 pene

2136 5467 2280 5515 totus
2340 5456 2490 5511 orbis
2535 5454 2772 5522 undique
2821 5454 2886 5509 ad
2943 5455 3127 5510 limina
3176 5469 3270 5510 seu
3334 5454 3517 5511 sedem
3589 5468 3722 5508 cou-

2137 5551 2309 5606 ilucns
2334 5548 2688 5620 aposmlicam
2721 5546 3023 5604 referebat.
3059 5549 3224 5619 Igitur
3254 5549 3583 5605 decernente
3621 5559 3726 5602 uo-

2137 5643 2348 5701 biscum
2388 5648 2576 5698 sancta
2602 5637 2823 5709 synodo,
2854 5640 2907 5693 in
2935 5641 3217 5710 praesentia
3258 5638 3521 5711 depositi,
3567 5646 3622 5693 et
3647 5635 3721 5693 ab
