4060 6338
261 298 406 356 1189

1267 283 1581 341 DECRETA
1623 281 1714 337 EX
1745 275 2099 336 GRATIANO
2139 275 2521 333 COLLECTA.

3382 270 3524 330 “90

261 408 439 466 otiicio
467 403 784 462 sacerdotali
820 396 1294 460 cxcommunicati,
1321 404 1478 464 atque
1511 409 1541 448 a
1575 392 1835 463 regimine
1865 397 1908 454 Α
1942 391 2085 460 regni
2132 391 2202 443 tui
2232 387 2557 457 suffraganci
2588 383 2703 453 ejus
2732 392 2886 449 sunt,
2927 383 3064 450 sicut
3095 382 3522 452 conscriptiones

261 499 606 567 episcopatus
630 492 845 544 alienati
879 488 1246 542 indubitanter
1266 485 1526 538 existunt.

338 586 426 640 Ν.
462 584 658 658 (11,.‹ι.
694 583 749 642 5,
781 577 1070 646 Ι¹ι·ωείριιε.
1108 574 1353 628 Lat/tario
1377 573 1532 643 regi.)
1563 570 1840 638 Ptmcipue

265 675 576 731 Wairlradac
622 671 826 741 pellicis
874 678 996 732 tote,
1043 674 1096 720 et
1133 666 1329 722 dudum
1367 678 1397 716 a
1439 674 1488 716 te
1528 662 1837 731 repudi-aue,

268 764 704 824 communionem
730 760 957 814 declina.
1007 756 1477 812 Excommuuicata
1498 763 1579 807 est
1601 753 1766 814 enim,
1787 761 1844 804 et

269 871 442 924 usque
477 855 542 908 ad
571 850 905 921 praesentiam
938 855 1174 900 nostram
1207 846 1273 898 ab
1307 843 1451 896 omni
1492 839 1847 895 contubernio

270 945 698 1015 Christianorum
735 946 1088 1007 sequestrata.
1114 932 1586 988 Excounnunieata
1625 938 1726 991 est,
1777 942 1844 981 ne

275 1053 398 1090 cum
441 1051 504 1088 ea
542 1033 653 1103 pari
696 1045 947 1085 mucrone
987 1027 1294 1096 percellat-is
1331 1023 1629 1083 sententias,
1661 1036 1720 1072 ac
1748 1034 1844 1087 pro

275 1125 439 1182 unius
470 1119 792 1177 muliercula:
830 1118 1077 1187 passione
1106 1116 1322 1168 vinctus
1359 1122 1414 1174 et
1451 1110 1736 1179 obligatus,
1779 1106 1846 1158 ad

279 1228 518 1286 perennc
549 1211 776 1264 trabalis
803 1209 1047 1263 exitium.

351 1303 415 1357 V.
443 1302 617 1372 (lbid.,
643 1316 694 1372 Ic.
739 1299 826 1353 Ila
851 1298 1112 1368 corporis.)
1133 1293 1358 1364 Eidem.)
1407 1292 1479 1346 [ta
1502 1288 1742 1367 corporis
1770 1287 1845 1340 tni

280 1393 516 1450 motibus
559 1375 746 1445 cedere
771 1387 1113 1449 censetisisti,
1145 1394 1199 1438 et
1238 1381 1491 1436 relaxatis
1518 1365 1847 1448 voluptatum

281 1485 526 1546 habenis,
566 1479 873 1548 temetipum
923 1477 974 1529 in
1001 1476 1173 1528 lacum
1218 1471 1448 1526 miseria:
1482 1479 1537 1523 et
1583 1468 1633 1521 in
1680 1465 1848 1519 lutum

277 1573 426 1633 fazcis
454 1569 778 1640 prohibitum
806 1565 1077 1633 dejecisti,
1121 1572 1178 1616 ut
1209 1563 1299 1631 qui
1341 1562 1548 1632 positus
1586 1557 1767 1610 fueras
1799 1557 1850 1608 in

278 1662 665 1736 gubernatione
697 1659 1047 1728 populorum,
1090 1653 1310 1708 etl‘eetus
1349 1653 1423 1706 sis
1471 1650 1624 1702 ruina
1661 1647 1851 1700 multo-

277 1735 421 1809 rum.
471 1747 815 1806 Probat'hoc
858 1746 1195 1817 Tlteutgaudi
1229 1735 1295 1797 iet
1341 1740 1625 1797 Guntharii
1653 1737 1850 1792 dudum

278 1846 651 1914 episcoporum
705 1841 973 1911 legitimus
1020 1852 1213 1899 casus,
1248 1835 1334 1902 qui
1381 1849 1479 1901 pro
1517 1847 1582 1884 eo
1629 1829 1768 1897 quod
1805 1827 1854 1880 te

283 1911 504 1990 minime
527 1942 892 2003 competenter
913 1911 1229 1991 erudierint,
1257 1926 1385 1996 quin
1415 1925 1550 1986 imo,
1579 1924 1703 1990 quia
1728 1933 1857 1988 prae-

279 2026 668 2081 varicationem
709 2031 854 2076 tuam
891 2018 1219 2090 argumentis
1265 2016 1376 2071 suis
1409 2025 1621 2084 tegere,
1657 2020 1711 2064 et
1756 2009 1856 2062 sub

281 2119 514 2187 quadam
522 2115 743 2184 justitize
767 2112 967 2182 specie,
989 2109 1183 2164 fucatis
1210 2106 1529 2176 quibusdam
1571 2099 1856 2170 exquisitis

281 2204 774 2264 adinventionibus,
794 2200 1101 2268 azquitatem
1125 2199 1356 2250 obruere
1382 2193 1727 2246 studuerunt.
1761 2203 1856 2238 no-

282 2307 393 2352 stra
418 2304 545 2350 sunt
567 2292 860 2362 apostolica
901 2287 1128 2358 depositi
1159 2285 1500 2354 auctoritate,
1526 2289 1580 2334 et
1613 2281 1680 2334 ab
1709 2277 1854 2332 omni

282 2388 624 2457 episcoliatus
652 2383 913 2452 regimine
939 2379 1256 2448 regulariter
1279 2371 1624 2444 sequestrati.

359 2476 441 2529 Vl.
473 2474 627 2545 (Ibid.
667 2471 1168 2524 Excellentissimus.
1207 2466 1496 2518 llincmaro
1539 2460 1856 2513 Rhemorum

285 2564 718 2635 archiepiscopo.)
761 2560 1257 2615 Excellentissimus
1316 2570 1412 2608 rex
1451 2550 1674 2607 Carolus
1733 2563 1856 2618 apo-

285 2655 539 2710 stolatum
573 2661 818 2705 uestrum
854 2647 1144 2711 consuluit,
1172 2645 1263 2714 qui
1289 2642 1554 2712 agendum
1589 2639 1659 2693 sit
1681 2638 1746 2692 de
1775 2635 1860 2690 his

285 2745 557 2814 quicum
599 2741 900 2808 lngeltrude
956 2753 1096 2806 saepe
1155 2736 1406 2789 damnata
1463 2727 1860 2784 communicant

285 2837 508 2900 femina,
526 2835 781 2904 quoniam
804 2846 922 2886 eam
947 2844 1069 2884 cum
1092 2822 1642 2894 eormnunicatoribus
1668 2819 1780 2873 suis
1805 2824 1858 2871 et

289 2931 375 2982 fan
386 2929 589 2982 toribus
604 2926 719 2996 pari
738 2922 950 2978 vinculo
963 2919 1321 2974 anathematis
1340 2921 1551 2972 constat
1573 2927 1692 2966 esse
1705 2909 1860 2964 astri-

288 3031 450 3078 ctam.
488 3019 825 3086 Quapropter
852 3029 994 3068 nunc
1026 3009 1342 3065 beatitudini
1375 3016 1476 3060 tua:
1505 3003 1856 3072 injungimus,

1939 482 2392 550 pl‘JBiCCCSSOt‘ilIIl
2425 492 2661 530 meorum
2693 475 2969 528 evidenter
2995 475 3308 530 ostendunt.
3337 475 3521 544 Neque

1939 573 2080 644 enim
2117 569 2380 622 Ecelesias
2424 569 2511 620 Dei
2543 582 2639 635 per
2668 564 2964 619 discordias
3009 579 3191 631 regum
3237 563 3522 619 divisionis

1939 661 2116 730 aliqua
2144 659 2338 712 dantna
2370 657 2478 726 pati
2512 670 2732 708 necesse
2755 663 2860 717 est,
2894 668 3040 715 cum,
3068 660 3328 720 quantum
3369 668 3434 704 ex
3466 666 3526 706 se

1941 759 2040 814 est,
2066 764 2248 818 pacem
2279 762 2439 816 quam
2483 745 2770 814 praedicant
2794 785 2807 806 ,
2839 756 3055 796 servare
3084 742 3334 794 studeant
3363 741 3414 794 in
3446 741 3544 812 in:

1942 839 2114 893 vicem
2145 849 2200 892 et
2228 853 2437 890 omnes.
2914 890 2917 891 ,
3183 893 3186 896 _

1956 923 1958 926 ’
2012 929 2096 983 Ill.
2130 929 2206 999 (9,
2236 944 2290 995 q.
2322 927 2378 990 '5,
2417 924 2758 995 Conqueslus.
2808 923 3125 976 Biluriccnsi
3176 922 3526 991 archiepisco-

1945 1020 2055 1088 po.)
2083 1019 2421 1084 Conqnestns
2454 1026 2535 1069 est
2563 1014 2883 1083 apostolatui
2916 1021 3101 1068 nostro
3143 1013 3313 1065 frater
3344 1020 3532 1065 noster

1947 1109 2265 1178 Sigeliodus,
2285 1107 2721 1176 archiepiscopus
2741 1105 3119 1167 Narbonensis,
3137 1105 3276 1173 quod
3301 1103 3532 1157 clericos

1946 1215 2092 1262 suos,
2123 1213 2187 1252 co
2221 1198 2413 1260 invito,
2447 1198 2511 1249 ad
2536 1195 2794 1264 judicium
2822 1203 2967 1248 ttttnn
3000 1195 3184 1247 venire
3217 1191 3531 1262 compellas,

1946 1295 2001 1344 et
2028 1291 2093 1344 dc
2123 1291 2282 1343 rebus
2307 1289 2374 1341 ad
2406 1288 2700 1341 Ecclesium
2732 1302 2882 1340 suam
2917 1285 3333 1355 pertinentibus,
3367 1299 3431 1337 eo
3455 1285 3536 1336 in-

1947 1379 2210 1442 consulto,
2265 1378 2417 1448 quasi
2464 1379 2582 1447 jure
2640 1377 3037 1446 patriarcbatus
3091 1374 3168 1426 tui
3222 1374 3476 1442 disponas
3519 1389 3533 1426 :

1949 1487 2069 1552 cum
2095 1471 2194 1524 hoc
2242 1485 2412 1539 neque
2450 1469 2740 1537 antiquitas
2767 1467 2873 1538 (cui
2903 1466 3074 1520 sancti
3105 1466 3295 1520 Patres
3326 1480 3528 1520 sanxe-

1951 1572 2076 1616 runt
2104 1562 2486 1625 reverentiam)
2530 1561 2760 1624 habeat,
2797 1567 2852 1612 et
2892 1559 3189 1611 auctoritas
3221 1565 3537 1610 sanctorum

1952 1649 2216 1707 canonum
2267 1651 2480 1719 penitus
2529 1648 2841 1715 interdicat_,
2885 1647 2985 1701 nisi
3027 1646 3164 1700 forte
3219 1661 3318 1715 pro
3359 1645 3541 1698 causis

1886 1745 1926 1803 Β
1955 1759 2074 1812 qua:
2103 1742 2239 1810 apud
2269 1756 2327 1794 se
2354 1740 2627 1793 terminari
2660 1755 2764 1791 non
2797 1746 3058 1806 possunt,
3101 1737 3166 1790 ad
3201 1745 3251 1788 te
3283 1735 3436 1802 quasi
3469 1732 3538 1786 ad

1958 1832 2317 1903 patriarcbam
2345 1846 2500 1884 suum
2540 1830 2949 1898 provocaverint
2990 1843 3088 1896 per
3128 1825 3538 1895 appellationes,

1956 1924 2037 1977 vel
2070 1924 2113 1976 si
2157 1924 2443 1991 episcopus
2475 1937 2603 1974 suus
2641 1921 2966 1984 decesserit,
3005 1934 3092 1974 res
3138 1905 3389 1972 Ecclesiae
3432 1930 3544 1970 sua:

1952 2014 2156 2082 judicio
2188 2023 2276 2068 tuo
2317 2014 2629 2081 dispensare
2657 2011 2944 2064 voluerint.
2990 2008 3256 2062 Primates
3283 2006 3425 2059 enim
3455 2002 3542 2058 vel
3615 2047 3618 2050 .

1955 2105 2289 2175 patriarchas
2321 2103 2451 2156 nihil
2486 2101 2748 2170 privilegii
2791 2101 2992 2152 habere
3031 2114 3140 2167 prae
3184 2097 3392 2151 caeteris
3430 2094 3546 2163 epi-

1957 2195 2306 2265 scopis,_nisi
2346 2202 2604 2261 quantum
2648 2192 2786 2245 sacri
2829 2205 3065 2244 canones
3106 2189 3439 2247 concedunt,
3491 2191 3548 2239 et

1957 2289 2155 2358 prisca
2194 2283 2524 2341 consuetudo
2576 2282 2679 2337 illis
2742 2281 3036 2351 antiquitus
3101 2278 3358 2343 contulit,
3407 2273 3546 2332 (11111-

1959 2392 2164 2430 nimus.

2029 2464 2117 2518 Π.
2136 2466 2180 2528 (1
2199 2465 2246 2527 1,
2269 2479 2321 2531 q.
2345 2463 2398 2524 5,
2419 2461 2838 2529 Theulgaudum.
2870 2457 3124 2511 Omnibus
3149 2455 3401 2526 episcom's
3417 2452 3546 2508 Gal-

1962 2553 2046 2607 lice
2083 2564 2128 2606 et
2169 2553 2510 2621 Germanice.)
2558 2551 2966 2620 Thcntgaudum
3006 2547 3383 2602 Trevirensem
3427 2543 3543 2613 pri-

1961 2653 2157 2699 matem
2187 2643 2408 2713 Belgica:
2427 2643 2736 2712 provinciaz,
2765 2650 2821 2694 et
2844 2639 3207 2693 Guntbarium
3233 2635 3544 2705 Agrippinze

1961 2735 2194 2791 Colonia
2225 2735 2674 2802 archiepiscopos,
2710 2746 2852 2784 nunc
2884 2743 3067 2782 coram
3100 2725 3254 2779 nobis
3272 2733 3325 2778 et
3357 2730 3544 2777 sancta

1963 2823 2166 2896 Synodo
2207 2822 2304 2875 sub
2330 2830 2602 2891 gestorum
2637 2816 3022 2879 insinuatione,
3050 2813 3285 2883 qualiter
3319 2823 3542 2865 causam

1962 2912 2201 2969 Lotbarii
2225 2915 2366 2982 regis
2390 2921 2443 2968 et
2465 2912 2688 2966 duarum
2714 2910 2998 2963 mulierum
3022 2906 3157 2975 ejus,
3189 2903 3550 2971 Theutbergze

1964 3005 2168 3061 scilicet
2189 3013 2243 3058 et
2263 3003 2569 3057 Waldradae
2585 3043 2597 3064 ,
2634 2997 3047 3069 recognoverint
3077 3003 3132 3050 et
3155 2991 3546 3064 iudicaverint,

287 3122 345 3165 ut
374 3126 534 3178 super
567 3111 668 3162 hoc
699 3115 879 3160 nostra
908 3097 1448 3170 auctoritate_frctus,
1477 3109 1660 3148 curam
1689 3089 1859 3145 dehis
1887 3088 1932 3150 C
1964 3097 2224 3164 scriptum
2276 3110 2439 3164 super
2501 3093 2603 3146 hoc
2649 3090 2881 3161 propriis
2936 3087 3187 3141 manibus
3233 3082 3550 3138 roboratam

288 3219 502 3257 sumere
534 3201 772 3253 studeas.
802 3196 868 3250 Et
882 3199 1006 3264 quia
1028 3195 1183 3246 docta
1209 3189 1465 3244 divinitus
1489 3184 1748 3240 sanctitas
1773 3191 1862 3234 tua

287 3293 442 3347 valde
469 3291 618 3344 novit
658 3288 803 3342 aliud
829 3302 948 3340 esse
970 3301 1034 3339 ex
1068 3281 1406 3343 necessitate,
1437 3278 1578 3330 aliud
1607 3291 1672 3329 ex
1706 3274 1862 3342 igno-

289 3384 482 3446 rantia,
511 3391 669 3449 atque
693 3380 835 3432 aliud
864 3377 1005 3446 quod
1030 3377 1094 3428 de
1115 3373 1291 3429 studio
1312 3369 1668 3438 delinquitur;
1705 3365 1865 3418 istud-

289 3488 391 3542 que
419 3471 687 3541 posterius
726 3469 935 3523 duobus
971 3465 1238 3535 prioribus
1269 3459 1570 3515 districtius
1611 3471 1730 3511 esse
1768 3471 1865 3523 pu-

291 3564 546 3622 niendum
574 3578 586 3612 :
631 3560 832 3612 idcirco
859 3556 1086 3610 solerter
1118 3553 1376 3619 invigilet,
1413 3559 1468 3602 et
1497 3535 1667 3602 cauta
1688 3545 1866 3599 distri-

291 3658 468 3709 ctione
501 3652 828 3722 singulorum
857 3650 1045 3702 modos
1067 3645 1344 3712 dijudicet,
1383 3651 1646 3710 quatenus
1669 3639 1757 3707 qui
1798 3653 1865 3690 ex

291 3748 610 3804 necessitate
631 3753 721 3796 aut
739 3741 1037 3811 ignorantia
1063 3737 1396 3804 delinquunt,
1422 3732 1742 3786 auctoritate
1771 3744 1866 3781 no-

291 3851 402 3898 stra
434 3853 528 3908 per
559 3847 610 3890 te
650 3833 1012 3888 absolvantur.
1054 3829 1176 3882 Illos
1219 3835 1396 3879 autent
1435 3824 1523 3893 qui
1564 3821 1741 3875 studio
1770 3835 1866 3873 suo

291 3933 618 4001 obligantur,
653 3936 708 3981 et
743 3932 1052 3991 contemptu
1097 3919 1372 3973 interdicta
1419 3925 1604 3988 nostra
1647 3921 1864 3981 postpo-

291 4031 448 4085 nuttt,
483 4017 695 4073 nonnisi
719 4017 874 4085 digna
907 4010 1274 4068 satisfactione
1306 4006 1688 4082 praeveniente,
1712 4002 1864 4056 volu-

293 4130 413 4170 mus
440 4128 470 4166 a
507 4121 559 4165 te
584 4123 803 4180 prorsus
825 4104 1049 4161 absolvi.

365 4204 473 4260 γη.
527 4200 637 4272 (ii,
683 4214 739 4267 q.
775 4197 828 4259 3,
875 4195 1100 4250 Annon.
1137 4189 1382 4244 Lotltario
1419 4187 1568 4258 regi.)
1619 4185 1700 4238 An
1757 4197 1867 4238 non

292 4296 534 4352 districta
559 4291 760 4346 ultione
781 4285 1058 4342 feriendus
1087 4299 1166 4348 es,
1185 4282 1276 4352 qui
1304 4283 1356 4336 in
1377 4279 1582 4334 duabus
1607 4276 1865 4331 uxoribus

292 4385 608 4440 adulterium
631 4379 864 4434 Lamech
893 4387 948 4432 et
974 4374 1230 4443 flagitium
1261 4372 1500 4424 imitatus
1523 4381 1643 4422 esse
1681 4367 1866 4434 digno-

294 4476 503 4532 sceris?
571 4472 713 4542 quod
775 4469 1034 4522 Dominus
1087 4464 1301 4518 nonnisi
1356 4469 1478 4531 post
1528 4434 1942 4530 septuagintaD

295 4576 497 4635 septem
529 4562 905 4632 generationes
930 4575 1028 4623 suo
1062 4555 1338 4610 salutifero
1376 4550 1606 4605 adventu
1645 4546 1860 4610 delevit,

294 4671 415 4709 cum
465 4653 596 4707 Cain
644 4651 999 4704 fratricidium
1051 4647 1274 4716 septima
1323 4641 1670 4713 generatione
1712 4637 1874 4706 aquis

295 4747 550 4802 abolitum
575 4743 645 4796 sit
666 4741 998 4810 cataclysmi,
1036 4738 1088 4791 id
1114 4746 1194 4791 est
1224 4735 1407 4790 diluvii
1435 4731 1585 4802 (Gen.
1617 4732 1712 4798 vr).

453 4845 532 4913 De
553 4841 864 4913 patriarchis
887 4849 932 4892 et
960 4836 1379 4904 archiepiscopis,
1410 4835 1490 4886 tit.
1530 4831 1603 4885 VI
1613 4830 1668 4884 11
1678 4868 1692 4885 .

363 4943 402 4996 l.
433 4941 590 5012 (Dist.
636 4940 726 5002 65,
784 4936 1083 5007 Episcopos.
1114 4932 1308 4986 Joanni
1364 4931 1648 4983 Ravennati
1697 4930 1871 4982 archi—

295 5033 477 5104 episc.)
530 5031 820 5100 Episcopus
849 5041 942 5095 per
979 5023 1252 5077 fEmiliam
1303 5037 1405 5074 non
1432 5034 1738 5085 consecres,
1763 5021 1866 5074 nisi

295 5131 418 5193 post
437 5121 753 5175 electionem
775 5117 857 5170 vel
883 5127 1204 5170 consensum
1228 5112 1355 5166 cleri
1381 5120 1434 5165 et
1453 5110 1653 5179 pepuli.

363 5213 425 5266 ll.
451 5211 527 5282 (5,
555 5225 608 5279 qr.
639 5209 692 5271 6,
723 5207 850 5261 ch
876 5207 1079 5274 quippe.
1116 5203 1384 5257 Solomoni
1416 5203 1520 5271 regi
1547 5202 1863 5271 Britonum).

296 5301 423 5357 Hac
459 5299 727 5356 ordinatio
764 5297 857 5351 Dei
897 5295 1073 5348 Patris
1109 5293 1203 5357 tui,
1239 5303 1292 5346 et
1323 5294 1436 5346 inec
1463 5301 1546 5346 est
1574 5291 1656 5345 lex
1690 5292 1870 5346 Eccle‘

295 5397 390 5449 sia;
420 5393 610 5448 matris
659 5399 785 5454 tute,
816 5387 1063 5451 videlicet
1097 5395 1154 5438 ut
1192 5401 1380 5439 omnes
1403 5385 1682 5453 episcopos
1721 5384 1870 5452 regni

298 5487 371 5540 ttti
403 5487 469 5538 ad
495 5485 859 5538 Turonensem
900 5477 1362 5547 archiepiscopum
1394 5477 1609 5528 mittere
1635 5488 1741 5528 non
1772 5474 1870 5527 de—

299 5586 518 5638 trectes,
544 5576 818 5644 ipsiusque
837 5571 1095 5640 judicium
1123 5567 1394 5637 postulare
1413 5583 1518 5621 non
1543 5567 1866 5636 dedigneris.

239 5707 244 5712 .
298 5664 414 5733 Ipse
466 5675 546 5718 est
591 5663 733 5717 enim
779 5659 1250 5730 metropolitanus,
1302 5666 1356 5712 et
1407 5672 1596 5711 omnes
1633 5655 1870 5726 episcopi

1966 3187 2270 3248 oli‘erentes,
2302 3193 2353 3238 et
2383 3182 2706 3237 sententiam
2733 3194 2897 3249 quam
2929 3193 2958 3230 a
2991 3176 3120 3231 sede
3156 3173 3453 3244 apostolica
3494 3171 3551 3225 in

1964 3276 2321 3347 lngeltrudem
2371 3288 2592 3327 uxorem
2648 3271 2916 3334 Bosonis,
2960 3266 3337 3322 sanctissimus
3387 3264 3552 3316 frater

1966 3377 2148 3422 noster
2170 3363 2606 3433 archiepiscopus
2627 3357 3039 3413 Mediolanensis
3063 3354 3249 3408 Thado
3277 3361 3328 3407 et
3371 3349 3553 3405 cancri

1967 3457 2271 3526 coepiscopi
2320 3455 2490 3508 nostri
2535 3454 2841 3521 petiverunt
2863 3448 3241 3507 emittendam,
3269 3453 3323 3497 et
3347 3457 3447 3497 nos
3472 3443 3555 3496 di-

1965 3551 2091 3601 vino
2121 3548 2366 3599 succensi
2399 3545 2534 3608 zelo,
2563 3543 2663 3597 sub
2692 3541 3052 3594 anathematis
3083 3537 3433 3591 attestatione
3455 3549 3549 3589 ca-

1967 3639 2158 3692 nonice
2192 3635 2620 3704 protuleramus,
2667 3631 2879 3698 publice
2909 3644 2965 3682 se
3005 3629 3124 3680 viva
3153 3641 3283 3680 voce
3320 3624 3551 3678 violasse

1967 3727 2313 3789 confitentes;
2354 3725 2406 3778 in
2435 3722 2633 3791 quibus
2670 3721 2922 3774 erunibus
2957 3718 3262 3771 invenimus
3291 3730 3386 3768 eos
3416 3727 3553 3783 apo-

1967 3818 2183 3872 stolieas
2223 3826 2388 3884 atque
2424 3813 2716 3868 canonicas
2753 3810 3062 3864 sanctiones
3093 3808 3145 3860 in
3178 3806 3422 3876 pluribus
3459 3819 3555 3858 ex-

1967 3911 2230 3971 cessisse,
2276 3918 2330 3962 et
2359 3906 2626 3975 aequitatis
2664 3919 2907 3959 normam
2943 3901 3192 3970 nequiter
3230 3908 3551 3960 temerasse,

1968 4005 2034 4056 ab
2061 4003 2205 4056 omni
2227 3999 2539 4068 indicamus
2567 3997 2854 4052 sacerdotii
2882 3994 3056 4050 oﬂicio
3087 4005 3309 4048 manere
3334 3991 3552 4060 penitus

1969 4094 2194 4150 alienos.
2246 4092 2312 4146 Et
2367 4091 2487 4145 ideo
2538 4089 2712 4144 sancti
2767 4087 3003 4156 Spiritus
3035 4085 3262 4155 judicio,
3301 4093 3358 4137 et
3407 4081 3555 4136 beati

1967 4187 2110 4241 Petri
2151 4201 2246 4254 per
2275 4201 2372 4238 nos
2407 4183 2762 4244 auctoritate,
2796 4181 3143 4250 episcopatus
3187 4184 3380 4230 exutos
3419 4173 3556 4242 regi-

1969 4281 2112 4334 mine
2141 4277 2437 4332 consistere
2469 4273 2780 4328 dilﬁuimus.

2332 4374 2409 4428 De
2432 4373 2596 4427 sacris
2628 4371 2922 4432 ordinibus,
2963 4370 3042 4421 tit.
3079 4367 3184 4421 IX.

2037 4478 2073 4531 1.
2115 4478 2269 4548 (Dist.
2301 4476 2396 4539 25,
2426 4474 2711 4528 Prreterea.
2761 4470 2990 4539 Rodnlfo
3016 4465 3334 4521 Bituricensi
3383 4463 3558 4517 archi-

1968 4569 2252 4641 episcopo.)
2283 4569 2412 4634 Qnre
2450 4567 2503 4619 in
2538 4563 3035 4619 consecrationibus
3063 4568 3116 4614 et
3142 4556 3424 4612 ordinibus
3460 4555 3558 4609 ob-

1969 4664 2233 4718 servanda
2273 4662 2415 4723 sint,
2457 4658 2602 4712 beati
2646 4655 2946 4717 Innocentii
2978 4665 3130 4720 papa:
3172 4647 3429 4702 canonica
3457 4645 3556 4700 de-
3611 4681 3615 4683 -

1971 4765 2140 4818 creta,
2194 4751 2493 4822 praisertim
2539 4749 2801 4819 principia
2857 4744 3067 4814 paginze
3117 4741 3183 4794 ad
3236 4737 3558 4792 Decentium

1972 4844 2309 4913 Engubinum
2341 4841 2654 4910 episcopum
2681 4837 2913 4896 emisse,
2945 4831 3150 4884 aﬂ'atim
3177 4825 3500 4882 edocebunt.

2042 4935 2104 4987 ΙΙ.
2149 4933 2223 5001 (1,
2255 4939 2445 4999 quaest.
2482 4931 2534 4991 1,
2582 4927 2899 4988 Statuimus,
2937 4939 2987 4976 c.
3023 4921 3101 4992 ἓ.)
3145 4917 3440 4973 Sintoniaci
3483 4916 3556 4970 si-

1970 5023 2217 5076 moniace
2257 5017 2490 5071 ordinati
2521 5015 2605 5069 vel
2645 5013 3008 5074 ordinatores,
3056 5010 3355 5064 secundum
3381 5005 3556 5060 eccle-

1971 5113 2216 5166 siasticos
2244 5122 2508 5171 canones,
2547 5122 2575 5158 a
2611 5104 2829 5173 proprio
2869 5103 3037 5173 gradu
3068 5100 3337 5155 decidant.
3371 5097 3553 5152 Simo-

1971 5201 2109 5255 niaei
2143 5213 2356 5268 quoque
2395 5197 2689 5250 simoniaee
2735 5209 2766 5246 a
2817 5209 2921 5246 non
2955 5190 3266 5246 simoniacis
3293 5184 3552 5248 ordinati,

1971 5292 2218 5345 similiter
2245 5291 2312 5342 ab
2351 5287 2526 5341 cilicio
2573 5285 2712 5340 male
2757 5290 2979 5350 accepto
3024 5288 3425 5335 removeantur.
3462 5275 3552 5328 Si-

1973 5385 2244 5437 moniacos
2280 5389 2457 5435 autem
2491 5394 2595 5432 non
2641 5377 2934 5431 simoniace
2987 5388 3015 5427 a
3064 5371 3372 5427 simoniacis
3404 5366 3553 5421 ordi-

1971 5483 2160 5538 natos,
2208 5470 2638 5527 misericorditer
2663 5483 2761 5540 per
2789 5479 2978 5518 manus
3021 5461 3414 5532 impositionem
3453 5467 3552 5523 pro

1976 5565 2230 5632 temporis
2301 5561 2623 5618 necessitate
2681 5541 2736 5612 in
2787 5556 2963 5613 oliicio
3025 5550 3372 5609 concedimus
3430 5559 3549 5613 pet»

1975 5668 2214 5708 manere.
