4060 6338
325 367 483 423 1193

1336 366 1658 424 DECRETA
1694 365 1788 420 EX
1826 363 2184 446 GRATIANO
2219 363 2602 423 COLLECTA.

3476 365 3617 425 “9%

321 478 552 554 quinari
580 493 688 535 non
713 488 959 550 possunt.
991 478 1199 536 Idcirco
1225 480 1294 536 ab
1322 495 1387 536 eo
1405 519 1421 546 ,
1464 487 1810 551 quotcunque
1829 475 1922 546 ju-
1949 480 1997 540 A
2027 480 2130 534 diis
2157 480 2391 551 propriis
2420 480 2744 536 aediﬁcasset
2767 480 2873 535 duo
2906 478 3254 545 monasteria,
3280 480 3612 538 voluntatem

319 575 476 631 dicio
521 575 895 645 episcoporum
947 575 1302 647 reprobetur,
1369 574 1679 630 communio
1742 572 1924 643 perci-

317 665 531 738 pienda
574 673 680 733 est,
726 665 984 737 quoniam
1030 665 1161 722 mali
1207 667 1349 722 bona
1399 663 1828 724 administrando
1866 680 1926 720 se

319 757 709 814 tantummodo
736 757 957 814 laedunt.
985 757 1098 812 Fax
1125 773 1355 814 accensa
1383 755 1486 814 sibi
1511 757 1729 827 quidem
1760 755 1926 810 detri-

317 860 574 909 mentum
601 858 846 923 prtestat,
870 851 992 910 aliis
1013 867 1144 908 vero
1173 851 1355 908 lumen
1389 851 1446 906 in
1480 850 1720 906 tenebris
1746 849 1924 904 admi-

316 944 530 999 nistrat
558 962 571 998 :
605 951 660 998 et
687 941 830 998 unde
857 941 980 998 aliis
1004 941 1349 998 commodum
1377 940 1620 1007 exhibet,
1662 939 1790 994 inde
1819 937 1923 994 sibi

316 1036 672 1107 dispendium
699 1036 925 1107 praebet.
955 1032 1166 1090 Sumite
1194 1048 1323 1106 ergo
1359 1033 1429 1088 ab
1461 1033 1611 1089 omni
1639 1030 1924 1087 sacerdote

314 1127 587 1199 intrepidi
611 1127 812 1184 Christi
842 1127 1100 1199 mysteria
1122 1167 1137 1192 ,
1177 1126 1305 1198 quia
1335 1124 1518 1181 omnia
1546 1124 1601 1180 in
1632 1123 1738 1179 ﬁde
1765 1122 1924 1179 Chri-

313 1217 394 1273 sti
423 1226 720 1290 purgantur
751 1216 919 1290 (ﬁdes
967 1226 1053 1274 est
1098 1217 1263 1282 enim,
1307 1230 1429 1288 quae
1474 1215 1620 1271 hunc
1660 1214 1922 1269 mundum

314 1309 537 1380 vincit),
569 1317 626 1365 et
645 1308 772 1380 quia
796 1323 906 1364 non
937 1309 1118 1365 dantis
1145 1309 1433 1375 meritum,
1473 1308 1569 1364 sed
1603 1306 1924 1378 accipientis

312 1399 420 1468 ﬁt,
457 1400 671 1458 dicente
703 1402 865 1457 beato
890 1399 1260 1474 Hieronymo:
1299 1399 1383 1455 Ad
1411 1399 1742 1456 credendum
1772 1397 1921 1453 omni

312 1493 518 1550 animae
543 1495 844 1566 baptismus
871 1501 956 1550 est
976 1493 1272 1564 perfectus,
1299 1502 1357 1550 et
1385 1493 1442 1549 in
1465 1492 1616 1550 omni
1638 1493 1921 1548 sacerdote

311 1603 521 1660 corpus
543 1587 746 1645 Christi
773 1582 859 1645 est
879 1587 1205 1661 perfectum.
1451 1622 1456 1626 -

393 1676 480 1732 VI.
514 1677 629 1748 (I7,
665 1687 858 1749 quaest.
889 1678 946 1744 4,
979 1678 1059 1734 De
1083 1678 1524 1750 presbyterorum.
1558 1675 1799 1732 Thadoni
1829 1693 1918 1730 ar-

311 1769 566 1838 chiepisc.
609 1769 1040 1842 Mediolanensi.)
1080 1771 1158 1826 De
1191 1770 1640 1841 presbyterorum
1678 1767 1915 1840 ﬂagella-

1977 589 1994 611 ο
2029 585 2225 640 gerens
2257 582 2317 628 ut
2351 581 2473 642 post
2508 587 2664 627 suum
2711 572 2992 627 decessum
3039 586 3277 643 praesens
3317 573 3436 643 ejus
3474 573 3618 630 ﬁlius

2027 659 2349 718 Lambertus
2380 662 2434 717 in
2461 662 2637 718 locum
2669 661 2786 731 ejus
2813 661 3144 724 succederet,
3181 676 3341 733 quem
3371 660 3510 718 infra
3537 672 3618 718 te-

2025 767 2214 808 neram
2261 763 2476 810 aetatem
2518 755 2662 810 inter
2705 763 2954 811 octavum
2999 762 3055 809 et
3098 754 3369 810 decimum
3412 770 3614 810 annum

2025 845 2402 914 constitutum,
2431 856 2761 904 memoratus
2788 855 2945 917 pater
2966 846 3186 918 proprio
3217 846 3462 913 arbitrio,
3483 847 3613 902 abs-

2022 953 2129 1008 que
2162 940 2398 1012 regulari
2429 941 2788 1008 institutione,
2827 951 2983 997 extra
3017 957 3232 999 omnem
3264 941 3408 998 illius
3432 942 3616 998 volun-

2024 1039 2188 1087 tatem
2220 1033 2488 1090 cucullam
2518 1035 2708 1091 induit.
2759 1035 2928 1107 Igitur
2977 1042 3102 1106 post
3149 1033 3421 1105 quoddam
3447 1034 3618 1105 ipsius

2023 1124 2282 1195 temporis
2311 1128 2566 1196 spatium,
2595 1136 2656 1182 ut
2683 1128 2798 1198 ipse
2829 1125 2990 1192 dicit,
3022 1125 3279 1182 Salomon
3310 1125 3616 1197 episcopus,

2020 1229 2146 1269 cum
2185 1217 2506 1287 quibusdam
2555 1218 2698 1286 aliis,
2744 1220 2950 1289 absque
2995 1218 3168 1289 patris
3213 1218 3486 1275 oblatione
3531 1218 3620 1274 vel

2023 1306 2236 1362 abbatis
2264 1318 2518 1379 percepta
2545 1309 2947 1377 benedictione,
2983 1310 3235 1365 eumdem
3261 1308 3618 1365 Lambertum

2021 1402 2379 1459 monasticum
2409 1404 2654 1460 habitum
2687 1404 2910 1460 induere
2936 1403 3093 1470 fecit,
3135 1412 3196 1458 ut
3219 1403 3438 1470 ferunt,
3480 1403 3619 1458 invi-

2021 1501 2156 1548 tum.
2189 1493 2257 1548 Et
2281 1495 2382 1550 sub
2413 1494 2518 1550 bac
2544 1495 2832 1551 occasione
2859 1501 3087 1565 paterna
3113 1502 3482 1550 seu‘materna
3510 1494 3619 1548 hae-

2018 1583 2250 1642 reditate
2280 1600 2311 1640 a
2336 1585 2596 1643 fratribus
2624 1587 2738 1642 suis
2763 1585 3035 1658 privatum
3061 1600 3202 1651 esse,
3232 1593 3396 1656 atque
3425 1591 3616 1639 contra

2019 1691 2256 1744 omnem,
2286 1686 2347 1733 ut
2373 1678 2576 1734 dictum
2603 1687 2687 1734 est
2714 1677 3048 1734 voluntatem
3080 1692 3235 1732 suam
3266 1677 3422 1746 quasi
3451 1689 3614 1746 regu-

2018 1769 2187 1828 larem
2217 1771 2369 1827 ill'um
2400 1772 2725 1827 monachum
2753 1785 3075 1838 permanere
3104 1769 3310 1825 volunt.
3338 1767 3406 1823 Ει
3433 1767 3572 1823 infra
3597 1783 3612 1820 :

313 1857 530 1915 toribus
553 1867 609 1914 et
635 1860 972 1916 oceisoribus
992 1901 1008 1926 ,
1034 1859 1382 1930 praedonibus
1412 1859 1650 1924 scilicet,
1689 1858 1781 1928 qui
1813 1873 1914 1914 sae-
1941 1848 1990 1909 B
2017 1861 2362 1935 Quapropter
2388 1863 2636 1920 consulte
2660 1862 3069 1934 Psalmographi
3096 1862 3261 1917 verba
3287 1859 3613 1924 recolentes,

309 1945 489 2001 culari
516 1947 743 2005 brachio
768 1950 990 2005 minime
1016 1958 1372 2015 coercentur,
1397 1948 1553 2018 juxta
1579 1957 1912 2020 praeceptum

307 2036 530 2094 Domini
557 2039 764 2111 placet,
803 2048 864 2096 ut
903 2041 1146 2096 fraterno
1181 2056 1368 2096 amore
1400 2041 1795 2096 conveniantur
1827 2056 1913 2096 se-

309 2130 492 2186 cundo
535 2140 590 2188 et
639 2132 838 2188 tertio:
867 2132 960 2202 qui
995 2132 1242 2202 requisiti
1280 2131 1324 2187 si
1369 2139 1422 2187 te
1463 2147 1573 2188 non
1613 2132 1910 2198 audierint,

307 2220 671 2277 conveniente
690 2220 960 2288 Ecclesia,
981 2236 1075 2277 eos
1087 2235 1242 2277 sacra
1267 2220 1645 2277 communione
1667 2220 1909 2292 privare,

310 2319 479 2383 atque
507 2313 555 2367 si
586 2312 644 2367 in
670 2328 766 2368 sua
791 2313 1157 2370 obstinatione
1178 2319 1564 2383 permanentes
1597 2311 1910 2368 sacerdota-

307 2399 386 2456 lia
415 2402 620 2458 monita
646 2401 788 2458 forte
812 2403 1257 2479 contempserint,
1275 2403 1343 2457 ab
1369 2401 1626 2457 Ecclesiae
1647 2416 1909 2472 compage

309 2494 417 2549 sub
441 2494 803 2552 anathematis
829 2494 1213 2551 interdictione
1241 2483 1492 2550 resecare
1518 2491 1790 2548 licentiam
1817 2492 1910 2546 tri-

308 2585 550 2645 buimus.
1233 2619 1235 2621 ι

785 2679 866 2737 De
899 2680 1123 2746 clericis,
1159 2679 1242 2734 tit.
1282 2676 1423 2734 XII.

380 2793 424 2851 I.
450 2794 729 2868 (Distinet.
761 2795 852 2864 12,
891 2795 968 2850 De
1002 2795 1116 2849 illo.
1139 2795 1313 2855 Adoni
1341 2792 1622 2848 Viennensi
1646 2790 1904 2861 archiepi-

309 2889 524 2958 scopo.)
573 2887 848 2954 Clericus,
898 2889 991 2958 qui
1061 2902 1160 2958 per
1226 2885 1446 2943 ordines
1505 2883 1900 2940 ecclesiasticos

219 3023 224 3027 .
308 2993 485 3049 usque
511 2980 580 3035 ad
605 2979 1054 3036 subdiaconatum
1085 2985 1236 3035 caste
1262 2977 1420 3045 vixit,
1447 2991 1675 3032 uxorem
1700 2976 1898 3036 ducere

309 3086 417 3128 non
441 3081 640 3143 potest.
666 3072 841 3129 Nullis
863 3072 1009 3128 enim
1039 3072 1199 3128 datur
1225 3070 1464 3137 licentia,
1505 3069 1750 3140 exceptis
1770 3067 1892 3133 illis,

308 3166 504 3236 quibus
554 3165 921 3224 ecclesiastica
977 3165 1161 3237 regula
1221 3178 1446 3221 uxorem
1505 3162 1709 3219 habere
1766 3176 1896 3233 per-

375 3265 637 3414 lI‘Ilftinist.
685 3349 779 3418 50,
834 3349 1114 3407 Ctericum.
1159 3349 1390 3406 Osvotdo
1413 3350 1716 3421 coepiscopo
1749 3345 1898 3415 Qua-

307 3438 602 3509 drantino.)
627 3439 898 3496 Clericum
909 3442 1002 3511 qui
1024 3455 1294 3513 paganum
1309 3439 1591 3505 occiderit,
1610 3454 1719 3494 non
1731 3452 1895 3509 opor-

307 3539 384 3586 tet
412 3529 481 3586 ad
513 3530 744 3602 gradum
779 3533 1039 3603 majorem
1076 3534 1336 3604 provehi,
1377 3532 1469 3602 qui
1507 3546 1696 3587 carere
1733 3531 1898 3586 etiam

307 3621 464 3678 debet
491 3623 790 3694 acquisito,
840 3623 1113 3680 homicida
1157 3623 1302 3679 enim
1349 3632 1454 3678 est.
1497 3622 1635 3678 Nam
1672 3621 1895 3678 discreti
1988 3660 1991 3662 -

308 3722 431 3769 sunt
453 3712 656 3770 milites
685 3712 866 3770 saeculi
894 3731 924 3770 a
954 3714 1222 3772 militibus
1245 3714 1526 3783 Ecclesiae,
1566 3713 1764 3784 quibus
1801 3713 1899 3769 mi-

308 3805 460 3864 litare
476 3808 682 3866 ‘steculo
704 3824 815 3865 non
841 3809 1112 3866 convenit.

374 3897 459 3954 III.
503 3899 750 3971 (Ibidem,
785 3916 832 3956 c.
874 3899 947 3955 Hi
974 3900 1064 3972 qui
1093 3899 1376 3972 arborem.)
1413 3900 1479 3956 Hi
1516 3899 1612 3972 qui
1644 3900 1895 3956 arborem

309 3989 543 4047 incidere
570 3992 842 4060 videntur,
873 3992 918 4048 si
950 3994 1236 4065 contigerit
1258 4001 1318 4047 ut
1342 3993 1543 4049 cadens
1571 3994 1734 4050 arbor
1757 3993 1896 4048 occi-

310 4082 442 4139 derit
464 4083 757 4149 hominem,
786 4083 1142 4155 inculpabiles
1169 4093 1299 4142 sunt
1323 4093 1486 4154 atque
1516 4086 1742 4151 innoxii,
1767 4085 1896 4156 quia

311 4189 406 4232 nec
429 4175 706 4233 voluntate
733 4192 922 4234 eorum
955 4193 1056 4235 nec
1086 4178 1355 4234 desiderio
1385 4178 1740 4236 homicidium
1772 4193 1918 4250 perm

309 4277 571 4341 petratum
595 4278 698 4326 est.
732 4268 790 4326 Si
819 4285 949 4326 vero
974 4270 1154 4342 aliqua
1186 4270 1344 4342 culpa
1381 4286 1569 4326 eorum
1598 4271 1679 4327 vel
1709 4270 1891 4344 negle-

312 4371 393 4418 ctu
430 4362 710 4420 morientis
750 4364 983 4420 hominis
1043 4364 1292 4420 interitus
1344 4363 1691 4435 cognoscitur
1730 4365 1895 4419 adve-

312 4455 466 4524 nisse,
514 4455 801 4527 abjiciendi
854 4459 1252 4531 suntagradu,
1303 4467 1358 4514 et
1402 4459 1458 4514 in
1505 4473 1662 4516 sacro
1702 4457 1894 4515 ordine

312 4548 605 4606 nullatenus
631 4551 983 4621 suscipiendi.

617 4680 696 4737 De
733 4685 863 4737 votis
899 4685 1226 4751 monasticis,
1269 4686 1350 4740 tit.
1395 4683 1568 4740 XIII.

375 4793 413 4849 l.
453 4794 614 4868 (Dist.
659 4795 751 4862 27,
805 4796 959 4862 Quod
1003 4798 1356 4868 interrogasti.
1395 4799 1566 4853 Adoni
1614 4798 1896 4854 Viennensi

313 4884 632 4958 archiepisc.)
671 4885 894 4942 Femina
944 4902 1065 4957 quae
1093 4901 1216 4959 post
1238 4889 1444 4945 obitum
1479 4889 1662 4945 mariti
1692 4889 1776 4944 sui
1803 4905 1893 4944 sa~

314 4992 452 5032 crum
481 4978 726 5035 velamen
754 4995 917 5050 super
943 4990 1105 5050 caput
1135 4996 1292 5036 suum
1327 4980 1614 5051 imposuit,
1655 4989 1710 5037 et
1737 4981 1893 5036 ﬁnxit

313 5091 364 5130 se
387 5075 483 5130 sub
511 5075 701 5131 eodem
729 5075 998 5130 velamine
1026 5074 1316 5131 monialem
1342 5089 1464 5131 esse
1481 5115 1496 5141 ,
1537 5083 1723 5146 postea
1759 5089 1888 5130 vero

313 5168 370 5223 ad
399 5167 612 5239 nuptias
636 5167 829 5232 rediit,
861 5167 1021 5223 debet
1055 5167 1430 5237 pteniteutiam
1460 5182 1618 5239 agere
1666 5168 1731 5222 de
1768 5165 1890 5221 illu-

313 5258 451 5314 sione
474 5257 727 5326 nefanda,
752 5268 808 5313 et
834 5257 1033 5314 reverti
1063 5259 1132 5314 ad
1159 5258 1212 5315 id
1247 5258 1392 5330 quod
1419 5259 1725 5330 spopondit.

373 5352 430 5406 Il.
447 5353 562 5424 (20,
586 5361 778 5425 quaest.
801 5352 858 5421 3,
881 5349 1146 5408 Prwsens.
1173 5350 1427 5408 Omnibus
1450 5349 1702 5420 episcOpis
1725 5349 1782 5403 in
1804 5365 1886 5404 re-

313 5461 402 5516 gno
420 5443 716 5521 Ludovici.)
738 5446 983 5504 Praesens
1010 5447 1263 5514 clericus,
1292 5445 1510 5502 nomine
1535 5444 1878 5509 Lambertus,

313 5549 410 5593 una
436 5553 558 5594 cum
587 5547 741 5612 patre
769 5557 868 5598 suo
899 5540 1117 5598 nomine
1138 5541 1301 5608 Atto,
1333 5537 1604 5610 quondam
1636 5537 1885 5594 videlicet

315 5631 494 5686 comite
514 5673 528 5697 ,
561 5648 704 5690 nunc
735 5643 914 5692 autem
938 5635 1171 5702 clerico,
1206 5635 1274 5691 ad
1298 5633 1486 5689 limina
1515 5631 1881 5704 apostolorum

313 5732 613 5790 prapcrans,
640 5724 773 5780 adiit
794 5727 1138 5796 prmsentiam
1169 5735 1433 5790 nostram,
1465 5737 1714 5780 asserens
1743 5739 1881 5793 qua-

314 5807 424 5868 liter
445 5811 586 5870 idem
612 5823 769 5886 pater
800 5815 914 5885 ejus
945 5817 998 5872 in
1028 5817 1201 5874 laicali
1234 5818 1409 5874 adhuc
1435 5814 1642 5883 Ordine,
1674 5815 1726 5870 in
1751 5831 1883 5887 prai-

535 5907 813 5971 Psrnon.
850 5911 1075 5975 CXIX.

2015 1955 2214 2025 quibus
2249 1955 2554 2011 voluntarie
2591 1970 2651 2012 se
2685 1954 2796 2011 Deo
2833 1955 3143 2011 sacriﬁcare
3169 1951 3515 2023 pronuntiat,
3559 1957 3615 2006 et

2014 2045 2318 2102 voluntaria
2349 2047 2462 2102 oris
2492 2047 2574 2102 sui
2604 2047 2941 2117 bcneplacita
2970 2046 3084 2102 ﬁeri
3112 2045 3167 2100 in
3193 2052 3487 2115 conspectu
3514 2041 3615 2098 Dei

2012 2134 2261 2191 obsecrat
2291 2137 2463 2208 (Psat.
2495 2138 2714 2210 xxxiii),
2744 2145 3067 2208 praesentem
3097 2137 3358 2193 clericum
3392 2135 3615 2192 nomine

2012 2223 2364 2284 Lambertum
2400 2229 2626 2285 minime
2669 2229 2868 2286 debere
2907 2229 3344 2285 existimavimus
3378 2228 3478 2285 sub
3517 2227 3613 2283 tali

2010 2318 2269 2375 violentia
2296 2319 2414 2376 ﬁeri
2443 2320 2790 2376 monachum.
2817 2320 2971 2386 Quod
3001 2321 3146 2375 enim
3178 2321 3301 2390 quis
3325 2335 3432 2375 non
3461 2318 3613 2390 eligit

2010 2424 2114 2465 nec
2138 2418 2320 2479 optat,
2354 2409 2600 2480 profecto
2625 2426 2732 2467 non
2758 2393 2931 2483 diligit
2957 2428 2970 2464 :
3005 2412 3149 2480 quod
3177 2419 3367 2466 autem
3386 2425 3492 2464 non
3529 2409 3610 2464 di-

2008 2501 2148 2573 ligit,
2181 2501 2340 2558 facile
2365 2503 2682 2558 contemnit.
2715 2500 2931 2558 Nullum
2958 2513 3088 2573 ergo
3112 2504 3334 2568 bonum,
3363 2501 3467 2557 nisi
3505 2516 3602 2556 vo-

2009 2591 2326 2648 luntarium.
2373 2591 2582 2648 Idcirco
2627 2592 2888 2648 Dominus
2935 2607 3043 2649 non
3090 2592 3367 2650 ferendam
3413 2593 3467 2647 in
3520 2592 3609 2647 via

2005 2683 2216 2756 virgam
2247 2682 2464 2756 (Matth.
2490 2688 2570 2755 x),
2595 2699 2693 2755 per
2719 2699 2883 2755 quam
2910 2683 3165 2741 violentia
3193 2682 3290 2738 ulli
3317 2681 3606 2751 inferatur,

2005 2778 2286 2849 praecepit,
2314 2785 2422 2834 etc.

2075 2870 2161 2925 III.
2205 2870 2314 2939 (27,
2380 2877 2570 2942 quaest.
2611 2872 2674 2938 I,
2733 2869 2928 2927 Vidua.
2970 2868 3162 2927 Carolo
3210 2869 3602 2942 archiepiswpo

2004 2961 2316 3034 Moguntina
2371 2974 2419 3018 et
2467 2964 2582 3036 ejus
2635 2964 2896 3038 su/I'rag.)
2947 2962 3118 3020 Vidua
3174 2965 3431 3035 quidem,
3479 2978 3601 3034 qua:

2002 3053 2165 3124 capiti
2192 3069 2408 3111 sacrum
2432 3056 2679 3112 velamen
2707 3057 2986 3128 imposuit,
3021 3057 3068 3112 si
3094 3057 3238 3112 inter
3259 3065 3486 3114 ceteras
3505 3073 3600 3112 ve-

2001 3145 2142 3204 latas
2166 3147 2399 3206 feminas
2428 3149 2484 3204 in
2510 3149 2741 3206 ecclesia
2768 3149 3028 3216 oraverit,
3069 3159 3127 3206 et
3150 3150 3451 3207 oblationes
3475 3164 3604 3206 cum

1926 3224 1974 3288 Β
2005 3238 2111 3295 illis
2145 3240 2435 3308 obtulerit,
2478 3242 2525 3298 si
2563 3241 2809 3314 professa
2849 3252 2934 3299 est
2974 3256 3036 3298 se
3077 3243 3134 3299 in
3181 3244 3371 3300 eodem
3415 3243 3604 3300 habitu

1999 3346 2350 3403 permanere,
2392 3334 2663 3405 spondens
2707 3349 2982 3406 nunquam
3027 3333 3308 3407 religionis
3349 3335 3602 3392 velamen

2001 3425 2302 3496 deponere,
2351 3440 2386 3483 a
2428 3427 2708 3499 religionis
2753 3427 3099 3485 observantia
3151 3429 3432 3487 discedere
3483 3445 3592 3485 non

1998 3526 2315 3588 praesumat.

2487 3634 2566 3690 De
2601 3635 2772 3703 laicis,
2811 3643 2891 3691 tit.
2933 3635 3094 3694 XIV.
3568 3599 3619 3692 :‘a

2068 3748 2113 3804 I.
2153 3748 2315 3823 (Dist.
2347 3749 2444 3818 18,
2478 3764 2528 3808 c.
2558 3749 2653 3805 ﬁn.
2693 3750 2776 3806 Ad
2805 3751 3049 3808 consulta
3076 3752 3478 3828 Bulgarorum.)
3504 3752 3603 3830 .De

1997 3843 2355 3915 presbyteris,
2393 3843 2550 3901 vobis
2588 3844 2679 3916 qui
2719 3844 2873 3902 laicis
2915 3847 3068 3913 estis,
3105 3863 3209 3903 nec
3241 3846 3599 3917 iudicandum
3638 3874 3642 3880 ·

1999 3945 2105 4001 est,
2150 3949 2252 3991 nec
2293 3936 2361 3991 de
2403 3935 2515 3991 vita
2556 3949 2743 3992 eorum
2787 3938 3084 4009 quidquam
3126 3939 3598 4012 investigandum,

2000 4026 2096 4081 sed
2135 4025 2515 4097 episcoporum
2549 4023 2788 4097 judicio,
2827 4029 3089 4101 quidquid
3132 4031 3187 4087 id
3227 4030 3331 4100 sit,
3385 4042 3472 4090 est
3513 4048 3600 4091 re-

1999 4118 2350 4174 servandum.

2068 4206 2132 4262 II.
2171 4209 2342 4279 (Dist.
2375 4209 2479 4278 96,
2511 4210 2582 4267 In
2609 4213 2905 4285 scripturis.
2945 4213 3210 4270 Ludovico
3238 4214 3304 4270 II
3333 4215 3496 4289 imp.)
3537 4217 3615 4282 lu

1999 4302 2285 4372 scripturis
2313 4316 2572 4361 narratur
2598 4307 2990 4365 Constantinus
3018 4310 3316 4381 imperator
3348 4311 3550 4368 dixisse
3578 4331 3590 4366 :

2000 4393 2140 4450 Vere
2166 4396 2212 4451 si
2236 4399 2472 4468 propriis
2496 4400 2670 4456 oculis
2696 4401 2952 4458 vidissem
2976 4404 3313 4460 sacerdotem
3343 4403 3470 4470 Dei,
3502 4415 3597 4459 aut

1999 4486 2233 4558 aliquem
2265 4504 2452 4546 eorum
2481 4493 2576 4563 qui
2608 4493 2662 4548 in
2689 4495 2943 4551 monachi
2975 4495 3161 4550 habitu
3197 4495 3596 4550 circumamicti

1917 4594 1973 4655 Ῑ)
1999 4586 2146 4645 sunt,
2171 4591 2508 4651 peccantem,
2541 4585 2880 4656 chlamydem
2921 4599 3097 4641 meam
3139 4585 3498 4656 exspoliarcm
3539 4595 3597 4642 et

1998 4672 2336 4741 cooperirem
2363 4688 2509 4740 eum,
2540 4691 2608 4732 ne
2631 4678 2698 4733 ab
2724 4677 2991 4746 aliquibus
3017 4675 3310 4737 videretur.
3357 4676 3472 4732 Hoc
3512 4677 3594 4732 di-

1998 4767 2190 4831 cimus,
2221 4776 2411 4827 cautos
2437 4785 2536 4826 vos
2566 4771 2796 4826 reddere
2825 4770 3135 4840 cupientes,
3180 4779 3241 4825 ut
3287 4771 3333 4825 si
3378 4772 3444 4826 dc
3487 4771 3592 4827 Do-

1998 4857 2132 4912 mini
2163 4859 2557 4926 sacérdotibus,
2591 4861 2682 4929 qui
2708 4860 2830 4930 jure
2857 4869 3038 4930 patres
3068 4861 3377 4915 animarum
3403 4860 3592 4916 dicun-

1997 4958 2106 5016 tur,
2147 4949 2352 5020 aliquid
2388 4950 2677 5022 contigerit
2699 4967 2796 5006 vos
2824 4952 3014 5008 audire
3040 4952 3183 5022 quod
3212 4953 3588 5010 confusionem

1994 5043 2100 5111 piis
2121 5030 2394 5098 mentibus
2416 5043 2647 5116 ingerat,
2675 5060 2785 5100 non
2809 5045 3148 5112 infrunitum,
3176 5048 3270 5103 sed
3294 5049 3586 5120 pudoratoe

1991 5135 2130 5192 ﬁlios
2155 5135 2269 5191 Noe
2295 5137 2591 5202 imitantes,
2619 5139 2853 5208 patriam
2879 5141 2944 5194 de
2971 5138 3179 5209 reliquo
3201 5140 3584 5197 verecundiam

1991 5227 2292 5298 contegatis
2321 5225 2474 5297 (Gen.
2506 5226 2606 5298 ιχ),
2639 5236 2701 5282 ut
2729 5227 2988 5294 aliluenti,
3031 5229 3484 5299 quemadmodum
3527 5236 3585 5282 et

1989 5319 2086 5386 illi,
2136 5319 2512 5376 benedictione
2537 5321 2768 5393 repleri,
2815 5323 3130 5380 moderante
3170 5322 3421 5389 Domino,
3466 5333 3581 5375 me-

1989 5426 2218 5468 reamtm
2227 5450 2240 5464 .

2457 5523 2536 5580 De
2573 5525 2820 5594 ecclesiis,
2863 5529 2943 5584 tit.
2982 5525 3109 5583 XV.

2058 5637 2176 5708 (22,
2202 5644 2392 5708 quaest.
2426 5635 2480 5702 1η,
2509 5653 2559 5694 c.
2594 5637 2784 5693 Nulla.
2816 5636 2901 5693 Es:
2927 5639 3041 5709 ejus
3067 5636 3330 5710 decretis.)
3352 5635 3394 5694 I.
3420 5633 3575 5700 Nulla

1987 5731 2215 5787 aediﬁcia
2250 5732 2304 5786 in
2342 5730 2482 5786 atrio
2509 5732 2753 5790 ecclesiae
2777 5741 3064 5803 ponantur,
3106 5732 3208 5788 nisi
3244 5741 3447 5789 tantum
3473 5732 3579 5791 cle-

1988 5840 2224 5882 I‘lCOl‘llm
2235 5864 2247 5878 .

3098 5917 3175 5982 38
