4060 6338
488 439 625 492 H95
1129 429 1220 482 ΑΙ)
1259 425 1639 482 EPISTOLAS
1675 424 1762 479 ET
1806 421 2089 478 DECRET.

2201 417 2431 474 lCOLAl
2463 413 2665 470 nam
2708 413 2725 467 l
2763 411 3133 468 APPENDIX.
3566 491 3573 492 ί
3637 407 3804 463 μεθ

549 551 614 606 ll.
639 551 750 620 (ll,
777 553 966 618 qumst.
995 545 1049 607 2,
1069 542 1142 597 De
1177 541 1536 596 rebus.Adom'
1583 538 1855 594 Viennensi
1891 537 2060 590 archi-
2090 539 2143 598 Α
2168 548 2507 591 communem
2541 547 2696 586 usum
2742 536 2886 599 apta,
2937 525 3379 620 praesumpserit,
3419 524 3652 620 dilectio
3683 541 3800 579 nos

482 618 666 713 episc.)
707 640 780 694 De
829 639 989 692 rebus
1034 650 1152 706 qua:
1207 633 1375 688 semel
1427 633 1537 688 Deo
1563 630 1883 686 contributa:
1909 635 2068 697 atque
2168 630 2347 684 Vestra
2378 624 2630 689 consulit,
2657 623 2702 679 si
2743 623 2860 693 ipse
2884 621 2968 675 vel
2997 621 3090 691 qui
3122 635 3246 675 cum
3272 633 3340 674 eo
3366 618 3420 673 in
3450 627 3565 672 tam
3605 618 3798 687 impio

480 711 671 787 dicatae
710 738 864 795 sunt,
896 730 969 782 et
1019 735 1202 797 postea
1249 725 1350 779 sub
1385 725 1671 780 occasione
1705 720 2069 778 concessionis
2170 717 2423 788 etiniquo
2440 714 2644 771 scelere
2667 713 2988 780 fuerunt,ad
3013 711 3384 783 panitentiam
3414 711 3796 780 quandoque,

479 825 783 896 principum
830 837 859 874 a
891 818 1214 890 quibusdam
1248 815 1580 872 invaduntur
1607 824 1771 885 atque
1808 812 2069 882 diripiun—
2171 809 2342 882 gratia
2373 808 2498 863 tacti
2531 807 2733 871 divina,
2791 806 2980 860 venire
3034 803 3320 867 voluerint,
3379 817 3486 870 quo
3514 817 3620 856 eos
3665 815 3792 870 pte-

481 895 592 981 tur,
629 914 904 972 sancimus
942 920 1002 966 ut
1032 910 1186 982 prius
1213 908 1508 964 consulatis
1542 907 1843 978 principem
1884 905 1949 959 ad
1988 918 2071 958 re-
2172 901 2414 956 nitentia:
2454 899 2673 954 vinculo
2703 897 3116 968 constringatis,
3167 895 3524 951 institutionis
3563 903 3796 948 nostra

479 1005 768 1062 secandam
802 1012 910 1057 tam
939 1000 1374 1072 praesumptivam
1406 997 1729 1061 factionem,
1776 1002 1831 1049 et
1873 1007 2072 1062 cogno—
2173 1006 2459 1047 censuram
2494 1004 2788 1060 exposcere
2818 989 3066 1044 curastis.
3095 989 3199 1056 (De
3243 986 3461 1056 quibus.
3485 994 3686 1040 tamen
3741 986 3794 1039 si

480 1094 738 1154 scendum
783 1103 964 1149 utrum
1017 1092 1087 1147 sit
1143 1090 1288 1145 illius
1337 1089 1638 1154 concessio,
1689 1104 1756 1141 an
1805 1084 2072 1141 invasoris
2173 1083 2247 1138 ita
2288 1092 2406 1150 est,
2451 1083 2730 1152 iubemus,
2778 1097 2902 1136 eum
2947 1082 3013 1135 ad
3044 1081 3414 1151 paenitentiam
3441 1079 3798 1149 qnaan

477 1185 849 1263 praesumptio.
886 1183 1040 1252 Quod
1071 1184 1116 1238 si
1143 1181 1404 1254 principis
1431 1180 1734 1236 inordinata
1768 1178 1928 1233 fuerit
1965 1177 2073 1231 lar-
2176 1177 2371 1233 reverti
2424 1175 2844 1232 acceleraverint
2869 1217 2882 1239 ,
2934 1189 3043 1228 uno
3083 1187 3228 1228 anno
3281 1180 3434 1226 extra
3475 1170 3794 1228 ecclesiam

481 1278 638 1351 gitio,
676 1284 732 1332 et
777 1274 890 1346 ipse
933 1273 1185 1344 princeps
1228 1270 1299 1326 sit
1342 1285 1442 1341 pro
1489 1269 1862 1324 emendatione
1891 1266 2075 1321 redar-
2176 1266 2273 1322 Dei
2303 1269 2620 1333 consistere,
2647 1267 2802 1337 cujus
2828 1266 3354 1356 sacratissima'vasa
3395 1272 3556 1320 extra
3605 1264 3796 1321 rima

481 1366 758 1442 guendus;
792 1364 839 1421 si
868 1373 1051 1420 autem
1078 1362 1347 1419 invasoris
1376 1361 1682 1418 declaratur
1706 1359 2072 1431 praesumptio,
2179 1359 2299 1415 ﬁdei
2317 1359 2640 1414 Christianae
2661 1359 2974 1429 deripiendo
2995 1357 3211 1412 auferre
3233 1372 3340 1412 non
3363 1358 3789 1413 dubitaverant.

482 1474 655 1532 usque
680 1459 748 1514 ad
770 1455 1229 1521 emendationem,
1261 1451 1841 1510 excommunicationis
1863 1451 1935 1506 sit
1959 1450 2077 1505 vin-
2181 1451 2430 1508 Secundo
2456 1468 2581 1507 vero
2607 1465 2748 1506 anno
2773 1460 2902 1506 ante
2930 1449 3074 1506 fores
3099 1449 3348 1505 ecclesias
3379 1450 3500 1504 sine
3526 1464 3795 1505 commn-

483 1553 628 1610 dicta
655 1550 1006 1608 coercendus.
2180 1543 2342 1598 nione
2368 1549 2642 1598 maneant.
2671 1540 2858 1598 Tertio
2881 1553 3015 1596 vero
3039 1553 3184 1594 anno
3214 1537 3500 1595 ecclesiam
3542 1537 3646 1594 Dei
3700 1540 3795 1593 in-

556 1641 641 1697 lll.
668 1639 782 1714 (57,
808 1645 999 1710 quaest.
1023 1636 1078 1702 4,
1104 1633 1249 1692 Sicut
1273 1636 1580 1706 antiquitus.
1608 1633 1864 1688 Omnibus
1882 1632 2079 1701 episco-
2182 1635 2517 1703 grediantur,
2547 1641 2601 1688 et
2638 1633 2777 1688 inter
2806 1632 3089 1686 audientes
3123 1640 3304 1686 asteut
3332 1629 3451 1685 sine
3473 1629 3795 1694 oblatione,

483 1731 770 1805 pis.)Sicut
794 1729 1095 1800 antiquitus
1122 1743 1151 1782 a
1181 1729 1383 1784 sanctis
1411 1726 1666 1782 Patrihus
1693 1732 1951 1780 statutum
1976 1731 2077 1787 est,
2184 1740 2288 1779 non
2320 1723 2709 1778 manducantes
2754 1736 2994 1787 carnem,
3047 1735 3221 1792 neque
3269 1720 3517 1776 bibentes
3567 1722 3792 1786 vinum,

485 1823 778 1880 statuimus
809 1830 869 1876 ut
897 1818 1071 1890 maior
1110 1819 1341 1876 ecclesia
1385 1835 1482 1890 per
1527 1817 1812 1874 circuitum
1851 1806 2080 1886 quadra-
2183 1827 2382 1888 praeter
2411 1815 2723 1869 Nativitatis
2743 1823 2798 1869 et
2832 1813 3270 1869 Resurrectionis
3312 1813 3614 1868 ﬂaminicae
3640 1814 3790 1869 dies.

484 1919 635 1993 ginta
659 1933 850 1991 passus
876 1916 1094 1972 habeat.
1127 1913 1354 1986 Capella:
1380 1930 1511 1972 vero
1537 1915 1621 1969 vel
1650 1915 1887 1970 minores
1912 1911 2077 1967 eccle-
2104 1912 2153 1972 B
2181 1909 2384 1977 Quarto
2413 1915 2672 1978 praeterea
2701 1922 2864 1970 anno,
2895 1907 2940 1960 si
2988 1905 3071 1960 his
3113 1905 3385 1974 prioribus
3414 1904 3597 1960 tribus
3625 1905 3798 1959 annis

486 2011 579 2068 size
610 2011 848 2083 triginta.
883 2008 986 2078 Qui
1013 2019 1195 2065 autem
1237 2008 1472 2064 confinia
1509 2024 1696 2064 eorum
1736 2007 2080 2078 confringere
2181 2015 2366 2057 eorum
2418 1999 2727 2054 fructuosus
2772 1996 2934 2053 fuerit
2963 1997 3300 2068 pamitentia
3341 1995 3512 2062 labor,
3541 2012 3800 2052 comm

2185 2094 2330 2150 nioni
2393 2092 2628 2148 fidelium
2673 2093 3044 2158 restituantur,
3097 2100 3317 2162 totaque
3345 2091 3546 2148 mentis
3601 2091 3793 2146 inten-

2186 2186 2331 2241 tione
2365 2185 2693 2255 spondentes
2717 2185 2839 2240 talia
2869 2200 2928 2240 se
2955 2184 3184 2238 ulterius
3209 2198 3484 2253 nunquam
3516 2183 3792 2246 facturos,

2187 2294 2383 2348 corpus
2407 2287 2462 2335 et
2485 2278 2801 2351 sanguinem
2829 2278 3040 2333 Domini
3067 2278 3344 2348 suscipere
3367 2284 3711 2344 moneantur,
3738 2283 3797 2331 et

2187 2387 2360 2442 usque
2383 2371 2450 2425 ad
2479 2369 2765 2440 septimum
2794 2384 2993 2424 annum
3025 2369 3199 2424 tribus
3223 2371 3276 2423 in
3307 2370 3654 2425 hebdomada
3677 2368 3798 2422 die

2186 2461 2293 2518 bus
2321 2463 2436 2518 sine
2470 2477 2563 2517 esu
2593 2462 2840 2516 carnium
2866 2468 2921 2516 et
2945 2461 3055 2515 vini
3081 2460 3358 2532 potatione
3384 2468 3650 2516 maneant
3678 2474 3798 2531 pa:-

2190 2553 2459 2626 nitentes.

2259 2641 2322 2697 ll.
2375 2641 2487 2710 (26,
2518 2650 2709 2709 quaest.
2740 2642 2794 2707 7,
2836 2640 2914 2696 De
2941 2641 3070 2710 his.)
3113 2641 3189 2695 De
3238 2641 3323 2696 his
3371 2656 3503 2696 vero
3552 2643 3654 2710 qui
3698 2657 3799 2711 pro

2193 2732 2511 2789 criminibus
2558 2733 2930 2803 pcenitentiam
2971 2741 3239 2802 egerem,
3287 2740 3345 2786 et
3394 2733 3462 2788 ad
3507 2731 3795 2803 cingulum

2192 2827 2398 2882 militiai
2426 2834 2840 2892 convertuntur,
2883 2832 3097 2882 constat
3139 2840 3233 2882 eos
3265 2833 3459 2883 contra
3487 2840 3685 2882 sacras
3707 2841 3796 2880 re-

2193 2920 2349 2992 gulas
2375 2934 2565 2991 agere;
2595 2934 2782 2973 verum
2810 2919 2935 2988 quia
2961 2919 3193 2972 crimina
3232 2932 3340 2975 non
3377 2915 3610 2987 aquam
3644 2925 3795 2980 sunt,

2192 3010 2450 3082 perhibes
2476 3024 2694 3080 quoque
2715 3009 2850 3065 alios
2874 3011 3070 3065 horum
3111 3017 3335 3080 propter
3359 3009 3589 3065 nimiam
3627 3008 3796 3065 hebe-

2197 3100 2437 3155 tudinem
2475 3099 2532 3154 in
2557 3099 2993 3169 desperationem
3022 3099 3308 3164 cecidisse,
3332 3098 3470 3155 alios
3489 3099 3566 3154 ob
3593 3099 3706 3155 hoc
3729 3099 3797 3154 ad

494 3207 714 3257 sanctus
739 3196 1063 3255 Ambrosius
1089 3201 1355 3272 exponit),
1387 3201 1557 3272 l«quia
1587 3216 1692 3256 non
1720 3201 1958 3267 illorum,
1996 3201 2089 3256 sed

2201 3205 2434 3262 paganos
2453 3189 2655 3260 fugisse
2675 3209 2687 3245 :
2715 3190 2811 3246 tibi
2832 3191 2937 3246 hoc
2956 3190 3348 3249 committimus
3365 3190 3794 3257 decernendum,

494 3287 613 3357 eius
639 3296 743 3355 est,
772 3289 1101 3359 rebaptizari
1129 3269 1237 3344 non
1271 3269 1467 3343 debent
1487 3291 1516 3330 ι
2120 3269 2168 3332 C
2200 3286 2455 3341 nimirum
2485 3287 2576 3354 qui
2611 3285 2726 3341 loca
2756 3294 2812 3340 et
2841 3295 3082 3367 tempora
3113 3286 3353 3358 regionis
3383 3285 3551 3350 illius,
3582 3297 3640 3342 et
3681 3302 3795 3343 mo-

573 3377 636 3433 ll.
679 3377 860 3449 (lhid.,
889 3378 1250 3451 Catechismi.)
1287 3377 1614 3435 Catechismi
1646 3381 2090 3452 baptizandorum
2197 3383 2328 3438 dum
2362 3381 2553 3450 culpa,
2585 3394 2684 3435 nec
2713 3395 2822 3436 non
2849 3387 2911 3436 et.
2950 3381 3330 3450 ptenitenthm
3351 3387 3406 3436 et
3433 3379 3675 3451 gemitus
3702 3381 3795 3434 ho-

495 3485 526 3524 a
551 3469 926 3526 sacerdotibus
952 3467 1377 3541 uniuscujusque
1409 3470 1654 3527 ecclesiae
1685 3479 1912 3541 possunt
1947 3471 2090 3540 fleri,

493 3563 636 3620 sicut
673 3564 726 3617 in
771 3563 875 3618 hac
910 3570 1099 3619 sancta
1139 3563 1380 3618 Romana
1415 3563 1682 3630 Ecclesia,
1726 3564 1816 3619 cui
1854 3565 1966 3620 Deo
1998 3581 2093 3620 au-

498 3662 651 3710 ctore
680 3653 1044 3709 ministerium
1072 3654 1396 3710 exhibemus
1421 3655 1595 3710 nostri
1625 3653 1920 3712 famulatus
1944 3697 1957 3721 ,
2006 3671 2094 3712 so-

492 3747 757 3805 lemniter
787 3747 906 3803 ﬁeri
937 3747 1382 3818 comprobantur.

915 3837 993 3894 De
1024 3839 1346 3910 penitentia,
1384 3841 1463 3892 tit.
1506 3835 1554 3890 Χ
1572 3836 1697 3894 VII.

564 3931 608 3987 ι.
643 3930 758 4003 (12,
793 3939 985 4004 quaest.
1016 3929 1082 3996 2,
1117 3929 1196 3985 De
1243 3930 1373 3985 viro.
1409 3927 1660 3984 Frotario
1701 3930 2094 4000 archiepiscopo

495 4023 914 4096 Burdigaleui.)
952 4022 1030 4078 De
1078 4022 1198 4079 viro
1233 4021 1490 4089 nefando,
1520 4021 1807 4094 Burgando
1851 4022 2089 4090 nomine,

500 4116 618 4186 qui,
664 4115 813 4170 rabie
854 4115 1041 4169 insana
1085 4124 1423 4178 commotus,
1463 4114 1743 4170 diabolicis
1782 4131 1840 4170 se
1878 4115 2092 4170 irretire

496 4208 710 4280 laqueis
756 4223 868 4264 non
912 4207 1211 4272 dubitavit,
1261 4217 1424 4278 atque
1473 4206 1754 4278 gentilium
1798 4222 1950 4262 more
1993 4222 2094 4277 per

495 4298 724 4371 abrupta
756 4296 956 4355 itinera
981 4304 1036 4352 et
1061 4296 1297 4368 compita
1326 4296 1609 4363 insidians,
1639 4295 1791 4351 vobis
1818 4297 1872 4352 in
1898 4306 2093 4351 vestra:

499 4389 743 4448 ecclesia:
778 4387 910 4446 villa
943 4403 1050 4444 una
1079 4403 1202 4443 cum
1233 4387 1452 4444 clericis
1489 4388 1686 4445 vestris
1722 4387 2090 4454 manentibus,

497 4492 554 4538 et
580 4480 836 4553 populum
863 4478 1174 4536 salubribus
1209 4478 1480 4533 instruere
1517 4477 1831 4550 dogmatum
1872 4477 2089 4532 monitis

2272 4485 2362 4541 ιν.
2390 4485 2547 4558 (Ibid.
2572 4529 2586 4552 ,
2613 4503 2662 4543 ε.
2690 4488 2742 4545 2.
2775 4488 3042 4544 Latomu.
3067 4487 3298 4543 Rataldo
3341 4487 3579 4559 episcopo
3601 4495 3798 4542 sancte

498 4573 929 4639 ἀθοθΐιδηιὶὺυδν
978 4585 1226 4642 ρτωθίιιιθ
1267 4569 1565 4640 εΡίτίιυθιίε
1600 4569 1750 4624 Verbi
1785 4585 1956 4624 vacua
1995 4569 2094 4624 hO-
2118 4645 2143 4650 Α
2201 4577 2435 4631 ecclesiis
2477 4578 2976 4650 Argentoratensis.)
3016 4578 3268 4635 Latorem
3315 4578 3664 4648 praesentium
3685 4593 3799 4632 ma-

499 4666 705 4721 minum
742 4664 904 4720 corda
931 4661 1324 4728 reﬁcientibus,
1353 4669 1516 4731 atque
1554 4660 1822 4716 laudabile
1858 4659 2090 4731 prepria:
2116 4645 2170 4709 Ι)
2197 4667 2454 4724 "acidam
2483 4645 2604 4726 esge
2644 4645 3028 4742 cognovimus,
3067 4670 3155 4726 cui
3199 4645 3545 4741 ρι-ωῇίρίιηυε
3588 4677 3650 4723 ιιι
3697 4670 3797 4723 sub

499 4757 692 4813 salutis
735 4755 1058 4812 desiderium
1103 4754 1427 4809 habentibus
1481 4761 1668 4808 sancta
1723 4751 2087 4823 apostolorum
2199 4761 2534 4832 paenitentia;
2573 4763 2703 4834 iugo
2737 4769 3082 4834 permaneat,
3116 4762 3200 4816 ίιλ
3219 4770 3278 4816 ιιι
3305 4777 3405 4833 ρετ
3429 4773 3631 4816 annum
3663 4760 3798 4814 ante-

500 4847 647 4904 Petri
699 4856 753 4904 et
807 4845 959 4900 Pauli
1018 4845 1203 4899 limina
1262 4843 1486 4899 visitare
1509 4884 1524 4908 ,
1576 4841 1817 4898 εοιιεειὶε
1873 4840 2092 4897 malitiae
2203 4869 2358 4924 grum
2388 4854 2673 4909 ecclesiam
2699 4869 2806 4910 non
2838 4855 3166 4926 egredimur,
3201 4855 3294 4909 sed
3325 4861 3458 4908 ante
3480 4851 3624 4906 fores
3655 4851 3794 4905 basi-

502 4956 616 4998 sua:
656 4939 1008 5011 sequacibus,
1053 4947 1124 4994 et-
1154 4937 1460 5008 iniquitatis
1509 4936 1894 5008 complicibus,
1940 4933 2090 4993 nefa-
2203 4945 2322 5000 licae
2367 4954 2535 5010 stans,
2568 4953 2622 4999 et
2653 4961 2814 5002 orans
2842 4956 2898 5001 et
2925 4948 3220 5017 deprecans
3248 4946 3416 5001 Deum
3467 4952 3793 5014 perseveret,

505 5033 616 5087 rias
650 5032 956 5088 invasiones
992 5040 1045 5085 et
1084 5030 1512 5100 dcpraedationes
1560 5028 1826 5086 violentas
1869 5028 2090 5094 inferre,
2207 5037 2437 5106 qualiter
2463 5047 2611 5092 tanto
2641 5039 2906 5108 eripiatur
2938 5039 3170 5109 piaculo.
3205 5037 3488 5107 Completo
3509 5051 3644 5092 vero
3671 5035 3793 5088 anni

505 5121 836 5178 da’moniaco
877 5137 1010 5177 ausu
1053 5120 1478 5192 Ρνωδυῐιιρδθΐίιν
1529 5128 1582 5175 ei
1629 5129 1687 5173 ιιι
1728 5119 1968 5190 θρίδιοιθε
2004 5134 2096 5174 νθ-
2208 5131 2414 5188 circulo
2461 5132 2768 5188 introeundi
2816 5133 2867 5186 in
2915 5132 3203 5186 ecclesiam
3249 5130 3528 5184 licentiam
3580 5129 3786 5190 habent,

503 5221 634 5272 stne
660 5221 838 5268 textus
861 5214 1152 5286 eloquitur,
1180 5228 1395 5270 sacrum
1418 5211 1588 5268 altare
1617 5229 1880 5284 sacraque
1909 5212 2093 5266 Domi-
2207 5234 2418 5278 tantum
2464 5225 2606 5278 ίηιει-
2643 5224 2922 5280 audiean
2949 5233 3074 5288 εδει,
3108 5223 3202 5277 εθά
3229 5222 3471 5276 nondum
3491 5217 3786 5275 mnum-

506 5307 611 5360 uici
657 5305 900 5374 corporis
927 5313 997 5361 εις
1017 5304 1294 5374 sanguinis
1323 5317 1468 5366 vasa,
1505 5302 1721 5374 insuper
1765 5312 1819 5356 et
1847 5311 2094 5357 sanctum
2204 5327 2309 5369 cet.
2358 5313 2650 5385 Completis
2709 5325 2892 5369 autem
2934 5315 3098 5370 trium
3156 5329 3421 5369 annorum
3470 5309 3788 5370 curriculis,

506 5397 742 5454 chrisma
769 5397 988 5467 pollutis
1015 5396 1257 5463 arripere
1287 5393 1550 5458 inanibus,
1580 5395 1735 5464 quasi
1765 5393 1887 5448 vilia
1930 5401 1985 5448 et
2028 5395 2089 5448 ad

2205 5421 2376 5461 sacra:
2401 5407 2794 5461 communionis
2825 5405 2881 5461 ei
2904 5407 3078 5478 gratia
3107 5405 3455 5460 concedetur.
3483 5401 3790 5460 Oblatienes

487 2102 818 2160 tentaverit.
877 2109 970 2155 aut
1023 2115 1312 2171 personam
1369 2101 1606 2160 hominis
1645 2108 1738 2156 aut
1774 2101 1912 2156 bona
1965 2099 2080 2169 ejus

487 2193 612 2249 inde
650 2191 1014 2255 subtraxerit,
1074 2190 1174 2244 nisi
1233 2190 1482 2261 publicus
1539 2191 1680 2245 latro
1721 2191 1844 2255 erit,
1888 2205 2083 2260 quous-

485 2300 593 2358 que
631 2283 915 2348 emendet,
973 2291 1026 2336 et
1084 2281 1184 2338 nisi
1229 2282 1373 2353 quod
1428 2283 1666 2353 rapuerit
1712 2283 1932 2349 reddat,
1991 2296 2083 2337 ex-

433 2413 436 2416 ~
487 2372 940 2431 eommunicetur.

916 2463 992 2518 De
1031 2464 1304 2533 baptismo,
1348 2465 1428 2516 tit.
1472 2460 1632 2516 XVI.

557 2555 598 2612 ι.
641 2555 743 2628 ('De
784 2572 1012 2622 comem,
1068 2555 1194 2611 dist.
1235 2554 1288 2620 4,
1325 2554 1365 2607 Α
1416 2556 1662 2625 quodam.
1714 2556 1794 2609 Ad
1848 2555 2088 2609 consulta

491 2647 882 2721 Bulgarorum,
927 2663 1046 2720 cap.
1081 2645 1228 2717 104.)
1265 2646 1308 2700 Α
1346 2647 1580 2716 quodam
1621 2647 1826 2713 Iudaeo,
1867 2647 2089 2703 nescitis

489 2749 675 2795 utrum
697 2738 1008 2795 Christiano
1033 2753 1101 2792 an
1129 2753 1365 2811 pagano,
1394 2739 1594 2794 multos
1621 2739 1672 2792 in
1704 2738 1880 2808 patria
1905 2733 2086 2793 vestra

490 2828 794 2899 baptizatos
818 2829 1100 2895 asseritis,
1133 2838 1188 2883 et
1218 2828 1350 2899 quid
1383 2829 1507 2884 inde
1547 2830 1620 2883 sit
1656 2829 1923 2900 agendum
1962 2843 2090 2883 con-

490 2920 687 2977 sulitis.
718 2919 784 2974 lli
810 2914 1055 2991 profecto
1088 2921 1133 2976 si
1162 2921 1215 2974 in
1243 2922 1462 2976 nomine
1494 2920 1779 2975 Trinitatis
1799 2961 1813 2987 ,
1849 2920 1935 2975 vel
1973 2927 2090 2974 tan-

489 3019 604 3067 tum
632 3012 685 3066 in
711 3012 930 3068 nomine
959 3010 1164 3068 Christi
1203 3013 1346 3068 sicut
1380 3015 1432 3068 in
1471 3014 1695 3069 Actibus
1721 3013 2089 3084 apostolorum

490 3103 688 3178 legitur
711 3105 974 3176 baptizati
1002 3115 1128 3160 sunt
1157 3107 1348 3177 (unum
1377 3107 1574 3178 quippe
1603 3107 1856 3178 idemque
1884 3119 1985 3173 est,
2034 3116 2090 3163 ut

2198 3566 2471 3637 inspicere
2494 3565 2662 3622 vales.
2729 3575 2733 3578 '

2271 3659 2356 3714 lli.
2410 3659 2536 3732 (55,
2587 3675 2641 3730 q.
2683 3659 2749 3726 Ξ,
2783 3659 3176 3729 Interfectores.
3218 3656 3449 3726 Roddfo
3477 3655 3797 3712 Bituriatli

2199 3751 2540 3822 archiepisc.)
2613 3751 2996 3806 Interfectores
3046 3765 3269 3807 suarum
3329 3747 3625 3818 caninum
3680 3747 3799 3802 sine

2192 3841 2425 3914 iudicio,
2475 3859 2596 3900 cum
2647 3859 2755 3899 non
2805 3845 2990 3910 addis,
3038 3841 3440 3907 adulterarum,
3469 3839 3558 3897 vel
3593 3838 3798 3910 aliquid

2200 3936 2549 4007 huiusmodi,
2601 3937 2732 4008 quid
2774 3937 2918 3992 aliud
2969 3936 3204 3993 habenti
3251 3946 3381 3993 sunt
3411 3949 3575 4006 qui)
3623 3934 3799 3990 homi-

2199 4029 2354 4096 cidae,
2385 4043 2451 4084 ac
2493 4043 2592 4100 per
2637 4028 2739 4083 hoc
2783 4029 2852 4083 ad
2889 4028 3268 4098 ptenitentiam
3308 4024 3638 4097 redigendi?
3663 4023 3796 4091 Qui-

2199 4122 2303 4176 bus
2345 4120 2562 4190 penitus
2606 4118 2914 4191 coniugium
2957 4120 3292 4190 denegatur,
3333 4116 3578 4188 exceptis
3619 4115 3800 4172 adole-

2199 4213 2460 4268 scentulis
2477 4254 2493 4278 ,
2521 4214 2590 4269 de
2616 4212 2814 4284 quibus
2843 4221 2926 4268 est
2959 4212 3101 4268 beati
3129 4211 3334 4268 Leonis
3354 4225 3510 4281 papa
3535 4207 3798 4280 vigesima

2200 4305 2390 4376 quinta
2415 4305 2599 4376 regula
2630 4303 3018 4372 decretalium,
3064 4304 3174 4360 imo
3215 4301 3569 4374 indulgentia,
3611 4300 3798 4358 obser-

2198 4398 2396 4452 venda.

578 5544 604 5573 ι
646 5532 804 5587 Deest
827 5529 1051 5601 aliquid.
1081 5528 1212 5602 Vide
1246 5545 1366 5602 cap.
1406 5530 1507 5585 104
1545 5529 1809 5602 Respons.
1853 5534 1919 5587 ad
1955 5534 2097 5589 Con-

508 5602 634 5658 sult.
663 5600 1028 5672 Bulgar.,seu
1051 5601 1208 5671 epist.
1239 5600 1326 5672 97.

582 5674 609 5713 δ
648 5673 730 5729 Ob
764 5670 904 5728 hunc.
943 5670 1206 5726 canouem
1246 5670 1728 5742 Magdeburgenses
1754 5672 2029 5729 Nicolaum
2077 5676 2095 5730 l

507 5744 714 5802 erroris
737 5746 1089 5814 redarguunt,
1112 5743 1206 5814 sed
1234 5742 1389 5797 valde
1414 5742 1695 5814 imperite;
1733 5761 1858 5800 cum
1889 5746 1976 5800 ille
2005 5747 2096 5803 do-

509 5818 684 5871 cuerit
713 5815 763 5868 in
798 5811 1254 5888 nomineC‘bristi
1299 5811 1573 5882 baptizare
1603 5830 1759 5882 posse
1790 5817 1974 5888 eadem
2018 5835 2098 5871 ra'
2206 5835 2319 5875 rem
2350 5820 2637 5878 adhaesisse
2667 5823 2759 5876 ait.
2791 5822 2962 5888 Quam
2993 5811 3320 5876 sententiam
3345 5836 3534 5874 olmws
3559 5827 3790 5872 commn-

513 5888 658 5942 tione
685 5901 790 5956 qua
820 5884 1048 5954 apostoli
1079 5883 1200 5940 Act.
1234 5901 1294 5953 ιι,
1328 5900 1444 5950 Vlll,
1473 5893 1705 5949 3,118l
1737 5900 1827 5940 nx
1857 5886 1922 5940 tle
1959 5887 2092 5944 falso
2204 5890 2346 5946 nitcr
2379 5894 2624 5946 doctores
2661 5883 3074 5956 numici-linitur.
3121 5893 3248 5948 SEV.
3283 5893 3397 5946 BIN.

2132 5964 2159 6028 ξ

2209 5539 2571 5609 haptizarunt.
2613 5538 2692 5593 lta
2729 5537 2964 5605 Suarez,
3005 5549 3149 5593 tomo
3185 5535 3251 5592 lll
3294 5538 3359 5609 de
3406 5533 3787 5609 Sacramentis,

2207 5603 2573 5679 disputatione
2609 5610 2700 5669 21.
2739 5603 2982 5665 sectione
3009 5612 3059 5665 3.
3104 5608 3466 5679 Bellarminus
3508 5605 3696 5679 lib._rr
3728 5603 3790 5655 de

2207 5675 2467 5734 Romanis
2513 5679 2895 5744 Pontiﬂeibus,
2935 5696 3054 5751 cap.
3105 5680 3188 5740 η,
3236 5678 3516 5733 Nicolaum
3558 5675 3706 5751 falsa
3740 5683 3791 5726 et

2204 5764 2452 5806 erronem
2478 5752 2762 5806 sententiae
2791 5768 2895 5807 non
2925 5745 3086 5805 aliter
3109 5767 3269 5820 quam
3291 5751 3576 5820 privatum
3605 5745 3786 5800 docto-

2198 3476 2408 3531 minun
2432 3475 2501 3530 ad
2521 3473 2922 3531 confessionem
2949 3473 3283 3532 venientium
3314 3486 3557 3544 presens
3591 3473 3795 3543 positus

3989 281 3999 440 Ὗ

3993 451 3999 708 ξ
