4060 6338
313 507 444 563 “97

1305 505 1623 562 DECRETA
1663 504 1758 560 EX
1796 504 2156 561 GRATlANO
2196 504 2574 562 COLLECTA.

3432 504 3570 560 “98

306 639 434 680 vero
459 637 563 676 non
591 622 804 687 offerat,
831 621 934 676 nisi
959 621 1109 692 prius
1134 620 1364 677 aliorum
1389 627 1593 692 septem
1619 635 1888 674 annorum
1913 623 1961 681 A
1988 627 2255 689 potestate
2281 628 2426 686 sunt,
2457 619 2754 675 celebrant.
2796 617 2864 672 Et
2889 626 3172 689 postquam
3198 617 3377 672 arrbis
3407 633 3574 688 spon-

305 711 575 768 currirula
631 711 966 782 expleantur.
1032 711 1126 766 His
1157 721 1357 767 .autem
1416 712 1666 768 omnibus
1727 711 1884 765 annis

307 815 469 871 atque
499 805 829 873 temporibus
855 818 1073 858 carnem
1102 819 1211 858 non
1238 803 1543 870 manducet,
1577 818 1675 858 nec
1699 803 1884 857 vinum

302 896 486 950 bibere
516 904 806 964 prmsumat
825 937 840 962 ,
871 897 1107 966 exceptis
1142 897 1348 952 festivis
1373 896 1562 952 diebus
1594 905 1755 966 atque
1781 895 1885 950 Do-

305 986 538 1051 minicis,
562 995 618 1042 et
653 1003 682 1040 a
719 986 926 1041 Pascha
956 1003 1124 1057 usque
1156 988 1224 1042 ad
1261 987 1635 1052 Pentecosten.
1663 986 1729 1041 Et
1752 1000 1885 1056 quo-

303 1091 515 1144 cunque
555 1076 636 1130 ire
663 1075 925 1141 voluerit,
954 1076 1099 1132 nullo
1132 1077 1376 1132 vehiculo
1424 1077 1752 1140 deducatur,
1791 1076 1886 1131 sed

301 1167 526 1235 pedibus
552 1167 940 1236 proﬁciscatur,
967 1183 1120 1222 arma
1163 1184 1270 1224 non
1319 1177 1498 1223 sumat
1551 1168 1655 1222 nisi
1697 1175 1886 1221 contra

301 1270 556 1326 paganos.
587 1254 798 1328 Jejunet
825 1267 1006 1312 autem
1047 1258 1215 1313 tribus
1251 1257 1442 1314 diebus
1470 1272 1568 1330 per
1592 1257 1885 1312 hebdoma-

303 1348 424 1402 dam
453 1362 621 1417 usque
652 1348 720 1402 ad
748 1363 1064 1419 vesperam;
1103 1366 1134 1406 a
1163 1350 1383 1421 propria
1411 1360 1468 1406 et
1499 1351 1887 1422 legitima'con-

295 1437 424 1507 juge
455 1454 558 1492 non
598 1447 897 1508 separetur,
945 1455 1012 1494 ne
1062 1441 1115 1495 in
1164 1439 1534 1498 fornicationis
1576 1441 1884 1510 voraginem

301 1540 538 1596 corruat,
565 1533 709 1602 quod
741 1549 809 1587 ne
838 1532 932 1589 ﬁat
964 1543 1236 1604 optamus.
1267 1534 1324 1590 Si
1360 1544 1539 1590 autem
1571 1542 1697 1589 ante
1720 1549 1887 1588 anno-

300 1638 420 1678 rum
451 1623 612 1678 trium
639 1639 857 1680 cursum
886 1625 1008 1680 ﬁnis
1030 1626 1156 1683 vitae
1183 1627 1325 1682 illius
1352 1629 1883 1698 appropinquaverit,

299 1715 544 1787 corporis
567 1725 622 1772 et
660 1719 938 1789 sanguinis
980 1719 1194 1776 Domini
1235 1723 1408 1778 nostri
1450 1723 1722 1793 particeps
1768 1721 1882 1776 ﬁat.

302 1804 399 1863 Sin
431 1816 610 1862 autem
629 1849 644 1873 ,
677 1817 735 1864 ut
765 1825 928 1882 supra
961 1813 1250 1868 statuimus
1278 1813 1560 1870 efﬁciatur.
1591 1813 1794 1870 Tamen
1839 1814 1886 1870 si

300 1895 444 1952 illius
487 1899 895 1956 conversionem
919 1911 974 1957 et
1000 1901 1364 1974 lacrymarum
1394 1903 1600 1960 fontem
1626 1905 1680 1960 in
1703 1905 1880 1962 omni-

1989 728 2106 768 sam
2135 712 2236 767 sibi
2265 727 2491 782 sponsus
2515 725 2615 783 per
2640 710 2865 780 digitum
2891 710 3012 765 ﬁdei
3039 709 3238 764 annulo
3261 709 3574 780 insignitum

1989 811 2386 883 desponderit;
2423 811 2709 881 dotemque
2767 809 2980 878 utrique
3030 806 3284 876 placitam
3341 821 3578 875 sponsus

1989 903 2128 972 ejus,
2156 903 2360 972 scripto
2387 910 2604 971 pactum
2633 903 2734 956 hoc
2762 899 3093 964 continente,
3124 912 3308 954 coram
3338 897 3576 952 invitatis

1988 998 2058 1052 ab
2087 1004 2317 1065 utraque
2344 1004 2496 1065 parte
2525 994 2839 1059 tradiderit,
2868 1000 2963 1047 aut
2990 1006 3136 1056 mox,
3169 998 3260 1044 aut
3285 998 3412 1058 apto
3437 997 3576 1043 tem-

1987 1102 2139 1159 pore,
2171 1102 2240 1142 ne
2261 1085 2511 1141 videlicet
2549 1093 2676 1140 ante
2726 1093 2938 1154 tempus
2981 1081 3098 1153 lege
3144 1077 3425 1134 diﬂinitum
3473 1078 3578 1132 tale

1988 1180 2117 1250 quid
2154 1179 2331 1234 facere
2371 1186 2733 1247 praesumant,
2760 1176 2920 1231 ambo
2961 1175 3030 1229 ad
3074 1170 3330 1241 nuptialia
3373 1169 3576 1226 fmdera

1987 1271 2378 1341 perducuntur.
2412 1269 2478 1324 Et
2505 1268 2739 1338 primum
2783 1268 2839 1322 in
2879 1263 3170 1320 ecclesiam
3200 1260 3412 1317 Domini
3455 1276 3576 1314 cum

1987 1363 2374 1426 oblationibus,
2397 1377 2536 1432 quas
2558 1360 2753 1418 offerre
2783 1360 2976 1416 debent
3004 1355 3136 1422 Deo,
3164 1371 3262 1427 per
3283 1353 3581 1410 sacerdotis

1990 1468 2210 1512 manum
2241 1461 2572 1518 statuuntur,
2602 1453 2790 1522 sicque
2818 1452 3034 1506 demum
3065 1447 3495 1506 benedictionem
3527 1454 3579 1500 et

1987 1549 2233 1604 velamen
2261 1548 2481 1602 caeleste
2513 1547 2835 1616 suscipiunt.

2065 1639 2130 1694 ν..
2164 1640 2355 1710 (51,q.
2381 1638 2436 1702 2,
2481 1637 2782 1692 Lotharius.
2827 1631 3140 1689 Rhadoaldo
3186 1629 3492 1694 Parmensi,
3533 1637 3581 1681 et

1989 1727 2187 1783 Joanni
2210 1725 2474 1782 Ficolens.
2501 1725 2799 1796 episcopis.)
2831 1721 3120 1779 Lotharius
3147 1734 3245 1775 rex
3267 1719 3321 1773 in
3345 1731 3586 1773 commo-

1989 1821 2186 1877 nitorio
2212 1820 2496 1892 proﬁtetur
2525 1818 2876 1878 Waldradam
2919 1832 2979 1872 se
3023 1831 3054 1869 a
3094 1821 3248 1886 patre
3290 1809 3585 1882 praemissis

1992 1913 2208 1969 dotibus
2234 1913 2528 1981 accepisse,
2556 1920 2612 1967 et
2637 1923 2881 1967 sororem
2914 1904 3256 1976 postmodum
3300 1899 3588 1958 admisisse

296 1984 398 2041 bus
441 1988 684 2044 videritis
735 1988 939 2046 ﬂoridis
993 1973 1299 2048 actionibus
1355 2003 1408 2047 et
1453 1993 1671 2063 optimis
1709 1995 1862 2064 operi
1914 1973 1965 2035 Β
1992 2003 2271 2060 Eucherii.
2323 1973 2427 2060 Ubi
2469 1973 2706 2073 primum
2752 1973 2992 2072 diligenti
3031 1993 3444 2064 investigatione
3497 1991 3582 2046 in-

295 2075 399 2133 hus
454 2079 714 2150 pullulare
740 2122 756 2147 ,
824 2083 1115 2139 humanius
1184 2085 1328 2140 circa
1395 2099 1520 2139 eum
1584 2083 1886 2141 sollicitudo

294 2171 522 2241 pervigil
580 2183 871 2243 appareat,
931 2173 1184 2245 mitisque
1241 2175 1296 2229 in
1354 2174 1606 2230 omnibus
1667 2176 1887 2232 demon-

302 2266 527 2314 stretur.
1419 2266 1425 2272 ’

371 2351 434 2406 ν.
463 2351 643 2424 (lbid.,
661 2368 779 2423 cap.
813 2369 927 2425 seq.
945 2355 1028 2409 Ad
1056 2354 1294 2410 consulta
1323 2353 1698 2427 Bulgarorum.
1723 2353 1884 2411 Cone.

298 2444 586 2511 Wormat.,
617 2461 736 2517 cap.
761 2446 874 2517 55.)
938 2445 998 2502 Si
1044 2448 1165 2517 quis
1207 2463 1331 2503 cum
1379 2448 1586 2504 duabus
1610 2448 1889 2503 sororibus

294 2533 460 2593 fuerit
504 2535 826 2603 fornicatus,
874 2545 968 2590 aut
1007 2553 1131 2592 cum
1178 2538 1263 2593 his
1309 2538 1554 2608 personis
1594 2538 1662 2592 de
1693 2537 1890 2606 quibus

295 2637 482 2684 sancta
512 2628 789 2700 Scriptura
818 2630 1101 2700 prohibet,
1133 2630 1178 2686 si
1223 2631 1442 2702 dignam
1488 2631 1660 2704 egerit
1710 2631 1888 2701 poeni-

298 2720 540 2786 tentiam,
571 2729 624 2776 et
659 2721 925 2777 castitatis
951 2737 1060 2778 non
1089 2721 1318 2778 valuerit
1359 2721 1752 2778 continentiam
1799 2737 1886 2776 su-

295 2811 533 2876 stinere,
579 2810 739 2867 liceat
787 2812 838 2867 ei
891 2811 1188 2884 legitimam
1254 2813 1310 2867 in
1367 2810 1618 2882 conjugio
1665 2826 1888 2866 uxorem

295 2905 562 2974 accipere.
593 2903 853 2960 Similiter
879 2913 934 2960 et
963 2904 1157 2960 mulier
1182 2920 1302 2975 qua:
1332 2903 1427 2959 tali
1474 2903 1636 2959 fuerit
1682 2903 1890 2958 scelere

294 2994 478 3066 lapsa,
528 3004 589 3051 ut
631 2996 1009 3053 fornicationis
1054 3012 1162 3052 non
1208 2996 1536 3068 perducatur
1588 2995 1655 3050 ad
1702 2995 1886 3050 chaos.

297 3084 405 3142 Sed
450 3087 553 3144 hoc
598 3088 662 3144 de
709 3087 859 3144 laicis
887 3087 1018 3144 viris
1072 3102 1140 3144 ac
1179 3087 1497 3144 mulieribus
1551 3086 1891 3144 solummodo

297 3178 606 3234 statuimus.

642 3309 722 3364 De
767 3310 1142 3378 matrimonio,
1184 3312 1266 3367 tit.
1308 3307 1537 3364 XVIII.

366 3439 404 3493 Ι.
448 3438 559 3510 (27,
592 3456 646 3511 q.
696 3439 752 3506 2,
795 3438 1078 3514 Suﬂiciat.)
1126 3439 1367 3496 Sufﬁciat
1414 3440 1561 3496 solus
1591 3441 1889 3497 secundum

296 3529 441 3601 leges
483 3545 778 3584 consensus
801 3546 1009 3598 eorum,
1039 3531 1106 3586 de
1133 3546 1363 3600 quorum
1393 3546 1735 3600 quarumque
1762 3546 1892 3586 con-

297 3638 458 3679 sensu
505 3633 559 3679 et
601 3622 1073 3694 coniunctionibus
1118 3623 1317 3694 agitur.
1365 3621 1468 3691 Qui
1517 3622 1661 3678 solus
1708 3624 1751 3678 si
1799 3624 1880 3678 de-

297 3716 485 3784 fuerit,
523 3726 717 3771 caetera
759 3715 922 3770 etiam
963 3730 1086 3771 cum
1132 3714 1249 3772 ioso
1288 3715 1436 3771 coitu
1480 3716 1754 3772 celebrata
1784 3715 1892 3771 fru-

297 3817 555 3864 Sll‘ﬂllllll'.

367 3899 428 3953 ll.
475 3898 628 3972 (lbid.
650 3940 664 3966 ,
705 3915 824 3969 cap.
860 3893 1098 3969 Scripsit.
1129 3897 1320 3953 Carolo
1356 3901 1464 3968 regi
1512 3896 1888 3969 Francorum.)

299 3989 526 4060 Scripsit
555 3989 708 4045 nobis
735 3988 1076 4060 Theutberga
1106 3989 1289 4061 regina
1333 4005 1390 4044 se
1433 3990 1578 4061 regia
1610 3989 1890 4062 dignitate

300 4083 381 4137 vel
433 4082 665 4136 maritali
709 4081 896 4152 copula
944 4079 1078 4135 velle
1121 4081 1278 4145 exui,
1306 4088 1361 4134 et
1399 4081 1511 4135 sola
1540 4081 1649 4135 vita
1681 4082 1887 4151 privata

298 4189 416 4229 esse
458 4182 762 4228 contentam
795 4173 1118 4228 desiderare.
1149 4171 1248 4228 Cui
1287 4189 1385 4228 nos
1424 4165 1737 4244 scripsimus
1783 4190 1888 4229 non

298 4265 456 4319 aliter
484 4265 586 4318 hoc
613 4264 727 4318 ﬁeri
756 4279 912 4333 posse
943 4263 1045 4318 nisi
1071 4263 1319 4318 eamdem
1351 4265 1516 4319 vitam
1548 4263 1741 4334 coujux
1775 4265 1892 4336 ejus

298 4356 584 4411 Lotbarius
629 4357 873 4428 elegerit.
923 4353 1058 4410 Nam
1103 4355 1232 4411 licet
1278 4356 1348 4411 sit
1395 4358 1652 4428 scriptum
1691 4377 1702 4411 :
1736 4358 1890 4423 Quod

303 4447 440 4503 Deus
471 4449 740 4519 conjunxit
784 4449 937 4503 homo
978 4465 1080 4502 non
1112 4459 1313 4519 separet
1350 4447 1566 4518 (Matth.
1601 4455 1714 4518 xv),
1749 4450 1890 4506 Deus

300 4551 498 4606 autem,
531 4551 585 4596 et
621 4558 724 4596 non
769 4543 953 4608 homo,
987 4551 1224 4611 separat,
1251 4541 1468 4612 quando
1495 4543 1659 4597 divini
1689 4543 1892 4597 amoris

301 4630 513 4694 intuitu,
543 4645 609 4683 ex
640 4645 906 4685 consensu
933 4631 1214 4700 utriusque
1248 4631 1513 4702 conjugis,
1544 4633 1889 4686 matrimonia

1990 2095 2209 2166 quirite.
2279 2095 2347 2150 Et
2405 2094 2452 2152 si
2521 2094 2771 2154 eumdem
2839 2090 3134 2162 gloriosum
3197 2101 3381 2156 regem
3445 2098 3583 2153 prae-

1989 2185 2193 2242 dictum
2226 2184 2573 2241 Waldradant
2623 2181 2920 2254 praemissis
2964 2180 3180 2236 dotibus
3209 2190 3394 2235 coram
3434 2173 3586 2232 testi-

1988 2276 2114 2343 bus,
2143 2277 2442 2334 secundum
2470 2275 2644 2348 legem
2671 2283 2727 2331 et
2755 2275 2919 2332 ritum
2948 2287 3056 2343 quo
3085 2269 3285 2342 nuptis
3323 2265 3586 2323 celebrari

1989 2367 2194 2432 solent,
2247 2383 2346 2439 per
2371 2367 2552 2422 omnia
2591 2365 2914 2421 inveneritis
2952 2361 3224 2430 accepisse
3246 2399 3261 2424 ,
3291 2366 3346 2414 et
3374 2355 3585 2428 publica

1991 2458 2431 2516 manifestatione
2487 2458 2676 2512 eadem
2723 2452 3014 2510 Waldrada
3069 2451 3125 2506 in
3181 2446 3584 2504 matrimonium

1991 2550 2162 2621 ipsius
2190 2551 2428 2607 admissa
2449 2557 2533 2604 est
2559 2589 2575 2615 ,
2619 2554 2788 2604 restat
2814 2554 2875 2600 ut
2913 2538 3327 2615 perscrutemini
3372 2554 3469 2594 cur
3499 2536 3586 2592 illa

1992 2641 2272 2712 repudiata
2320 2641 2429 2708 sit,
2465 2639 2549 2696 vel
2593 2637 2705 2697 ﬁlia
2747 2635 2975 2694 Bosonis
3019 2631 3273 2690 admissa.
3317 2628 3424 2685 Sed
3462 2629 3587 2700 quia

1992 2731 2136 2789 idem
2177 2731 2444 2803 gloriosus
2488 2745 2585 2788 rex
2615 2736 2762 2785 metu
2793 2725 3192 2795 Theutbergam
3220 2720 3503 2778 admisisse
3531 2734 3590 2774 se

1955 2809 1957 2812 ﬁ
1993 2822 2142 2888 dicit,
2165 2830 2312 2878 metu
2340 2820 2502 2878 unius
2526 2819 2762 2876 hominis
2787 2825 2968 2872 tantus
2997 2828 3094 2870 rex
3126 2827 3233 2867 non
3260 2809 3444 2866 debuit
3462 2823 3590 2862 con-

1994 2923 2077 2969 tra
2097 2913 2340 2969 divinum
2361 2919 2691 2984 pmceptum
2721 2910 2778 2966 in
2803 2908 3042 2964 immane
3067 2901 3426 2976 praecipitium
3448 2914 3590 2954 mer-

1993 3007 2067 3078 gi.
2103 3006 2161 3062 ln
2188 3006 2291 3062 hoc
2319 3013 2474 3062 certo
2501 3019 2560 3060 se
2587 3002 2761 3073 magis
2805 2995 3288 3074 reprehensihilem
3330 2991 3589 3057 ostendit,

1993 3095 2048 3150 in
2073 3109 2183 3166 quo
2204 3109 2445 3152 amorem
2470 3093 2568 3152 Dei
2589 3091 2761 3148 amori
2783 3090 2968 3147 mundi
2997 3085 3322 3160 postposuit,
3345 3099 3468 3140 cum
3493 3095 3590 3138 nec

1993 3184 2158 3240 etiam
2184 3185 2457 3241 occisores
2482 3181 2729 3254 corporis
2758 3181 2869 3236 sint
2899 3177 3159 3240 timendi,
3193 3184 3383 3235 contra
3433 3172 3590 3244 justi—

1997 3276 2130 3331 tiam
2175 3275 2449 3334 hominem
2479 3273 2835 3345 impellentes.
2865 3269 3012 3331 Nihil
3042 3270 3224 3338 itaque
3253 3266 3404 3322 vobis
3447 3263 3594 3318 aliud

1920 3336 1966 3399 ο
1997 3368 2364 3439 praecipimus,
2387 3336 2824 3424 manifestatione
2843 3377 2942 3422 sua
2960 3336 3153 3418 eodem
3173 3375 3301 3433 rege
3321 3358 3592 3422 convicto,

1997 3460 2102 3514 nisi
2149 3468 2208 3514 ut
2250 3459 2548 3514 secundum
2593 3455 2911 3513 canonicam
2953 3452 3368 3516 auctoritatem,
3407 3457 3592 3506 nostra

1996 3550 2115 3604 vice
2138 3547 2286 3612 freti,
2313 3563 2535 3603 causam
2567 3545 2710 3602 illius
2737 3544 3051 3608 diﬁlnitatis,
3077 3551 3185 3598 etc.

2071 3636 2158 3690 Vl.
2184 3635 2296 3708 (52,
2321 3652 2376 3707 q.
2405 3637 2456 3702 l,
2483 3632 2774 3705 Quidquid.
2796 3632 2877 3686 Ad
2899 3629 3138 3689 consulta
3161 3626 3408 3700 Bulgar.)
3429 3625 3592 3695 Quid-

1996 3728 2126 3798 quid
2156 3726 2349 3792 mulier
2375 3735 2564 3782 coutra
2595 3734 2648 3780 te
2676 3723 3026 3796 cogitaverit,
3061 3731 3154 3777 aut
3179 3719 3404 3784 fecerit,
3430 3719 3515 3774 vel
3546 3718 3592 3773 si

1998 3827 2054 3875 te
2076 3818 2434 3881 accusaverit,
2459 3833 2566 3874 non
2591 3824 2694 3881 est,
2750 3823 2974 3886 excepta
3002 3827 3165 3870 causa
3195 3809 3591 3875 fornicationis,

2000 3911 2317 3981 rejicienda,
2349 3910 2432 3967 vel
2459 3911 2581 3966 odio
2610 3923 2831 3980 prorsus
2853 3907 3118 3963 habenda.

2065 4003 2172 4057 Vll.
2209 4002 2317 4074 (52,
2349 4019 2404 4073 q.
2425 4004 2480 4069 8,
2497 3999 2572 4056 Hi
2598 4001 2706 4072 qui.
2723 3999 2913 4057 Carolo
2928 3997 3590 4069 Hoguntinensiarchiepi-

1998 4093 2387 4165 scopo.)Hiqui
2418 4092 2819 4148 matrimonium
2842 4091 2959 4146 sani
2989 4096 3396 4150 contraxerunt,
3423 4096 3478 4141 et
3499 4085 3590 4140 uni

1997 4200 2065 4239 ex
2109 4183 2316 4238 duobus
2353 4183 2658 4248 dementia,
2704 4190 2794 4236 aut
2833 4178 3022 4245 furor,
3061 4187 3154 4234 aut
3207 4177 3382 4248 aliqua
3438 4177 3592 4232 inﬁr-

1998 4275 2162 4330 mitas
2204 4274 2533 4340 accesserit,
2577 4275 2647 4329 ob
2691 4273 2832 4328 hanc
2865 4271 3232 4326 inﬁrmitatem
3274 4277 3328 4322 et
3372 4271 3590 4322 causam

1998 4365 2246 4438 conjugia
2289 4366 2474 4421 talium
2521 4365 2654 4421 solvi
2685 4381 2807 4428 non
2843 4372 3086 4435 possunt.
3131 4360 3391 4416 Similiter
3418 4358 3592 4413 scien—

1999 4459 2127 4513 dum
2172 4467 2256 4514 est
2306 4459 2372 4514 de
2428 4458 2513 4514 his
2564 4457 2655 4527 qui
2711 4458 2780 4512 ab
2836 4454 3159 4512 adversariis
3208 4460 3590 4514 exerceantur,

2000 4559 2094 4606 aut
2126 4549 2384 4607 membris
2422 4557 2760 4615 truncantur,
2793 4556 2886 4603 aut
2911 4563 2942 4602 a
2970 4545 3219 4602 barbaris
3245 4541 3446 4597 exsecti
3477 4539 3591 4595 fue-

2000 4642 2130 4698 rint.

300 4720 681 4774 dissolvuntur.
737 4718 903 4772 Aliter
952 4728 1128 4773 autem
1162 4720 1277 4773 ﬁeri
1316 4692 1556 4775 mutuam
1589 4723 1888 4791 separatio-

2233 4732 2346 4806 (53,
2368 4749 2423 4804 q.
2447 4732 2503 4798 2,
2529 4731 2680 4787 Inter
2711 4733 2842 4787 hwc.
2869 4728 3055 4783 Alvino
3079 4725 3466 4796 archiepiscopo
3486 4723 3588 4777 Ja-

300 4826 421 4866 nem
454 4819 685 4866 vestram
714 4808 1077 4880 prohibemus.

370 4904 456 4957 Ill.
487 4903 600 4973 (l0,
632 4917 687 4969 q.
714 4901 769 4963 2,
803 4915 852 4954 c.
882 4900 957 4969 l.)
988 4898 1089 4954 Ubi
1120 4914 1226 4953 non
1253 4909 1335 4954 est
1365 4915 1659 4956 consensus
1685 4904 1885 4958 utrius-

299 5012 426 5068 que,
461 4995 531 5052 ibi
577 5010 682 5050 non
714 5003 795 5048 est
825 4991 1152 5062 conjugium.
1200 4992 1340 5063 Ergo
1384 4994 1473 5061 qui
1526 4993 1708 5063 pueris
1754 4997 1884 5050 dant

299 5085 502 5160 puellas
515 5087 567 5142 in
587 5085 889 5150 cunabulis,
917 5091 972 5137 et
1001 5097 1031 5136 e
1056 5097 1334 5148 converso,
1369 5085 1499 5138 nihil
1526 5084 1750 5152 faciunt,
1778 5089 1883 5142 nisi

299 5192 528 5252 uterque
548 5193 857 5250 puerorum,
879 5183 1161 5246 postquam
1175 5177 1383 5231 venerit
1405 5178 1469 5232 ad
1491 5193 1661 5234 annos
1683 5181 1882 5235 discre-

302 5274 486 5337 tionis,
514 5269 836 5326 consentiat.

294 5411 295 5414 η
374 5363 457 5418 IV.
496 5361 608 5435 (30,
637 5377 689 5431 q.
721 5360 773 5425 5,
808 5358 1104 5414 Nostrates.
1131 5359 1210 5412 Ad
1240 5360 1478 5415 consulta
1507 5361 1888 5432 Bulgar.)'No-

305 5464 531 5520 strates,
571 5466 678 5508 tam
731 5470 907 5509 mares
953 5471 1112 5524 quam
1146 5454 1387 5519 femina},
1441 5471 1546 5509 non
1597 5455 1886 5525 ligaturam

305 5561 520 5600 auream
548 5547 631 5601 vel
656 5557 989 5618 argenteam,
1015 5558 1107 5604 aut
1133 5564 1199 5604 ex
1222 5547 1462 5617 quolibet
1492 5546 1709 5601 metallo
1735 5563 1885 5602 com-

304 5637 554 5709 positam,
587 5639 803 5707 quando
830 5641 1085 5709 nuptialia
1112 5639 1313 5693 fmdera
1341 5637 1692 5702 contrahunt,
1723 5638 1775 5691 in
1801 5653 1888 5693 ca-

289 5699 502 5797 ’thibus
528 5699 812 5794 deferunt;
845 5699 936 5784 sed
967 5740 1086 5800 post
1117 5728 1407 5799 sponsalia,
1436 5744 1557 5797 qua)
1584 5727 1887 5783 futurarum

304 5825 428 5872 sunt
469 5819 772 5887 nuptiarum
820 5823 1117 5889 momissio,
1150 5821 1350 5877 foedera
1379 5837 1591 5891 quoque
1622 5838 1888 5878 consensu
1953 5846 1959 5853 -

303 5920 490 5963 eorum
531 5910 620 5979 qui
672 5911 785 5965 haec
833 5915 1174 5979 contrahunt,
1223 5923 1274 5968 et
1322 5917 1511 5968 borum
1561 5931 1787 5984 quorum
1832 5917 1889 5971 in

2003 4825 2234 4902 nuensig.)
2264 4825 2410 4881 Inter
2438 4825 2554 4880 hare
2585 4824 2842 4880 sanctitas
2866 4828 3042 4875 vestra
3071 4818 3269 4872 addere
3301 4815 3505 4880 studuit
3531 4824 3589 4869 ut

2001 4919 2045 4971 si
2069 4919 2221 4988 cujus
2247 4932 2384 4970 uxor
2404 4915 2726 4970 adulterium
2743 4910 3152 4982 perpetraverit,
3190 4917 3370 4963 utrum
3394 4908 3590 4962 marito

1997 4997 2143 5065 illius
2169 5007 2326 5062 liceat
2354 5006 2651 5062 secundum
2674 5004 2995 5058 mundanam
3033 5001 3203 5072 legem
3235 5013 3355 5054 eam
3381 4997 3590 5054 interﬁ-

2001 5119 2164 5158 cere:
2207 5101 2299 5157 sed
2335 5110 2525 5156 sancta
2556 5100 2650 5156 Dei
2692 5099 2932 5156 Ecclesia
2981 5097 3268 5153 mundanis
3315 5111 3589 5167 nunquam

1997 5195 2388 5269 constringitur
2411 5195 2638 5267 legibus.
2667 5193 2913 5253 Gladium
2942 5209 3048 5249 non
3078 5193 3240 5248 habet
3277 5192 3378 5247 nisi
3426 5191 3587 5261 spiri-

1953 5311 1964 5320 -
1996 5288 2222 5352 tualem,
2251 5289 2344 5358 qui
2375 5303 2480 5342 non
2505 5287 2723 5352 occidit,
2753 5287 2847 5342 sed
2875 5284 3128 5356 viviﬁcat.

2069 5381 2160 5436 IX.
2201 5380 2311 5452 (55,
2345 5396 2399 5450 q.
2428 5380 2494 5446 4,
2531 5380 2641 5435 Nec
2669 5397 2903 5436 uxorem.
2943 5379 3024 5433 Ad
3065 5378 3302 5434 consulta
3324 5375 3588 5446 Bulgaro—

2000 5471 2289 5542 rum.)Nec
2316 5487 2535 5529 uxorem
2551 5473 2882 5539 ducere,nec
2894 5473 3140 5529 convivia
3169 5471 3348 5525 facere
3375 5469 3426 5522 in
3457 5483 3587 5537 qua—

2005 5564 2346 5633 dragesimali
2379 5574 2619 5636 tempore
2645 5565 2933 5622 convenire
2971 5581 3130 5636 posse
3158 5564 3266 5619 ullo
3305 5563 3462 5617 modo
3499 5576 3586 5615 ar-

2003 5651 2198 5712 hitror.

2222 5785 2298 5840 De
2330 5788 2706 5859 impedimentis
2737 5787 3078 5851 matrimonii,
3110 5787 3190 5840 tit.
3215 5782 3376 5842 XIX.

1977 6000 1998 6025 '
2077 5920 2116 5974 Ι.
2161 5920 2286 5989 (50,
2329 5936 2382 5990 q.
2416 5921 2479 5989 l,
2527 5920 2713 5976 Nosse.
2750 5920 3062 5976 Salonitano
3105 5919 3387 5989 episcopo.)
3426 5918 3592 5974 Nosse
