  <div class='ocr_page' id='page_1' title='image "/cluster/home/n/w/nwhite01/storage/ocr_20150623/119/hvd.32044015466915/605.png"; bbox 0 0 4060 6338; ppageno 0'>
   <div class='ocr_carea' id='block_1_1' title="bbox 510 376 3833 456">
    <p class='ocr_par' dir='ltr' id='par_1_1' title="bbox 510 376 3833 456">
     <span class='ocr_line' id='line_1_1' title="bbox 510 376 3833 456; baseline -0.008 0"><span class='ocrx_word' id='word_1_1' title='bbox 510 398 648 456; x_wconf 81' lang='lat' dir='ltr'><strong>H99</strong></span> <span class='ocrx_word' id='word_1_2' title='bbox 1147 393 1240 449; x_wconf 81' lang='lat' dir='ltr'><strong>AD</strong></span> <span class='ocrx_word' id='word_1_3' title='bbox 1277 391 1659 450; x_wconf 84' lang='lat' dir='ltr'><strong>EPISTOLAS</strong></span> <span class='ocrx_word' id='word_1_4' title='bbox 1696 388 1783 444; x_wconf 86' lang='lat' dir='ltr'><strong>ET</strong></span> <span class='ocrx_word' id='word_1_5' title='bbox 1818 382 2141 444; x_wconf 73' lang='lat' dir='ltr'><strong>DECRETA</strong></span> <span class='ocrx_word' id='word_1_6' title='bbox 2177 380 2449 439; x_wconf 85' lang='lat' dir='ltr'><strong>NlCOLAl</strong></span> <span class='ocrx_word' id='word_1_7' title='bbox 2485 379 2688 437; x_wconf 78' lang='grc' dir='ltr'><strong>ΡΑΡᾹΞ</strong></span> <span class='ocrx_word' id='word_1_8' title='bbox 2727 379 2747 435; x_wconf 90' lang='lat' dir='ltr'><strong>l</strong></span> <span class='ocrx_word' id='word_1_9' title='bbox 2782 379 3146 437; x_wconf 80' lang='lat' dir='ltr'><strong>APPENDIX.</strong></span> <span class='ocrx_word' id='word_1_10' title='bbox 3687 376 3833 430; x_wconf 54' lang='grc' dir='ltr'><strong>γὲοῡ</strong></span> 
     </span>
    </p>
   </div>
   <div class='ocr_carea' id='block_1_2' title="bbox 497 496 3839 576">
    <p class='ocr_par' dir='ltr' id='par_1_2' title="bbox 497 496 3839 576">
     <span class='ocr_line' id='line_1_2' title="bbox 497 496 3839 576; baseline -0.006 -10"><span class='ocrx_word' id='word_1_11' title='bbox 497 511 771 566; x_wconf 77' lang='lat' dir='ltr'><strong>desideras</strong></span> <span class='ocrx_word' id='word_1_12' title='bbox 795 517 974 562; x_wconf 89' lang='lat' dir='ltr'><strong>utrum</strong></span> <span class='ocrx_word' id='word_1_13' title='bbox 1000 505 1192 561; x_wconf 85' lang='lat' dir='ltr'><strong>mulier</strong></span> <span class='ocrx_word' id='word_1_14' title='bbox 1212 523 1330 576; x_wconf 84' lang='lat' dir='ltr'><strong>quae</strong></span> <span class='ocrx_word' id='word_1_15' title='bbox 1351 507 1452 562; x_wconf 87' lang='lat' dir='ltr'><strong>viri</strong></span> <span class='ocrx_word' id='word_1_16' title='bbox 1477 507 1644 562; x_wconf 89' lang='lat' dir='ltr'><strong>ﬁlium</strong></span> <span class='ocrx_word' id='word_1_17' title='bbox 1667 523 1732 563; x_wconf 86' lang='lat' dir='ltr'><strong>ex</strong></span> <span class='ocrx_word' id='word_1_18' title='bbox 1754 505 1857 560; x_wconf 89' lang='lat' dir='ltr'><strong>alia</strong></span> <span class='ocrx_word' id='word_1_19' title='bbox 1880 504 2079 559; x_wconf 82' lang='lat' dir='ltr'><strong>femina</strong></span> <span class='ocrx_word' id='word_1_20' title='bbox 2109 504 2159 562; x_wconf 82' lang='lat' dir='ltr'><strong>A</strong></span> <span class='ocrx_word' id='word_1_21' title='bbox 2185 515 2304 554; x_wconf 91' lang='lat' dir='ltr'><strong>mus</strong></span> <span class='ocrx_word' id='word_1_22' title='bbox 2331 539 2345 564; x_wconf 94' lang='lat'><strong>,</strong></span> <span class='ocrx_word' id='word_1_23' title='bbox 2389 498 2480 567; x_wconf 89' lang='lat' dir='ltr'><strong>qui</strong></span> <span class='ocrx_word' id='word_1_24' title='bbox 2523 514 2647 553; x_wconf 93' lang='lat' dir='ltr'><strong>cum</strong></span> <span class='ocrx_word' id='word_1_25' title='bbox 2674 513 2736 552; x_wconf 90' lang='lat' dir='ltr'><strong>ea</strong></span> <span class='ocrx_word' id='word_1_26' title='bbox 2780 513 2945 568; x_wconf 89' lang='lat' dir='ltr'><strong>quam</strong></span> <span class='ocrx_word' id='word_1_27' title='bbox 2975 499 3042 552; x_wconf 91' lang='lat' dir='ltr'><strong>de</strong></span> <span class='ocrx_word' id='word_1_28' title='bbox 3073 512 3230 552; x_wconf 90' lang='lat' dir='ltr'><strong>sacro</strong></span> <span class='ocrx_word' id='word_1_29' title='bbox 3256 498 3405 552; x_wconf 86' lang='lat' dir='ltr'><strong>fonte</strong></span> <span class='ocrx_word' id='word_1_30' title='bbox 3433 496 3839 567; x_wconf 72' lang='lat' dir='ltr'><strong>baptismatis</strong></span> 
     </span>
    </p>
   </div>
   <div class='ocr_carea' id='block_1_3' title="bbox 496 589 3841 675">
    <p class='ocr_par' dir='ltr' id='par_1_3' title="bbox 496 589 3841 675">
     <span class='ocr_line' id='line_1_3' title="bbox 496 589 3841 675; baseline -0.005 -18"><span class='ocrx_word' id='word_1_31' title='bbox 496 603 736 675; x_wconf 82' lang='lat' dir='ltr'><strong>genitum</strong></span> <span class='ocrx_word' id='word_1_32' title='bbox 761 599 829 656; x_wconf 91' lang='lat' dir='ltr'><strong>de</strong></span> <span class='ocrx_word' id='word_1_33' title='bbox 856 614 1013 655; x_wconf 86' lang='lat' dir='ltr'><strong>sacro</strong></span> <span class='ocrx_word' id='word_1_34' title='bbox 1041 597 1189 653; x_wconf 90' lang='lat' dir='ltr'><strong>fonte</strong></span> <span class='ocrx_word' id='word_1_35' title='bbox 1230 597 1508 664; x_wconf 85' lang='lat' dir='ltr'><strong>levaverit,</strong></span> <span class='ocrx_word' id='word_1_36' title='bbox 1539 597 1878 668; x_wconf 74' lang='lat' dir='ltr'><strong>postmodum</strong></span> <span class='ocrx_word' id='word_1_37' title='bbox 1910 595 2080 666; x_wconf 79' lang='lat' dir='ltr'><strong>possit</strong></span> <span class='ocrx_word' id='word_1_38' title='bbox 2183 589 2498 658; x_wconf 80' lang='lat' dir='ltr'><strong>susceperit,</strong></span> <span class='ocrx_word' id='word_1_39' title='bbox 2521 597 2616 643; x_wconf 87' lang='lat' dir='ltr'><strong>aut</strong></span> <span class='ocrx_word' id='word_1_40' title='bbox 2639 604 2761 644; x_wconf 92' lang='lat' dir='ltr'><strong>cum</strong></span> <span class='ocrx_word' id='word_1_41' title='bbox 2787 589 2876 643; x_wconf 91' lang='lat' dir='ltr'><strong>illa</strong></span> <span class='ocrx_word' id='word_1_42' title='bbox 2900 604 3064 659; x_wconf 88' lang='lat' dir='ltr'><strong>quam</strong></span> <span class='ocrx_word' id='word_1_43' title='bbox 3091 597 3214 643; x_wconf 90' lang='lat' dir='ltr'><strong>ante</strong></span> <span class='ocrx_word' id='word_1_44' title='bbox 3243 590 3582 660; x_wconf 85' lang='lat' dir='ltr'><strong>episcopum</strong></span> <span class='ocrx_word' id='word_1_45' title='bbox 3630 598 3841 641; x_wconf 82' lang='lat' dir='ltr'><strong>tenue-</strong></span> 
     </span>
    </p>
   </div>
   <div class='ocr_carea' id='block_1_4' title="bbox 497 675 3836 762">
    <p class='ocr_par' dir='ltr' id='par_1_4' title="bbox 497 675 3836 762">
     <span class='ocr_line' id='line_1_4' title="bbox 497 675 3836 762; baseline -0.002 -29"><span class='ocrx_word' id='word_1_46' title='bbox 497 710 622 750; x_wconf 74' lang='lat' dir='ltr'><strong>cum</strong></span> <span class='ocrx_word' id='word_1_47' title='bbox 648 695 834 751; x_wconf 72' lang='lat' dir='ltr'><strong>eodem</strong></span> <span class='ocrx_word' id='word_1_48' title='bbox 864 694 980 748; x_wconf 68' lang='grc' dir='ltr'><strong>νει-ο</strong></span> <span class='ocrx_word' id='word_1_49' title='bbox 1013 693 1274 762; x_wconf 65' lang='lat' dir='ltr'><strong>copulari,</strong></span> <span class='ocrx_word' id='word_1_50' title='bbox 1307 693 1452 760; x_wconf 74' lang='lat' dir='ltr'><strong>Quos</strong></span> <span class='ocrx_word' id='word_1_51' title='bbox 1481 693 1601 747; x_wconf 70' lang='lat' dir='ltr'><strong>ideo</strong></span> <span class='ocrx_word' id='word_1_52' title='bbox 1639 689 1892 760; x_wconf 68' lang='lat' dir='ltr'><strong>conjungi</strong></span> <span class='ocrx_word' id='word_1_53' title='bbox 1919 702 2080 760; x_wconf 75' lang='lat' dir='ltr'><strong>posse</strong></span> <span class='ocrx_word' id='word_1_54' title='bbox 2181 678 2283 743; x_wconf 87' lang='lat' dir='ltr'><strong>rit,</strong></span> <span class='ocrx_word' id='word_1_55' title='bbox 2311 693 2433 732; x_wconf 89' lang='lat' dir='ltr'><strong>cum</strong></span> <span class='ocrx_word' id='word_1_56' title='bbox 2473 693 2632 733; x_wconf 86' lang='lat' dir='ltr'><strong>sacro</strong></span> <span class='ocrx_word' id='word_1_57' title='bbox 2660 677 2954 732; x_wconf 78' lang='lat' dir='ltr'><strong>chrismate</strong></span> <span class='ocrx_word' id='word_1_58' title='bbox 2982 677 3147 732; x_wconf 92' lang='lat' dir='ltr'><strong>fuerit</strong></span> <span class='ocrx_word' id='word_1_59' title='bbox 3175 689 3359 743; x_wconf 84' lang='lat' dir='ltr'><strong>uncta,</strong></span> <span class='ocrx_word' id='word_1_60' title='bbox 3391 675 3836 732; x_wconf 70' lang='lat' dir='ltr'><strong>fornicationis</strong></span> 
     </span>
    </p>
   </div>
   <div class='ocr_carea' id='block_1_5' title="bbox 497 767 3834 854">
    <p class='ocr_par' dir='ltr' id='par_1_5' title="bbox 497 767 3834 854">
     <span class='ocr_line' id='line_1_5' title="bbox 497 767 3834 854; baseline -0.003 -12"><span class='ocrx_word' id='word_1_61' title='bbox 497 787 860 848; x_wconf 88' lang='lat' dir='ltr'><strong>decernimus,</strong></span> <span class='ocrx_word' id='word_1_62' title='bbox 907 785 1034 854; x_wconf 83' lang='lat' dir='ltr'><strong>quia</strong></span> <span class='ocrx_word' id='word_1_63' title='bbox 1083 784 1377 840; x_wconf 89' lang='lat' dir='ltr'><strong>secundum</strong></span> <span class='ocrx_word' id='word_1_64' title='bbox 1423 799 1659 840; x_wconf 87' lang='lat' dir='ltr'><strong>canones</strong></span> <span class='ocrx_word' id='word_1_65' title='bbox 1705 797 1891 838; x_wconf 91' lang='lat' dir='ltr'><strong>sacros</strong></span> <span class='ocrx_word' id='word_1_66' title='bbox 1914 822 1930 847; x_wconf 92' lang='lat'><strong>,</strong></span> <span class='ocrx_word' id='word_1_67' title='bbox 1974 780 2078 835; x_wconf 90' lang='lat' dir='ltr'><strong>nisi</strong></span> <span class='ocrx_word' id='word_1_68' title='bbox 2181 768 2576 838; x_wconf 67' lang='grc' dir='ltr'><strong>Ρθτρεῑΐθνθτίι</strong></span> <span class='ocrx_word' id='word_1_69' title='bbox 2610 767 2785 823; x_wconf 71' lang='lat' dir='ltr'><strong>scelus</strong></span> <span class='ocrx_word' id='word_1_70' title='bbox 2807 809 2822 834; x_wconf 69' lang='grc' dir='ltr'><strong>ν</strong></span> <span class='ocrx_word' id='word_1_71' title='bbox 2853 767 3145 839; x_wconf 49' lang='lat' dir='ltr'><strong>legitimam</strong></span> <span class='ocrx_word' id='word_1_72' title='bbox 3175 777 3385 832; x_wconf 58' lang='lat' dir='ltr'><strong>tamen.</strong></span> <span class='ocrx_word' id='word_1_73' title='bbox 3417 768 3469 823; x_wconf 76' lang='lat' dir='ltr'><strong>Si</strong></span> <span class='ocrx_word' id='word_1_74' title='bbox 3503 768 3834 832; x_wconf 68' lang='grc' dir='ltr'><strong>Ῑωὺυετίί.</strong></span> 
     </span>
    </p>
   </div>
   <div class='ocr_carea' id='block_1_6' title="bbox 498 859 3012 943">
    <p class='ocr_par' dir='ltr' id='par_1_6' title="bbox 498 859 3012 943">
     <span class='ocr_line' id='line_1_6' title="bbox 498 859 3012 943; baseline -0.002 -14"><span class='ocrx_word' id='word_1_75' title='bbox 498 877 779 931; x_wconf 91' lang='lat' dir='ltr'><strong>amborum</strong></span> <span class='ocrx_word' id='word_1_76' title='bbox 803 888 1067 930; x_wconf 91' lang='lat' dir='ltr'><strong>consensu</strong></span> <span class='ocrx_word' id='word_1_77' title='bbox 1086 913 1102 939; x_wconf 93' lang='lat'><strong>,</strong></span> <span class='ocrx_word' id='word_1_78' title='bbox 1149 873 1346 929; x_wconf 86' lang='lat' dir='ltr'><strong>nullius</strong></span> <span class='ocrx_word' id='word_1_79' title='bbox 1376 873 1648 943; x_wconf 80' lang='lat' dir='ltr'><strong>religionis</strong></span> <span class='ocrx_word' id='word_1_80' title='bbox 1671 871 1894 928; x_wconf 90' lang='lat' dir='ltr'><strong>obtentu</strong></span> <span class='ocrx_word' id='word_1_81' title='bbox 1921 870 2079 925; x_wconf 92' lang='lat' dir='ltr'><strong>debet</strong></span> <span class='ocrx_word' id='word_1_82' title='bbox 2182 873 2290 914; x_wconf 85' lang='lat' dir='ltr'><strong>n0n</strong></span> <span class='ocrx_word' id='word_1_83' title='bbox 2315 859 2552 914; x_wconf 68' lang='grc' dir='ltr'><strong>(Ιίηιίιιοῐ</strong></span> <span class='ocrx_word' id='word_1_84' title='bbox 2585 875 2833 915; x_wconf 72' lang='grc' dir='ltr'><strong>ιιΧοΐθῐηο</strong></span> <span class='ocrx_word' id='word_1_85' title='bbox 3010 893 3012 895; x_wconf 43' lang='grc'>&gt;</span> 
     </span>
    </p>
   </div>
   <div class='ocr_carea' id='block_1_7' title="bbox 497 949 3838 1036">
    <p class='ocr_par' dir='ltr' id='par_1_7' title="bbox 497 949 3838 1036">
     <span class='ocr_line' id='line_1_7' title="bbox 497 949 3838 1036; baseline -0.003 -14"><span class='ocrx_word' id='word_1_86' title='bbox 497 967 690 1036; x_wconf 84' lang='lat' dir='ltr'><strong>coniux</strong></span> <span class='ocrx_word' id='word_1_87' title='bbox 711 963 980 1019; x_wconf 79' lang='lat' dir='ltr'><strong>dimittere</strong></span> <span class='ocrx_word' id='word_1_88' title='bbox 997 962 1298 1034; x_wconf 80' lang='lat' dir='ltr'><strong>coniugem.</strong></span> <span class='ocrx_word' id='word_1_89' title='bbox 1325 963 1566 1019; x_wconf 85' lang='lat' dir='ltr'><strong>Pertinet</strong></span> <span class='ocrx_word' id='word_1_90' title='bbox 1593 972 1772 1018; x_wconf 89' lang='lat' dir='ltr'><strong>autem</strong></span> <span class='ocrx_word' id='word_1_91' title='bbox 1795 962 1860 1016; x_wconf 86' lang='lat' dir='ltr'><strong>ad</strong></span> <span class='ocrx_word' id='word_1_92' title='bbox 1889 963 2079 1030; x_wconf 84' lang='lat' dir='ltr'><strong>ingens</strong></span> <span class='ocrx_word' id='word_1_93' title='bbox 2253 951 2341 1006; x_wconf 62' lang='lat' dir='ltr'><strong>Vl.</strong></span> <span class='ocrx_word' id='word_1_94' title='bbox 2362 952 2474 1023; x_wconf 71' lang='lat'><strong>(35.</strong></span> <span class='ocrx_word' id='word_1_95' title='bbox 2489 962 2681 1022; x_wconf 66' lang='grc' dir='ltr'><strong>(ιυωειο</strong></span> <span class='ocrx_word' id='word_1_96' title='bbox 2703 953 2758 1019; x_wconf 65' lang='grc' dir='ltr'><strong>2η</strong></span> <span class='ocrx_word' id='word_1_97' title='bbox 2777 953 2853 1007; x_wconf 78' lang='lat' dir='ltr'><strong>De</strong></span> <span class='ocrx_word' id='word_1_98' title='bbox 2879 954 3263 1024; x_wconf 73' lang='grc' dir='ltr'><strong>εοηεαηθιιὲηῖτο</strong></span> <span class='ocrx_word' id='word_1_99' title='bbox 3283 951 3700 1023; x_wconf 69' lang='grc' dir='ltr'><strong>δαΙΪναςαηεὲε</strong></span> <span class='ocrx_word' id='word_1_100' title='bbox 3723 949 3838 1004; x_wconf 75' lang='grc' dir='ltr'><strong>Εε-</strong></span> 
     </span>
    </p>
   </div>
   <div class='ocr_carea' id='block_1_8' title="bbox 495 1042 3833 1126">
    <p class='ocr_par' dir='ltr' id='par_1_8' title="bbox 495 1042 3833 1126">
     <span class='ocr_line' id='line_1_8' title="bbox 495 1042 3833 1126; baseline -0.006 -12"><span class='ocrx_word' id='word_1_101' title='bbox 495 1058 680 1114; x_wconf 81' lang='lat' dir='ltr'><strong>uxoris</strong></span> <span class='ocrx_word' id='word_1_102' title='bbox 710 1057 956 1122; x_wconf 85' lang='lat' dir='ltr'><strong>exitium,</strong></span> <span class='ocrx_word' id='word_1_103' title='bbox 999 1073 1118 1126; x_wconf 71' lang='lat' dir='ltr'><strong>qua:</strong></span> <span class='ocrx_word' id='word_1_104' title='bbox 1164 1057 1368 1112; x_wconf 81' lang='lat' dir='ltr'><strong>habens</strong></span> <span class='ocrx_word' id='word_1_105' title='bbox 1411 1057 1535 1112; x_wconf 89' lang='lat' dir='ltr'><strong>odio</strong></span> <span class='ocrx_word' id='word_1_106' title='bbox 1573 1057 1779 1123; x_wconf 88' lang='lat' dir='ltr'><strong>virum,</strong></span> <span class='ocrx_word' id='word_1_107' title='bbox 1817 1055 1902 1109; x_wconf 87' lang='lat' dir='ltr'><strong>vel</strong></span> <span class='ocrx_word' id='word_1_108' title='bbox 1930 1053 2080 1107; x_wconf 77' lang='lat' dir='ltr'><strong>inﬁr—</strong></span> <span class='ocrx_word' id='word_1_109' title='bbox 2183 1042 2353 1096; x_wconf 70' lang='lat' dir='ltr'><strong>clesiw</strong></span> <span class='ocrx_word' id='word_1_110' title='bbox 2387 1042 2776 1113; x_wconf 74' lang='lat' dir='ltr'><strong>Amalsitanw.)</strong></span> <span class='ocrx_word' id='word_1_111' title='bbox 2817 1043 2893 1098; x_wconf 91' lang='lat' dir='ltr'><strong>De</strong></span> <span class='ocrx_word' id='word_1_112' title='bbox 2917 1043 3395 1114; x_wconf 88' lang='lat' dir='ltr'><strong>.consanguinitate</strong></span> <span class='ocrx_word' id='word_1_113' title='bbox 3422 1058 3529 1097; x_wconf 87' lang='lat' dir='ltr'><strong>sua</strong></span> <span class='ocrx_word' id='word_1_114' title='bbox 3564 1057 3833 1096; x_wconf 76' lang='lat' dir='ltr'><strong>uxorein</strong></span> 
     </span>
    </p>
   </div>
   <div class='ocr_carea' id='block_1_9' title="bbox 494 1130 2074 1218">
    <p class='ocr_par' dir='ltr' id='par_1_9' title="bbox 494 1145 2074 1218">
     <span class='ocr_line' id='line_1_9' title="bbox 494 1145 2074 1218; baseline -0.003 -15"><span class='ocrx_word' id='word_1_115' title='bbox 494 1150 738 1205; x_wconf 90' lang='lat' dir='ltr'><strong>mitatem</strong></span> <span class='ocrx_word' id='word_1_116' title='bbox 781 1147 900 1216; x_wconf 88' lang='lat' dir='ltr'><strong>ejus</strong></span> <span class='ocrx_word' id='word_1_117' title='bbox 942 1164 1049 1204; x_wconf 91' lang='lat' dir='ltr'><strong>non</strong></span> <span class='ocrx_word' id='word_1_118' title='bbox 1078 1147 1460 1214; x_wconf 86' lang='lat' dir='ltr'><strong>considerans,</strong></span> <span class='ocrx_word' id='word_1_119' title='bbox 1489 1148 1645 1218; x_wconf 89' lang='lat' dir='ltr'><strong>quasi</strong></span> <span class='ocrx_word' id='word_1_120' title='bbox 1673 1161 1833 1202; x_wconf 87' lang='lat' dir='ltr'><strong>causa</strong></span> <span class='ocrx_word' id='word_1_121' title='bbox 1861 1145 2074 1215; x_wconf 88' lang='lat' dir='ltr'><strong>pietatis</strong></span> 
     </span>
    </p>
   </div>
   <div class='ocr_carea' id='block_1_10' title="bbox 2185 1130 3831 1218">
    <p class='ocr_par' dir='ltr' id='par_1_10' title="bbox 2185 1130 3831 1203">
     <span class='ocr_line' id='line_1_10' title="bbox 2185 1130 3831 1203; baseline 0.001 -20"><span class='ocrx_word' id='word_1_122' title='bbox 2185 1130 2362 1184; x_wconf 89' lang='lat' dir='ltr'><strong>nullus</strong></span> <span class='ocrx_word' id='word_1_123' title='bbox 2395 1132 2559 1186; x_wconf 87' lang='lat' dir='ltr'><strong>ducat</strong></span> <span class='ocrx_word' id='word_1_124' title='bbox 2584 1147 2754 1202; x_wconf 91' lang='lat' dir='ltr'><strong>usque</strong></span> <span class='ocrx_word' id='word_1_125' title='bbox 2780 1141 2900 1201; x_wconf 90' lang='lat' dir='ltr'><strong>post</strong></span> <span class='ocrx_word' id='word_1_126' title='bbox 2927 1133 3325 1201; x_wconf 79' lang='lat' dir='ltr'><strong>generationem</strong></span> <span class='ocrx_word' id='word_1_127' title='bbox 3355 1134 3715 1203; x_wconf 83' lang='lat' dir='ltr'><strong>septimam,</strong></span> <span class='ocrx_word' id='word_1_128' title='bbox 3746 1130 3831 1185; x_wconf 82' lang='lat' dir='ltr'><strong>vel</strong></span> 
     </span>
    </p>
   </div>
   <div class='ocr_carea' id='block_1_11' title="bbox 493 1223 2074 1312">
    <p class='ocr_par' dir='ltr' id='par_1_11' title="bbox 493 1237 2074 1312">
     <span class='ocr_line' id='line_1_11' title="bbox 493 1237 2074 1312; baseline -0.005 -14"><span class='ocrx_word' id='word_1_129' title='bbox 493 1251 748 1312; x_wconf 84' lang='lat' dir='ltr'><strong>operatur</strong></span> <span class='ocrx_word' id='word_1_130' title='bbox 771 1240 1104 1311; x_wconf 87' lang='lat' dir='ltr'><strong>impietatem</strong></span> <span class='ocrx_word' id='word_1_131' title='bbox 1127 1281 1143 1307; x_wconf 94' lang='lat'><strong>,</strong></span> <span class='ocrx_word' id='word_1_132' title='bbox 1180 1240 1414 1295; x_wconf 77' lang='lat' dir='ltr'><strong>maxime</strong></span> <span class='ocrx_word' id='word_1_133' title='bbox 1449 1255 1572 1295; x_wconf 90' lang='lat' dir='ltr'><strong>cum</strong></span> <span class='ocrx_word' id='word_1_134' title='bbox 1612 1237 1902 1310; x_wconf 86' lang='lat' dir='ltr'><strong>Apostolus</strong></span> <span class='ocrx_word' id='word_1_135' title='bbox 1942 1251 2074 1306; x_wconf 83' lang='lat' dir='ltr'><strong>prae-</strong></span> 
     </span>
    </p>
   </div>
   <div class='ocr_carea' id='block_1_12' title="bbox 2185 1223 3833 1312">
    <p class='ocr_par' dir='ltr' id='par_1_12' title="bbox 2185 1223 3833 1294">
     <span class='ocr_line' id='line_1_12' title="bbox 2185 1223 3833 1294; baseline 0 -18"><span class='ocrx_word' id='word_1_136' title='bbox 2185 1237 2464 1293; x_wconf 90' lang='lat' dir='ltr'><strong>quousque</strong></span> <span class='ocrx_word' id='word_1_137' title='bbox 2510 1223 2786 1294; x_wconf 87' lang='lat' dir='ltr'><strong>parentela</strong></span> <span class='ocrx_word' id='word_1_138' title='bbox 2837 1225 3087 1292; x_wconf 79' lang='lat' dir='ltr'><strong>cognosci</strong></span> <span class='ocrx_word' id='word_1_139' title='bbox 3130 1224 3349 1294; x_wconf 87' lang='lat' dir='ltr'><strong>poterit.</strong></span> <span class='ocrx_word' id='word_1_140' title='bbox 3402 1224 3630 1279; x_wconf 85' lang='lat' dir='ltr'><strong>Laicus</strong></span> <span class='ocrx_word' id='word_1_141' title='bbox 3689 1239 3833 1276; x_wconf 77' lang='lat' dir='ltr'><strong>vero</strong></span> 
     </span>
    </p>
   </div>
   <div class='ocr_carea' id='block_1_13' title="bbox 492 1313 3832 1405">
    <p class='ocr_par' dir='ltr' id='par_1_13' title="bbox 492 1313 3832 1405">
     <span class='ocr_line' id='line_1_13' title="bbox 492 1313 3832 1405; baseline 0 -38"><span class='ocrx_word' id='word_1_142' title='bbox 492 1335 659 1405; x_wconf 52' lang='lat' dir='ltr'><strong>cipiat</strong></span> <span class='ocrx_word' id='word_1_143' title='bbox 709 1350 723 1387; x_wconf 66' lang='grc' dir='ltr'><strong>ε</strong></span> <span class='ocrx_word' id='word_1_144' title='bbox 771 1333 982 1400; x_wconf 51' lang='lat' dir='ltr'><strong>Nolite,</strong></span> <span class='ocrx_word' id='word_1_145' title='bbox 1033 1333 1312 1404; x_wconf 51' lang='lat' dir='ltr'><strong>inquiens,</strong></span> <span class='ocrx_word' id='word_1_146' title='bbox 1366 1331 1617 1400; x_wconf 65' lang='lat' dir='ltr'><strong><em>fraudare</em></strong></span> <span class='ocrx_word' id='word_1_147' title='bbox 1669 1331 1924 1393; x_wconf 56' lang='lat' dir='ltr'><strong>invicem,</strong></span> <span class='ocrx_word' id='word_1_148' title='bbox 1980 1328 2081 1381; x_wconf 58' lang='lat' dir='ltr'><strong>nisi</strong></span> <span class='ocrx_word' id='word_1_149' title='bbox 2183 1329 2408 1368; x_wconf 89' lang='lat' dir='ltr'><strong>uxorem</strong></span> <span class='ocrx_word' id='word_1_150' title='bbox 2437 1314 2596 1369; x_wconf 88' lang='lat' dir='ltr'><strong>simul</strong></span> <span class='ocrx_word' id='word_1_151' title='bbox 2633 1323 2688 1370; x_wconf 88' lang='lat' dir='ltr'><strong>et</strong></span> <span class='ocrx_word' id='word_1_152' title='bbox 2715 1315 3067 1370; x_wconf 87' lang='lat' dir='ltr'><strong>concubinam</strong></span> <span class='ocrx_word' id='word_1_153' title='bbox 3097 1313 3301 1371; x_wconf 80' lang='lat' dir='ltr'><strong>habens</strong></span> <span class='ocrx_word' id='word_1_154' title='bbox 3333 1330 3442 1371; x_wconf 91' lang='lat' dir='ltr'><strong>non</strong></span> <span class='ocrx_word' id='word_1_155' title='bbox 3470 1315 3832 1370; x_wconf 78' lang='lat' dir='ltr'><strong>communi-</strong></span> 
     </span>
    </p>
   </div>
   <div class='ocr_carea' id='block_1_14' title="bbox 490 1405 2074 1495">
    <p class='ocr_par' dir='ltr' id='par_1_14' title="bbox 490 1417 2074 1495">
     <span class='ocr_line' id='line_1_14' title="bbox 490 1417 2074 1495; baseline -0.004 -15"><span class='ocrx_word' id='word_1_156' title='bbox 490 1443 557 1481; x_wconf 77' lang='lat' dir='ltr'><strong>ca;</strong></span> <span class='ocrx_word' id='word_1_157' title='bbox 597 1441 850 1481; x_wconf 76' lang='lat' dir='ltr'><strong>comem</strong></span> <span class='ocrx_word' id='word_1_158' title='bbox 879 1425 952 1480; x_wconf 81' lang='lat' dir='ltr'><strong>ad</strong></span> <span class='ocrx_word' id='word_1_159' title='bbox 993 1433 1192 1495; x_wconf 72' lang='lat' dir='ltr'><strong>tempus</strong></span> <span class='ocrx_word' id='word_1_160' title='bbox 1220 1465 1234 1491; x_wconf 90' lang='lat'><strong>,</strong></span> <span class='ocrx_word' id='word_1_161' title='bbox 1277 1435 1332 1478; x_wconf 86' lang='lat' dir='ltr'><strong>ut</strong></span> <span class='ocrx_word' id='word_1_162' title='bbox 1374 1424 1564 1478; x_wconf 80' lang='lat' dir='ltr'><strong>vacetis</strong></span> <span class='ocrx_word' id='word_1_163' title='bbox 1605 1422 1831 1476; x_wconf 76' lang='lat' dir='ltr'><strong>orationi</strong></span> <span class='ocrx_word' id='word_1_164' title='bbox 1867 1419 1919 1492; x_wconf 89' lang='grc' dir='ltr'><strong>(Ι</strong></span> <span class='ocrx_word' id='word_1_165' title='bbox 1953 1417 2074 1475; x_wconf 83' lang='lat' dir='ltr'><strong>Cor.</strong></span> 
     </span>
    </p>
   </div>
   <div class='ocr_carea' id='block_1_15' title="bbox 2185 1405 2570 1495">
    <p class='ocr_par' dir='ltr' id='par_1_15' title="bbox 2185 1405 2570 1461">
     <span class='ocr_line' id='line_1_15' title="bbox 2185 1405 2570 1461; baseline 0 -2"><span class='ocrx_word' id='word_1_166' title='bbox 2185 1413 2270 1459; x_wconf 89' lang='lat' dir='ltr'><strong>cet</strong></span> <span class='ocrx_word' id='word_1_167' title='bbox 2294 1405 2570 1461; x_wconf 82' lang='lat' dir='ltr'><strong>Ecclesiae.</strong></span> 
     </span>
    </p>
   </div>
   <div class='ocr_carea' id='block_1_16' title="bbox 2676 1498 3248 1566">
    <p class='ocr_par' dir='ltr' id='par_1_16' title="bbox 2676 1498 3248 1566">
     <span class='ocr_line' id='line_1_16' title="bbox 2676 1498 3248 1566; baseline 0.003 -12"><span class='ocrx_word' id='word_1_168' title='bbox 2676 1499 2753 1554; x_wconf 84' lang='lat' dir='ltr'><strong>De</strong></span> <span class='ocrx_word' id='word_1_169' title='bbox 2789 1500 2966 1566; x_wconf 82' lang='lat' dir='ltr'><strong>bellis,</strong></span> <span class='ocrx_word' id='word_1_170' title='bbox 3005 1503 3086 1555; x_wconf 81' lang='lat' dir='ltr'><strong>tit.</strong></span> <span class='ocrx_word' id='word_1_171' title='bbox 3124 1498 3248 1556; x_wconf 81' lang='lat' dir='ltr'><strong>XX.</strong></span> 
     </span>
    </p>
   </div>
   <div class='ocr_carea' id='block_1_17' title="bbox 493 1518 2074 1682">
    <p class='ocr_par' dir='ltr' id='par_1_17' title="bbox 493 1518 2074 1682">
     <span class='ocr_line' id='line_1_17' title="bbox 493 1518 2074 1682; baseline -0.003 -16"><span class='ocrx_word' id='word_1_172' title='bbox 493 1518 624 1666; x_wconf 50' lang='lat' dir='ltr'><strong>mli;</strong></span> <span class='ocrx_word' id='word_1_173' title='bbox 661 1610 834 1682; x_wconf 86' lang='lat' dir='ltr'><strong>(Ibid.</strong></span> <span class='ocrx_word' id='word_1_174' title='bbox 880 1608 960 1664; x_wconf 84' lang='lat' dir='ltr'><strong>De</strong></span> <span class='ocrx_word' id='word_1_175' title='bbox 1003 1608 1084 1664; x_wconf 76' lang='lat' dir='ltr'><strong>Itis</strong></span> <span class='ocrx_word' id='word_1_176' title='bbox 1122 1607 1350 1679; x_wconf 71' lang='grc' dir='ltr'><strong>ΒοώιὶῙο</strong></span> <span class='ocrx_word' id='word_1_177' title='bbox 1386 1607 1701 1663; x_wconf 76' lang='lat' dir='ltr'><strong>Bituricensi</strong></span> <span class='ocrx_word' id='word_1_178' title='bbox 1734 1605 2074 1677; x_wconf 80' lang='lat' dir='ltr'><strong>archiepisc.)</strong></span> 
     </span>
    </p>
   </div>
   <div class='ocr_carea' id='block_1_18' title="bbox 2185 1518 3821 1682">
    <p class='ocr_par' dir='ltr' id='par_1_18' title="bbox 2252 1518 3821 1664">
     <span class='ocr_line' id='line_1_18' title="bbox 2676 1518 3456 1566; baseline 0.003 -12"><span class='ocrx_word' id='word_1_179' title='bbox 2676 1518 2753 1554; x_wconf 85' lang='lat' dir='ltr'><strong>ue</strong></span> <span class='ocrx_word' id='word_1_180' title='bbox 2789 1518 2966 1566; x_wconf 82' lang='lat' dir='ltr'><strong>vetus,</strong></span> <span class='ocrx_word' id='word_1_181' title='bbox 3005 1518 3086 1555; x_wconf 81' lang='lat' dir='ltr'><strong>tu.</strong></span> <span class='ocrx_word' id='word_1_182' title='bbox 3124 1518 3248 1556; x_wconf 73' lang='grc' dir='ltr'><strong>ΛΑ.</strong></span> <span class='ocrx_word' id='word_1_183' title='bbox 3443 1520 3456 1533; x_wconf 75' lang='lat'><strong><em>&#39;</em></strong></span> 
     </span>
     <span class='ocr_line' id='line_1_19' title="bbox 2252 1591 3821 1664; baseline 0.001 -18"><span class='ocrx_word' id='word_1_184' title='bbox 2252 1591 2291 1646; x_wconf 87' lang='grc' dir='ltr'><strong>Ι.</strong></span> <span class='ocrx_word' id='word_1_185' title='bbox 2335 1592 2409 1663; x_wconf 77' lang='grc'><strong>(2,</strong></span> <span class='ocrx_word' id='word_1_186' title='bbox 2439 1609 2494 1662; x_wconf 92' lang='lat' dir='ltr'><strong>q.</strong></span> <span class='ocrx_word' id='word_1_187' title='bbox 2523 1592 2578 1658; x_wconf 75' lang='grc'><strong>4,</strong></span> <span class='ocrx_word' id='word_1_188' title='bbox 2610 1592 3053 1648; x_wconf 81' lang='lat' dir='ltr'><strong>Monomachiam.</strong></span> <span class='ocrx_word' id='word_1_189' title='bbox 3103 1592 3304 1664; x_wconf 75' lang='lat' dir='ltr'><strong>Exejus</strong></span> <span class='ocrx_word' id='word_1_190' title='bbox 3349 1593 3651 1664; x_wconf 73' lang='lat' dir='ltr'><strong>decretis.)</strong></span> <span class='ocrx_word' id='word_1_191' title='bbox 3696 1592 3821 1647; x_wconf 79' lang='lat' dir='ltr'><strong>Mo-</strong></span> 
     </span>
    </p>
   </div>
   <div class='ocr_carea' id='block_1_19' title="bbox 488 1683 3821 1775">
    <p class='ocr_par' dir='ltr' id='par_1_19' title="bbox 488 1683 3821 1775">
     <span class='ocr_line' id='line_1_20' title="bbox 488 1683 3821 1775; baseline -0.001 -15"><span class='ocrx_word' id='word_1_192' title='bbox 488 1705 672 1762; x_wconf 88' lang='lat' dir='ltr'><strong>Dehis</strong></span> <span class='ocrx_word' id='word_1_193' title='bbox 691 1705 784 1775; x_wconf 87' lang='lat' dir='ltr'><strong>qui</strong></span> <span class='ocrx_word' id='word_1_194' title='bbox 834 1703 1087 1759; x_wconf 90' lang='lat' dir='ltr'><strong>ﬁliastros</strong></span> <span class='ocrx_word' id='word_1_195' title='bbox 1130 1719 1257 1758; x_wconf 92' lang='lat' dir='ltr'><strong>suos</strong></span> <span class='ocrx_word' id='word_1_196' title='bbox 1299 1703 1364 1757; x_wconf 88' lang='lat' dir='ltr'><strong>ad</strong></span> <span class='ocrx_word' id='word_1_197' title='bbox 1385 1701 1849 1758; x_wconf 89' lang='lat' dir='ltr'><strong>conﬁrmationem</strong></span> <span class='ocrx_word' id='word_1_198' title='bbox 1895 1714 2077 1754; x_wconf 89' lang='lat' dir='ltr'><strong>coram</strong></span> <span class='ocrx_word' id='word_1_199' title='bbox 2182 1683 2522 1775; x_wconf 46' lang='lat' dir='ltr'><strong>llomachidm</strong></span> <span class='ocrx_word' id='word_1_200' title='bbox 2570 1683 2623 1738; x_wconf 74' lang='grc' dir='ltr'><strong>ίη</strong></span> <span class='ocrx_word' id='word_1_201' title='bbox 2676 1683 2792 1752; x_wconf 69' lang='lat' dir='ltr'><strong>lege</strong></span> <span class='ocrx_word' id='word_1_202' title='bbox 2844 1699 2953 1739; x_wconf 79' lang='grc' dir='ltr'><strong>ηοη</strong></span> <span class='ocrx_word' id='word_1_203' title='bbox 3005 1687 3366 1752; x_wconf 58' lang='lat' dir='ltr'><strong>assumimus,</strong></span> <span class='ocrx_word' id='word_1_204' title='bbox 3416 1701 3599 1756; x_wconf 69' lang='lat' dir='ltr'><strong>quam</strong></span> <span class='ocrx_word' id='word_1_205' title='bbox 3662 1702 3821 1756; x_wconf 60' lang='lat' dir='ltr'><strong>Dm“</strong></span> 
     </span>
    </p>
   </div>
   <div class='ocr_carea' id='block_1_20' title="bbox 489 1773 3818 1866">
    <p class='ocr_par' dir='ltr' id='par_1_20' title="bbox 489 1773 3818 1866">
     <span class='ocr_line' id='line_1_21' title="bbox 489 1773 3818 1866; baseline -0.002 -15"><span class='ocrx_word' id='word_1_206' title='bbox 489 1773 755 1866; x_wconf 80' lang='lat' dir='ltr'><strong>episcopis</strong></span> <span class='ocrx_word' id='word_1_207' title='bbox 782 1803 988 1861; x_wconf 89' lang='lat' dir='ltr'><strong>tenent,</strong></span> <span class='ocrx_word' id='word_1_208' title='bbox 1016 1795 1068 1850; x_wconf 91' lang='lat' dir='ltr'><strong>id</strong></span> <span class='ocrx_word' id='word_1_209' title='bbox 1089 1803 1172 1850; x_wconf 88' lang='lat' dir='ltr'><strong>est</strong></span> <span class='ocrx_word' id='word_1_210' title='bbox 1196 1795 1286 1864; x_wconf 85' lang='lat' dir='ltr'><strong>qui</strong></span> <span class='ocrx_word' id='word_1_211' title='bbox 1316 1794 1454 1849; x_wconf 86' lang='lat' dir='ltr'><strong>ﬁlios</strong></span> <span class='ocrx_word' id='word_1_212' title='bbox 1477 1793 1662 1848; x_wconf 82' lang='lat' dir='ltr'><strong>uxoris</strong></span> <span class='ocrx_word' id='word_1_213' title='bbox 1682 1807 1793 1848; x_wconf 85' lang='lat' dir='ltr'><strong>suae</strong></span> <span class='ocrx_word' id='word_1_214' title='bbox 1816 1792 1880 1847; x_wconf 91' lang='lat' dir='ltr'><strong>de</strong></span> <span class='ocrx_word' id='word_1_215' title='bbox 1907 1791 2074 1863; x_wconf 91' lang='lat' dir='ltr'><strong>priori</strong></span> <span class='ocrx_word' id='word_1_216' title='bbox 2183 1782 2395 1845; x_wconf 64' lang='lat' dir='ltr'><strong>031mm</strong></span> <span class='ocrx_word' id='word_1_217' title='bbox 2440 1773 2608 1831; x_wconf 63' lang='lat' dir='ltr'><strong>misse</strong></span> <span class='ocrx_word' id='word_1_218' title='bbox 2644 1790 2750 1830; x_wconf 79' lang='grc' dir='ltr'><strong>ηοη</strong></span> <span class='ocrx_word' id='word_1_219' title='bbox 2795 1777 3129 1846; x_wconf 60' lang='lat' dir='ltr'><strong>reperimus:</strong></span> <span class='ocrx_word' id='word_1_220' title='bbox 3172 1793 3295 1832; x_wconf 76' lang='lat' dir='ltr'><strong>cum</strong></span> <span class='ocrx_word' id='word_1_221' title='bbox 3335 1778 3453 1832; x_wconf 66' lang='lat'><strong>11330</strong></span> <span class='ocrx_word' id='word_1_222' title='bbox 3488 1786 3555 1832; x_wconf 73' lang='grc' dir='ltr'><strong>ει</strong></span> <span class='ocrx_word' id='word_1_223' title='bbox 3599 1776 3818 1846; x_wconf 47' lang='lat' dir='ltr'><strong>huius?</strong></span> 
     </span>
    </p>
   </div>
   <div class='ocr_carea' id='block_1_21' title="bbox 488 1866 3816 1954">
    <p class='ocr_par' dir='ltr' id='par_1_21' title="bbox 488 1866 3816 1954">
     <span class='ocr_line' id='line_1_22' title="bbox 488 1866 3816 1954; baseline 0 -34"><span class='ocrx_word' id='word_1_224' title='bbox 488 1885 606 1940; x_wconf 63' lang='grc' dir='ltr'><strong>νίτο</strong></span> <span class='ocrx_word' id='word_1_225' title='bbox 646 1885 774 1940; x_wconf 68' lang='lat' dir='ltr'><strong>dum</strong></span> <span class='ocrx_word' id='word_1_226' title='bbox 803 1885 1170 1939; x_wconf 60' lang='lat' dir='ltr'><strong>chrismanwr</strong></span> <span class='ocrx_word' id='word_1_227' title='bbox 1199 1885 1267 1939; x_wconf 66' lang='lat' dir='ltr'><strong>ab</strong></span> <span class='ocrx_word' id='word_1_228' title='bbox 1294 1883 1592 1954; x_wconf 56' lang='lat' dir='ltr'><strong>episcopis,</strong></span> <span class='ocrx_word' id='word_1_229' title='bbox 1620 1899 1783 1954; x_wconf 63' lang='lat' dir='ltr'><strong>super</strong></span> <span class='ocrx_word' id='word_1_230' title='bbox 1823 1898 1881 1937; x_wconf 72' lang='lat' dir='ltr'><strong>se</strong></span> <span class='ocrx_word' id='word_1_231' title='bbox 1911 1882 2076 1937; x_wconf 67' lang='grc' dir='ltr'><strong>ευειί-</strong></span> <span class='ocrx_word' id='word_1_232' title='bbox 2108 1880 2154 1940; x_wconf 76' lang='grc' dir='ltr'><strong>Β</strong></span> <span class='ocrx_word' id='word_1_233' title='bbox 2183 1866 2328 1921; x_wconf 90' lang='lat' dir='ltr'><strong>modi</strong></span> <span class='ocrx_word' id='word_1_234' title='bbox 2371 1875 2669 1932; x_wconf 88' lang='lat' dir='ltr'><strong>sectantes,</strong></span> <span class='ocrx_word' id='word_1_235' title='bbox 2710 1867 2877 1922; x_wconf 92' lang='lat' dir='ltr'><strong>Deum</strong></span> <span class='ocrx_word' id='word_1_236' title='bbox 2918 1869 3254 1925; x_wconf 88' lang='lat' dir='ltr'><strong>solummodo</strong></span> <span class='ocrx_word' id='word_1_237' title='bbox 3299 1879 3510 1925; x_wconf 90' lang='lat' dir='ltr'><strong>tentare</strong></span> <span class='ocrx_word' id='word_1_238' title='bbox 3552 1868 3816 1924; x_wconf 84' lang='lat' dir='ltr'><strong>videan-</strong></span> 
     </span>
    </p>
   </div>
   <div class='ocr_carea' id='block_1_22' title="bbox 486 1965 2288 2046">
    <p class='ocr_par' dir='ltr' id='par_1_22' title="bbox 486 1965 2288 2046">
     <span class='ocr_line' id='line_1_23' title="bbox 486 1965 2288 2046; baseline -0.001 -16"><span class='ocrx_word' id='word_1_239' title='bbox 486 1987 650 2041; x_wconf 88' lang='lat' dir='ltr'><strong>nent,</strong></span> <span class='ocrx_word' id='word_1_240' title='bbox 677 1976 726 2030; x_wconf 88' lang='lat' dir='ltr'><strong>si</strong></span> <span class='ocrx_word' id='word_1_241' title='bbox 752 1975 807 2031; x_wconf 91' lang='lat' dir='ltr'><strong>in</strong></span> <span class='ocrx_word' id='word_1_242' title='bbox 836 1975 1064 2031; x_wconf 88' lang='lat' dir='ltr'><strong>scientia</strong></span> <span class='ocrx_word' id='word_1_243' title='bbox 1099 1975 1263 2046; x_wconf 88' lang='lat' dir='ltr'><strong>(sicut</strong></span> <span class='ocrx_word' id='word_1_244' title='bbox 1291 1974 1511 2046; x_wconf 88' lang='lat' dir='ltr'><strong>asseris)</strong></span> <span class='ocrx_word' id='word_1_245' title='bbox 1537 1974 1664 2041; x_wconf 89' lang='lat' dir='ltr'><strong>ﬁat,</strong></span> <span class='ocrx_word' id='word_1_246' title='bbox 1693 1974 1819 2029; x_wconf 89' lang='lat' dir='ltr'><strong>licet</strong></span> <span class='ocrx_word' id='word_1_247' title='bbox 1845 1974 1917 2029; x_wconf 90' lang='lat' dir='ltr'><strong>sit</strong></span> <span class='ocrx_word' id='word_1_248' title='bbox 1945 1989 2076 2044; x_wconf 91' lang='lat' dir='ltr'><strong>pec-</strong></span> <span class='ocrx_word' id='word_1_249' title='bbox 2181 1965 2288 2011; x_wconf 71' lang='lat'><strong>“1&quot;-</strong></span> 
     </span>
    </p>
   </div>
   <div class='ocr_carea' id='block_1_23' title="bbox 487 2047 2074 2137">
    <p class='ocr_par' dir='ltr' id='par_1_23' title="bbox 487 2064 2074 2137">
     <span class='ocr_line' id='line_1_24' title="bbox 487 2064 2074 2137; baseline -0.002 -16"><span class='ocrx_word' id='word_1_250' title='bbox 487 2076 702 2132; x_wconf 88' lang='lat' dir='ltr'><strong>catum,</strong></span> <span class='ocrx_word' id='word_1_251' title='bbox 749 2082 855 2122; x_wconf 89' lang='lat' dir='ltr'><strong>non</strong></span> <span class='ocrx_word' id='word_1_252' title='bbox 906 2076 1083 2121; x_wconf 89' lang='lat' dir='ltr'><strong>tamen</strong></span> <span class='ocrx_word' id='word_1_253' title='bbox 1114 2082 1286 2137; x_wconf 88' lang='lat' dir='ltr'><strong>usque</strong></span> <span class='ocrx_word' id='word_1_254' title='bbox 1315 2068 1380 2121; x_wconf 92' lang='lat' dir='ltr'><strong>ad</strong></span> <span class='ocrx_word' id='word_1_255' title='bbox 1411 2065 1811 2136; x_wconf 89' lang='lat' dir='ltr'><strong>separationem</strong></span> <span class='ocrx_word' id='word_1_256' title='bbox 1841 2064 2074 2135; x_wconf 82' lang='lat' dir='ltr'><strong>coniugii</strong></span> 
     </span>
    </p>
   </div>
   <div class='ocr_carea' id='block_1_24' title="bbox 2185 2047 3812 2137">
    <p class='ocr_par' dir='ltr' id='par_1_24' title="bbox 2252 2047 3812 2123">
     <span class='ocr_line' id='line_1_25' title="bbox 2252 2047 3812 2123; baseline 0.003 -21"><span class='ocrx_word' id='word_1_257' title='bbox 2252 2047 2316 2102; x_wconf 84' lang='lat' dir='ltr'><strong>ll.</strong></span> <span class='ocrx_word' id='word_1_258' title='bbox 2337 2049 2450 2120; x_wconf 81' lang='grc'><strong>(15,</strong></span> <span class='ocrx_word' id='word_1_259' title='bbox 2480 2063 2534 2118; x_wconf 88' lang='lat' dir='ltr'><strong>q.</strong></span> <span class='ocrx_word' id='word_1_260' title='bbox 2569 2050 2634 2116; x_wconf 84' lang='lat'><strong>6,</strong></span> <span class='ocrx_word' id='word_1_261' title='bbox 2664 2065 2714 2106; x_wconf 93' lang='lat' dir='ltr'><strong>c.</strong></span> <span class='ocrx_word' id='word_1_262' title='bbox 2744 2050 2808 2117; x_wconf 74' lang='grc'><strong>2,</strong></span> <span class='ocrx_word' id='word_1_263' title='bbox 2837 2050 3020 2122; x_wconf 83' lang='lat' dir='ltr'><strong>§Quin</strong></span> <span class='ocrx_word' id='word_1_264' title='bbox 3041 2049 3511 2123; x_wconf 74' lang='lat' dir='ltr'><strong>eliam.Episcopis</strong></span> <span class='ocrx_word' id='word_1_265' title='bbox 3542 2050 3812 2120; x_wconf 65' lang='lat' dir='ltr'><strong>Gallic.)</strong></span> 
     </span>
    </p>
   </div>
   <div class='ocr_carea' id='block_1_25' title="bbox 483 2138 2074 2234">
    <p class='ocr_par' dir='ltr' id='par_1_25' title="bbox 483 2155 2074 2234">
     <span class='ocr_line' id='line_1_26' title="bbox 483 2155 2074 2234; baseline -0.002 -23"><span class='ocrx_word' id='word_1_266' title='bbox 483 2156 819 2234; x_wconf 69' lang='lat' dir='ltr'><strong>puniendum</strong></span> <span class='ocrx_word' id='word_1_267' title='bbox 844 2164 944 2212; x_wconf 89' lang='lat' dir='ltr'><strong>est.</strong></span> <span class='ocrx_word' id='word_1_268' title='bbox 981 2156 1220 2228; x_wconf 86' lang='lat' dir='ltr'><strong>Lugeant</strong></span> <span class='ocrx_word' id='word_1_269' title='bbox 1246 2165 1454 2221; x_wconf 87' lang='lat' dir='ltr'><strong>tamen,</strong></span> <span class='ocrx_word' id='word_1_270' title='bbox 1485 2165 1540 2209; x_wconf 82' lang='lat' dir='ltr'><strong>et</strong></span> <span class='ocrx_word' id='word_1_271' title='bbox 1568 2155 1726 2226; x_wconf 86' lang='lat' dir='ltr'><strong>digna</strong></span> <span class='ocrx_word' id='word_1_272' title='bbox 1757 2156 2074 2225; x_wconf 67' lang='lat' dir='ltr'><strong>poenitentia</strong></span> 
     </span>
    </p>
   </div>
   <div class='ocr_carea' id='block_1_26' title="bbox 2185 2138 3812 2234">
    <p class='ocr_par' dir='ltr' id='par_1_26' title="bbox 2185 2138 3812 2214">
     <span class='ocr_line' id='line_1_27' title="bbox 2185 2138 3812 2214; baseline 0.003 -22"><span class='ocrx_word' id='word_1_273' title='bbox 2185 2138 2319 2206; x_wconf 82' lang='lat' dir='ltr'><strong>Quin</strong></span> <span class='ocrx_word' id='word_1_274' title='bbox 2345 2140 2508 2195; x_wconf 90' lang='lat' dir='ltr'><strong>etiam</strong></span> <span class='ocrx_word' id='word_1_275' title='bbox 2547 2141 2774 2210; x_wconf 65' lang='lat' dir='ltr'><strong>prwfato</strong></span> <span class='ocrx_word' id='word_1_276' title='bbox 2799 2140 2953 2196; x_wconf 84' lang='lat' dir='ltr'><strong>fratri</strong></span> <span class='ocrx_word' id='word_1_277' title='bbox 2986 2154 3190 2208; x_wconf 87' lang='lat' dir='ltr'><strong>nostro,</strong></span> <span class='ocrx_word' id='word_1_278' title='bbox 3224 2141 3457 2214; x_wconf 89' lang='lat' dir='ltr'><strong>ﬁliisque</strong></span> <span class='ocrx_word' id='word_1_279' title='bbox 3486 2143 3812 2199; x_wconf 69' lang='lat' dir='ltr'><strong>Trevir-en-</strong></span> 
     </span>
    </p>
   </div>
   <div class='ocr_carea' id='block_1_27' title="bbox 486 2241 3810 2315">
    <p class='ocr_par' dir='ltr' id='par_1_27' title="bbox 486 2241 3810 2315">
     <span class='ocr_line' id='line_1_28' title="bbox 486 2241 3810 2315; baseline -0.002 -11"><span class='ocrx_word' id='word_1_280' title='bbox 486 2250 592 2305; x_wconf 89' lang='lat' dir='ltr'><strong>hoc</strong></span> <span class='ocrx_word' id='word_1_281' title='bbox 615 2248 882 2304; x_wconf 88' lang='lat' dir='ltr'><strong>diluentes</strong></span> <span class='ocrx_word' id='word_1_282' title='bbox 901 2248 1130 2304; x_wconf 88' lang='lat' dir='ltr'><strong>Domino</strong></span> <span class='ocrx_word' id='word_1_283' title='bbox 1148 2247 1330 2303; x_wconf 85' lang='lat' dir='ltr'><strong>dicant</strong></span> <span class='ocrx_word' id='word_1_284' title='bbox 1354 2265 1366 2300; x_wconf 88' lang='lat'><strong>:</strong></span> <span class='ocrx_word' id='word_1_285' title='bbox 1393 2245 1594 2300; x_wconf 78' lang='lat' dir='ltr'><strong>Delicta</strong></span> <span class='ocrx_word' id='word_1_286' title='bbox 1615 2247 1928 2315; x_wconf 59' lang='lat' dir='ltr'><strong>ignorantia</strong></span> <span class='ocrx_word' id='word_1_287' title='bbox 1948 2263 2076 2300; x_wconf 77' lang='lat' dir='ltr'><strong>mea:</strong></span> <span class='ocrx_word' id='word_1_288' title='bbox 2178 2241 2253 2295; x_wconf 88' lang='lat' dir='ltr'><strong>sis</strong></span> <span class='ocrx_word' id='word_1_289' title='bbox 2280 2241 2556 2308; x_wconf 80' lang='lat' dir='ltr'><strong>Ecclesiae,</strong></span> <span class='ocrx_word' id='word_1_290' title='bbox 2587 2243 2833 2313; x_wconf 89' lang='lat' dir='ltr'><strong>illiusque</strong></span> <span class='ocrx_word' id='word_1_291' title='bbox 2855 2242 3252 2309; x_wconf 84' lang='lat' dir='ltr'><strong>defensoribus,</strong></span> <span class='ocrx_word' id='word_1_292' title='bbox 3281 2245 3396 2300; x_wconf 69' lang='lat' dir='ltr'><strong>haec</strong></span> <span class='ocrx_word' id='word_1_293' title='bbox 3421 2244 3477 2298; x_wconf 90' lang='lat' dir='ltr'><strong>in</strong></span> <span class='ocrx_word' id='word_1_294' title='bbox 3504 2243 3810 2299; x_wconf 81' lang='lat' dir='ltr'><strong>mandatis</strong></span> 
     </span>
    </p>
   </div>
   <div class='ocr_carea' id='block_1_28' title="bbox 486 2335 3804 2413">
    <p class='ocr_par' dir='ltr' id='par_1_28' title="bbox 486 2335 3804 2413">
     <span class='ocr_line' id='line_1_29' title="bbox 486 2335 3804 2413; baseline -0.002 -17"><span class='ocrx_word' id='word_1_295' title='bbox 486 2359 551 2396; x_wconf 70' lang='lat' dir='ltr'><strong>na</strong></span> <span class='ocrx_word' id='word_1_296' title='bbox 575 2342 872 2397; x_wconf 76' lang='lat' dir='ltr'><strong>memineris</strong></span> <span class='ocrx_word' id='word_1_297' title='bbox 902 2339 1075 2413; x_wconf 83' lang='lat' dir='ltr'><strong>(Psal.</strong></span> <span class='ocrx_word' id='word_1_298' title='bbox 1100 2339 1308 2410; x_wconf 73' lang='lat' dir='ltr'><strong>xxxnv).</strong></span> <span class='ocrx_word' id='word_1_299' title='bbox 2052 2397 2058 2401; x_wconf 95' lang='lat'><strong>_</strong></span> <span class='ocrx_word' id='word_1_300' title='bbox 2179 2336 2369 2390; x_wconf 87' lang='lat' dir='ltr'><strong>damus</strong></span> <span class='ocrx_word' id='word_1_301' title='bbox 2399 2344 2460 2390; x_wconf 91' lang='lat' dir='ltr'><strong>ut</strong></span> <span class='ocrx_word' id='word_1_302' title='bbox 2490 2335 2756 2406; x_wconf 89' lang='lat' dir='ltr'><strong>spirituali</strong></span> <span class='ocrx_word' id='word_1_303' title='bbox 2787 2336 2944 2390; x_wconf 89' lang='lat' dir='ltr'><strong>simul</strong></span> <span class='ocrx_word' id='word_1_304' title='bbox 2987 2344 3042 2390; x_wconf 93' lang='lat' dir='ltr'><strong>et</strong></span> <span class='ocrx_word' id='word_1_305' title='bbox 3079 2335 3344 2392; x_wconf 89' lang='lat' dir='ltr'><strong>materiali</strong></span> <span class='ocrx_word' id='word_1_306' title='bbox 3374 2335 3557 2406; x_wconf 87' lang='lat' dir='ltr'><strong>gladio</strong></span> <span class='ocrx_word' id='word_1_307' title='bbox 3599 2336 3804 2390; x_wconf 84' lang='lat' dir='ltr'><strong>tandiu</strong></span> 
     </span>
    </p>
   </div>
   <div class='ocr_carea' id='block_1_29' title="bbox 556 2427 3802 2504">
    <p class='ocr_par' dir='ltr' id='par_1_29' title="bbox 556 2427 3802 2504">
     <span class='ocr_line' id='line_1_30' title="bbox 556 2427 3802 2504; baseline -0.002 -18"><span class='ocrx_word' id='word_1_308' title='bbox 556 2432 642 2487; x_wconf 88' lang='lat' dir='ltr'><strong>lll.</strong></span> <span class='ocrx_word' id='word_1_309' title='bbox 667 2431 778 2504; x_wconf 79' lang='lat'><strong>(50,</strong></span> <span class='ocrx_word' id='word_1_310' title='bbox 803 2448 858 2502; x_wconf 70' lang='grc' dir='ltr'><strong>ᾳ.</strong></span> <span class='ocrx_word' id='word_1_311' title='bbox 885 2431 937 2487; x_wconf 81' lang='lat'><strong>5.</strong></span> <span class='ocrx_word' id='word_1_312' title='bbox 962 2431 1044 2485; x_wconf 83' lang='lat' dir='ltr'><strong>Ad</strong></span> <span class='ocrx_word' id='word_1_313' title='bbox 1071 2430 1308 2486; x_wconf 81' lang='lat' dir='ltr'><strong>consulta</strong></span> <span class='ocrx_word' id='word_1_314' title='bbox 1328 2430 1727 2504; x_wconf 85' lang='lat' dir='ltr'><strong>Bulgarorum.)</strong></span> <span class='ocrx_word' id='word_1_315' title='bbox 1755 2431 1832 2486; x_wconf 91' lang='lat' dir='ltr'><strong>Ita</strong></span> <span class='ocrx_word' id='word_1_316' title='bbox 1855 2431 2075 2502; x_wconf 77' lang='lat' dir='ltr'><strong>diligere</strong></span> <span class='ocrx_word' id='word_1_317' title='bbox 2178 2427 2446 2498; x_wconf 81' lang='lat' dir='ltr'><strong>malignos</strong></span> <span class='ocrx_word' id='word_1_318' title='bbox 2487 2428 2607 2484; x_wconf 89' lang='lat' dir='ltr'><strong>illos</strong></span> <span class='ocrx_word' id='word_1_319' title='bbox 2635 2444 2932 2499; x_wconf 91' lang='lat' dir='ltr'><strong>eorumque</strong></span> <span class='ocrx_word' id='word_1_320' title='bbox 2963 2428 3202 2484; x_wconf 84' lang='lat' dir='ltr'><strong>fautores</strong></span> <span class='ocrx_word' id='word_1_321' title='bbox 3231 2429 3617 2498; x_wconf 83' lang='lat' dir='ltr'><strong>insequantur,</strong></span> <span class='ocrx_word' id='word_1_322' title='bbox 3655 2442 3802 2497; x_wconf 81' lang='lat' dir='ltr'><strong>quo—</strong></span> 
     </span>
    </p>
   </div>
   <div class='ocr_carea' id='block_1_30' title="bbox 484 2521 3798 2596">
    <p class='ocr_par' dir='ltr' id='par_1_30' title="bbox 484 2521 3798 2596">
     <span class='ocr_line' id='line_1_31' title="bbox 484 2521 3798 2596; baseline -0.003 -15"><span class='ocrx_word' id='word_1_323' title='bbox 484 2525 645 2582; x_wconf 82' lang='lat' dir='ltr'><strong>debet</strong></span> <span class='ocrx_word' id='word_1_324' title='bbox 669 2524 831 2582; x_wconf 87' lang='lat' dir='ltr'><strong>homo</strong></span> <span class='ocrx_word' id='word_1_325' title='bbox 860 2540 985 2581; x_wconf 88' lang='lat' dir='ltr'><strong>eum</strong></span> <span class='ocrx_word' id='word_1_326' title='bbox 1023 2525 1115 2595; x_wconf 86' lang='lat' dir='ltr'><strong>qui</strong></span> <span class='ocrx_word' id='word_1_327' title='bbox 1142 2525 1379 2596; x_wconf 86' lang='lat' dir='ltr'><strong>suscepit</strong></span> <span class='ocrx_word' id='word_1_328' title='bbox 1408 2526 1582 2596; x_wconf 89' lang='lat' dir='ltr'><strong>ipsum</strong></span> <span class='ocrx_word' id='word_1_329' title='bbox 1607 2527 1673 2582; x_wconf 88' lang='lat' dir='ltr'><strong>de</strong></span> <span class='ocrx_word' id='word_1_330' title='bbox 1707 2541 1864 2581; x_wconf 89' lang='lat' dir='ltr'><strong>sacro</strong></span> <span class='ocrx_word' id='word_1_331' title='bbox 1901 2525 2072 2592; x_wconf 76' lang='lat' dir='ltr'><strong>fonte,</strong></span> <span class='ocrx_word' id='word_1_332' title='bbox 2178 2535 2349 2590; x_wconf 90' lang='lat' dir='ltr'><strong>usque</strong></span> <span class='ocrx_word' id='word_1_333' title='bbox 2377 2537 2500 2576; x_wconf 93' lang='lat' dir='ltr'><strong>cum</strong></span> <span class='ocrx_word' id='word_1_334' title='bbox 2545 2522 2854 2593; x_wconf 83' lang='lat' dir='ltr'><strong>integritate</strong></span> <span class='ocrx_word' id='word_1_335' title='bbox 2898 2523 3267 2592; x_wconf 84' lang='lat' dir='ltr'><strong>possessiones</strong></span> <span class='ocrx_word' id='word_1_336' title='bbox 3304 2521 3388 2576; x_wconf 92' lang='lat' dir='ltr'><strong>vel</strong></span> <span class='ocrx_word' id='word_1_337' title='bbox 3431 2534 3798 2592; x_wconf 79' lang='lat' dir='ltr'><strong>quaecunque</strong></span> 
     </span>
    </p>
   </div>
   <div class='ocr_carea' id='block_1_31' title="bbox 483 2613 3792 2690">
    <p class='ocr_par' dir='ltr' id='par_1_31' title="bbox 483 2613 3792 2690">
     <span class='ocr_line' id='line_1_32' title="bbox 483 2613 3792 2690; baseline -0.003 -16"><span class='ocrx_word' id='word_1_338' title='bbox 483 2620 626 2674; x_wconf 87' lang='lat' dir='ltr'><strong>sicut</strong></span> <span class='ocrx_word' id='word_1_339' title='bbox 659 2627 889 2690; x_wconf 85' lang='lat' dir='ltr'><strong>patrem.</strong></span> <span class='ocrx_word' id='word_1_340' title='bbox 923 2618 1058 2673; x_wconf 87' lang='lat' dir='ltr'><strong>Item</strong></span> <span class='ocrx_word' id='word_1_341' title='bbox 1085 2635 1098 2671; x_wconf 92' lang='lat'>:</span> <span class='ocrx_word' id='word_1_342' title='bbox 1131 2617 1225 2673; x_wconf 89' lang='lat' dir='ltr'><strong>Est</strong></span> <span class='ocrx_word' id='word_1_343' title='bbox 1265 2618 1408 2672; x_wconf 90' lang='lat' dir='ltr'><strong>inter</strong></span> <span class='ocrx_word' id='word_1_344' title='bbox 1435 2617 1633 2674; x_wconf 79' lang='lat' dir='ltr'><strong>fratres</strong></span> <span class='ocrx_word' id='word_1_345' title='bbox 1663 2627 1717 2674; x_wconf 85' lang='lat' dir='ltr'><strong>et</strong></span> <span class='ocrx_word' id='word_1_346' title='bbox 1752 2619 1891 2674; x_wconf 80' lang='lat' dir='ltr'><strong>filios</strong></span> <span class='ocrx_word' id='word_1_347' title='bbox 1917 2619 2076 2687; x_wconf 61' lang='lat' dir='ltr'><strong>spirio</strong></span> <span class='ocrx_word' id='word_1_348' title='bbox 2179 2629 2267 2669; x_wconf 87' lang='lat' dir='ltr'><strong>res</strong></span> <span class='ocrx_word' id='word_1_349' title='bbox 2297 2613 2679 2670; x_wconf 84' lang='lat' dir='ltr'><strong>ecclesiasticae</strong></span> <span class='ocrx_word' id='word_1_350' title='bbox 2707 2615 2812 2670; x_wconf 89' lang='lat' dir='ltr'><strong>hoc</strong></span> <span class='ocrx_word' id='word_1_351' title='bbox 2836 2615 2976 2670; x_wconf 89' lang='lat' dir='ltr'><strong>facto</strong></span> <span class='ocrx_word' id='word_1_352' title='bbox 3004 2614 3086 2667; x_wconf 88' lang='lat' dir='ltr'><strong>vel</strong></span> <span class='ocrx_word' id='word_1_353' title='bbox 3114 2628 3435 2684; x_wconf 85' lang='lat' dir='ltr'><strong>quocunque</strong></span> <span class='ocrx_word' id='word_1_354' title='bbox 3457 2621 3628 2681; x_wconf 85' lang='lat' dir='ltr'><strong>pacto</strong></span> <span class='ocrx_word' id='word_1_355' title='bbox 3671 2613 3792 2666; x_wconf 85' lang='lat' dir='ltr'><strong>dis-</strong></span> 
     </span>
    </p>
   </div>
   <div class='ocr_carea' id='block_1_32' title="bbox 483 2703 3284 2780">
    <p class='ocr_par' dir='ltr' id='par_1_32' title="bbox 483 2703 3284 2780">
     <span class='ocr_line' id='line_1_33' title="bbox 483 2703 3284 2780; baseline -0.002 -18"><span class='ocrx_word' id='word_1_356' title='bbox 483 2709 662 2765; x_wconf 90' lang='lat' dir='ltr'><strong>tuales</strong></span> <span class='ocrx_word' id='word_1_357' title='bbox 695 2709 930 2780; x_wconf 86' lang='lat' dir='ltr'><strong>gratuita</strong></span> <span class='ocrx_word' id='word_1_358' title='bbox 968 2717 1022 2764; x_wconf 90' lang='lat' dir='ltr'><strong>et</strong></span> <span class='ocrx_word' id='word_1_359' title='bbox 1070 2716 1255 2763; x_wconf 83' lang='lat' dir='ltr'><strong>sancta</strong></span> <span class='ocrx_word' id='word_1_360' title='bbox 1294 2708 1635 2774; x_wconf 58' lang='lat' dir='ltr'><strong>communio,</strong></span> <span class='ocrx_word' id='word_1_361' title='bbox 1678 2724 1799 2778; x_wconf 67' lang='lat' dir='ltr'><strong>qua:</strong></span> <span class='ocrx_word' id='word_1_362' title='bbox 1847 2707 2073 2762; x_wconf 89' lang='lat' dir='ltr'><strong>dicenda</strong></span> <span class='ocrx_word' id='word_1_363' title='bbox 2177 2711 2365 2758; x_wconf 73' lang='lat' dir='ltr'><strong>tracue</strong></span> <span class='ocrx_word' id='word_1_364' title='bbox 2393 2718 2488 2758; x_wconf 90' lang='lat' dir='ltr'><strong>seu</strong></span> <span class='ocrx_word' id='word_1_365' title='bbox 2519 2703 2742 2774; x_wconf 60' lang='lat' dir='ltr'><strong>direptae</strong></span> <span class='ocrx_word' id='word_1_366' title='bbox 2768 2713 2913 2768; x_wconf 87' lang='lat' dir='ltr'><strong>sunt,</strong></span> <span class='ocrx_word' id='word_1_367' title='bbox 2945 2712 3284 2759; x_wconf 78' lang='lat' dir='ltr'><strong>revocentur.</strong></span> 
     </span>
    </p>
   </div>
   <div class='ocr_carea' id='block_1_33' title="bbox 482 2789 3790 2873">
    <p class='ocr_par' dir='ltr' id='par_1_33' title="bbox 482 2789 3790 2873">
     <span class='ocr_line' id='line_1_34' title="bbox 482 2789 3790 2873; baseline -0.005 -13"><span class='ocrx_word' id='word_1_368' title='bbox 482 2817 594 2858; x_wconf 89' lang='lat' dir='ltr'><strong>non</strong></span> <span class='ocrx_word' id='word_1_369' title='bbox 624 2810 708 2858; x_wconf 87' lang='lat' dir='ltr'><strong>est</strong></span> <span class='ocrx_word' id='word_1_370' title='bbox 737 2801 1198 2873; x_wconf 84' lang='lat' dir='ltr'><strong>consanguinitas,</strong></span> <span class='ocrx_word' id='word_1_371' title='bbox 1229 2801 1323 2856; x_wconf 90' lang='lat' dir='ltr'><strong>sed</strong></span> <span class='ocrx_word' id='word_1_372' title='bbox 1353 2800 1597 2857; x_wconf 90' lang='lat' dir='ltr'><strong>habenda</strong></span> <span class='ocrx_word' id='word_1_373' title='bbox 1625 2799 1922 2870; x_wconf 81' lang='lat' dir='ltr'><strong>spiritualis</strong></span> <span class='ocrx_word' id='word_1_374' title='bbox 1950 2815 2074 2868; x_wconf 85' lang='lat' dir='ltr'><strong>pro-</strong></span> <span class='ocrx_word' id='word_1_375' title='bbox 2250 2792 2332 2847; x_wconf 84' lang='lat' dir='ltr'><strong>Ill.</strong></span> <span class='ocrx_word' id='word_1_376' title='bbox 2361 2791 2472 2862; x_wconf 74' lang='grc'><strong>(23,</strong></span> <span class='ocrx_word' id='word_1_377' title='bbox 2495 2802 2683 2863; x_wconf 71' lang='grc' dir='ltr'><strong>(ιυωδι.</strong></span> <span class='ocrx_word' id='word_1_378' title='bbox 2714 2793 2769 2859; x_wconf 82' lang='grc'><strong>5,</strong></span> <span class='ocrx_word' id='word_1_379' title='bbox 2798 2792 3064 2847; x_wconf 82' lang='lat' dir='ltr'><strong>Omnium.</strong></span> <span class='ocrx_word' id='word_1_380' title='bbox 3086 2792 3358 2846; x_wconf 71' lang='lat' dir='ltr'><strong>Exercitui</strong></span> <span class='ocrx_word' id='word_1_381' title='bbox 3390 2789 3790 2860; x_wconf 83' lang='lat' dir='ltr'><strong>Francorum.)</strong></span> 
     </span>
    </p>
   </div>
   <div class='ocr_carea' id='block_1_34' title="bbox 483 2884 3786 2962">
    <p class='ocr_par' dir='ltr' id='par_1_34' title="bbox 483 2884 3786 2962">
     <span class='ocr_line' id='line_1_35' title="bbox 483 2884 3786 2962; baseline -0.002 -16"><span class='ocrx_word' id='word_1_382' title='bbox 483 2891 724 2947; x_wconf 85' lang='lat' dir='ltr'><strong>ximitas.</strong></span> <span class='ocrx_word' id='word_1_383' title='bbox 747 2889 902 2948; x_wconf 90' lang='lat' dir='ltr'><strong>Unde</strong></span> <span class='ocrx_word' id='word_1_384' title='bbox 926 2893 1070 2948; x_wconf 89' lang='lat' dir='ltr'><strong>inter</strong></span> <span class='ocrx_word' id='word_1_385' title='bbox 1087 2907 1182 2948; x_wconf 85' lang='lat' dir='ltr'><strong>eos</strong></span> <span class='ocrx_word' id='word_1_386' title='bbox 1208 2892 1446 2948; x_wconf 88' lang='lat' dir='ltr'><strong>arbitror</strong></span> <span class='ocrx_word' id='word_1_387' title='bbox 1464 2906 1571 2947; x_wconf 89' lang='lat' dir='ltr'><strong>non</strong></span> <span class='ocrx_word' id='word_1_388' title='bbox 1587 2906 1745 2962; x_wconf 88' lang='lat' dir='ltr'><strong>posse</strong></span> <span class='ocrx_word' id='word_1_389' title='bbox 1772 2891 1887 2945; x_wconf 90' lang='lat' dir='ltr'><strong>ﬁeri</strong></span> <span class='ocrx_word' id='word_1_390' title='bbox 1906 2890 2074 2960; x_wconf 82' lang='lat' dir='ltr'><strong>quod-</strong></span> <span class='ocrx_word' id='word_1_391' title='bbox 2181 2884 2432 2941; x_wconf 85' lang='lat' dir='ltr'><strong>Omnium</strong></span> <span class='ocrx_word' id='word_1_392' title='bbox 2478 2895 2716 2939; x_wconf 87' lang='lat' dir='ltr'><strong>vestrum</strong></span> <span class='ocrx_word' id='word_1_393' title='bbox 2760 2900 2917 2940; x_wconf 89' lang='lat' dir='ltr'><strong>nosse</strong></span> <span class='ocrx_word' id='word_1_394' title='bbox 2946 2885 3193 2941; x_wconf 87' lang='lat' dir='ltr'><strong>volumus</strong></span> <span class='ocrx_word' id='word_1_395' title='bbox 3236 2884 3556 2940; x_wconf 88' lang='lat' dir='ltr'><strong>charitatem</strong></span> <span class='ocrx_word' id='word_1_396' title='bbox 3578 2924 3593 2947; x_wconf 91' lang='lat'><strong>,</strong></span> <span class='ocrx_word' id='word_1_397' title='bbox 3637 2898 3786 2954; x_wconf 83' lang='lat' dir='ltr'><strong>quo-</strong></span> 
     </span>
    </p>
   </div>
   <div class='ocr_carea' id='block_1_35' title="bbox 481 2968 3783 3055">
    <p class='ocr_par' dir='ltr' id='par_1_35' title="bbox 481 2968 3783 3055">
     <span class='ocr_line' id='line_1_36' title="bbox 481 2968 3783 3055; baseline -0.002 -21"><span class='ocrx_word' id='word_1_398' title='bbox 481 2980 612 3037; x_wconf 86' lang='lat' dir='ltr'><strong>libet</strong></span> <span class='ocrx_word' id='word_1_399' title='bbox 639 2981 811 3051; x_wconf 81' lang='lat' dir='ltr'><strong>legale</strong></span> <span class='ocrx_word' id='word_1_400' title='bbox 837 2968 1165 3055; x_wconf 79' lang='lat' dir='ltr'><strong>coniugium.</strong></span> <span class='ocrx_word' id='word_1_401' title='bbox 1193 2981 1638 3053; x_wconf 82' lang='lat' dir='ltr'><strong>Quandoquidem</strong></span> <span class='ocrx_word' id='word_1_402' title='bbox 1680 2997 1780 3036; x_wconf 83' lang='lat' dir='ltr'><strong>nec</strong></span> <span class='ocrx_word' id='word_1_403' title='bbox 1815 2982 1954 3036; x_wconf 75' lang='lat' dir='ltr'><strong>inter</strong></span> <span class='ocrx_word' id='word_1_404' title='bbox 1980 2995 2073 3036; x_wconf 86' lang='lat' dir='ltr'><strong>eos</strong></span> <span class='ocrx_word' id='word_1_405' title='bbox 2181 2975 2324 3028; x_wconf 89' lang='lat' dir='ltr'><strong>niam</strong></span> <span class='ocrx_word' id='word_1_406' title='bbox 2364 2973 2634 3043; x_wconf 90' lang='lat' dir='ltr'><strong>quisquis,</strong></span> <span class='ocrx_word' id='word_1_407' title='bbox 2667 2975 2808 3045; x_wconf 88' lang='lat' dir='ltr'><strong>quod</strong></span> <span class='ocrx_word' id='word_1_408' title='bbox 2852 2990 2956 3030; x_wconf 92' lang='lat' dir='ltr'><strong>nou</strong></span> <span class='ocrx_word' id='word_1_409' title='bbox 2994 2983 3244 3044; x_wconf 89' lang='lat' dir='ltr'><strong>optantes</strong></span> <span class='ocrx_word' id='word_1_410' title='bbox 3272 2975 3534 3038; x_wconf 88' lang='lat' dir='ltr'><strong>dicimus,</strong></span> <span class='ocrx_word' id='word_1_411' title='bbox 3579 2974 3640 3026; x_wconf 91' lang='lat' dir='ltr'><strong>in</strong></span> <span class='ocrx_word' id='word_1_412' title='bbox 3675 2973 3783 3027; x_wconf 83' lang='lat' dir='ltr'><strong>hoc</strong></span> 
     </span>
    </p>
   </div>
   <div class='ocr_carea' id='block_1_36' title="bbox 482 3064 3780 3145">
    <p class='ocr_par' dir='ltr' id='par_1_36' title="bbox 482 3064 3780 3145">
     <span class='ocr_line' id='line_1_37' title="bbox 482 3064 3780 3145; baseline 0 -25"><span class='ocrx_word' id='word_1_413' title='bbox 482 3073 576 3143; x_wconf 84' lang='lat' dir='ltr'><strong>qui</strong></span> <span class='ocrx_word' id='word_1_414' title='bbox 606 3081 802 3129; x_wconf 74' lang='lat' dir='ltr'><strong>natura</strong></span> <span class='ocrx_word' id='word_1_415' title='bbox 829 3082 884 3130; x_wconf 79' lang='lat' dir='ltr'><strong>et</strong></span> <span class='ocrx_word' id='word_1_416' title='bbox 909 3089 1004 3130; x_wconf 82' lang='lat' dir='ltr'><strong>eos</strong></span> <span class='ocrx_word' id='word_1_417' title='bbox 1032 3074 1124 3144; x_wconf 83' lang='lat' dir='ltr'><strong>qui</strong></span> <span class='ocrx_word' id='word_1_418' title='bbox 1153 3075 1439 3145; x_wconf 71' lang='lat' dir='ltr'><strong>adoptione</strong></span> <span class='ocrx_word' id='word_1_419' title='bbox 1471 3073 1566 3130; x_wconf 83' lang='lat' dir='ltr'><strong>ﬁlii</strong></span> <span class='ocrx_word' id='word_1_420' title='bbox 1594 3083 1722 3131; x_wconf 70' lang='lat' dir='ltr'><strong>sunt</strong></span> <span class='ocrx_word' id='word_1_421' title='bbox 1749 3074 2072 3131; x_wconf 68' lang='lat' dir='ltr'><strong>veneranda)</strong></span> <span class='ocrx_word' id='word_1_422' title='bbox 2178 3065 2304 3120; x_wconf 83' lang='lat' dir='ltr'><strong>belli</strong></span> <span class='ocrx_word' id='word_1_423' title='bbox 2340 3067 2635 3120; x_wconf 86' lang='lat' dir='ltr'><strong>certamine</strong></span> <span class='ocrx_word' id='word_1_424' title='bbox 2673 3065 2903 3120; x_wconf 80' lang='lat' dir='ltr'><strong>ﬁdeliter</strong></span> <span class='ocrx_word' id='word_1_425' title='bbox 2942 3075 3188 3122; x_wconf 86' lang='lat' dir='ltr'><strong>mortuus</strong></span> <span class='ocrx_word' id='word_1_426' title='bbox 3236 3065 3436 3130; x_wconf 88' lang='lat' dir='ltr'><strong>fuerit,</strong></span> <span class='ocrx_word' id='word_1_427' title='bbox 3483 3079 3655 3136; x_wconf 80' lang='lat' dir='ltr'><strong>regna</strong></span> <span class='ocrx_word' id='word_1_428' title='bbox 3701 3064 3780 3120; x_wconf 80' lang='grc' dir='ltr'><strong>ίΠῘ</strong></span> 
     </span>
    </p>
   </div>
   <div class='ocr_carea' id='block_1_37' title="bbox 481 3155 3060 3236">
    <p class='ocr_par' dir='ltr' id='par_1_37' title="bbox 481 3155 3060 3236">
     <span class='ocr_line' id='line_1_38' title="bbox 481 3155 3060 3236; baseline -0.001 -19"><span class='ocrx_word' id='word_1_429' title='bbox 481 3163 740 3219; x_wconf 69' lang='lat' dir='ltr'><strong>Romana:</strong></span> <span class='ocrx_word' id='word_1_430' title='bbox 757 3162 904 3235; x_wconf 83' lang='lat' dir='ltr'><strong>leges</strong></span> <span class='ocrx_word' id='word_1_431' title='bbox 923 3163 1266 3219; x_wconf 88' lang='lat' dir='ltr'><strong>matrimonia</strong></span> <span class='ocrx_word' id='word_1_432' title='bbox 1287 3165 2068 3236; x_wconf 89' lang='lat' dir='ltr'><strong>contrahipermittunt.ltem:</strong></span> <span class='ocrx_word' id='word_1_433' title='bbox 2179 3155 2421 3211; x_wconf 73' lang='lat' dir='ltr'><strong>coclesﬁa</strong></span> <span class='ocrx_word' id='word_1_434' title='bbox 2451 3157 2672 3211; x_wconf 87' lang='lat' dir='ltr'><strong>minime</strong></span> <span class='ocrx_word' id='word_1_435' title='bbox 2703 3158 3060 3228; x_wconf 82' lang='lat' dir='ltr'><strong>negabuntur.</strong></span> 
     </span>
    </p>
   </div>
   <div class='ocr_carea' id='block_1_38' title="bbox 482 3243 3777 3325">
    <p class='ocr_par' dir='ltr' id='par_1_38' title="bbox 482 3243 3777 3325">
     <span class='ocr_line' id='line_1_39' title="bbox 482 3243 3777 3325; baseline 0 -19"><span class='ocrx_word' id='word_1_436' title='bbox 482 3250 542 3306; x_wconf 92' lang='lat' dir='ltr'><strong>Si</strong></span> <span class='ocrx_word' id='word_1_437' title='bbox 584 3251 728 3308; x_wconf 91' lang='lat' dir='ltr'><strong>inter</strong></span> <span class='ocrx_word' id='word_1_438' title='bbox 767 3267 862 3306; x_wconf 83' lang='lat' dir='ltr'><strong>eos</strong></span> <span class='ocrx_word' id='word_1_439' title='bbox 905 3269 1011 3307; x_wconf 91' lang='lat' dir='ltr'><strong>non</strong></span> <span class='ocrx_word' id='word_1_440' title='bbox 1052 3253 1392 3308; x_wconf 89' lang='lat' dir='ltr'><strong>contrahitur</strong></span> <span class='ocrx_word' id='word_1_441' title='bbox 1442 3255 1841 3309; x_wconf 88' lang='lat' dir='ltr'><strong>matrimonium</strong></span> <span class='ocrx_word' id='word_1_442' title='bbox 1869 3295 1882 3320; x_wconf 92' lang='lat'><strong>,</strong></span> <span class='ocrx_word' id='word_1_443' title='bbox 1934 3270 2071 3325; x_wconf 90' lang='lat' dir='ltr'><strong>quos</strong></span> <span class='ocrx_word' id='word_1_444' title='bbox 2098 3243 2144 3304; x_wconf 90' lang='lat' dir='ltr'>C</span> <span class='ocrx_word' id='word_1_445' title='bbox 2246 3247 2334 3302; x_wconf 88' lang='lat' dir='ltr'><strong>lV.</strong></span> <span class='ocrx_word' id='word_1_446' title='bbox 2378 3249 2487 3319; x_wconf 70' lang='lat'><strong>(23,</strong></span> <span class='ocrx_word' id='word_1_447' title='bbox 2517 3258 2707 3318; x_wconf 64' lang='lat' dir='ltr'><strong>quaest.</strong></span> <span class='ocrx_word' id='word_1_448' title='bbox 2733 3250 2786 3316; x_wconf 90' lang='lat'><strong>8,</strong></span> <span class='ocrx_word' id='word_1_449' title='bbox 2817 3249 2878 3306; x_wconf 89' lang='lat' dir='ltr'><strong>Si</strong></span> <span class='ocrx_word' id='word_1_450' title='bbox 2912 3251 3078 3306; x_wconf 82' lang='lat' dir='ltr'><strong>nulla.</strong></span> <span class='ocrx_word' id='word_1_451' title='bbox 3111 3252 3194 3305; x_wconf 83' lang='lat' dir='ltr'><strong>Ad</strong></span> <span class='ocrx_word' id='word_1_452' title='bbox 3237 3252 3478 3308; x_wconf 78' lang='lat' dir='ltr'><strong>consulta</strong></span> <span class='ocrx_word' id='word_1_453' title='bbox 3504 3251 3777 3323; x_wconf 74' lang='lat' dir='ltr'><strong>Bulgara-</strong></span> 
     </span>
    </p>
   </div>
   <div class='ocr_carea' id='block_1_39' title="bbox 3998 2003 4003 2786">
    <p class='ocr_par' dir='ltr' id='par_1_39' title="bbox 3998 2003 4002 2171">
     <span class='ocr_line' id='line_1_40' title="bbox 3998 2003 4002 2171; baseline 0 0"><span class='ocrx_word' id='word_1_454' title='bbox 3998 2003 4002 2171; x_wconf 61' lang='grc' dir='ltr'><strong>ι</strong></span> 
     </span>
    </p>
   </div>
   <div class='ocr_carea' id='block_1_40' title="bbox 481 3343 2075 3416">
    <p class='ocr_par' dir='ltr' id='par_1_40' title="bbox 481 3343 2075 3416">
     <span class='ocr_line' id='line_1_41' title="bbox 481 3343 2075 3416; baseline 0.002 -19"><span class='ocrx_word' id='word_1_455' title='bbox 481 3343 699 3413; x_wconf 86' lang='lat' dir='ltr'><strong>adoptio</strong></span> <span class='ocrx_word' id='word_1_456' title='bbox 721 3343 901 3414; x_wconf 85' lang='lat' dir='ltr'><strong>jungit</strong></span> <span class='ocrx_word' id='word_1_457' title='bbox 943 3353 1148 3413; x_wconf 90' lang='lat' dir='ltr'><strong>quanto</strong></span> <span class='ocrx_word' id='word_1_458' title='bbox 1177 3345 1357 3414; x_wconf 84' lang='lat' dir='ltr'><strong>potius</strong></span> <span class='ocrx_word' id='word_1_459' title='bbox 1384 3360 1413 3398; x_wconf 90' lang='lat' dir='ltr'><strong>a</strong></span> <span class='ocrx_word' id='word_1_460' title='bbox 1452 3344 1653 3399; x_wconf 88' lang='lat' dir='ltr'><strong>carnali</strong></span> <span class='ocrx_word' id='word_1_461' title='bbox 1677 3354 1892 3416; x_wconf 82' lang='lat' dir='ltr'><strong>Oportet</strong></span> <span class='ocrx_word' id='word_1_462' title='bbox 1934 3347 2075 3402; x_wconf 85' lang='lat' dir='ltr'><strong>inter</strong></span> 
     </span>
    </p>
   </div>
   <div class='ocr_carea' id='block_1_41' title="bbox 482 3437 2076 3508">
    <p class='ocr_par' dir='ltr' id='par_1_41' title="bbox 482 3437 2076 3508">
     <span class='ocr_line' id='line_1_42' title="bbox 482 3437 2076 3508; baseline 0 -15"><span class='ocrx_word' id='word_1_463' title='bbox 482 3454 540 3493; x_wconf 86' lang='lat' dir='ltr'><strong>se</strong></span> <span class='ocrx_word' id='word_1_464' title='bbox 570 3437 955 3493; x_wconf 87' lang='lat' dir='ltr'><strong>conturbernio</strong></span> <span class='ocrx_word' id='word_1_465' title='bbox 977 3452 1195 3494; x_wconf 89' lang='lat' dir='ltr'><strong>cessare</strong></span> <span class='ocrx_word' id='word_1_466' title='bbox 1220 3437 1341 3494; x_wconf 89' lang='lat' dir='ltr'><strong>illos</strong></span> <span class='ocrx_word' id='word_1_467' title='bbox 1363 3453 1501 3508; x_wconf 89' lang='lat' dir='ltr'><strong>quos</strong></span> <span class='ocrx_word' id='word_1_468' title='bbox 1522 3452 1620 3508; x_wconf 89' lang='lat' dir='ltr'><strong>per</strong></span> <span class='ocrx_word' id='word_1_469' title='bbox 1643 3438 1865 3495; x_wconf 68' lang='lat' dir='ltr'><strong>cmleste</strong></span> <span class='ocrx_word' id='word_1_470' title='bbox 1895 3455 2076 3495; x_wconf 87' lang='lat' dir='ltr'><strong>sacra-</strong></span> 
     </span>
    </p>
   </div>
   <div class='ocr_carea' id='block_1_42' title="bbox 480 3527 2075 3601">
    <p class='ocr_par' dir='ltr' id='par_1_42' title="bbox 480 3527 2075 3601">
     <span class='ocr_line' id='line_1_43' title="bbox 480 3527 2075 3601; baseline -0.001 -16"><span class='ocrx_word' id='word_1_471' title='bbox 480 3537 722 3585; x_wconf 88' lang='lat' dir='ltr'><strong>mentum</strong></span> <span class='ocrx_word' id='word_1_472' title='bbox 752 3529 1093 3601; x_wconf 75' lang='lat' dir='ltr'><strong>regeneratio</strong></span> <span class='ocrx_word' id='word_1_473' title='bbox 1117 3529 1291 3584; x_wconf 87' lang='lat' dir='ltr'><strong>sancti</strong></span> <span class='ocrx_word' id='word_1_474' title='bbox 1325 3527 1558 3598; x_wconf 90' lang='lat' dir='ltr'><strong>Spiritus</strong></span> <span class='ocrx_word' id='word_1_475' title='bbox 1581 3527 1794 3601; x_wconf 83' lang='lat' dir='ltr'><strong>jungit?</strong></span> <span class='ocrx_word' id='word_1_476' title='bbox 1819 3531 1888 3601; x_wconf 92' lang='lat' dir='ltr'><strong>(c.</strong></span> <span class='ocrx_word' id='word_1_477' title='bbox 1917 3531 1974 3596; x_wconf 75' lang='lat'><strong>2,</strong></span> <span class='ocrx_word' id='word_1_478' title='bbox 2006 3530 2075 3584; x_wconf 84' lang='lat' dir='ltr'><strong>ad</strong></span> 
     </span>
    </p>
   </div>
   <div class='ocr_carea' id='block_1_43' title="bbox 479 3616 2073 3692">
    <p class='ocr_par' dir='ltr' id='par_1_43' title="bbox 479 3616 2073 3692">
     <span class='ocr_line' id='line_1_44' title="bbox 479 3616 2073 3692; baseline 0.002 -20"><span class='ocrx_word' id='word_1_479' title='bbox 479 3617 722 3673; x_wconf 74' lang='lat' dir='ltr'><strong>consulta</strong></span> <span class='ocrx_word' id='word_1_480' title='bbox 748 3616 998 3691; x_wconf 83' lang='lat' dir='ltr'><strong>Bulgar.)</strong></span> <span class='ocrx_word' id='word_1_481' title='bbox 1029 3618 1212 3690; x_wconf 84' lang='lat' dir='ltr'><strong>Longe</strong></span> <span class='ocrx_word' id='word_1_482' title='bbox 1235 3634 1367 3689; x_wconf 83' lang='lat' dir='ltr'><strong>ergo</strong></span> <span class='ocrx_word' id='word_1_483' title='bbox 1397 3620 1784 3691; x_wconf 84' lang='lat' dir='ltr'><strong>congruentius</strong></span> <span class='ocrx_word' id='word_1_484' title='bbox 1812 3621 1954 3677; x_wconf 89' lang='lat' dir='ltr'><strong>ﬁlius</strong></span> <span class='ocrx_word' id='word_1_485' title='bbox 1978 3636 2073 3692; x_wconf 89' lang='lat' dir='ltr'><strong>pa-</strong></span> 
     </span>
    </p>
   </div>
   <div class='ocr_carea' id='block_1_44' title="bbox 479 3709 2074 3783">
    <p class='ocr_par' dir='ltr' id='par_1_44' title="bbox 479 3709 2074 3783">
     <span class='ocr_line' id='line_1_45' title="bbox 479 3709 2074 3783; baseline 0.004 -21"><span class='ocrx_word' id='word_1_486' title='bbox 479 3711 580 3766; x_wconf 91' lang='lat' dir='ltr'><strong>tris</strong></span> <span class='ocrx_word' id='word_1_487' title='bbox 617 3711 761 3777; x_wconf 89' lang='lat' dir='ltr'><strong>mei,</strong></span> <span class='ocrx_word' id='word_1_488' title='bbox 789 3711 875 3766; x_wconf 85' lang='lat' dir='ltr'><strong>vel</strong></span> <span class='ocrx_word' id='word_1_489' title='bbox 902 3709 1073 3767; x_wconf 84' lang='lat' dir='ltr'><strong>frater</strong></span> <span class='ocrx_word' id='word_1_490' title='bbox 1100 3727 1254 3768; x_wconf 90' lang='lat' dir='ltr'><strong>meus</strong></span> <span class='ocrx_word' id='word_1_491' title='bbox 1282 3710 1583 3782; x_wconf 85' lang='lat' dir='ltr'><strong>appellatur</strong></span> <span class='ocrx_word' id='word_1_492' title='bbox 1623 3711 1670 3767; x_wconf 88' lang='lat' dir='ltr'><strong>is</strong></span> <span class='ocrx_word' id='word_1_493' title='bbox 1701 3727 1862 3783; x_wconf 90' lang='lat' dir='ltr'><strong>quem</strong></span> <span class='ocrx_word' id='word_1_494' title='bbox 1893 3712 2074 3768; x_wconf 80' lang='lat' dir='ltr'><strong>divina</strong></span> 
     </span>
    </p>
   </div>
   <div class='ocr_carea' id='block_1_45' title="bbox 479 3803 2074 3874">
    <p class='ocr_par' dir='ltr' id='par_1_45' title="bbox 479 3803 2074 3874">
     <span class='ocr_line' id='line_1_46' title="bbox 479 3803 2074 3874; baseline 0.003 -18"><span class='ocrx_word' id='word_1_495' title='bbox 479 3804 655 3872; x_wconf 75' lang='lat' dir='ltr'><strong>gratia</strong></span> <span class='ocrx_word' id='word_1_496' title='bbox 683 3803 866 3874; x_wconf 78' lang='lat' dir='ltr'><strong>potius</strong></span> <span class='ocrx_word' id='word_1_497' title='bbox 891 3819 1057 3874; x_wconf 90' lang='lat' dir='ltr'><strong>quam</strong></span> <span class='ocrx_word' id='word_1_498' title='bbox 1084 3804 1319 3860; x_wconf 88' lang='lat' dir='ltr'><strong>humana</strong></span> <span class='ocrx_word' id='word_1_499' title='bbox 1342 3804 1589 3860; x_wconf 86' lang='lat' dir='ltr'><strong>voluntas</strong></span> <span class='ocrx_word' id='word_1_500' title='bbox 1626 3813 1689 3859; x_wconf 92' lang='lat' dir='ltr'><strong>ut</strong></span> <span class='ocrx_word' id='word_1_501' title='bbox 1724 3804 1867 3860; x_wconf 89' lang='lat' dir='ltr'><strong>ﬁlius</strong></span> <span class='ocrx_word' id='word_1_502' title='bbox 1901 3806 2074 3874; x_wconf 79' lang='lat' dir='ltr'><strong>patris</strong></span> 
     </span>
    </p>
   </div>
   <div class='ocr_carea' id='block_1_46' title="bbox 479 3893 2073 3968">
    <p class='ocr_par' dir='ltr' id='par_1_46' title="bbox 479 3893 2073 3968">
     <span class='ocr_line' id='line_1_47' title="bbox 479 3893 2073 3968; baseline 0.003 -20"><span class='ocrx_word' id='word_1_503' title='bbox 479 3895 587 3948; x_wconf 89' lang='lat' dir='ltr'><strong>mei</strong></span> <span class='ocrx_word' id='word_1_504' title='bbox 612 3893 698 3949; x_wconf 85' lang='lat' dir='ltr'><strong>vel</strong></span> <span class='ocrx_word' id='word_1_505' title='bbox 724 3893 893 3951; x_wconf 87' lang='lat' dir='ltr'><strong>frater</strong></span> <span class='ocrx_word' id='word_1_506' title='bbox 920 3910 1074 3956; x_wconf 85' lang='lat' dir='ltr'><strong>meus</strong></span> <span class='ocrx_word' id='word_1_507' title='bbox 1104 3903 1281 3961; x_wconf 89' lang='lat' dir='ltr'><strong>esset,</strong></span> <span class='ocrx_word' id='word_1_508' title='bbox 1319 3895 1498 3968; x_wconf 88' lang='lat' dir='ltr'><strong>elegit,</strong></span> <span class='ocrx_word' id='word_1_509' title='bbox 1541 3895 1969 3966; x_wconf 76' lang='lat' dir='ltr'><strong>prudentiaeque</strong></span> <span class='ocrx_word' id='word_1_510' title='bbox 2005 3899 2073 3952; x_wconf 91' lang='lat' dir='ltr'><strong>ab</strong></span> 
     </span>
    </p>
   </div>
   <div class='ocr_carea' id='block_1_47' title="bbox 478 3984 1686 4058">
    <p class='ocr_par' dir='ltr' id='par_1_47' title="bbox 478 3984 1686 4058">
     <span class='ocr_line' id='line_1_48' title="bbox 478 3984 1686 4058; baseline 0.002 -20"><span class='ocrx_word' id='word_1_511' title='bbox 478 3984 688 4040; x_wconf 88' lang='lat' dir='ltr'><strong>alterna</strong></span> <span class='ocrx_word' id='word_1_512' title='bbox 710 3986 953 4058; x_wconf 89' lang='lat' dir='ltr'><strong>corporis</strong></span> <span class='ocrx_word' id='word_1_513' title='bbox 981 3988 1357 4043; x_wconf 87' lang='lat' dir='ltr'><strong>commistione</strong></span> <span class='ocrx_word' id='word_1_514' title='bbox 1387 3987 1686 4043; x_wconf 87' lang='lat' dir='ltr'><strong>secernitur</strong></span> 
     </span>
    </p>
   </div>
   <div class='ocr_carea' id='block_1_48' title="bbox 553 4080 2072 4169">
    <p class='ocr_par' dir='ltr' id='par_1_48' title="bbox 553 4080 2072 4169">
     <span class='ocr_line' id='line_1_49' title="bbox 553 4080 2072 4169; baseline 0.013 -37"><span class='ocrx_word' id='word_1_515' title='bbox 553 4080 646 4134; x_wconf 75' lang='grc' dir='ltr'><strong>ιν.</strong></span> <span class='ocrx_word' id='word_1_516' title='bbox 692 4080 805 4150; x_wconf 74' lang='grc'><strong>(50,</strong></span> <span class='ocrx_word' id='word_1_517' title='bbox 835 4098 892 4152; x_wconf 87' lang='lat' dir='ltr'><strong>q.</strong></span> <span class='ocrx_word' id='word_1_518' title='bbox 923 4082 978 4148; x_wconf 73' lang='grc'><strong>4,</strong></span> <span class='ocrx_word' id='word_1_519' title='bbox 1007 4099 1057 4138; x_wconf 94' lang='lat' dir='ltr'><strong>c.</strong></span> <span class='ocrx_word' id='word_1_520' title='bbox 1092 4085 1140 4137; x_wconf 80' lang='lat' dir='ltr'><strong>l.</strong></span> <span class='ocrx_word' id='word_1_521' title='bbox 1177 4083 1447 4140; x_wconf 78' lang='lat' dir='ltr'><strong>Salomoni</strong></span> <span class='ocrx_word' id='word_1_522' title='bbox 1473 4084 1861 4152; x_wconf 78' lang='lat' dir='ltr'><strong>Camtautiensi</strong></span> <span class='ocrx_word' id='word_1_523' title='bbox 1891 4089 2072 4169; x_wconf 76' lang='lat' dir='ltr'><strong>episc.)</strong></span> 
     </span>
    </p>
   </div>
   <div class='ocr_carea' id='block_1_49' title="bbox 480 4169 2074 4256">
    <p class='ocr_par' dir='ltr' id='par_1_49' title="bbox 480 4169 2074 4256">
     <span class='ocr_line' id='line_1_50' title="bbox 480 4169 2074 4256; baseline 0.007 -24"><span class='ocrx_word' id='word_1_524' title='bbox 480 4169 808 4232; x_wconf 74' lang='lat' dir='ltr'><strong>Sciscitatur</strong></span> <span class='ocrx_word' id='word_1_525' title='bbox 841 4186 873 4225; x_wconf 71' lang='grc' dir='ltr'><strong>ει.</strong></span> <span class='ocrx_word' id='word_1_526' title='bbox 908 4173 1069 4238; x_wconf 77' lang='lat' dir='ltr'><strong>nobis</strong></span> <span class='ocrx_word' id='word_1_527' title='bbox 1094 4184 1352 4239; x_wconf 72' lang='lat' dir='ltr'><strong>sanctitas</strong></span> <span class='ocrx_word' id='word_1_528' title='bbox 1376 4194 1556 4239; x_wconf 88' lang='lat' dir='ltr'><strong>vestra</strong></span> <span class='ocrx_word' id='word_1_529' title='bbox 1600 4186 1643 4239; x_wconf 89' lang='lat' dir='ltr'><strong>si</strong></span> <span class='ocrx_word' id='word_1_530' title='bbox 1681 4187 1874 4256; x_wconf 87' lang='lat' dir='ltr'><strong>aliquis</strong></span> <span class='ocrx_word' id='word_1_531' title='bbox 1915 4189 2074 4243; x_wconf 88' lang='lat' dir='ltr'><strong>homo</strong></span> 
     </span>
    </p>
   </div>
   <div class='ocr_carea' id='block_1_50' title="bbox 381 4261 2069 4345">
    <p class='ocr_par' dir='ltr' id='par_1_50' title="bbox 381 4261 2069 4345">
     <span class='ocr_line' id='line_1_51' title="bbox 381 4261 2069 4345; baseline 0.004 -19"><span class='ocrx_word' id='word_1_532' title='bbox 381 4261 388 4268; x_wconf 71' lang='grc'><em>’</em></span> <span class='ocrx_word' id='word_1_533' title='bbox 483 4271 622 4327; x_wconf 83' lang='lat' dir='ltr'><strong>duas</strong></span> <span class='ocrx_word' id='word_1_534' title='bbox 650 4281 978 4328; x_wconf 77' lang='lat' dir='ltr'><strong>commatres</strong></span> <span class='ocrx_word' id='word_1_535' title='bbox 1028 4270 1227 4330; x_wconf 86' lang='lat' dir='ltr'><strong>habere</strong></span> <span class='ocrx_word' id='word_1_536' title='bbox 1254 4275 1429 4329; x_wconf 86' lang='lat' dir='ltr'><strong>valeat</strong></span> <span class='ocrx_word' id='word_1_537' title='bbox 1467 4292 1626 4330; x_wconf 89' lang='lat' dir='ltr'><strong>unam</strong></span> <span class='ocrx_word' id='word_1_538' title='bbox 1657 4286 1777 4345; x_wconf 87' lang='lat' dir='ltr'><strong>post</strong></span> <span class='ocrx_word' id='word_1_539' title='bbox 1824 4277 2069 4344; x_wconf 87' lang='lat' dir='ltr'><strong>alteram.</strong></span> 
     </span>
    </p>
   </div>
   <div class='ocr_carea' id='block_1_51' title="bbox 481 4362 2072 4436">
    <p class='ocr_par' dir='ltr' id='par_1_51' title="bbox 481 4362 2072 4436">
     <span class='ocr_line' id='line_1_52' title="bbox 481 4362 2072 4436; baseline 0.004 -18"><span class='ocrx_word' id='word_1_540' title='bbox 481 4362 544 4419; x_wconf 88' lang='lat' dir='ltr'><strong>In</strong></span> <span class='ocrx_word' id='word_1_541' title='bbox 570 4380 678 4435; x_wconf 88' lang='lat' dir='ltr'><strong>quo</strong></span> <span class='ocrx_word' id='word_1_542' title='bbox 713 4365 1026 4421; x_wconf 84' lang='lat' dir='ltr'><strong>meminisse</strong></span> <span class='ocrx_word' id='word_1_543' title='bbox 1053 4367 1207 4421; x_wconf 86' lang='lat' dir='ltr'><strong>debet</strong></span> <span class='ocrx_word' id='word_1_544' title='bbox 1253 4367 1513 4436; x_wconf 73' lang='lat' dir='ltr'><strong>scriptum</strong></span> <span class='ocrx_word' id='word_1_545' title='bbox 1555 4384 1676 4424; x_wconf 86' lang='lat' dir='ltr'><strong>esse</strong></span> <span class='ocrx_word' id='word_1_546' title='bbox 1707 4387 1718 4421; x_wconf 88' lang='lat'><strong>:</strong></span> <span class='ocrx_word' id='word_1_547' title='bbox 1753 4369 1921 4424; x_wconf 83' lang='lat' dir='ltr'><strong>Erunt</strong></span> <span class='ocrx_word' id='word_1_548' title='bbox 1969 4372 2072 4424; x_wconf 89' lang='lat' dir='ltr'><strong>duo</strong></span> 
     </span>
    </p>
   </div>
   <div class='ocr_carea' id='block_1_52' title="bbox 481 4457 2075 4535">
    <p class='ocr_par' dir='ltr' id='par_1_52' title="bbox 481 4457 2075 4535">
     <span class='ocr_line' id='line_1_53' title="bbox 481 4457 2075 4535; baseline 0.006 -24"><span class='ocrx_word' id='word_1_549' title='bbox 481 4459 541 4512; x_wconf 79' lang='lat' dir='ltr'><strong>in</strong></span> <span class='ocrx_word' id='word_1_550' title='bbox 585 4475 742 4513; x_wconf 85' lang='lat' dir='ltr'><strong>carne</strong></span> <span class='ocrx_word' id='word_1_551' title='bbox 783 4476 890 4513; x_wconf 84' lang='lat' dir='ltr'><strong>una</strong></span> <span class='ocrx_word' id='word_1_552' title='bbox 932 4457 1084 4531; x_wconf 80' lang='lat' dir='ltr'><strong>(Gen.</strong></span> <span class='ocrx_word' id='word_1_553' title='bbox 1118 4460 1198 4531; x_wconf 89' lang='grc' dir='ltr'><strong>ιι).</strong></span> <span class='ocrx_word' id='word_1_554' title='bbox 1235 4459 1416 4530; x_wconf 87' lang='lat' dir='ltr'><strong>Itaque</strong></span> <span class='ocrx_word' id='word_1_555' title='bbox 1446 4477 1564 4516; x_wconf 81' lang='lat' dir='ltr'><strong>cum</strong></span> <span class='ocrx_word' id='word_1_556' title='bbox 1598 4472 1807 4520; x_wconf 86' lang='lat' dir='ltr'><strong>constet</strong></span> <span class='ocrx_word' id='word_1_557' title='bbox 1837 4466 1962 4535; x_wconf 89' lang='lat' dir='ltr'><strong>quia</strong></span> <span class='ocrx_word' id='word_1_558' title='bbox 1993 4467 2075 4521; x_wconf 88' lang='lat' dir='ltr'><strong>vir</strong></span> 
     </span>
    </p>
   </div>
   <div class='ocr_carea' id='block_1_53' title="bbox 416 4540 2074 4623">
    <p class='ocr_par' dir='ltr' id='par_1_53' title="bbox 416 4540 2074 4623">
     <span class='ocr_line' id='line_1_54' title="bbox 416 4540 2074 4623; baseline 0.003 -16"><span class='ocrx_word' id='word_1_559' title='bbox 416 4540 424 4551; x_wconf 73' lang='grc'><em>’</em></span> <span class='ocrx_word' id='word_1_560' title='bbox 483 4560 541 4608; x_wconf 88' lang='lat' dir='ltr'><strong>et</strong></span> <span class='ocrx_word' id='word_1_561' title='bbox 567 4553 762 4608; x_wconf 90' lang='lat' dir='ltr'><strong>mulier</strong></span> <span class='ocrx_word' id='word_1_562' title='bbox 787 4568 892 4608; x_wconf 90' lang='lat' dir='ltr'><strong>una</strong></span> <span class='ocrx_word' id='word_1_563' title='bbox 921 4567 1048 4608; x_wconf 87' lang='lat' dir='ltr'><strong>caro</strong></span> <span class='ocrx_word' id='word_1_564' title='bbox 1071 4568 1168 4623; x_wconf 90' lang='lat' dir='ltr'><strong>per</strong></span> <span class='ocrx_word' id='word_1_565' title='bbox 1197 4554 1522 4609; x_wconf 84' lang='lat' dir='ltr'><strong>connubium</strong></span> <span class='ocrx_word' id='word_1_566' title='bbox 1554 4554 1873 4622; x_wconf 78' lang='lat' dir='ltr'><strong>efﬁciuntur,</strong></span> <span class='ocrx_word' id='word_1_567' title='bbox 1908 4567 2074 4612; x_wconf 83' lang='lat' dir='ltr'><strong>restat</strong></span> 
     </span>
    </p>
   </div>
   <div class='ocr_carea' id='block_1_54' title="bbox 2183 3337 3772 3414">
    <p class='ocr_par' dir='ltr' id='par_1_54' title="bbox 2183 3337 3772 3414">
     <span class='ocr_line' id='line_1_55' title="bbox 2183 3337 3772 3414; baseline 0.004 -24"><span class='ocrx_word' id='word_1_568' title='bbox 2183 3337 2343 3406; x_wconf 86' lang='lat' dir='ltr'><strong>rum.)</strong></span> <span class='ocrx_word' id='word_1_569' title='bbox 2365 3337 2422 3392; x_wconf 90' lang='lat' dir='ltr'><strong>Si</strong></span> <span class='ocrx_word' id='word_1_570' title='bbox 2451 3338 2595 3392; x_wconf 88' lang='lat' dir='ltr'><strong>nulla</strong></span> <span class='ocrx_word' id='word_1_571' title='bbox 2624 3348 2778 3409; x_wconf 86' lang='lat' dir='ltr'><strong>urget</strong></span> <span class='ocrx_word' id='word_1_572' title='bbox 2797 3342 3106 3405; x_wconf 82' lang='lat' dir='ltr'><strong>necessitas,</strong></span> <span class='ocrx_word' id='word_1_573' title='bbox 3136 3358 3242 3398; x_wconf 92' lang='lat' dir='ltr'><strong>non</strong></span> <span class='ocrx_word' id='word_1_574' title='bbox 3272 3342 3447 3398; x_wconf 91' lang='lat' dir='ltr'><strong>solum</strong></span> <span class='ocrx_word' id='word_1_575' title='bbox 3471 3343 3772 3414; x_wconf 55' lang='lat' dir='ltr'><strong>quadragec</strong></span> 
     </span>
    </p>
   </div>
   <div class='ocr_carea' id='block_1_55' title="bbox 2181 3429 3772 3506">
    <p class='ocr_par' dir='ltr' id='par_1_55' title="bbox 2181 3429 3772 3506">
     <span class='ocr_line' id='line_1_56' title="bbox 2181 3429 3772 3506; baseline 0.003 -21"><span class='ocrx_word' id='word_1_576' title='bbox 2181 3429 2358 3485; x_wconf 89' lang='lat' dir='ltr'><strong>simali</strong></span> <span class='ocrx_word' id='word_1_577' title='bbox 2398 3439 2640 3502; x_wconf 91' lang='lat' dir='ltr'><strong>tempore</strong></span> <span class='ocrx_word' id='word_1_578' title='bbox 2659 3471 2673 3497; x_wconf 91' lang='lat'><strong>,</strong></span> <span class='ocrx_word' id='word_1_579' title='bbox 2701 3431 2796 3487; x_wconf 91' lang='lat' dir='ltr'><strong>sed</strong></span> <span class='ocrx_word' id='word_1_580' title='bbox 2827 3433 2991 3488; x_wconf 89' lang='lat' dir='ltr'><strong>etiam</strong></span> <span class='ocrx_word' id='word_1_581' title='bbox 3019 3436 3166 3490; x_wconf 92' lang='lat' dir='ltr'><strong>omni</strong></span> <span class='ocrx_word' id='word_1_582' title='bbox 3199 3445 3442 3506; x_wconf 91' lang='lat' dir='ltr'><strong>tempore</strong></span> <span class='ocrx_word' id='word_1_583' title='bbox 3466 3446 3553 3490; x_wconf 88' lang='lat' dir='ltr'><strong>est</strong></span> <span class='ocrx_word' id='word_1_584' title='bbox 3580 3451 3613 3489; x_wconf 85' lang='lat' dir='ltr'><strong>a</strong></span> <span class='ocrx_word' id='word_1_585' title='bbox 3636 3449 3772 3504; x_wconf 60' lang='lat' dir='ltr'><strong>prato</strong></span> 
     </span>
    </p>
   </div>
   <div class='ocr_carea' id='block_1_56' title="bbox 2179 3524 3776 3599">
    <p class='ocr_par' dir='ltr' id='par_1_56' title="bbox 2179 3524 3776 3599">
     <span class='ocr_line' id='line_1_57' title="bbox 2179 3524 3776 3599; baseline 0 -19"><span class='ocrx_word' id='word_1_586' title='bbox 2179 3525 2268 3581; x_wconf 89' lang='lat' dir='ltr'><strong>liis</strong></span> <span class='ocrx_word' id='word_1_587' title='bbox 2293 3524 2690 3581; x_wconf 89' lang='lat' dir='ltr'><strong>abstinendum.</strong></span> <span class='ocrx_word' id='word_1_588' title='bbox 2725 3525 2785 3581; x_wconf 89' lang='lat' dir='ltr'><strong>Si</strong></span> <span class='ocrx_word' id='word_1_589' title='bbox 2815 3535 2995 3582; x_wconf 91' lang='lat' dir='ltr'><strong>autem</strong></span> <span class='ocrx_word' id='word_1_590' title='bbox 3026 3527 3357 3584; x_wconf 88' lang='lat' dir='ltr'><strong>inevitabilis</strong></span> <span class='ocrx_word' id='word_1_591' title='bbox 3385 3536 3544 3599; x_wconf 86' lang='lat' dir='ltr'><strong>urget</strong></span> <span class='ocrx_word' id='word_1_592' title='bbox 3577 3528 3776 3598; x_wconf 66' lang='lat' dir='ltr'><strong>impero</strong></span> 
     </span>
    </p>
   </div>
   <div class='ocr_carea' id='block_1_57' title="bbox 2181 3620 3773 3692">
    <p class='ocr_par' dir='ltr' id='par_1_57' title="bbox 2181 3620 3773 3692">
     <span class='ocr_line' id='line_1_58' title="bbox 2181 3620 3773 3692; baseline -0.003 -16"><span class='ocrx_word' id='word_1_593' title='bbox 2181 3622 2405 3687; x_wconf 90' lang='lat' dir='ltr'><strong>tunitas,</strong></span> <span class='ocrx_word' id='word_1_594' title='bbox 2434 3634 2536 3676; x_wconf 92' lang='lat' dir='ltr'><strong>nec</strong></span> <span class='ocrx_word' id='word_1_595' title='bbox 2560 3621 3013 3692; x_wconf 82' lang='lat' dir='ltr'><strong>quadragesimali</strong></span> <span class='ocrx_word' id='word_1_596' title='bbox 3041 3631 3283 3692; x_wconf 89' lang='lat' dir='ltr'><strong>tempore</strong></span> <span class='ocrx_word' id='word_1_597' title='bbox 3317 3636 3416 3692; x_wconf 91' lang='lat' dir='ltr'><strong>pro</strong></span> <span class='ocrx_word' id='word_1_598' title='bbox 3458 3620 3773 3676; x_wconf 86' lang='lat' dir='ltr'><strong>defensione</strong></span> 
     </span>
    </p>
   </div>
   <div class='ocr_carea' id='block_1_58' title="bbox 2181 3711 3776 3785">
    <p class='ocr_par' dir='ltr' id='par_1_58' title="bbox 2181 3711 3776 3785">
     <span class='ocr_line' id='line_1_59' title="bbox 2181 3711 3776 3785; baseline -0.001 -17"><span class='ocrx_word' id='word_1_599' title='bbox 2181 3722 2292 3769; x_wconf 83' lang='lat' dir='ltr'><strong>tam</strong></span> <span class='ocrx_word' id='word_1_600' title='bbox 2315 3729 2414 3770; x_wconf 89' lang='lat' dir='ltr'><strong>sua</strong></span> <span class='ocrx_word' id='word_1_601' title='bbox 2441 3728 2602 3785; x_wconf 89' lang='lat' dir='ltr'><strong>quam</strong></span> <span class='ocrx_word' id='word_1_602' title='bbox 2625 3714 2816 3784; x_wconf 70' lang='lat' dir='ltr'><strong>patriae</strong></span> <span class='ocrx_word' id='word_1_603' title='bbox 2841 3729 2935 3770; x_wconf 91' lang='lat' dir='ltr'><strong>seu</strong></span> <span class='ocrx_word' id='word_1_604' title='bbox 2972 3713 3148 3785; x_wconf 84' lang='lat' dir='ltr'><strong>legum</strong></span> <span class='ocrx_word' id='word_1_605' title='bbox 3174 3723 3523 3784; x_wconf 89' lang='lat' dir='ltr'><strong>paternarum</strong></span> <span class='ocrx_word' id='word_1_606' title='bbox 3549 3721 3642 3773; x_wconf 77' lang='lat' dir='ltr'><strong>est</strong></span> <span class='ocrx_word' id='word_1_607' title='bbox 3659 3711 3776 3770; x_wconf 88' lang='lat' dir='ltr'><strong>bel-</strong></span> 
     </span>
    </p>
   </div>
   <div class='ocr_carea' id='block_1_59' title="bbox 2178 3803 3776 3877">
    <p class='ocr_par' dir='ltr' id='par_1_59' title="bbox 2178 3803 3776 3877">
     <span class='ocr_line' id='line_1_60' title="bbox 2178 3803 3776 3877; baseline -0.001 -19"><span class='ocrx_word' id='word_1_608' title='bbox 2178 3805 2354 3860; x_wconf 92' lang='lat' dir='ltr'><strong>lorum</strong></span> <span class='ocrx_word' id='word_1_609' title='bbox 2396 3803 2772 3874; x_wconf 73' lang='lat' dir='ltr'><strong>praeparationi</strong></span> <span class='ocrx_word' id='word_1_610' title='bbox 2827 3803 3014 3872; x_wconf 92' lang='lat' dir='ltr'><strong>procul</strong></span> <span class='ocrx_word' id='word_1_611' title='bbox 3059 3803 3224 3860; x_wconf 89' lang='lat' dir='ltr'><strong>dubio</strong></span> <span class='ocrx_word' id='word_1_612' title='bbox 3264 3806 3603 3877; x_wconf 78' lang='lat' dir='ltr'><strong>parcendum</strong></span> <span class='ocrx_word' id='word_1_613' title='bbox 3645 3824 3660 3860; x_wconf 89' lang='lat'>:</span> <span class='ocrx_word' id='word_1_614' title='bbox 3707 3815 3776 3858; x_wconf 89' lang='lat' dir='ltr'><strong>ne</strong></span> 
     </span>
    </p>
   </div>
   <div class='ocr_carea' id='block_1_60' title="bbox 2178 3893 3774 3964">
    <p class='ocr_par' dir='ltr' id='par_1_60' title="bbox 2178 3893 3774 3964">
     <span class='ocr_line' id='line_1_61' title="bbox 2178 3893 3774 3964; baseline -0.002 -12"><span class='ocrx_word' id='word_1_615' title='bbox 2178 3897 2427 3952; x_wconf 89' lang='lat' dir='ltr'><strong>videlicet</strong></span> <span class='ocrx_word' id='word_1_616' title='bbox 2480 3895 2647 3952; x_wconf 91' lang='lat' dir='ltr'><strong>Deum</strong></span> <span class='ocrx_word' id='word_1_617' title='bbox 2701 3893 2948 3954; x_wconf 84' lang='lat' dir='ltr'><strong>videatur</strong></span> <span class='ocrx_word' id='word_1_618' title='bbox 2990 3896 3155 3955; x_wconf 88' lang='lat' dir='ltr'><strong>homo</strong></span> <span class='ocrx_word' id='word_1_619' title='bbox 3204 3908 3455 3964; x_wconf 89' lang='lat' dir='ltr'><strong>tentare,</strong></span> <span class='ocrx_word' id='word_1_620' title='bbox 3504 3899 3548 3953; x_wconf 89' lang='lat' dir='ltr'><strong>si</strong></span> <span class='ocrx_word' id='word_1_621' title='bbox 3613 3898 3774 3952; x_wconf 86' lang='lat' dir='ltr'><strong>habet</strong></span> 
     </span>
    </p>
   </div>
   <div class='ocr_carea' id='block_1_61' title="bbox 2179 3990 3772 4068">
    <p class='ocr_par' dir='ltr' id='par_1_61' title="bbox 2179 3990 3772 4068">
     <span class='ocr_line' id='line_1_62' title="bbox 2179 3990 3772 4068; baseline -0.003 -20"><span class='ocrx_word' id='word_1_622' title='bbox 2179 3992 2323 4068; x_wconf 89' lang='lat' dir='ltr'><strong>quod</strong></span> <span class='ocrx_word' id='word_1_623' title='bbox 2371 3990 2538 4049; x_wconf 84' lang='lat' dir='ltr'><strong>faciat</strong></span> <span class='ocrx_word' id='word_1_624' title='bbox 2566 4037 2580 4061; x_wconf 91' lang='lat'><strong>,</strong></span> <span class='ocrx_word' id='word_1_625' title='bbox 2631 3999 2684 4050; x_wconf 81' lang='lat' dir='ltr'><strong>et</strong></span> <span class='ocrx_word' id='word_1_626' title='bbox 2732 4009 2842 4050; x_wconf 81' lang='lat' dir='ltr'><strong>suae</strong></span> <span class='ocrx_word' id='word_1_627' title='bbox 2891 4009 2956 4050; x_wconf 89' lang='lat' dir='ltr'><strong>ac</strong></span> <span class='ocrx_word' id='word_1_628' title='bbox 3003 3994 3233 4049; x_wconf 88' lang='lat' dir='ltr'><strong>aliorum</strong></span> <span class='ocrx_word' id='word_1_629' title='bbox 3284 3993 3443 4049; x_wconf 90' lang='lat' dir='ltr'><strong>saluti</strong></span> <span class='ocrx_word' id='word_1_630' title='bbox 3492 3991 3772 4047; x_wconf 85' lang='lat' dir='ltr'><strong>consulere</strong></span> 
     </span>
    </p>
   </div>
   <div class='ocr_carea' id='block_1_62' title="bbox 2181 4084 3769 4160">
    <p class='ocr_par' dir='ltr' id='par_1_62' title="bbox 2181 4084 3769 4160">
     <span class='ocr_line' id='line_1_63' title="bbox 2181 4084 3769 4160; baseline -0.006 -15"><span class='ocrx_word' id='word_1_631' title='bbox 2181 4106 2288 4146; x_wconf 91' lang='lat' dir='ltr'><strong>non</strong></span> <span class='ocrx_word' id='word_1_632' title='bbox 2325 4096 2619 4160; x_wconf 89' lang='lat' dir='ltr'><strong>procurat,</strong></span> <span class='ocrx_word' id='word_1_633' title='bbox 2659 4095 2715 4142; x_wconf 90' lang='lat' dir='ltr'><strong>et</strong></span> <span class='ocrx_word' id='word_1_634' title='bbox 2757 4095 2964 4142; x_wconf 64' lang='lat' dir='ltr'><strong>sancta</strong></span> <span class='ocrx_word' id='word_1_635' title='bbox 3002 4085 3280 4157; x_wconf 84' lang='lat' dir='ltr'><strong>religionis</strong></span> <span class='ocrx_word' id='word_1_636' title='bbox 3305 4084 3631 4140; x_wconf 87' lang='lat' dir='ltr'><strong>detrimenta</strong></span> <span class='ocrx_word' id='word_1_637' title='bbox 3667 4096 3769 4138; x_wconf 86' lang='lat' dir='ltr'><strong>non</strong></span> 
     </span>
    </p>
   </div>
   <div class='ocr_carea' id='block_1_63' title="bbox 2178 4187 3081 4249">
    <p class='ocr_par' dir='ltr' id='par_1_63' title="bbox 2178 4187 3081 4249">
     <span class='ocr_line' id='line_1_64' title="bbox 2178 4187 3081 4249; baseline -0.002 -15"><span class='ocrx_word' id='word_1_638' title='bbox 2178 4187 2468 4249; x_wconf 82' lang='lat' dir='ltr'><strong>praecavet.</strong></span> <span class='ocrx_word' id='word_1_639' title='bbox 3079 4215 3081 4219; x_wconf 66' lang='grc' dir='ltr'><strong>ι</strong></span> 
     </span>
    </p>
   </div>
   <div class='ocr_carea' id='block_1_64' title="bbox 2251 4261 3775 4344">
    <p class='ocr_par' dir='ltr' id='par_1_64' title="bbox 2251 4261 3775 4344">
     <span class='ocr_line' id='line_1_65' title="bbox 2251 4261 3775 4344; baseline -0.009 -16"><span class='ocrx_word' id='word_1_640' title='bbox 2251 4272 2315 4326; x_wconf 79' lang='grc' dir='ltr'><strong>ν.</strong></span> <span class='ocrx_word' id='word_1_641' title='bbox 2358 4269 2470 4344; x_wconf 70' lang='grc'><strong>(24,</strong></span> <span class='ocrx_word' id='word_1_642' title='bbox 2503 4278 2693 4340; x_wconf 69' lang='lat' dir='ltr'><strong>quaest.</strong></span> <span class='ocrx_word' id='word_1_643' title='bbox 2717 4268 2774 4336; x_wconf 78' lang='lat'><strong>3,</strong></span> <span class='ocrx_word' id='word_1_644' title='bbox 2809 4270 2902 4324; x_wconf 90' lang='lat' dir='ltr'><strong>Illi</strong></span> <span class='ocrx_word' id='word_1_645' title='bbox 2927 4269 3036 4342; x_wconf 87' lang='lat' dir='ltr'><strong>qui.</strong></span> <span class='ocrx_word' id='word_1_646' title='bbox 3078 4266 3333 4323; x_wconf 75' lang='lat' dir='ltr'><strong>Omnibus</strong></span> <span class='ocrx_word' id='word_1_647' title='bbox 3363 4264 3664 4337; x_wconf 74' lang='lat' dir='ltr'><strong>episcopis.)</strong></span> <span class='ocrx_word' id='word_1_648' title='bbox 3698 4261 3775 4317; x_wconf 88' lang='lat' dir='ltr'><strong>llli</strong></span> 
     </span>
    </p>
   </div>
   <div class='ocr_carea' id='block_1_65' title="bbox 2179 4357 3771 4437">
    <p class='ocr_par' dir='ltr' id='par_1_65' title="bbox 2179 4357 3771 4437">
     <span class='ocr_line' id='line_1_66' title="bbox 2179 4357 3771 4437; baseline -0.008 -16"><span class='ocrx_word' id='word_1_649' title='bbox 2179 4368 2268 4436; x_wconf 90' lang='lat' dir='ltr'><strong>qui</strong></span> <span class='ocrx_word' id='word_1_650' title='bbox 2296 4365 2614 4437; x_wconf 84' lang='lat' dir='ltr'><strong>peregrinos</strong></span> <span class='ocrx_word' id='word_1_651' title='bbox 2639 4365 2723 4420; x_wconf 91' lang='lat' dir='ltr'><strong>vel</strong></span> <span class='ocrx_word' id='word_1_652' title='bbox 2757 4373 3003 4420; x_wconf 89' lang='lat' dir='ltr'><strong>oratores</strong></span> <span class='ocrx_word' id='word_1_653' title='bbox 3039 4363 3411 4434; x_wconf 86' lang='lat' dir='ltr'><strong>cujuscunque</strong></span> <span class='ocrx_word' id='word_1_654' title='bbox 3443 4357 3637 4422; x_wconf 91' lang='lat' dir='ltr'><strong>sancti,</strong></span> <span class='ocrx_word' id='word_1_655' title='bbox 3663 4358 3771 4412; x_wconf 85' lang='lat' dir='ltr'><strong>sive</strong></span> 
     </span>
    </p>
   </div>
   <div class='ocr_carea' id='block_1_66' title="bbox 2179 4450 3772 4533">
    <p class='ocr_par' dir='ltr' id='par_1_66' title="bbox 2179 4450 3772 4533">
     <span class='ocr_line' id='line_1_67' title="bbox 2179 4450 3772 4533; baseline -0.006 -22"><span class='ocrx_word' id='word_1_656' title='bbox 2179 4458 2427 4522; x_wconf 88' lang='lat' dir='ltr'><strong>clericos,</strong></span> <span class='ocrx_word' id='word_1_657' title='bbox 2457 4457 2574 4511; x_wconf 83' lang='lat' dir='ltr'><strong>sive</strong></span> <span class='ocrx_word' id='word_1_658' title='bbox 2616 4456 2939 4520; x_wconf 87' lang='lat' dir='ltr'><strong>monachos,</strong></span> <span class='ocrx_word' id='word_1_659' title='bbox 2967 4455 3073 4533; x_wconf 31' lang='lat' dir='ltr'><strong>vel.</strong></span> <span class='ocrx_word' id='word_1_660' title='bbox 3099 4453 3364 4519; x_wconf 89' lang='lat' dir='ltr'><strong>feminas,</strong></span> <span class='ocrx_word' id='word_1_661' title='bbox 3411 4460 3506 4507; x_wconf 89' lang='lat' dir='ltr'><strong>aut</strong></span> <span class='ocrx_word' id='word_1_662' title='bbox 3537 4450 3772 4506; x_wconf 85' lang='lat' dir='ltr'><strong>inermes</strong></span> 
     </span>
    </p>
   </div>
   <div class='ocr_carea' id='block_1_67' title="bbox 2178 4547 3773 4621">
    <p class='ocr_par' dir='ltr' id='par_1_67' title="bbox 2178 4547 3773 4621">
     <span class='ocr_line' id='line_1_68' title="bbox 2178 4547 3773 4621; baseline -0.004 -17"><span class='ocrx_word' id='word_1_663' title='bbox 2178 4564 2445 4621; x_wconf 88' lang='lat' dir='ltr'><strong>pauperes</strong></span> <span class='ocrx_word' id='word_1_664' title='bbox 2482 4549 2773 4616; x_wconf 68' lang='lat' dir='ltr'><strong>depriedati</strong></span> <span class='ocrx_word' id='word_1_665' title='bbox 2806 4549 3042 4616; x_wconf 84' lang='lat' dir='ltr'><strong>fuerint,</strong></span> <span class='ocrx_word' id='word_1_666' title='bbox 3072 4547 3154 4603; x_wconf 88' lang='lat' dir='ltr'><strong>vel</strong></span> <span class='ocrx_word' id='word_1_667' title='bbox 3189 4547 3328 4603; x_wconf 88' lang='lat' dir='ltr'><strong>bona</strong></span> <span class='ocrx_word' id='word_1_668' title='bbox 3359 4562 3548 4603; x_wconf 87' lang='lat' dir='ltr'><strong>eorum</strong></span> <span class='ocrx_word' id='word_1_669' title='bbox 3580 4560 3773 4615; x_wconf 88' lang='lat' dir='ltr'><strong>rapue-</strong></span> 
     </span>
    </p>
   </div>
   <div class='ocr_carea' id='block_1_68' title="bbox 483 4635 3774 4713">
    <p class='ocr_par' dir='ltr' id='par_1_68' title="bbox 483 4635 3774 4713">
     <span class='ocr_line' id='line_1_69' title="bbox 483 4635 3774 4713; baseline -0.001 -13"><span class='ocrx_word' id='word_1_670' title='bbox 483 4645 742 4700; x_wconf 89' lang='lat' dir='ltr'><strong>nimirum</strong></span> <span class='ocrx_word' id='word_1_671' title='bbox 789 4659 978 4700; x_wconf 84' lang='lat' dir='ltr'><strong>verum</strong></span> <span class='ocrx_word' id='word_1_672' title='bbox 1024 4651 1358 4713; x_wconf 86' lang='lat' dir='ltr'><strong>compatrem</strong></span> <span class='ocrx_word' id='word_1_673' title='bbox 1407 4646 1661 4700; x_wconf 89' lang='lat' dir='ltr'><strong>constitui</strong></span> <span class='ocrx_word' id='word_1_674' title='bbox 1718 4647 1791 4701; x_wconf 89' lang='lat' dir='ltr'><strong>illi</strong></span> <span class='ocrx_word' id='word_1_675' title='bbox 1838 4648 2072 4713; x_wconf 89' lang='lat' dir='ltr'><strong>mulieri,</strong></span> <span class='ocrx_word' id='word_1_676' title='bbox 2104 4635 2154 4693; x_wconf 79' lang='grc' dir='ltr'><strong>ι)</strong></span> <span class='ocrx_word' id='word_1_677' title='bbox 2184 4647 2312 4712; x_wconf 83' lang='lat' dir='ltr'><strong>rint,</strong></span> <span class='ocrx_word' id='word_1_678' title='bbox 2338 4646 2421 4701; x_wconf 88' lang='lat' dir='ltr'><strong>vel</strong></span> <span class='ocrx_word' id='word_1_679' title='bbox 2449 4647 2503 4702; x_wconf 91' lang='lat' dir='ltr'><strong>in</strong></span> <span class='ocrx_word' id='word_1_680' title='bbox 2540 4647 2742 4702; x_wconf 90' lang='lat' dir='ltr'><strong>malum</strong></span> <span class='ocrx_word' id='word_1_681' title='bbox 2767 4647 2848 4702; x_wconf 90' lang='lat' dir='ltr'><strong>eis</strong></span> <span class='ocrx_word' id='word_1_682' title='bbox 2874 4645 3233 4708; x_wconf 88' lang='lat' dir='ltr'><strong>obviaverint,</strong></span> <span class='ocrx_word' id='word_1_683' title='bbox 3264 4643 3629 4700; x_wconf 85' lang='lat' dir='ltr'><strong>anathematis</strong></span> <span class='ocrx_word' id='word_1_684' title='bbox 3658 4642 3774 4696; x_wconf 82' lang='lat' dir='ltr'><strong>vin—</strong></span> 
     </span>
    </p>
   </div>
   <div class='ocr_carea' id='block_1_69' title="bbox 482 4733 2076 4805">
    <p class='ocr_par' dir='ltr' id='par_1_69' title="bbox 482 4733 2076 4805">
     <span class='ocr_line' id='line_1_70' title="bbox 482 4733 2076 4805; baseline 0.003 -16"><span class='ocrx_word' id='word_1_685' title='bbox 482 4733 637 4803; x_wconf 86' lang='lat' dir='ltr'><strong>cujus</strong></span> <span class='ocrx_word' id='word_1_686' title='bbox 677 4734 1024 4790; x_wconf 89' lang='lat' dir='ltr'><strong>matrimonio</strong></span> <span class='ocrx_word' id='word_1_687' title='bbox 1051 4742 1324 4805; x_wconf 86' lang='lat' dir='ltr'><strong>assumpta</strong></span> <span class='ocrx_word' id='word_1_688' title='bbox 1359 4751 1496 4791; x_wconf 80' lang='lat' dir='ltr'><strong>uxor</strong></span> <span class='ocrx_word' id='word_1_689' title='bbox 1523 4746 1823 4792; x_wconf 86' lang='lat' dir='ltr'><strong>commater</strong></span> <span class='ocrx_word' id='word_1_690' title='bbox 1847 4754 1968 4794; x_wconf 89' lang='lat' dir='ltr'><strong>esse</strong></span> <span class='ocrx_word' id='word_1_691' title='bbox 1995 4741 2076 4794; x_wconf 90' lang='lat' dir='ltr'><strong>vi-</strong></span> 
     </span>
    </p>
   </div>
   <div class='ocr_carea' id='block_1_70' title="bbox 484 4823 729 4881">
    <p class='ocr_par' dir='ltr' id='par_1_70' title="bbox 484 4823 729 4881">
     <span class='ocr_line' id='line_1_71' title="bbox 484 4823 729 4881; baseline -0.004 -1"><span class='ocrx_word' id='word_1_692' title='bbox 484 4823 729 4881; x_wconf 74' lang='lat' dir='ltr'><strong>dabatur.</strong></span> 
     </span>
    </p>
   </div>
   <div class='ocr_carea' id='block_1_71' title="bbox 558 4913 2075 4994">
    <p class='ocr_par' dir='ltr' id='par_1_71' title="bbox 558 4913 2075 4994">
     <span class='ocr_line' id='line_1_72' title="bbox 558 4913 2075 4994; baseline 0.009 -26"><span class='ocrx_word' id='word_1_693' title='bbox 558 4913 624 4968; x_wconf 74' lang='grc' dir='ltr'><strong>ν.</strong></span> <span class='ocrx_word' id='word_1_694' title='bbox 659 4918 765 4986; x_wconf 77' lang='grc'><strong>(55,</strong></span> <span class='ocrx_word' id='word_1_695' title='bbox 799 4935 854 4989; x_wconf 93' lang='lat' dir='ltr'><strong>q.</strong></span> <span class='ocrx_word' id='word_1_696' title='bbox 885 4917 940 4985; x_wconf 71' lang='lat'><strong>2,</strong></span> <span class='ocrx_word' id='word_1_697' title='bbox 973 4919 1033 4975; x_wconf 86' lang='lat' dir='ltr'><strong>Si</strong></span> <span class='ocrx_word' id='word_1_698' title='bbox 1059 4921 1219 4994; x_wconf 82' lang='lat' dir='ltr'><strong>quis.)</strong></span> <span class='ocrx_word' id='word_1_699' title='bbox 1253 4921 1307 4977; x_wconf 92' lang='lat' dir='ltr'><strong>Si</strong></span> <span class='ocrx_word' id='word_1_700' title='bbox 1339 4923 1460 4992; x_wconf 90' lang='lat' dir='ltr'><strong>quis</strong></span> <span class='ocrx_word' id='word_1_701' title='bbox 1487 4938 1608 4977; x_wconf 88' lang='lat' dir='ltr'><strong>cum</strong></span> <span class='ocrx_word' id='word_1_702' title='bbox 1640 4932 1812 4980; x_wconf 90' lang='lat' dir='ltr'><strong>matre</strong></span> <span class='ocrx_word' id='word_1_703' title='bbox 1837 4923 2075 4982; x_wconf 88' lang='lat' dir='ltr'><strong>fornica-</strong></span> 
     </span>
    </p>
   </div>
   <div class='ocr_carea' id='block_1_72' title="bbox 486 5007 2076 5088">
    <p class='ocr_par' dir='ltr' id='par_1_72' title="bbox 486 5007 2076 5088">
     <span class='ocr_line' id='line_1_73' title="bbox 486 5007 2076 5088; baseline 0.011 -29"><span class='ocrx_word' id='word_1_704' title='bbox 486 5017 576 5061; x_wconf 89' lang='lat' dir='ltr'><strong>tus</strong></span> <span class='ocrx_word' id='word_1_705' title='bbox 608 5007 768 5064; x_wconf 88' lang='lat' dir='ltr'><strong>fuerit</strong></span> <span class='ocrx_word' id='word_1_706' title='bbox 796 5013 1062 5080; x_wconf 89' lang='lat' dir='ltr'><strong>spirituali</strong></span> <span class='ocrx_word' id='word_1_707' title='bbox 1087 5055 1102 5080; x_wconf 92' lang='lat'><strong>,</strong></span> <span class='ocrx_word' id='word_1_708' title='bbox 1137 5016 1522 5081; x_wconf 85' lang='lat' dir='ltr'><strong>anathematis,</strong></span> <span class='ocrx_word' id='word_1_709' title='bbox 1554 5025 1614 5072; x_wconf 89' lang='lat' dir='ltr'><strong>ut</strong></span> <span class='ocrx_word' id='word_1_710' title='bbox 1639 5017 1806 5084; x_wconf 91' lang='lat' dir='ltr'><strong>scitis,</strong></span> <span class='ocrx_word' id='word_1_711' title='bbox 1838 5022 2076 5088; x_wconf 89' lang='lat' dir='ltr'><strong>percuti-</strong></span> 
     </span>
    </p>
   </div>
   <div class='ocr_carea' id='block_1_73' title="bbox 2183 4734 3776 4808">
    <p class='ocr_par' dir='ltr' id='par_1_73' title="bbox 2183 4734 3776 4808">
     <span class='ocr_line' id='line_1_74' title="bbox 2183 4734 3776 4808; baseline -0.002 -18"><span class='ocrx_word' id='word_1_712' title='bbox 2183 4737 2303 4791; x_wconf 91' lang='lat' dir='ltr'><strong>culo</strong></span> <span class='ocrx_word' id='word_1_713' title='bbox 2341 4735 2635 4803; x_wconf 87' lang='lat' dir='ltr'><strong>feriantur,</strong></span> <span class='ocrx_word' id='word_1_714' title='bbox 2681 4738 2784 4793; x_wconf 90' lang='lat' dir='ltr'><strong>nisi</strong></span> <span class='ocrx_word' id='word_1_715' title='bbox 2829 4739 2990 4808; x_wconf 82' lang='lat' dir='ltr'><strong>digne</strong></span> <span class='ocrx_word' id='word_1_716' title='bbox 3033 4736 3459 4792; x_wconf 84' lang='lat' dir='ltr'><strong>emendaverint.</strong></span> <span class='ocrx_word' id='word_1_717' title='bbox 3492 4734 3604 4788; x_wconf 82' lang='lat' dir='ltr'><strong>Pax</strong></span> <span class='ocrx_word' id='word_1_718' title='bbox 3648 4749 3776 4788; x_wconf 81' lang='lat' dir='ltr'><strong>vero</strong></span> 
     </span>
    </p>
   </div>
   <div class='ocr_carea' id='block_1_74' title="bbox 2185 4825 3778 4899">
    <p class='ocr_par' dir='ltr' id='par_1_74' title="bbox 2185 4825 3778 4899">
     <span class='ocr_line' id='line_1_75' title="bbox 2185 4825 3778 4899; baseline -0.002 -18"><span class='ocrx_word' id='word_1_719' title='bbox 2185 4828 2296 4894; x_wconf 88' lang='lat' dir='ltr'><strong>illa,</strong></span> <span class='ocrx_word' id='word_1_720' title='bbox 2324 4844 2486 4899; x_wconf 88' lang='lat' dir='ltr'><strong>quam</strong></span> <span class='ocrx_word' id='word_1_721' title='bbox 2516 4843 2541 4870; x_wconf 76' lang='grc' dir='ltr'><strong>ει</strong></span> <span class='ocrx_word' id='word_1_722' title='bbox 2575 4837 2818 4899; x_wconf 83' lang='lat' dir='ltr'><strong>treguam</strong></span> <span class='ocrx_word' id='word_1_723' title='bbox 2850 4829 2946 4885; x_wconf 90' lang='lat' dir='ltr'><strong>Dei</strong></span> <span class='ocrx_word' id='word_1_724' title='bbox 2971 4829 3224 4895; x_wconf 86' lang='lat' dir='ltr'><strong>dicimus,</strong></span> <span class='ocrx_word' id='word_1_725' title='bbox 3263 4827 3494 4883; x_wconf 88' lang='lat' dir='ltr'><strong>ﬁdeliter</strong></span> <span class='ocrx_word' id='word_1_726' title='bbox 3517 4825 3778 4880; x_wconf 86' lang='lat' dir='ltr'><strong>observe-</strong></span> 
     </span>
    </p>
   </div>
   <div class='ocr_carea' id='block_1_75' title="bbox 2189 4917 3778 4992">
    <p class='ocr_par' dir='ltr' id='par_1_75' title="bbox 2189 4917 3778 4992">
     <span class='ocr_line' id='line_1_76' title="bbox 2189 4917 3778 4992; baseline -0.001 -19"><span class='ocrx_word' id='word_1_727' title='bbox 2189 4929 2294 4986; x_wconf 91' lang='lat' dir='ltr'><strong>tur,</strong></span> <span class='ocrx_word' id='word_1_728' title='bbox 2327 4920 2467 4976; x_wconf 89' lang='lat' dir='ltr'><strong>sicut</strong></span> <span class='ocrx_word' id='word_1_729' title='bbox 2496 4922 2563 4976; x_wconf 93' lang='lat' dir='ltr'><strong>ab</strong></span> <span class='ocrx_word' id='word_1_730' title='bbox 2595 4921 3023 4992; x_wconf 89' lang='lat' dir='ltr'><strong>archiepiscopis</strong></span> <span class='ocrx_word' id='word_1_731' title='bbox 3051 4928 3106 4976; x_wconf 89' lang='lat' dir='ltr'><strong>et</strong></span> <span class='ocrx_word' id='word_1_732' title='bbox 3135 4919 3404 4990; x_wconf 80' lang='lat' dir='ltr'><strong>episcOpis</strong></span> <span class='ocrx_word' id='word_1_733' title='bbox 3432 4917 3778 4986; x_wconf 83' lang='lat' dir='ltr'><strong>uniuscujus-</strong></span> 
     </span>
    </p>
   </div>
   <div class='ocr_carea' id='block_1_76' title="bbox 2185 5007 3779 5082">
    <p class='ocr_par' dir='ltr' id='par_1_76' title="bbox 2185 5007 3779 5082">
     <span class='ocr_line' id='line_1_77' title="bbox 2185 5007 3779 5082; baseline -0.002 -16"><span class='ocrx_word' id='word_1_734' title='bbox 2185 5027 2289 5081; x_wconf 89' lang='lat' dir='ltr'><strong>que</strong></span> <span class='ocrx_word' id='word_1_735' title='bbox 2316 5013 2607 5082; x_wconf 63' lang='lat' dir='ltr'><strong>provinciae</strong></span> <span class='ocrx_word' id='word_1_736' title='bbox 2635 5015 2928 5070; x_wconf 89' lang='lat' dir='ltr'><strong>constituta</strong></span> <span class='ocrx_word' id='word_1_737' title='bbox 2956 5021 3061 5069; x_wconf 87' lang='lat' dir='ltr'><strong>est.</strong></span> <span class='ocrx_word' id='word_1_738' title='bbox 3093 5013 3195 5081; x_wconf 88' lang='lat' dir='ltr'><strong>Qui</strong></span> <span class='ocrx_word' id='word_1_739' title='bbox 3237 5021 3418 5068; x_wconf 88' lang='lat' dir='ltr'><strong>autem</strong></span> <span class='ocrx_word' id='word_1_740' title='bbox 3444 5026 3568 5068; x_wconf 88' lang='lat' dir='ltr'><strong>eam</strong></span> <span class='ocrx_word' id='word_1_741' title='bbox 3609 5007 3779 5066; x_wconf 54' lang='lat' dir='ltr'><strong>intre.</strong></span> 
     </span>
    </p>
   </div>
   <div class='ocr_carea' id='block_1_77' title="bbox 488 5100 3206 5192">
    <p class='ocr_par' dir='ltr' id='par_1_77' title="bbox 488 5100 3206 5192">
     <span class='ocr_line' id='line_1_78' title="bbox 488 5100 3206 5192; baseline 0.006 -39"><span class='ocrx_word' id='word_1_742' title='bbox 488 5107 578 5155; x_wconf 90' lang='lat' dir='ltr'><strong>tur</strong></span> <span class='ocrx_word' id='word_1_743' title='bbox 603 5100 817 5156; x_wconf 86' lang='lat' dir='ltr'><strong>ictibus.</strong></span> <span class='ocrx_word' id='word_1_744' title='bbox 868 5103 1128 5161; x_wconf 89' lang='lat' dir='ltr'><strong>Similiter</strong></span> <span class='ocrx_word' id='word_1_745' title='bbox 1165 5115 1222 5160; x_wconf 92' lang='lat' dir='ltr'><strong>et</strong></span> <span class='ocrx_word' id='word_1_746' title='bbox 1262 5106 1411 5162; x_wconf 91' lang='lat' dir='ltr'><strong>illum</strong></span> <span class='ocrx_word' id='word_1_747' title='bbox 1441 5117 1727 5177; x_wconf 88' lang='lat' dir='ltr'><strong>percutere</strong></span> <span class='ocrx_word' id='word_1_748' title='bbox 1766 5113 2078 5184; x_wconf 83' lang='lat' dir='ltr'><strong>promulga-</strong></span> <span class='ocrx_word' id='word_1_749' title='bbox 2147 5187 2154 5192; x_wconf 23' lang='grc' dir='ltr'><strong>ι</strong></span> <span class='ocrx_word' id='word_1_750' title='bbox 2184 5105 2322 5175; x_wconf 68' lang='lat' dir='ltr'><strong>gerit</strong></span> <span class='ocrx_word' id='word_1_751' title='bbox 2350 5106 2898 5162; x_wconf 74' lang='lat' dir='ltr'><strong>excommllllicalioni</strong></span> <span class='ocrx_word' id='word_1_752' title='bbox 2927 5106 3206 5163; x_wconf 67' lang='lat' dir='ltr'><strong>subdatur-</strong></span> 
     </span>
    </p>
   </div>
   <div class='ocr_carea' id='block_1_78' title="bbox 557 5237 1596 5316">
    <p class='ocr_par' dir='ltr' id='par_1_78' title="bbox 557 5237 1596 5316">
     <span class='ocr_line' id='line_1_79' title="bbox 557 5237 1596 5316; baseline 0.009 -24"><span class='ocrx_word' id='word_1_753' title='bbox 557 5247 590 5282; x_wconf 75' lang='grc' dir='ltr'><strong>ι</strong></span> <span class='ocrx_word' id='word_1_754' title='bbox 626 5237 755 5294; x_wconf 65' lang='lat' dir='ltr'><strong>Hoc</strong></span> <span class='ocrx_word' id='word_1_755' title='bbox 787 5254 894 5295; x_wconf 91' lang='lat' dir='ltr'><strong>non</strong></span> <span class='ocrx_word' id='word_1_756' title='bbox 928 5244 1177 5302; x_wconf 83' lang='lat' dir='ltr'><strong>videntur</strong></span> <span class='ocrx_word' id='word_1_757' title='bbox 1213 5244 1369 5316; x_wconf 89' lang='lat' dir='ltr'><strong>huius</strong></span> <span class='ocrx_word' id='word_1_758' title='bbox 1403 5248 1596 5303; x_wconf 65' lang='lat' dir='ltr'><strong>aetatis.</strong></span> 
     </span>
    </p>
   </div>
  </div>
