2030 3169
243 154 256 180 Ι
261 152 311 180 207

556 151 602 178 AD
622 150 809 178 EPISTOLAS
827 150 870 177 ΕΤ
891 149 1050 177 DECRETA
1070 150 1204 178 NICOIAI
1225 150 1326 178 ΡΑΡᾹΞ
1347 151 1358 178 l
1377 149 1559 178 APPENDIX.

1819 148 1900 175 19.03

245 211 303 237 dies
317 208 403 244 prima
419 207 575 244 Azimoruni
590 207 639 244 fuit
652 216 666 244 a
679 215 790 244 vespera
805 207 951 244 incipiens.
961 207 1031 244 Qua-
1045 210 1070 240 A
1084 208 1409 244 intelligendordisciplina
1426 208 1565 244 ﬁrmetur.
1577 218 1585 234 )
1612 207 1690 244 Unde
1702 211 1731 235 et
1742 207 1825 244 inter
1841 206 1898 244 aii:

243 242 354 279 propter
365 248 392 271 et
402 244 458 279 ipsa
471 242 669 279 sextaSabbati
681 247 754 279 recte
765 243 909 277 deputatur
917 242 1029 279 jejunio.

243 277 349 314 Ilejtinia
360 277 459 314 quippe
472 278 650 306 humilitatem
666 277 829 314 signiﬁcant,
845 282 893 314 ut:
910 277 1034 304 humilia-

244 312 304 342 fnim
312 312 415 349 jejunio
426 312 543 349 animam
557 321 652 340 meam.
669 312 795 347 Sequitur
809 313 968 349 Sabbatum,
982 320 1034 349 quo

216 382 218 384 τ
245 350 289 377 die
312 347 377 377 caro
391 349 490 377 Christi
506 348 533 375 in
557 352 733 376 monumento
743 347 986 384 rrequievitLSicut
1006 347 1034 384 in

245 384 341 420 primis
364 384 490 420 operibus
512 383 761 420 mundi__requievit
781 384 853 420 Deus
875 383 925 420 illo
943 383 987 410 die
1000 383 1035 420 ab

245 418 369 447 omnibus
382 418 508 454 operibus
525 419 591 446 suis.
608 418 676 454 llinc
687 422 781 446 exorta
793 423 834 446 est
847 419 898 445 ista
920 418 946 445 in
961 418 1034 454 regia

246 456 289 482 illa
313 453 546 486 veste’varietas,
582 458 610 480 ut
631 453 676 480 alii
702 454 770 480 sicut
796 453 913 480 maxime
944 453 1033 487 populi

245 490 361 518 Orientis
381 493 491 524 propter
505 489 607 523 requiei
625 488 833 524 signiﬁcantium
848 489 951 515 malunt
965 488 1035 524 rela-

244 525 309 566 xari.
322 523 453 566 jejunium
464 545 471 557 ,
484 524 539 566 ‘alii
553 523 664 566 μοριεὲ
678 523 856 566 humilitatem
870 524 966 566 In‘ortis
982 523 1035 566 Do-

244 560 309 587 mini
321 558 455 595 jejunare,
469 560 539 587 sicut
553 558 673 586 Romana
688 564 716 586 et
726 559 860 595 nonnulla;
880 558 1034 595 Occidentis

244 595 388 627 Ecclesiae;
416 595 486 629 quod
502 595 609 629 quidem
623 602 678 622 uno
699 595 757 627 die,
779 602 832 628 quo
844 594 948 621 Pascha
964 594 1034 621 cele-

242 631 349 662 bratur,
373 635 483 664 propter
498 630 676 657 renovandam
700 630 739 657 rei
753 635 834 664 gestae
856 629 1013 656 memoriam
1025 649 1032 661 ,

243 667 305 700 quia
321 665 444 700 discipuli
457 665 612 692 humaniter
624 669 738 691 mortem
753 664 859 692 Domini
875 664 1032 700 doluerunt,

244 699 285 728 sic
297 701 332 728 ab
346 699 470 728 omnibus
480 699 628 734 jejunatur,
648 704 677 727 ut
690 700 772 727 etiam
786 700 823 726 illi
839 699 949 727 Sabbati
961 699 1032 734 jeju-

243 737 317 763 nium
331 736 505 763 dcvolissitne
517 736 669 768 celebrent,
697 735 743 769 qui
764 735 870 763 caeteris
886 742 934 768 per
947 738 1033 761 totum

243 779 344 798 annum
357 771 482 798 Sabbatis
497 771 640 806 prandent,
654 776 798 804 utrumque
813 770 939 806 videlicet
951 770 1033 805 signi-

244 807 356 834 ﬁcantes
365 827 372 838 ,
397 811 424 833 et
436 807 462 833 in
476 804 531 834 uno
545 806 730 833 anniversario
743 806 786 833 die
800 805 902 833 luctum
914 804 1032 839 discipu—

243 841 346 874 lorum,
383 846 409 868 et
430 841 535 876 ueteris
558 840 685 869 Sabbatis
707 841 806 876 quietis
828 840 938 867 bonum.
963 840 1030 867 Nam

1084 242 1178 271 beatus
1199 243 1395 278 ait'Gregorius
1419 244 1528 277 (homit.
1556 243 1630 271 16in
1644 242 1788 276 Evang.):
1817 251 1829 278 ε
1853 242 1899 278 {ib

1063 278 1066 281 ’
1084 279 1196 306 exordio
1218 276 1317 306 etenim
1343 279 1562 314 Quadragesimm
1584 285 1669 312 usque
1690 278 1723 314 ad
1742 276 1900 311 paschalis

1085 314 1263 341 solemnitatis
1286 315 1382 349 gaudia
1403 313 1640 342 sex'hebdomadaz
1659 313 1787 349 veniunt,
1819 319 1897 346 qua-

1085 358 1144 376 rum
1167 347 1298 377 videlicet
1314 349 1372 376 dies
1395 350 1573 384 quadraginta
1600 353 1628 375 et
1651 349 1703 375 duo
1729 347 1824 384 ﬁunt2
1860 354 1896 373 ex

1086 385 1183 419 quibus
1199 385 1262 412 dum
1278 392 1325 411 sex
1340 382 1520 413 dies'Domini
1536 384 1697 412 abstinentia
1712 382 1897 419 subtrahun-

1085 418 1139 451 tur,
1154 427 1208 447 non
1220 419 1281 454 plus
1298 420 1324 446 in
1340 420 1511 451 abstinentia,
1538 427 1619 455 quam
1631 419 1741 454 triginta
1760 425 1811 444 sex
1829 418 1896 455 dies

1087 453 1235 482 remanent.
1271 456 1338 482 Dum
1363 463 1427 482 vero
1451 463 1500 489 per
1521 453 1657 483 trecentos
1672 453 1713 481 ret
1736 453 1894 489 sexaginta

1085 491 1203 524 quinque
1214 490 1271 517 dies
1284 498 1370 517 annus
1385 488 1502 522 ducitur,
1515 498 1564 517 nos
1575 498 1624 524 per
1638 489 1747 523 triginta
1763 495 1813 515 sex
1829 488 1895 515 dies

1085 524 1239 566 alliigimur.
1256 525 1333 559 quasi
1342 525 1413 566 _ann_i
1437 526 1521 552 nostri
1539 526 1659 566 decimas
1673 524 1862 566 Deondan'ms.
1881 533 1890 548 ι

1086 559 1184 595 Typice
1197 567 1262 595 ergo
1279 560 1457 595 quadraginta
1479 565 1507 588 et
1530 560 1597 588 duos
1611 560 1668 587 dies
1680 560 1707 586 in
1723 559 1893 595 Quadi-age:

1085 593 1152 622 siina
1166 593 1311 627 habemus,
1339 593 1467 630 quoniam
1493 600 1532 623 tot
1555 596 1710 630 mansiones
1734 594 1785 621 ﬁlii
1799 593 1891 620 Israel

1085 630 1247 662 habuerunt,
1264 631 1309 665 qui
1321 629 1452 665 baptizati
1468 636 1530 658 sunt
1546 631 1573 658 in
1588 629 1655 657 niari
1672 630 1778 661 Rubro,
1793 636 1889 663 quan-

1085 666 1120 692 do
1134 666 1261 693 exierunt
1274 666 1307 693 de
1320 670 1389 692 terra
1406 665 1515 701 Egypti
1525 686 1532 697 ,
1561 665 1595 692 de
1607 666 1672 693 dura
1686 665 1822 692 servitute
1834 668 1890 701 ,_et

1084 705 1264 735 pervenerunt
1285 701 1318 728 ad
1352 699 1711 736 terram'repromissionis;
1732 699 1888 736 rtot_en_ir_n

1085 734 1272 770 generationes
1295 741 1357 763 sunt
1370 736 1447 763 seriae
1473 734 1573 763 Christi
1589 744 1649 763 cum
1672 734 1818 770 hiethoxia
1842 734 1889 760 bis

1085 769 1238 805 computato
1247 776 1275 798 et
1286 772 1380 799 eodem
1393 771 1510 799 Christo.
1526 771 1622 798 Merito
1632 771 1677 806 qui
1692 771 1726 797 ad
1738 769 1888 797 etelestem

1086 807 1200 840 patriam
1225 807 1340 833 tendunt
1363 807 1457 834 eodem
1482 814 1595 834 numero
1617 806 1791 833 mansionum
1808 809 1886 831 sata~

1084 846 1161 875 gunt,
1177 849 1231 876 quo
1246 841 1292 869 ﬁlii
1306 842 1389 869 Israel
1402 842 1435 869 ad
1451 846 1550 869 terram
1564 841 1785 876 repromissionis
1799 847 1888 876 vene-

241 877 423 913 venerandus
435 875 593 913 Ambrosius
603 897 610 909 ,
626 884 696 913 cum
709 875 742 913 de
755 876 807 913 hac
819 883 905 913 causa
919 876 1034 913 interro—
1048 883 1072 913 Β
1085 882 1166 913 runt;
1186 875 1220 904 iet
1240 877 1337 913 merito
1356 878 1401 912 qui
1415 877 1448 904 ad
1459 875 1602 905 Christum,
1612 880 1753 913 transeunt
1767 882 1820 910 per
1833 875 1885 901 ba-

242 917 361 947 garetur,
379 921 388 937 ‹
408 911 477 945 Quid
493 919 610 945 possum,
625 912 720 947 inquit,
736 911 798 938 hinc
811 912 908 938 docere
919 911 1033 947 amplius

243 946 324 981 Quam
341 947 397 982 ipse
411 946 498 974 l‘acio‘?
507 947 620 980 Quando
633 946 775 982 Mediolani
792 954 861 982 sum,
871 953 929 982 non
941 946 1034 982 jejuno

244 981 373 1014 Sabbato,
392 982 499 1017 quando
512 982 605 1009 Roma:
618 989 694 1014 sum,
708 981 801 1016 jejuno
815 981 943 1014 Sabbato,
960 986 988 1008 et
1000 981 1034 1008 ad

242 1016 430 1051 quamcunque
450 1017 599 1044 Ecclesiam
625 1017 763 1049 veneritis,
779 1016 879 1051 inquit,
905 1016 962 1051 ejus
977 1024 1035 1044 mo-

242 1060 299 1079 rem
314 1056 431 1084 servate,
445 1052 468 1079 si
482 1052 538 1086 pati
549 1052 704 1079 scandalum
717 1060 770 1079 non
785 1052 865 1078 vultis
876 1057 923 1078 aut
935 1052 1033 1079 facere.

244 1087 296 1114 Sed
319 1087 453 1121 quomodo
469 1087 600 1121 contingit
611 1091 641 1113 ut
656 1087 682 1113 in
696 1095 750 1113 una
764 1086 882 1113 Ecclesia
895 1087 936 1113 vel
954 1087 1034 1113 unius

188 1120 193 1125 “
242 1120 361 1157 regionis
376 1122 502 1149 Ecclesia:
526 1120 592 1149 alios
608 1121 707 1149 habent
721 1120 839 1149 Sabbato
853 1122 1032 1156 prandentes,

241 1158 308 1184 alios
318 1157 482 1192 jejunantes,
495 1164 553 1184 mos
563 1164 656 1184 eorum
669 1157 733 1184 mihi
747 1157 901 1191 sequendus
916 1157 1033 1189 videtur,

242 1193 340 1232 quibus
364 1192 518 1220 eorumdem
542 1192 701 1227 populorum
719 1192 894 1226 c0ngregatio
918 1193 1033 1226 regenda

241 1235 384 1255 commissa
398 1233 449 1255 85L
465 1238 474 1253 ι

276 1262 432 1295 Postremo,
456 1267 485 1290 ut
509 1263 547 1289 nil
570 1263 736 1297 inexpletum
757 1266 898 1290 remaneat
920 1263 991 1290 unde
1006 1263 1033 1290 in

242 1303 337 1325 exorta
352 1298 469 1332 quaerela
482 1298 553 1325 ratio
568 1298 684 1325 titubare
705 1302 801 1332 queat,
827 1298 1032 1325 monstrandum

242 1338 285 1362 est
300 1341 360 1368 quae
383 1334 437 1360 sint
456 1338 576 1368 tempora
597 1332 693 1368 jejunii
716 1332 854 1361 aChristo
875 1340 908 1360 ex
933 1333 992 1368 lege
1006 1337 1034 1360 et

241 1369 380 1404 prophetis
392 1369 520 1396 divinitus
535 1368 696 1396 Christianis
714 1368 748 1395 ad
761 1368 959 1396 observandum
969 1376 1034 1404 osan-

241 1403 309 1436 cita,
336 1409 366 1431 ut
390 1404 416 1431 in
439 1404 566 1432 omnibus
578 1412 627 1436 pro
645 1403 790 1432 concordia
814 1411 909 1431 onmes
923 1403 1032 1430 satisfa-

240 1440 356 1467 ctionem
382 1443 454 1466 recte
475 1444 503 1467 et
523 1438 644 1474 legaliter
667 1440 795 1467 habeant.
819 1438 985 1473 Augustinus
1006 1439 1032 1466 in

240 1475 311 1502 libro
324 1475 411 1509 primo
422 1474 455 1502 ad
468 1475 629 1509 qumstiones
640 1474 762 1503 Januarii
775 1483 781 1501 :
799 1483 807 1499 ι
822 1474 1033 1509 Quadragesima

242 1518 309 1538 sane
329 1509 493 1544 jejuniorum
508 1510 588 1537 habet
598 1510 788 1538 auctoritatem
803 1514 831 1537 et
851 1510 877 1536 in
895 1510 1033 1537 veteribus

240 1544 318 1573 libris
339 1553 372 1573 ex
392 1545 495 1579 jejunio
518 1545 616 1580 Moysis
638 1550 664 1573 et
682 1545 748 1572 ElltB
771 1549 799 1572 et
816 1552 851 1572 ex
870 1544 1031 1580 Evangelio,

240 1581 303 1615 quia
316 1581 426 1608 totidem
442 1580 537 1608 diebus
551 1581 680 1608 Dominus
687 1580 826 1614 jejunavit,
843 1580 1032 1608 demonstrans

242 1615 418 1650 Evangelium
433 1622 486 1642 non
499 1616 643 1643 dissentire
657 1624 672 1642 a
686 1616 744 1650 lege
757 1620 786 1642 et
797 1615 946 1649 prophetis.
962 1615 1033 1642 inter

240 1658 309 1685 quos
322 1649 357 1676 ’in
383 1654 475 1676 monte
490 1649 631 1685 gloriosus
657 1649 798 1685 apparuit,
831 1655 865 1685 ui
883 1649 1033 1677 evidentius

241 1684 383 1718 cmineret,
396 1684 467 1719 quod
481 1684 514 1711 de
526 1684 572 1712 illo
586 1685 649 1713 dicit
661 1684 808 1719 Apostolus
821 1693 828 1711 :
845 1684 1033 1711 Testimonium

240 1720 337 1747 habens
362 1729 378 1747 a
400 1720 454 1755 lege
476 1724 500 1746 et
516 1720 657 1755 prophetis.
683 1720 710 1747 In
734 1728 786 1754 qua
801 1727 865 1755 ergo
878 1724 955 1754 parte
969 1721 1033 1747 anni

240 1755 434 1790 congruentius
447 1755 602 1791 observatio
615 1755 832 1791 Quadragesima:
850 1755 1032 1782 constituere-

242 1796 293 1823 tur,
320 1791 372 1818 nisi
396 1790 511 1818 confinis
533 1795 614 1825 atque
630 1790 755 1825 contigua
772 1790 918 1818 Dominicaa
931 1790 1034 1824 passio-

242 1827 294 1857 nis,
311 1827 374 1861 quia
398 1826 426 1853 in
441 1833 472 1852 ea
488 1825 658 1860 signiﬁcatur
671 1827 729 1853 haec
748 1825 803 1852 vita
818 1825 952 1853 laboriosa
963 1845 970 1858 ,
990 1826 1033 1852 cui

239 1869 308 1896 opus
322 1860 372 1888 est
396 1861 578 1893 continentia,
592 1865 623 1887 ut
646 1861 680 1887 ab
703 1860 787 1896 ipsius
800 1860 1034 1896 imundiramicitia

236 1895 384 1931 jejunetur,
400 1904 460 1931 qua:
474 1896 566 1930 utique
580 1896 713 1923 fallaciter
726 1895 841 1922 blandiri
856 1900 883 1922 et
895 1895 1033 1922 illecebra-

240 1930 298 1959 rum
313 1931 389 1959 fucos
405 1930 637 1966 circumspargere
652 1936 734 1965 atque
746 1930 849 1958 lactare
863 1938 917 1958 non
932 1935 1031 1958 cessat.

238 1967 358 1994 Numero
370 1971 459 1993 autem
472 1966 688 2001 quadragenario
700 1966 783 1993 vitam
795 1966 874 1993 istam
889 1970 1032 2001 propterea

239 2002 348 2037 ﬁgurari
362 2001 481 2029 arbitror
493 2021 500 2033 ,
514 2000 725 2036 quiadenarius,
741 2001 766 2029 in
781 2008 835 2035 quo
847 2000 1033 2037 est’perfectio

240 2037 418 2064 beatitudinis
429 2040 539 2069 nostrae,
555 2037 657 2064 sicutin
673 2037 824 2069 octonario,
840 2037 902 2071 quia
915 2036 984 2063 redit
998 2036 1032 2065 ad

240 2072 369 2107 primum,
386 2071 422 2098 ita
437 2072 463 2098 in
476 2072 527 2099 hoc
539 2072 604 2099 mihi
621 2072 726 2100 videtur
738 2072 864 2106 exprimi,
877 2071 941 2106 quia
955 2079 1032 2100 crea-

241 2113 300 2135 tura
313 2128 320 2140 ,
336 2114 396 2141 quae
409 2107 563 2142 septenario
574 2107 705 2141 ﬁguratur
720 2107 839 2134 adhaeret
851 2107 986 2139 creatori,
1005 2107 1031 2134 in

239 2151 294 2178 quo
305 2143 460 2178 declaratur
472 2143 561 2170 unitas
572 2141 712 2170 Trinitatis
724 2149 774 2177 per
784 2142 937 2170 universum
954 2150 1032 2169 mun-

238 2180 302 2205 dum
322 2177 505 2212 temporaliter
522 2178 705 2213 annuntianda
719 2186 726 2205 :
742 2178 789 2213 qui
810 2178 927 2205 mundus
948 2178 1030 2205 etiam

239 2222 254 2241 a
269 2218 387 2249 quatuor
409 2214 497 2241 ventis
512 2212 656 2241 delimatur
676 2217 703 2240 et
721 2221 737 2240 a
749 2212 867 2248 quatuor
889 2213 1030 2241 elementis

1085 912 1213 946 ptismum
1224 933 1231 945 ,
1254 912 1348 940 eodem
1364 911 1477 940 numero
1493 913 1526 940 ad
1549 920 1611 939 eum
1624 911 1805 946 perveniunt,
1829 917 1887 943 quo

1084 947 1209 975 Christus
1232 948 1264 975 ad
1287 955 1336 975 nos
1359 948 1451 976 venire
1474 948 1600 983 dignatus
1614 946 1768 983 estitsicut
1784 946 1888 983 beatus

1086 983 1269 1018 Hieronymus
1287 983 1326 1010 ait
1346 983 1373 1010 in
1389 983 1458 1010 libro
1471 980 1639 1010 Mansionum
1652 980 1886 1018 ﬁliorumulsrael

1085 1018 1170 1053 (epist.
1186 1016 1221 1045 ad
1245 1017 1418 1052 Fabiolam):
1439 1028 1447 1044 ι
1463 1017 1518 1046 Nec
1529 1018 1638 1050 mirum,
1661 1017 1708 1045 sed
1724 1017 1752 1043 in
1769 1016 1818 1053 illo
1832 1023 1886 1041 nu-

1085 1051 1160 1080 inero
1185 1053 1348 1080 sacramenti
1372 1051 1561 1088 perveniamus
1584 1053 1618 1080 ad
1632 1060 1713 1087 regna
1728 1051 1884 1088 caelorum.

1085 1089 1134 1115 sub
1150 1096 1203 1123 quo
1218 1088 1347 1116 Dominus
1360 1086 1440 1123 alque
1456 1088 1575 1116 salvator
1588 1096 1604 1115 a
1616 1086 1705 1123 primo
1719 1086 1884 1123 patriarcha

1084 1122 1212 1159 pervenit
1229 1123 1262 1150 ad
1278 1122 1408 1159 virginem
1421 1124 1497 1158 quasi
1516 1124 1549 1151 ad
1562 1122 1707 1159 Jordanem
1723 1130 1785 1159 quae
1801 1122 1885 1156 pleno

1084 1160 1188 1199 gurgite
1202 1158 1287 1199 [luens
1299 1157 1416 1199 Spiritus
1431 1157 1519 1199 sancti
1532 1159 1625 1199 gratiis
1639 1157 1824 1199 reduiidabat.
1842 1167 1851 1182 ι

1119 1192 1202 1228 Igitur
1218 1194 1269 1221 hoc
1282 1192 1515 1229 quadragesimale
1536 1192 1668 1228 ieiunium
1691 1200 1706 1219 a
1727 1192 1843 1220 Christo
1856 1196 1883 1217 et

1084 1230 1186 1256 sanctis
1198 1230 1326 1264 apostolis
1337 1229 1414 1257 nobis
1427 1230 1554 1257 traditum
1571 1228 1730 1264 regulariter
1743 1232 1881 1257 tenemus,

1084 1268 1112 1291 et
1135 1269 1232 1292 cancro
1245 1263 1345 1299 jejunia
1355 1285 1362 1296 ,
1386 1273 1446 1299 qua:
1460 1272 1475 1291 a
1497 1263 1702 1299 Septuagesima
1719 1268 1747 1290 et
1762 1266 1883 1299 quatuor

1084 1300 1146 1326 anni
1161 1297 1326 1327 exsolvimus
1341 1297 1461 1335 tempora
1475 1297 1572 1334 sponte
1586 1297 1613 1327 ei
1630 1299 1749 1335 humano
1764 1297 1882 1335 arbitrio

1085 1335 1199 1369 agimus,
1215 1342 1267 1363 non
1283 1333 1444 1362 auctoritate
1457 1333 1622 1370 evangelica.
1636 1334 1679 1362 vel
1691 1333 1881 1370 apostoiorum

1084 1367 1228 1406 doctrina;
1254 1370 1324 1398 unde
1345 1378 1439 1398 eorum
1469 1367 1643 1406 reprehensio
1666 1368 1745 1406 nobis
1766 1367 1881 1406 videtur

1084 1405 1194 1438 frivola,
1211 1405 1257 1440 qui
1279 1413 1329 1433 nos
1343 1403 1523 1439 redarguunt,
1548 1413 1597 1432 cur
1611 1409 1713 1439 septem
1728 1403 1879 1430 hebdoma-

1084 1441 1132 1468 das
1154 1449 1169 1468 a
1194 1441 1265 1468 casei
1279 1445 1307 1468 et
1325 1449 1437 1469 ovorum
1454 1448 1506 1468 non
1522 1440 1690 1468 abstinemus
1704 1446 1790 1466 carne
1815 1442 1880 1465 ante

1084 1475 1200 1503 Pascha.
1226 1475 1364 1510 Siquidem
1378 1481 1407 1503 ut
1427 1484 1480 1504 non
1503 1475 1733 1509 transgrediamur
1747 1473 1880 1510 terminos

1084 1519 1152 1546 quos
1167 1509 1314 1546 posuerunt
1330 1516 1421 1547 patres
1444 1511 1545 1543 nostri,
1571 1510 1651 1547 talem
1676 1509 1879 1547 observantiam

1086 1545 1112 1573 in
1138 1545 1189 1574 hoc
1213 1545 1356 1579 tenemus,
1379 1547 1486 1581 qualem
1512 1554 1527 1573 a
1552 1545 1654 1574 sanctis
1672 1545 1831 1572 doctoribus
1853 1547 1881 1571 et

1085 1581 1162 1615 sequi
1186 1582 1307 1609 videmus
1330 1586 1358 1609 et
1382 1582 1494 1613 docere.
1521 1586 1550 1609 ut
1573 1581 1765 1609 convenienter
1790 1583 1879 1607 totum

1085 1624 1184 1651 corpus
1198 1616 1334 1650 Ecelesitei
1346 1617 1372 1644 in
1398 1625 1450 1644 una
1467 1617 1575 1645 sibimet
1588 1616 1735 1645 concordet
1746 1615 1878 1643 observa-

1086 1652 1160 1679 tione
1173 1660 1180 1683 ;
1196 1651 1229 1678 de
1245 1652 1343 1679 talibus
1358 1652 1430 1679 enim
1443 1653 1480 1679 ait
1493 1651 1649 1687 Apostolus,
1660 1651 1706 1686 qui
1724 1654 1805 1678 extra
1818 1657 1879 1687 nio—

1086 1695 1142 1715 rem
1157 1686 1368 1715 ecclesiasticum
1387 1687 1509 1721 judicare
1519 1686 1713 1722 praesumunt,
1723 1692 1791 1722 “non
1805 1686 1878 1712 enim

1086 1722 1201 1756 amplius
1218 1723 1332 1758 invicem
1356 1721 1594 1758 judicetnus,’sed
1609 1723 1661 1749 hoc
1674 1721 1807 1758 judicate
1821 1728 1879 1747 ma—

1086 1758 1136 1793 gis,
1159 1765 1192 1784 ne
1206 1756 1314 1792 ponatis
1332 1757 1522 1785 oﬁendiculum
1538 1757 1616 1784 fratri
1639 1756 1683 1793 vel
1697 1756 1877 1787 scandalum;

1085 1792 1113 1819 et
1127 1793 1188 1819 licet
1207 1794 1258 1827 ipsi
1277 1794 1491 1828 reprehensores
1510 1801 1563 1820 non
1587 1792 1753 1826 intelligant,
1779 1797 1878 1828 novom

1085 1825 1299 1856 hebdomadibus
1309 1825 1378 1855 ’ante
1395 1829 1494 1863 pascha
1508 1828 1668 1856 exhibemus
1676 1825 1797 1863 hosne
1805 1825 1879 1853 dele-

1085 1863 1211 1903 ctationis
1235 1860 1486 1905 mortiﬁcationem,
1507 1870 1621 1905 quarum
1644 1860 1879 1905 hebdome

1084 1898 1200 1936 primani
1222 1906 1351 1936 vocamus
1364 1894 1596 1936 septuagesimaui
1612 1896 1759 1936 secundum
1773 1894 1879 1936 Sacra-

1085 1933 1279 1961 mentariorum
1293 1938 1320 1961 et
1334 1932 1522 1968 Antiphonarii
1538 1932 1731 1968 titillationern,
1754 1932 1878 1968 quaein-

1085 1969 1199 1996 choatur
1212 1969 1254 1996 die
1268 1966 1417 2000 Dominica,
1439 1973 1467 1996 et
1479 1969 1505 1996 in
1520 1969 1633 2002 septima
1649 1966 1761 2002 Sabbati
1782 1966 1878 2002 linitur

1083 2008 1145 2039 post
1157 2003 1281 2039 Pascha;
1310 2003 1400 2038 populi
1414 2004 1462 2031 Dei
1478 2000 1582 2039 tempus
1596 2001 1761 2039 captivitatis
1771 2000 1878 2039 signiti~

1084 2036 1139 2071 eat,
1158 2039 1203 2072 qui
1218 2039 1244 2067 in
1256 2036 1403 2074 Babylonia
1419 2036 1544 2067 detentus
1567 2043 1609 2066 est
1623 2036 1747 2074 captivos
1759 2036 1810 2064 sub
1822 2043 1876 2074 nu-

1084 2071 1387 2109 meroseptuagenario.
1403 2074 1479 2102 Unde
1494 2074 1624 2102 Jeremias
1637 2083 1643 2100 :
1657 2071 1773 2099 Perdant
1786 2079 1827 2109 es»
1838 2072 1876 2099 eis

1083 2118 1167 2136 vocem
1186 2107 1276 2143 gaudii
1290 2115 1312 2135 el
1326 2110 1433 2142 thitire,
1447 2115 1471 2137 et
1489 2110 1598 2137 servient
1613 2116 1701 2136 omne:
1714 2112 1802 2142 genus
1818 2107 1877 2143 ista

1083 2145 1136 2178 regi
1166 2141 1306 2179 Babylonis
1331 2141 1497 2180 septuaginta
1524 2145 1611 2171 annis.
1635 2141 1875 2180 Quapropter_illo

1083 2184 1204 2215 tempore
1217 2177 1325 2207 alleluia
1340 2177 1395 2207 non
1411 2177 1537 2207 cantatur
1551 2180 1621 2214 apud
1637 2187 1695 2209 nos,
1710 2177 1875 2215 ei_dulcissi-

1082 2212 1147 2251 mus
1156 2215 1272 2251 hymnus
1285 2215 1439 2251 angelorum
1455 2216 1545 2242 Gloria
1559 2212 1584 2241 in
1600 2214 1707 2251 excelsis
1724 2212 1874 2251 Deo_._Alle-

240 2243 362 2285 erigitur,
376 2253 404 2276 et
426 2252 543 2283 quatuor
555 2256 641 2275 annus
654 2243 805 2285 temporme
822 2248 926 2285 vicibus
943 2249 1031 2276 varia-
1042 2243 1135 2277 D‘luia
1160 2243 1269 2285 propter
1284 2243 1414 2280 bdiiorem
1428 2256 1454 2277 et
1474 2250 1642 2278 latitudinem
1668 2248 1874 2285 primaalingua

240 2283 292 2311 tur}
310 2283 409 2311 Decem
423 2288 514 2312 autem
537 2287 633 2318 quater
654 2284 681 2310 in
708 2283 918 2318 Quadragesima
931 2291 1030 2312 consu-

241 2324 340 2347 matur.
357 2319 595 2355 Quadragenarius
610 2324 699 2355 autem
715 2318 837 2353 partibus
853 2319 909 2355 suis
921 2326 1032 2355 compu-

240 2360 312 2382 tatus
325 2354 399 2382 addit
423 2354 510 2389 ipsum
526 2354 666 2382 denarium
679 2357 706 2379 et
730 2354 797 2380 ﬁunt
815 2354 1010 2389 quinquaginta
1021 2375 1031 2387 ,

210 2409 214 2412 .
240 2394 368 2425 tanquam
382 2388 488 2417 merces
499 2389 600 2418 laboris
610 2394 637 2416 et
650 2388 834 2425 continentiae:
846 2399 856 2414 ι
870 2388 946 2416 Unde
960 2389 1031 2417 idem

240 2423 404 2459 Augustinus
424 2425 452 2453 in
474 2425 545 2452 libro
555 2432 636 2459 supra
651 2424 774 2459 scripto:
792 2433 803 2450 ι
821 2423 916 2452 Partes
941 2429 1030 2451 autem

238 2460 355 2494 aequales
370 2460 452 2488 habet
462 2459 693 2495 quadragenarius
709 2466 846 2495 numerus.
860 2459 951 2487 Primo
959 2468 1032 2495 ,qua-

240 2494 362 2529 draginta
376 2495 404 2522 in
418 2494 541 2530 singulis,
556 2494 654 2523 deinde
667 2494 760 2530 viginti
781 2494 807 2522 in
834 2495 919 2527 binis,
934 2495 1030 2523 deinde

240 2530 333 2569 ilecem
349 2530 375 2557 in
387 2531 537 2569 quaternis,
549 2530 654 2569 _octo_in
669 2530 771 2569 quinis,
785 2530 904 2569 quinque
915 2531 941 2557 in
953 2535 1030 2558 octo-

241 2565 298 2601 nis,
323 2569 439 2600 quatuor
452 2566 479 2593 in
495 2566 586 2598 denis,
608 2566 676 2594 duos
689 2566 716 2592 in
729 2565 842 2593 vicenis.
866 2565 953 2593 Unum
966 2573 1032 2601 ergo

240 2604 268 2636 et
281 2600 335 2636 duo
349 2604 377 2636 et
390 2604 504 2636 quatuor
517 2606 545 2629 et
555 2602 687 2636 quinque,
711 2604 738 2627 et
752 2606 815 2628 octo
829 2605 856 2627 et
867 2602 960 2629 decem
973 2621 979 2634 ,
1003 2600 1031 2629 et

242 2635 432 2672 vigintirsimul
453 2636 532 2672 ducta
553 2635 670 2665 efﬁciunt
687 2636 891 2671 quinquaginta.
907 2637 1031 2672 Quapro—

241 2670 302 2704 ptér
326 2671 396 2698 sicut
418 2670 646 2706 quadragenarius
670 2670 801 2700 numerus
811 2670 1032 2706 aequalibussuis

241 2706 364 2742 partibus
378 2709 549 2742 computatus
562 2707 662 2741 pariter
678 2714 725 2741 per
735 2706 875 2734 denarium
899 2715 983 2742 usque
997 2708 1031 2735 ad

241 2740 333 2777 decem
347 2741 377 2768 ﬁt
395 2740 553 2777 decalogus,
563 2740 595 2769 iet
609 2742 648 2769 sic
663 2740 710 2777 per
725 2742 882 2777 decalogum
897 2740 981 2777 usque
996 2743 1030 2770 ad

240 2776 452 2837 quinquaginta,
476 2780 504 2804 et
525 2776 556 2803 ﬁt
577 2776 840 2812 quinquagenarius,
866 2778 905 2804 sic
926 2776 1031 2813 tempus

260 2812 312 2837 dei-
320 2820 408 2837 rerum
424 2820 473 2837 nro
488 2817 579 2837 nostra
595 2811 681 2837 salute
694 2817 829 2837 ueslarum
853 2817 881 2837 et
903 2814 1030 2837 uerenda-

260 2811 408 2840 dei-rerum
424 2820 473 2848 pro
488 2817 579 2840 nostra
595 2811 681 2838 salute
694 2811 829 2846 gestarum
853 2817 881 2840 et
903 2811 1030 2848 gerenda-

240 2853 372 2885 runrcum
384 2847 537 2885 aequalitate
548 2848 611 2879 vitae
625 2852 715 2885 actum
726 2847 854 2885 imperat,
865 2847 1030 2885 intellectum

238 2882 507 2921 stabilis'sapientire,
526 2887 556 2917 ut
569 2890 622 2912 non
638 2882 723 2916 solum
738 2883 874 2916 credendo
887 2883 933 2911 sed
948 2885 1030 2912 etiam

1085 2283 1232 2320 praeclarus
1244 2290 1287 2313 est
1300 2285 1479 2321 Hieronymus
1492 2287 1519 2313 in
1535 2286 1622 2321 lsaigei
1632 2283 1701 2321 libro
1719 2283 1873 2321 undecimo.

1085 2317 1125 2347 λά
1138 2321 1369 2355 comparationem
1382 2317 1452 2348 enim
1467 2321 1564 2356 lingua:
1576 2320 1715 2349 Hebraica!
1722 2323 1782 2356 iam
1795 2317 1873 2345 Gras-

1085 2356 1109 2383 ci
1133 2353 1214 2391 quam
1238 2356 1326 2383 Latini
1356 2357 1489 2384 sermonis
1507 2353 1613 2391 pauper
1634 2359 1686 2382 est.
1722 2353 1873 2391 Pauperem

1085 2364 1109 2383 Cl
1133 2364 1214 2391 quam
1238 2364 1326 2383 Launi
1356 2364 1489 2384 serinoms
1512 2364 1562 2391 pau
1601 2364 1613 2382 r
1634 2364 1686 2382 est.
1723 2364 1873 2388 raupcrcul

1085 2391 1202 2427 linguam
1219 2391 1245 2418 in
1265 2391 1427 2426 supradictis
1446 2392 1540 2419 diebus
1563 2364 1787 2427 ii'eequeutamusg
1800 2387 1873 2415 Leu

1086 2423 1149 2460 tibi,
1174 2423 1307 2459 Domine;
1323 2435 1369 2454 rex
1392 2431 1497 2454 a’lerna:
1518 2423 1622 2461 gloria:
1643 2425 1713 2453 Dicit
1730 2423 1872 2461 psalmus;

1085 2462 1214 2496 quomodo
1235 2462 1398 2489 cantabimur
1422 2459 1551 2489 canticum
1567 2461 1671 2488 Domini
1685 2461 1713 2487 in
1725 2465 1794 2496 terra
1808 2459 1873 2486 alie-

1084 2494 1138 2525 na?
1154 2497 1267 2524 Alleluia
1289 2501 1316 2524 et
1339 2496 1430 2524 Gloria
1447 2498 1475 2525 in
1492 2496 1600 2524 excelsis
1622 2496 1677 2523 Deo
1690 2494 1794 2523 cantica
1820 2502 1873 2521 cas-

1084 2532 1161 2560 lestia
1176 2538 1248 2560 sunt.
1275 2532 1349 2559 [utit-
1363 2532 1480 2559 Joannes
1498 2534 1522 2559 in
1538 2532 1697 2566 Apocalypsi
1714 2528 1803 2566 {:Post
1816 2530 1872 2566 hort:

1084 2568 1173 2595 audivi
1186 2576 1271 2595 voi'rm
1285 2576 1405 2601 magnam
1418 2568 1444 2593 in
1460 2568 1521 2594 ca-lo
1536 2563 1679 2598 (Mentem,
1693 2564 1817 2601 Alleluia.
1834 2563 1873 2591 De

1085 2602 1176 2630 Gloria
1192 2604 1217 2629 in
1235 2600 1341 2630 arrisit
1358 2603 1410 2629 Deo
1434 2603 1497 2629 nulli
1515 2603 1624 2629 dubium
1636 2602 1699 2635 quin
1714 2600 1873 2636 angelorum

1085 2643 1179 2665 cautus
1194 2643 1252 2665 est:
1269 2643 1376 2673 oportet
1387 2639 1459 2666 enim
1481 2646 1531 2666 nos
1552 2634 1676 2665 sedentes
1689 2636 1715 2663 id
1731 2634 1772 2663 est
1784 2634 1873 2673 humi—

1084 2673 1163 2701 liatos
1185 2681 1265 2708 super
1283 2671 1391 2700 llumina
1408 2674 1550 2708 Babylonis
1565 2674 1628 2699 llere
1640 2673 1702 2709 dum
1717 2671 1874 2709 recordare-

1085 2717 1145 2736 mur
1159 2707 1233 2741 Sion,
1248 2713 1275 2736 et
1289 2710 1339 2737 hac
1360 2707 1561 2743 Septuagesinia
1583 2716 1631 2734 nos
1650 2708 1682 2733 ad
1696 2707 1872 2743 quadragesi-

1085 2744 1181 2771 Iualelu
1212 2740 1328 2779 pugnam
1360 2740 1422 2770 \itiu
1454 2740 1576 2779 fugiendo
1609 2740 1769 2777 praeparare.
1804 2740 1874 2779 Dicit

1084 2776 1228 2814 Apostolus
1249 2776 1282 2806 iul
1297 2780 1427 2815 Epln‘siu‘
1442 2790 1446 2805 :
1464 2776 1614 2805 Fontinalia
1639 2783 1724 2815 ("item
1741 2782 1764 2815 el
1775 2776 1872 2815 enim}

1084 2813 1251 2842 irimtumlitia
1265 2820 1310 2842 aut
1321 2813 1435 2841 avaritia
1450 2824 1495 2842 nec
1509 2815 1656 2841 nominetur
1678 2814 1705 2839 iu
1725 2813 1793 2849 vobis
1805 2813 1872 2849 ξξςιςι

1085 2850 1155 2877 decet
1170 2856 1284 2877 sanctas.
1300 2850 1337 2877 De
1349 2850 1513 2884 supradictis
1527 2848 1695 2884 septuaginta
1712 2847 1791 2874 armis
1806 2847 1873 2884 dicit

1085 2886 1251 2920 Augustinus
1274 2886 1300 2913 in
1315 2882 1389 2913 libro‘
1406 2886 1438 2913 de
1454 2882 1578 2912 Doctrina
1598 2884 1749 2914 Christiana
1769 2882 1849 2913 tertio
1863 2890 1871 2909 :
