3896 6208
84 395 153 454 l3
1109 397 1210 457 na
1253 395 1820 461 ELECTIONIBUS
1865 397 2438 463 EPISCOPORUM.
3405 398 3482 458 14
3519 351 3522 356 ’

82 528 342 584 eamdem
363 526 774 601 episcoporum
788 528 1256 585 ordinationibus
1277 528 1730 587 ecclesiasticam
1756 530 1814 600 Α
1842 530 2068 588 invitati
2086 533 2336 601 fuerant,
2351 535 2744 600 consecratus,
2768 547 2939 588 nemo
2951 530 3285 604 principum
3303 529 3483 602 hujus

81 615 407 673 libertatem
430 633 500 672 ex
523 621 683 690 parte
707 616 962 674 maxima
983 617 1396 690 permansisse,
1422 617 1732 675 manifesta

81 705 221 762 ratio
269 705 549 762 declarat.
600 705 796 778 Neque
827 706 986 762 enim
1015 706 1138 762 ﬁeri
1170 705 1379 779 potuit,
1410 723 1546 762 cum
1572 724 1728 763 unus

79 794 394 866 imperator
424 794 582 851 orbis
613 798 778 850 terrae
801 795 1204 851 monarchiam
1235 795 1540 862 obtineret,
1575 800 1640 851 ut
1661 813 1730 852 ex

75 883 351 940 omnibus
382 882 688 940 latissimis
718 882 924 939 mundi
946 884 1230 957 partibus,
1258 884 1407 940 Asiae
1437 883 1725 951 videlicet,

73 972 313 1044 Europae
345 976 402 1028 et
431 972 656 1038 Africae,
702 988 908 1028 omnes
939 972 1037 1044 qui
1071 971 1381 1028 ordinandi
1410 977 1576 1028 erant
1604 972 1726 1044 epi-

71 1061 235 1132 scopi
266 1061 337 1116 ad
386 1062 514 1132 ejus
554 1059 944 1134 cognitionem
976 1061 1425 1117 deducerentur.
1477 1062 1585 1116 Sed
1617 1061 1729 1117 fuit

69 1167 307 1223 semper
335 1149 562 1222 integra
590 1153 647 1205 et
677 1154 804 1206 rata
834 1149 1143 1217 ordinatio,
1176 1167 1354 1222 quam
1386 1154 1591 1206 sancta
1619 1151 1723 1205 Ec-

69 1237 249 1295 clesia
293 1239 460 1310 juxta
513 1237 886 1294 traditionem
929 1238 1309 1311 apostolicam
1337 1243 1394 1294 et
1441 1238 1722 1312 religiosae

66 1327 496 1384 observationis
526 1327 775 1383 formam
807 1327 1138 1383 celebravit.

135 1416 232 1473 IV.
270 1417 430 1482 Quod
478 1432 612 1472 vero
642 1415 703 1471 in
747 1416 1104 1488 quibusdam
1134 1417 1331 1489 regnis
1363 1421 1562 1489 postea
1586 1433 1721 1473 con-

65 1505 320 1562 suetudo
369 1505 646 1576 obtinuit,
678 1509 743 1561 ut
795 1505 1067 1561 consultu
1112 1505 1392 1578 principis
1435 1505 1722 1562 ordinatio

66 1596 230 1652 fieret
261 1594 632 1667 episcopalis,
664 1593 814 1650 valet
843 1595 1046 1666 utique
1077 1595 1147 1650 ad
1179 1593 1484 1650 cumulum
1517 1594 1722 1651 frater-

66 1684 296 1751 nitatis,
327 1687 562 1757 propter
581 1699 784 1756 pacem
816 1687 874 1738 et
893 1683 1264 1740 concordiam
1287 1685 1596 1739 mundanae
1619 1700 1721 1756 po-

63 1772 324 1840 testatis;
359 1789 475 1828 non
506 1776 703 1827 tamen
735 1772 808 1827 ad
861 1771 1268 1844 complendam
1299 1772 1599 1828 veritatem
1633 1770 1720 1827 vel

63 1861 472 1917 auctoritatem
524 1877 701 1917 sacrae
748 1859 1155 1927 ordinationis,
1189 1877 1316 1932 quze
1347 1877 1717 1933 nequaquam

60 1950 218 2024 regio
251 1953 578 2023 potentatu,
629 1949 730 2005 sed
760 1949 884 2006 solo
915 1949 1016 2005 Dei
1067 1954 1234 2015 nutu,
1269 1953 1324 2004 et
1353 1949 1621 2005 Ecclesize
1650 1950 1716 2004 ﬁ-

58 2040 281 2096 delium
315 2055 626 2106 consensu,
658 2038 871 2110 cuique
902 2038 1147 2093 conferri
1181 2043 1390 2109 potest.
1433 2037 1718 2104 Quoniam

55 2129 436 2202 episcopatus
454 2144 569 2183 non
592 2131 680 2183 est
700 2143 917 2183 munus
929 2126 1386 2194 humanum,sed
1405 2127 1722 2199 sanctiSpi-

57 2219 208 2274 ritus
243 2217 490 2285 donum,
525 2213 678 2271 sicut
710 2215 966 2271 ostendit
1009 2215 1329 2287 apostolus,
1360 2215 1459 2271 ubi
1493 2216 1564 2272 ad
1597 2215 1717 2288 epi-

55 2323 272 2378 scopos
333 2305 615 2378 loquitur,
675 2303 876 2360 dicens
929 2305 1064 2372 (Act.
1106 2322 1197 2372 xx,
1246 2305 1378 2375 28):
1441 2304 1721 2361 Attendite

55 2397 211 2452 vobis
242 2403 296 2451 et
354 2396 608 2450 universo
662 2395 834 2464 gregi,
890 2395 949 2449 in
1006 2410 1108 2465 quo
1164 2409 1257 2450 vos
1314 2394 1556 2464 Spiritus
1584 2411 1717 2448 san-

52 2492 167 2541 ctus
195 2485 387 2557 posuit
415 2485 686 2555 episcopos
727 2497 911 2551 regere
935 2483 1232 2537 Ecclesiam
1274 2482 1389 2552 Dei,
1440 2498 1604 2553 quam
1629 2498 1719 2538 ac-

53 2575 290 2646 quisivit
316 2574 592 2641 sanguine
603 2587 722 2627 suo.
749 2570 910 2627 Unde
930 2575 987 2626 et
1003 2571 1061 2625 in
1081 2569 1340 2642 Epistola
1361 2571 1432 2626 ad
1452 2570 1720 2628 Hebraeos

49 2667 198 2735 (cap.
237 2679 294 2729 v,
330 2660 448 2732 4-6)
481 2659 598 2716 ait:
631 2660 737 2717 Nec
778 2661 1066 2732 quisquam
1107 2661 1218 2714 sibi
1243 2660 1413 2715 sumit
1439 2660 1714 2728 honorem,

44 2751 138 2807 sed
183 2753 290 2823 qui
317 2758 540 2806 vocatur
566 2767 602 2805 a
644 2750 771 2816 Deo,
801 2751 941 2804 sicut
991 2753 1201 2804 Aaron.
1235 2748 1326 2804 Sic
1371 2756 1422 2804 et
1472 2749 1717 2804 Christus

44 2857 156 2898 non
192 2841 556 2911 semetipsum
583 2837 917 2910 glori/ienuit
943 2845 1007 2892 ut
1030 2839 1280 2910 pontifex
1308 2838 1476 2907 ﬁeret,
1499 2837 1590 2893 sed
1623 2839 1720 2910 qui

45 2931 266 2986 locutus
295 2936 375 2984 est
399 2927 470 2982 ad
488 2943 633 2994 eum,
666 2927 842 2981 Filius
869 2942 1022 2982 meus
1051 2942 1106 2981 es
1136 2934 1213 2991 tu,
1244 2941 1337 2997 ego
1368 2926 1525 2982 hodie
1552 2928 1720 2997 genui

45 3026 113 3072 te.
167 3018 247 3072 Et
275 3016 518 3072 iterum:
559 3016 632 3070 Tu
660 3031 714 3071 es
738 3013 986 3070 sacerdos
1017 3016 1073 3069 in
1122 3021 1392 3071 aeternum
1420 3015 1717 3071 secundum

44 3107 306 3162 ordinem
364 3103 764 3160 Melchisedech.
827 3103 892 3159 In
950 3103 1168 3174 quibus
1217 3103 1477 3175 Apostoli
1525 3103 1716 3159 verbis

44 3195 503 3251 evidentissime
547 3195 1000 3261 demonstratur,
1035 3193 1104 3247 ad
1140 3191 1246 3248 hoc
1277 3209 1496 3247 munus
1527 3192 1716 3265 adipi-

1748 1904 1797 1970 B

1843 620 2038 676 saeculi
2071 621 2244 677 fuerit
2275 621 2687 694 interrogatus.
2721 621 2785 676 In
2804 619 3064 676 Ecclesia
3084 634 3320 691 quoque
3340 617 3490 690 Lug-

1839 709 2091 764 dunensi
2123 710 2206 765 sic
2228 709 2499 782 religiosa
2518 710 2659 766 olim
2682 714 2739 765 et
2757 708 3106 765 venerabilis
3127 707 3487 763 consuetudo

1837 795 1966 864 fuit,
1991 797 2144 853 sicut
2162 797 2406 870 antiqua
2424 803 2622 854 narrat
2637 797 2909 853 historia:
2935 795 3158 853 scilicet
3177 800 3262 863 ut,
3287 795 3489 851 defun-

1837 889 1926 941 cto
1958 887 2251 958 pontifice,
2275 887 2468 942 omnis
2487 887 2545 942 in
2569 903 2752 942 unum
2774 885 3108 941 conveniret
3128 882 3405 950 Ecclesia,
3430 886 3490 940 et

1834 974 2108 1031 triduano
2123 974 2350 1047 jejunio
2376 974 2674 1030 communi
2694 979 2825 1030 voto
2856 991 2922 1030 ac
2954 971 3379 1046 supplicatione
3399 987 3488 1029 ce-

1835 1061 2078 1129 lebrato,
2102 1080 2511 1136 quemcunque
2532 1064 2615 1120 eis
2638 1063 2918 1119 Dominus
2941 1079 3044 1136 per
3071 1060 3484 1118 revelationem

1835 1151 1953 1207 sive
1983 1167 2051 1207 ex
2074 1169 2276 1208 eorum
2310 1153 2460 1208 clero
2491 1168 2591 1207 seu
2626 1151 2862 1208 aliunde
2892 1151 3243 1217 ostenderet,
3284 1149 3482 1222 ipsum

1833 1241 1959 1296 sine
1988 1241 2166 1298 dubio
2198 1241 2518 1296 antistitem
2549 1242 2988 1298 constituerent.
3021 1241 3185 1306 Quod
3215 1239 3285 1296 de
3314 1238 3482 1295 beato

1832 1328 2115 1385 Eucherio
2135 1329 2383 1401 praefata:
2397 1330 2562 1385 urbis
2581 1329 2872 1402 episcopo,
2896 1333 2952 1385 et
2972 1329 3204 1384 doctore
3228 1327 3481 1398 egregio,

1831 1417 2219 1473 sanctissimae
2250 1417 2391 1473 Vita:
2423 1420 2551 1490 ejus
2580 1418 2727 1476 liber
2756 1417 3064 1474 manifeste
3091 1419 3339 1473 testatur
3368 1413 3481 1471 im-

1832 1505 2076 1579 pletum.
2101 1506 2206 1572 Qui
2231 1524 2364 1562 cum
2388 1512 2541 1564 esset
2562 1524 2630 1564 ex
2646 1506 3012 1564 nobilissimo
3029 1508 3364 1562 senatorum
3390 1519 3484 1577 ge-

1832 1611 1969 1651 nere
1985 1594 2291 1663 oriundus,
2307 1600 2362 1650 et
2375 1595 2510 1652 huic
2534 1595 2744 1652 saeculo
2757 1592 3483 1664 abrenuntians,omnique

1831 1683 2107 1740 facultate
2136 1701 2244 1739 sua
2265 1684 2324 1739 in
2354 1701 2639 1757 pauperes
2664 1685 2736 1740 ob
2767 1700 3026 1740 amorem
3047 1680 3260 1739 Christi
3281 1679 3484 1738 distri-

1829 1772 1991 1841 buta,
2025 1773 2290 1845 partibus
2307 1772 2618 1828 Provinciae
2634 1773 2693 1828 in
2717 1773 2970 1846 quodam
2991 1787 3168 1844 specu
3192 1773 3481 1837 retrusus,

1829 1866 2004 1934 atque
2049 1861 2127 1917 ibi
2179 1860 2287 1918 soli
2338 1861 2454 1917 Deo
2477 1863 2744 1934 jejunus,
2775 1865 2833 1918 et
2862 1860 3225 1918 orationibus
3265 1875 3483 1916 vacans

1829 1950 2103 2019 latitaret,
2123 1950 2223 2006 tali
2247 1949 2594 2006 revelatione
2617 1959 2907 2018 ostensus,
2928 1954 3103 2022 atque
3125 1948 3396 2004 inventus
3418 1946 3480 2002 in

1828 2037 2146 2112 pontiﬁcali
2178 2038 2460 2112 regimine
2493 2037 2718 2096 locatus
2746 2043 2853 2095 est.
2885 2042 2965 2094 Ex
3015 2054 3131 2110 quo
3156 2035 3480 2094 certissime

1829 2132 2057 2184 constat
2088 2127 2242 2200 quod
2266 2127 2428 2182 omni
2454 2126 2551 2183 illo
2575 2132 2838 2201 tempore
2869 2143 2984 2199 quo
3004 2129 3231 2182 tantam
3251 2125 3481 2182 bonita-

1830 2221 1949 2272 tem
1981 2216 2100 2272 sive
2129 2217 2378 2289 gratiam
2401 2216 2770 2289 omnipotens
2799 2217 2953 2273 Deus
2973 2216 3032 2271 in
3053 2214 3157 2271 illa
3173 2213 3359 2270 voluit
3381 2213 3482 2268 Ec-

1830 2305 2006 2362 clesia
2027 2307 2452 2372 demonstrare,
2477 2305 2708 2362 valebat
2733 2323 2800 2362 ac
2830 2305 3158 2362 sufﬁciebat
3184 2303 3259 2360 ad
3283 2318 3484 2360 conse-

1827 2393 2146 2450 crationem
2179 2399 2469 2450 rectorum
2501 2393 2627 2450 sola
2655 2394 2784 2465 ejus
2815 2393 3003 2466 gratia
3022 2395 3080 2450 et
3110 2393 3256 2449 ﬁdes
3285 2390 3480 2448 Eccle-

1829 2482 1926 2540 siae
1958 2483 2184 2540 devota.

1897 2572 1992 2628 VI.
2025 2573 2137 2629 Sed
2171 2577 2226 2629 et
2257 2573 2316 2628 in
2352 2573 2612 2630 Romana
2641 2572 2898 2630 Ecclesia
2927 2589 3115 2645 usque
3143 2571 3203 2626 in
3236 2583 3486 2643 prasen-

1828 2666 1946 2718 tcm
1965 2661 2119 2717 diem
2141 2662 2438 2718 cernimus
2464 2663 2687 2734 absque
2707 2661 3162 2735 interrogatione
3178 2657 3480 2732 principis,

1827 2751 1949 2808 solo
1972 2751 2376 2824 dispositionis
2390 2750 2634 2822 judicio,
2658 2756 2714 2807 et
2736 2750 2996 2807 fidelium
3019 2747 3317 2822 suﬂ'ragio,
3339 2746 3478 2819 legi-

1825 2840 1966 2896 time
1995 2840 2300 2912 pontifices
2332 2839 2692 2894 consecrari:
2727 2838 2826 2909 qui
2859 2838 3035 2894 etiam
3069 2836 3334 2892 omnium
3383 2850 3477 2890 re-

1825 2929 2065 3001 gionum
2098 2933 2153 2984 et
2201 2927 2501 2983 civitatum
2533 2943 2660 2999 quae
2705 2926 2790 2982 illi
2821 2927 3095 2996 subjectze
3122 2928 3281 2991 sunt,
3307 2923 3477 2994 juxta

1825 3018 2135 3090 antiquum
2179 3033 2422 3082 morem,
2470 3016 2673 3071 eadem
2703 3015 2967 3070 libertate
2997 3013 3271 3070 ordinant
3297 3016 3472 3082 atque

1824 3107 2191 3163 constituunt
2203 3105 2532 3161 sacerdotes
2548 3122 2560 3173 ;
2577 3120 2682 3159 nec
2695 3104 2836 3160 adeo
2850 3103 3164 3176 quisquam
3177 3099 3472 3157 absurdus

1823 3201 1930 3263 est,
1965 3201 2031 3250 ut
2077 3198 2241 3266 putet
2271 3193 2557 3249 minorem
2604 3191 2724 3247 illic
2752 3189 3235 3248 sanctificationis
3265 3188 3472 3245 divinae

43 3285 351 3340 scendum
411 3288 588 3355 atque
652 3282 1004 3338 sumendum
1077 3281 1344 3337 sufficere
1399 3279 1714 3353 unicuique
1743 3273 1786 3341 C
1825 3301 1953 3342 esse
2001 3284 2276 3356 gratiam,
2307 3300 2372 3339 eo
2421 3283 2574 3355 quod
2609 3281 2773 3338 nulla
2830 3281 3140 3337 mundanae
3170 3276 3475 3352 potestatis

43 3373 313 3445 gratiam
364 3371 492 3439 Dei,
541 3375 884 3444 cooperante
932 3370 1046 3426 ﬁde
1094 3374 1150 3426 et
1188 3369 1490 3426 devotione
1517 3371 1715 3443 gratiae

41 3463 206 3533 ejus,
269 3461 495 3533 absque
541 3460 634 3516 his
683 3464 879 3516 autem
910 3459 1169 3514 humano
1206 3457 1446 3514 arbitrio
1495 3459 1716 3516 nemini

44 3567 233 3623 posse
286 3550 548 3606 concedi.
613 3549 775 3605 Unde
839 3547 1090 3621 graviter
1144 3547 1390 3620 quilibet
1444 3547 1716 3621 princeps

43 3639 382 3712 delinquit,
413 3639 462 3696 si
495 3638 600 3694 hoc
633 3655 740 3693 suo
778 3637 1057 3694 beneficio
1085 3636 1286 3710 largiri
1318 3653 1490 3710 posse
1519 3638 1716 3694 existi-

43 3736 197 3798 mat,
236 3729 399 3802 quod
432 3728 559 3784 sola
577 3727 772 3783 divina
800 3726 987 3801 gratia
1014 3726 1351 3799 dispensat;
1375 3743 1511 3782 cum
1542 3727 1716 3783 mini-

40 3817 314 3875 sterium
347 3834 468 3873 suae
500 3816 804 3890 potestatis
825 3816 885 3871 in
908 3815 1252 3886 hujusmodi
1273 3816 1572 3888 negotium
1594 3835 1720 3890 per-

39 3908 292 3980 agenda
322 3907 644 3978 adjungere
665 3905 890 3974 debeat,
924 3922 1039 3961 non
1070 3903 1358 3977 praeferre.

108 3996 186 4052 V.
225 3996 504 4066 Denique
553 3998 619 4050 ut
664 3994 835 4050 istius
881 3993 964 4050 rei
1014 3991 1298 4049 nonnulla
1352 3995 1721 4065 proferantur

37 4083 350 4157 exempla,
385 4088 530 4157 puto
561 4083 716 4156 quod
761 4084 832 4139 de
861 4081 1226 4139 ordinatione
1269 4081 1425 4139 beati
1463 4084 1716 4155 Martini,

38 4174 299 4246 quando
327 4189 400 4229 ex
448 4172 804 4228 monasterio
834 4172 944 4228 sub
975 4171 1090 4228 alia
1118 4171 1420 4228 occasione
1449 4175 1718 4248 eductus,

37 4267 96 4317 et
125 4281 164 4319 a
197 4260 432 4336 populo
463 4260 944 4333 comprehensus,
967 4264 1142 4332 atque
1167 4260 1239 4316 ad
1257 4260 1574 4319 Ecclesiam
1595 4281 1722 4336 per-

40 4352 275 4410 ductus
310 4355 421 4421 est,
455 4354 514 4407 et
571 4349 846 4407 continuo
878 4350 951 4408 ab
1008 4348 1318 4422 episcopis,
1378 4350 1480 4422 qui
1511 4353 1582 4408 ad
1614 4353 1721 4411 hoc

1827 3373 2136 3430 comitetur
2165 3371 2502 3427 auctoritas.

1896 3462 2016 3518 VII.
2050 3463 2186 3528 Quae
2218 3460 2417 3516 omnia
2446 3477 2561 3516 non
2591 3460 2721 3515 ideo
2753 3460 3005 3516 dicimus
3027 3458 3196 3532 quasi
3228 3460 3478 3531 potesta-

1829 3558 1947 3608 tem
1979 3550 2313 3623 principum
2346 3549 2405 3604 in
2446 3548 2644 3621 aliquo
2667 3549 3048 3605 minuendam
3071 3551 3369 3620 putemus,
3388 3544 3478 3601 vel

1829 3645 2030 3698 contra
2059 3638 2395 3710 religiosum
2419 3654 2641 3694 morem
2673 3637 2834 3711 regni
2854 3635 3076 3708 aliquid
3105 3634 3479 3692 sentiendum

1828 3729 2328 3804 persuadeamus;
2379 3727 2478 3782 sed
2522 3730 2586 3782 ut
2643 3725 2967 3783 clarissime
3023 3725 3477 3789 demonstretur,

1829 3821 1887 3876 in
1921 3835 1980 3874 re
2010 3815 2350 3888 hujusmodi
2381 3815 2637 3871 divinam
2667 3815 2918 3889 gratiam
2948 3813 3236 3879 sufﬁcere,
3267 3811 3479 3868 huma-

1830 3925 1967 3965 nam
1997 3923 2131 3962 vero
2152 3905 2495 3978 potentiam,
2519 3904 2631 3961 nisi
2660 3904 2746 3960 illi
2775 3907 3074 3972 consonet,
3098 3901 3244 3958 nihil
3266 3900 3474 3958 valere.

1830 3999 2194 4070 Quapropter
2223 3994 2282 4048 in
2313 3993 2498 4049 sacris
2529 3993 2853 4048 canonibus
2883 3993 3143 4057 Patrum,
3173 3990 3274 4046 ubi
3295 3988 3478 4062 pluri-

1831 4103 1937 4142 mae
1971 4101 2157 4140 causae
2180 4085 2716 4138 commemorantur
2739 4081 2864 4138 sine
2894 4080 3108 4151 quibus
3129 4077 3477 4152 episcopalis

1831 4172 2118 4233 ordinatio
2132 4171 2297 4227 irrita
2307 4170 2575 4228 habenda
2594 4175 2703 4239 est,
2726 4171 2796 4227 de
2813 4169 2923 4227 hac
2945 4185 3005 4226 re
3021 4167 3168 4225 nihil
3187 4165 3482 4225 invenitur

1829 4266 2138 4323 inscrtum.
