3896 6208
356 367 433 429 15
1454 368 1682 431 FLORI
1728 366 2050 432 DIACONI
2097 367 2667 431 LUGDUNENSIS.
3686 363 3759 426 16

1409 670 1929 775 PII-OB!
2016 668 2707 773 DIACONI

1807 887 2311 961 OPUSCULUM

878 1074 1135 1200 DE
1204 1072 2027 1204 EXPOSI'I

2203 1070 2538 1202 )NE
2617 1071 3262 1203 MISS/1*}

1102 1312 1212 1377 Ex
1236 1333 1346 1377 ms.
1383 1313 1745 1378 bibliothecae
1773 1314 2018 1397 Regina:
2047 1313 2281 1377 Sueciae
2310 1315 2541 1376 auctius
2568 1323 2627 1376 et
2651 1313 3034 1377 emendatius.

1497 1474 1793 1546 (Martem,
1827 1473 2008 1549 ampl.
2041 1472 2300 1532 Colleet..
2332 1477 2477 1531 tom.
2512 1474 2627 1547 IX.)

1860 1635 2286 1648 -—_—-——l

792 1758 1234 1827 OBSERVATIO
1282 1758 1585 1815 PRxEVIA.

437 1875 599 1949 Quod
631 1874 1002 1949 hactenusin
1044 1872 1400 1949 Bibliotheca
1439 1874 1675 1949 Patrum
1715 1875 2019 1949 legebatur

368 1947 767 2006 abbreviatum
789 1945 1056 2017 magistri
1088 1945 1240 2018 Flori
1269 1945 1619 2018 opusculum
1650 1946 1709 2002 in
1733 1945 2015 2004 canonem

368 2020 585 2076 missae.
617 2015 999 2090 proditnunc
1042 2015 1626 2090 primum—integrum
1659 2035 1724 2090 ac
1757 2019 2018 2090 numeris

367 2086 643 2147 omnibus
674 2086 1007 2144 absolutum
1040 2086 1108 2143 ex
1148 2086 1549 2144 vetustissimo
1579 2088 1776 2144 codice
1808 2089 2018 2147 regina:

368 2163 611 2226 Sueciaa,
644 2158 856 2215 saeculo
882 2177 915 2214 x
947 2158 1154 2231 saltem
1188 2164 1440 2226 exarato,
1473 2176 1538 2214 ac
1561 2161 1803 2231 promde
1826 2158 1899 2216 ad
1921 2178 2020 2216 au-

368 2234 545 2290 ctoris
577 2235 805 2287 aetatem
856 2230 1489 2302 proximapraccedente,
1541 2230 1610 2285 ex
1658 2248 1773 2302 quo
1825 2232 2019 2287 Roma

369 2304 623 2361 existens
674 2301 1047 2357 Mabillonius
1094 2301 1237 2356 illud
1284 2302 1535 2357 describi
1574 2301 1816 2357 curavit.
1873 2304 2019 2358 Nam

370 2394 505 2433 cum
535 2374 679 2447 illud
703 2390 838 2430 cum
868 2372 1021 2428 edito
1054 2371 1364 2447 diligenter
1393 2372 1759 2447 contulisset,
1785 2391 1856 2447 ne
1886 2391 2020 2447 par-

368 2452 489 2504 tem
521 2442 1373 2518 quidemAquartamPlorianze
1405 2444 1783 2518 expositionis
1818 2442 2021 2518 iana-

370 2514 913 2575 trum—Bibliotheca
933 2514 1214 2570 contineri
1236 2514 1665 2582 animadvertit,
1689 2532 1755 2571 ac
1782 2516 2023 2582 proinde

372 2607 490 2645 non
544 2587 840 2660 immerito
892 2584 1245 2660 existimavit
1291 2585 1527 2660 publica
1576 2585 1706 2642 luce
1740 2584 2020 2660 dignum,

374 2659 778 2740 idquejpsum
803 2661 1035 2740 optasse
1053 2655 1480 2740 videtur—clarae
1507 2658 1801 2740 memoria:
1818 2655 2025 2715 cardi-

374 2677 552 2787 ianque
582 2677 778 2731 ipsum
803 2677 1035 2740 optasse
1054 2677 1285 2738 Videtur
1313 2677 1480 2713 οιειιιω
1507 2677 1801 2741 memoria:
1832 2677 2025 2715 carm-

374 2750 411 2788 n
478 2732 527 2786 is
557 2730 736 2798 Bona,
769 2745 871 2801 qui
902 2731 959 2783 et
989 2744 1113 2802 ipse
1136 2744 1346 2800 reginae
1369 2729 1586 2784 SUBCHB
1617 2730 1876 2786 codicem
1899 2746 2026 2786 exa-

374 2802 718 2859 minaverat.

445 2872 666 2929 Floruit
691 2868 1306 2944 autem‘Florusgcirca
1336 2886 1557 2944 annum
1588 2871 1714 2944 8_IiO,
1746 2874 2027 2944 regnante

374 2946 531 3019 apud
578 2944 834 3019 Francos
878 2939 1082 3019 Carolo
1116 2939 1307 3019 Calvo,
1339 2940 1566 3019 fuitque
1615 2939 2028 3019 Lugdunensis

374 3009 642 3074 Ecclesia:
673 3014 976 3085 diaconus,
1013 3009 1291 3085 ut__vulgo
1323 3009 1556 3085 dicitur,
1579 3009 2028 3085 sive'subdiaco-

375 3106 510 3155 nus,
546 3090 611 3142 ut
640 3084 830 3158 placet
854 3081 1289 3158 Wandalberto,
1315 3082 1662 3158 qui__ipsum,
1690 3083 2029 3158 ιλιι-δίψει-

376 3141 563 3215 iridis
586 3141 816 3222 Strabo,
840 3156 912 3211 ob
976 3141 1679 3211 raeclaram'erudit‘ionem
1703 3159 1760 3211 et
1780 3155 2030 3212 indefes-
2058 3141 2105 3206 Β

377 3246 505 3281 sam
536 3227 767 3281 legendi
817 3173 1229 3281 scribendique
1258 3226 1662 3281 assiduitatem
1705 3226 1925 3281 mirum
1965 3227 2025 3281 in

377 3246 505 3286 sam
536 3227 767 3300 legendi
808 3224 1229 3300 scribendique
1258 3226 1662 3300 assiduitatem
1705 3226 1925 3300 mirum
1965 3227 2025 3300 in

378 3296 623 3357 modum
670 3296 965 3371 pradicet.
1015 3296 1076 3353 Si
1127 3296 1298 3371 enim
1329 3296 1443 3371 ille
1473 3297 1544 3352 in‘
1586 3297 1921 3371 prmfatione
1952 3299 2025 3354 ad

378 3388 555 3429 suum
588 3367 1100 3442 Martyrologium:
1135 3368 1260 3440 Ope,
1284 3367 1495 3442 inquit,
1528 3367 1851 3426 et'subsidio
1877 3384 2025 3442 prte-

378 3445 535 3516 cipue
560 3457 691 3497 usus
725 3441 863 3516 eain
897 3441 1083 3516 sancti
1106 3456 1172 3516 ac
1192 3441 1634 3516 nominatissimi
1677 3442 1806 3507 viri,
1838 3441 1988 3496 Flori
2006 3460 2027 3508 ,-

378 3509 761 3584 Lugdunensis
785 3512 1040 3584 Ecclesia:
1069 3509 1410 3584 subdiaconi,
1443 3513 1558 3584 qui,
1592 3519 1654 3566 ut
1680 3520 1864 3584 nostra
1894 3519 2026 3584 tem-

374 3581 508 3659 pore
536 3600 723 3642 revera
760 3582 1057 3659 singulari
1076 3581 1255 3659 studio
1283 3590 1363 3659 et”
1382 3581 1709 3659 assiduitate
1732 3584 1790 3637 in
1821 3582 2030 3659 divinae

288 3674 297 3681 '
374 3653 690 3730 Scripturg
700 3655 928 3730 scientia
942 3653 1167 3730 pollere,
1192 3654 1274 3730 ita
1297 3653 1566 3710 librorum
1592 3653 2031 3730 audienticorum

376 3725 511 3785 non'
546 3727 809 3784 mediocri
860 3725 1097 3797 copiaet
1150 3725 1412 3797 varietate
1452 3726 1797 3797 cognoscitur
1852 3725 2027 3797 abun-

378 3800 529 3856 dare.
565 3799 645 3854 Ex
672 3797 781 3852 hoc
802 3793 1201 3851 Wandalberti
1229 3794 1354 3851 loco
1376 3796 1625 3850 refutatu
1645 3798 1841 3851 manet
1857 3796 2030 3852 Joan-

378 3871 472 3927 nis
501 3867 809 3926 Trithemii
840 3866 1055 3938 opinio,
1080 3867 1396 3938 asserentis
1421 3865 1654 3938 Florum
1678 3866 1858 3922 fuisse
1880 3867 2028 3938 Tru-

379 3939 679 3998 doniensis
700 3935 1038 3995 monasterii
1068 3935 1445 4003 monachum,
1474 3936 1589 3993 nisi
1608 3938 1753 3993 forte
1768 3938 1879 3992 sub
1901 3937 2028 3992 vitae

378 4014 555 4069 finem
586 4010 921 4071 monasticis
970 4008 1323 4081 professioni
1360 4024 1573 4081 nomen
1604 4008 1849 4064 dederit.
1884 4011 2028 4064 Cum

380 4087 579 4140 autem
605 4082 665 4138 in
688 4078 1025 4138 sanctorum
1049 4079 1285 4152 Patrum
1310 4078 1576 4146 lectione,
1600 4095 2031 4152 quorumegre-

421 4155 537 4215 iam
554 4154 838 4223 librorum
856 4151 1084 4223 copiam
1108 4150 1381 4223 habebat,
1400 4154 1553 4206 esset
1571 4150 2028 4223 versutissimus,

425 4243 492 4282 oc
514 4242 669 4297 ropus
722 4221 952 4297 aliaque
983 4222 1054 4277 ab
1085 4237 1151 4276 eo
1183 4221 1342 4297 edita
1370 4239 1439 4276 ex
1476 4237 1677 4276 eorum
1707 4221 2030 4297 praesertim

383 4292 647 4353 dictis—et
676 4292 984 4372 sententiis
1015 4292 1365 4364 composuit,
1399 4307 1649 4372 quorum
1671 4308 1925 4364 persaepe
1946 4293 2034 4348 in-

383 4372 548 4441 tegra
575 4367 751 4423 verba
764 4382 895 4441 ⁵ιιῐιο
925 4368 1125 4441 tenore
1164 4366 1565 4441 _pro_sequi_tur,
1598 4379 2029 4441 nonnunquam

384 4432 643 4495 mantem
693 4435 885 4492 solum
934 4432 1223 4507 exprimit.
1255 4432 1840 4507 Expositionimissse
1870 4432 2028 4489 aliud

382 4510 647 4585 ejusdem
698 4507 847 4564 Flori
887 4502 1234 4585 opusculum
1265 4502 1554 4585 subjicere
1573 4502 1722 4585 libet
1750 4505 2029 4560 adversus
2060 4506 2103 4574 ο

381 4572 767 4650 ᾹωειΙιιι-ἰιιιῐι,
782 4572 943 4650 quod
952 4576 1260 4650 exduobus
1275 4572 1705 4650 antiquissimis
1720 4591 1889 4641 mss,,
1912 4592 2028 4650 uno

380 4650 723 4718 Pelteriano,
748 4644 957 4704 ’altero
1000 4645 1243 4718 Achillis
1283 4644 1511 4718 Harlaai,
1543 4649 1679 4701 ante
1710 4662 1897 4703 annos
1925 4649 2032 4702 800

379 4723 650 4789 exaratis,
682 4713 819 4778 olim
853 4717 1163 4789 descripsit
1191 4713 1595 4772 Mabillonius.

453 4813 502 4867 1.
518 4809 726 4882 Incipit
739 4805 1090 4880 opusculum
1113 4805 1184 4860 de
1199 4802 1423 4858 actione
1441 4803 1516 4875 (a)
1536 4804 1851 4861 missarum
1866 4805 2034 4862 colle-

378 4904 534 4956 ctum
570 4914 746 4971 quam
778 4895 1048 4962 maxime,
1069 4897 1126 4948 et
1143 4892 1200 4947 in
1225 4890 1489 4947 ordinem
1511 4892 1805 4965 digestum
1828 4910 1897 4949 ex
1914 4910 2034 4949 ver-

378 4988 468 5044 bis
482 4993 816 5044 sanetorum
832 4984 1067 5038 Patrum
1084 4978 2030 5055 Cypriani,Ambrosii,Augustini,

379 5074 735 5146 Hieronymi,
768 5070 1050 5143 Gregorii,
1106 5067 1410 5141 Fulgentii,
1464 5069 1780 5138 Severiani,
1811 5070 2028 5143 Vigilii,

379 5165 608 5233 Isidori,
642 5162 829 5229 Bedes,
851 5157 1022 5224 Aviti,
1044 5157 1197 5212 sicut
1220 5156 1344 5212 suis
1374 5156 1517 5211 locis
1550 5172 1652 5228 per
1681 5158 1915 5231 singula
1933 5159 2030 5216 lit-

449 5309 526 5375 (a)
549 5305 654 5360 Per
672 5301 962 5358 actionem
980 5297 1293 5375 missarum
1316 5295 1651 5375 intelligunt
1671 5300 2029 5375 auctoresgli-

374 5368 586 5450 turgici
615 5369 1317 5450 c_an_o_nem~missze.‘_rlctio
1346 5368 1549 5450 dicitur
1580 5372 1697 5450 ipse.
1716 5386 1917 5427 canon.
1940 5372 2028 5450 in-

373 5440 508 5520 quit
534 5442 849 5520 Walfridus
899 5440 1104 5497 Strabo
1144 5440 1224 5520 lib
1255 5440 1326 5520 _de
1360 5440 1554 5520 Rebps
1584 5440 1813 5520 eccles.,
1849 5459 1903 5520 c.
1934 5446 2025 5515 22,

369 5511 501 5589 quia
531 5518 591 5570 in
606 5530 677 5589 eo
700 5520 1044 5589 sacramenta
1058 5513 1437 5589 conﬁciuntur
1466 5511 1797 5589 Dominica._
1835 5511 2027 5589 canon

362 5584 489 5644 uero
516 5586 703 5642 eadem
732 5587 873 5641 actio
916 5585 1256 5652 nominatur,
1290 5584 1422 5655 quia
1454 5584 1512 5638 in
1545 5598 1609 5655 eg
1647 5590 1739 5655 est
1778 5584 2025 5655 legitima

2044 1771 2101 1838 Α
2128 1766 2263 1819 tera:
2295 1761 2600 1819 nominum
2633 1779 2759 1834 quae
2805 1761 3130 1820 forinsecus
3159 1766 3559 1835 praenotantur
3586 1766 3776 1825 osten-

2129 1852 2305 1921 dunt;
2329 1852 2431 1909 sed
2449 1855 2505 1907 et
2520 1868 2589 1907 ex
2609 1850 2868 1923 antiquis
2885 1851 3294 1924 mysteriorum
3319 1850 3486 1912 libris
3506 1856 3773 1927 quaedam

2125 1941 2303 1996 verba
2330 1940 2658 1996 necessario
2690 1944 2928 2013 sumpta
2957 1944 3116 1997 sunt.
3150 1941 3311 2009 Quod
3344 1945 3540 1999 autem
3573 1943 3775 2001 eadem

2128 2028 2370 2085 nomina
2415 2028 2474 2083 in
2520 2028 2649 2100 ipsa
2678 2028 2944 2101 opusculi
2974 2028 3123 2086 serie
3163 2028 3382 2102 ubique
3412 2031 3635 2091 inserta
3664 2049 3777 2091 non

2128 2122 2287 2186 sunt,
2311 2117 2412 2173 illa
2433 2118 2752 2174 necessitas
2784 2117 2938 2186 fecit,
2972 2134 3046 2173 ne
3074 2117 3348 2191 frequens
3368 2135 3572 2176 eorum
3601 2121 3779 2178 inter-

2130 2206 2340 2277 positio
2372 2206 2537 2262 ﬁeret
2557 2205 2814 2262 absurda
2832 2210 2889 2262 et
2910 2206 3283 2265 incommoda
3304 2206 3490 2281 ipsius
3509 2209 3780 2271 dictionis

2128 2300 2189 2351 et
2207 2311 2487 2351 sensuum
2508 2294 2874 2367 interruptio.
2896 2297 2959 2351 In
2977 2312 3093 2367 qua
3107 2296 3783 2369 tamenexpositiuncula

2129 2400 2246 2440 non
2274 2388 2394 2440 tam
2424 2384 2617 2453 verba,
2652 2400 2779 2456 qua:
2810 2383 2953 2440 satis
2975 2384 3267 2457 simplicia
3286 2390 3443 2455 sunt,
3468 2387 3569 2444 sed
3587 2388 3782 2460 potius

2129 2471 2317 2545 ipsius
2347 2472 2610 2546 mysterii
2642 2472 2787 2530 ratio
2818 2477 2875 2530 et
2902 2472 3052 2531 actio
3074 2474 3397 2546 imponitur
3412 2478 3471 2532 et
3491 2492 3783 2535 commen-

2132 2562 2325 2628 datur,
2356 2562 2625 2619 videlicet
2654 2579 2773 2635 qua
2802 2561 2915 2618 {ide
2945 2560 3383 2635 celebrandum,
3425 2569 3652 2638 quanta
3696 2565 3785 2641 pie

2131 2654 2253 2707 tate
2282 2650 2360 2707 sit
2389 2650 2881 2724 amplectendum.

2203 2760 2257 2813 2.
2293 2758 2463 2828 (Auc.
2496 2759 2558 2813 in
2583 2758 2732 2814 Psal.
2763 2774 2960 2825 mm,
2995 2775 3054 2815 n.
3079 2758 3157 2832 4.)
3189 2759 3254 2816 In
3285 2759 3562 2833 mysterio
3592 2778 3790 2836 corpo-

2134 2845 2215 2903 ris
2245 2849 2302 2902 et
2331 2846 2637 2918 sanguinis
2684 2846 2918 2903 Domini
2949 2847 3134 2904 nostri
3180 2848 3321 2906 Jesu
3360 2849 3600 2917 Christi,
3633 2850 3787 2924 quod

2134 2939 2340 2992 sancta
2370 2933 2629 2991 Ecclesia
2655 2952 2761 3008 per
2783 2935 3121 2993 universum
3144 2937 3435 2995 mundum
3465 2955 3571 3011 pro
3601 2940 3787 2997 salute

2136 3025 2400 3096 ejusdem
2423 3024 2629 3081 mundi
2649 3025 2834 3093 oli'ert,
2857 3025 3111 3083 maxime
3126 3026 3298 3083 nobis
3312 3026 3625 3085 humilitas
3640 3045 3789 3085 com~

2137 3114 2467 3170 mandatur.
2487 3113 2681 3170 Unum
2704 3115 2779 3187 (ὁ)
2802 3114 2959 3171 enim
2984 3115 3153 3172 nobis
3176 3114 3483 3172 fecitidem
3504 3116 3788 3174 Dominus
3862 3142 3863 3187 γ

2134 3202 2167 3259 J
2171 3218 2308 3260 esus
2329 3203 2600 3260 Christus
2616 3220 2720 3276 per
2734 3203 3150 3271 humilitatem,
3168 3205 3309 3277 quia
3328 3221 3433 3278 per
3450 3206 3787 3278 superbiam

2136 3308 2564 3350 recesseramus
2596 3309 2631 3347 a
2658 3292 2775 3349 Deo
2800 3310 2814 3361 ;
2848 3293 3037 3350 redire
3068 3297 3265 3350 autem
3298 3294 3371 3350 ad
3391 3309 3527 3353 eum
3550 3295 3668 3353 nisi
3693 3311 3790 3369 per

2136 3379 2531 3437 humilitatem
2563 3398 2678 3437 non
2701 3384 3063 3453 poteramus,
3093 3385 3154 3438 et
3183 3397 3360 3454 quem
3392 3383 3562 3440 nobis
3584 3400 3789 3458 prope
3860 3448 3861 3457 χ

2136 3469 3787 3533 neremusadimitandumnonhabebamus.Omnisenim
3860 3500 3861 3527 ξ

2137 3557 2464 3614 mortalitas
2497 3557 2804 3615 hominum
2833 3558 3110 3631 superbia
3138 3560 3425 3629 tumebat,
3458 3561 3568 3617 etsi
3592 3562 3796 3619 existe-

2138 3651 2224 3705 ret
2250 3646 2466 3719 aliquis
2495 3646 2741 3705 humilis
2769 3647 2859 3703 vir
2885 3647 2947 3704 in
2977 3648 3210 3721 spiritu,
3262 3649 3415 3705 sicut
3450 3655 3624 3708 erant
3663 3668 3793 3725 pro-

2138 3735 2323 3809 phetas
2352 3741 2411 3792 et
2455 3736 2818 3808 patriarchas,
2869 3736 3300 3811 dedignabatur
3345 3754 3534 3812 genus
3584 3740 3792 3798 huma-

2137 3841 2282 3881 num
2312 3823 2529 3880 imitari
2546 3823 2800 3880 humiles
2816 3824 3106 3881 homines.
3125 3826 3208 3882 Ne
3222 3842 3360 3899 ergo
3375 3826 3796 3900 dedignaretur

2137 3912 2313 3968 homo
2344 3911 2561 3969 imitari
2609 3912 2909 3970 hominem
2959 3913 3266 3984 humilem,
3299 3914 3455 3972 Deus
3484 3916 3680 3975 factus
3708 3919 3796 3973 est
3858 3911 3859 3979 Ξ

2138 4000 2401 4069 humilis,
2425 4009 2491 4058 ut
2508 4002 2596 4058 vel
2627 4000 2711 4058 sic
2726 4002 3004 4076 superbia
3022 4002 3252 4075 generis
3272 4003 3515 4061 humani
3547 4022 3670 4063 non
3699 4006 3794 4063 de-

2138 4088 2479 4163 dignaretur
2509 4091 2676 4163 sequi
2694 4091 2941 4164 vestigia
2970 4092 3093 4148 Dei.
3118 4092 3297 4149 Erant
3313 4098 3532 4163 autem,
3564 4098 3635 4151 ut
3652 4094 3796 4169 legi-

2140 4194 2296 4245 mus,
2319 4179 2606 4237 sacriﬂcia
2627 4185 2800 4237 antea
2818 4181 3156 4237 Judmorum
3177 4182 3502 4239 secundum
3516 4184 3719 4241 Aaron
3735 4184 3791 4239 in

2138 4266 2393 4325 victimis
2421 4285 2717 4342 pecorum,
2750 4274 2809 4325 et
2837 4269 2947 4326 hoc
2978 4269 3039 4325 in
3065 4270 3340 4343 mysterio
3370 4271 3639 4331 nondum
3669 4276 3801 4330 erat

2140 4356 2493 4415 sacriﬁcium
2505 4358 2765 4430 corporis
2785 4361 2844 4414 et
2862 4357 3169 4431 sanguinis
3180 4358 3432 4429 Domini,
3455 4361 3615 4432 quod
3638 4375 3796 4417 nunc

2140 4444 2422 4501 dilfusum
2451 4450 2541 4502 est
2560 4450 2679 4502 toto
2702 4447 2844 4503 orbe
2864 4451 3174 4504 terrarum.
3200 4448 3603 4521 Proponamus
3630 4450 3798 4508 nobis

2140 4548 2276 4607 ergo
2308 4538 2441 4591 ante
2472 4534 2673 4591 oculos
2704 4534 2819 4592 duo
2864 4536 3170 4605 sacriﬁcia,
3204 4541 3262 4594 et
3289 4535 3434 4593 illud
3466 4540 3797 4595 secundum

2143 4622 2408 4679 ordinem
2436 4625 2650 4690 Aaron.
2682 4628 2739 4680 et
2767 4624 2878 4681 hoc
2905 4626 3233 4682 secundum
3263 4626 3531 4683 ordinem
3561 4627 3801 4684 Melchi-

2142 4711 2374 4767 sedech.
2406 4712 2702 4785 Scriptum
2734 4718 2823 4770 est
2848 4714 3005 4770 enim
3034 4732 3048 4771 :
3078 4716 3594 4783 JuravitDominus,
3619 4725 3676 4773 et
3694 4732 3800 4773 non

2135 4802 2416 4872 plenitebit
2450 4818 2595 4871 eum,
2627 4810 2687 4858 tu
2715 4818 2769 4859 es
2796 4803 3042 4860 sacerdos
3069 4803 3367 4860 secundum
3389 4804 3643 4861 ordinem
3672 4804 3797 4863 Mel-

2138 4889 2417 4946 chisedech
2448 4890 2628 4963 (Psal.
2651 4908 2761 4961 cur,
2795 4892 2871 4965 4).
2905 4892 3023 4949 Hoc
3053 4896 3251 4949 autem
3296 4892 3607 4951 manifeste
3654 4893 3797 4951 dici-

2138 4981 2237 5033 tur
2266 4979 2336 5035 de
2365 4979 2612 5036 Domino
2642 4984 2843 5036 nostro
2872 4980 3010 5037 Jesu
3052 4980 3303 5037 Christo.
3338 4981 3477 5046 Quis
3504 4997 3647 5056 ergo
3679 4985 3800 5040 erat

2141 5066 2609 5123 Melchisedech?
2655 5070 2878 5140 utique,
2930 5068 3083 5126 sicut
3111 5069 3386 5142 legimus,
3426 5087 3526 5125 rex
3575 5071 3792 5129 Salem.

2140 5154 2332 5211 Salem
2364 5154 2569 5211 civitas
2582 5154 2691 5211 fuit
2711 5160 2885 5213 antea
2913 5155 3033 5227 illa,
3058 5174 3186 5230 quis
3208 5162 3430 5230 postea,
3455 5158 3611 5215 sicut
3642 5158 3797 5217 docti

2138 5313 2264 5369 cap.
2321 5298 2421 5353 12:
2470 5297 2781 5354 Orationem
2827 5315 2992 5370 quam
3037 5316 3304 5356 canonem
3354 5301 3468 5355 sive
3524 5303 3797 5358 actionem

2133 5376 2355 5440 propter
2388 5370 2695 5443 regularem
2736 5379 3205 5427 sacramentorum
3249 5372 3660 5443 confectionem,
3695 5376 3794 5431 Ro-

2135 5456 2296 5522 mano
2342 5455 2493 5498 more
2519 5442 2876 5514 appellamus,
2910 5445 3034 5515 quis
3079 5442 3439 5516 composuerit
3471 5452 3661 5515 aperte
3688 5461 3797 5502 non

2137 5511 2476 5659 ιῗῆῗέῑῖῥυά
2508 5583 2900 5659 Augustinum
2922 5582 3141 5656 legitur
3164 5587 3333 5657 viam,
3364 5590 3421 5643 et
3442 5585 3713 5659 quidem,
3735 5590 3798 5644 ut

361 5666 415 5719 et
441 5658 712 5733 regularis
759 5663 1221 5717 sacramentorum
1244 5651 1529 5730 confectio.
1564 5653 1636 5710 Et
1665 5651 2022 5729 Micrologus
2132 5651 2380 5721 videtur,
2412 5651 2645 5713 melius.
