3896 6208
158 342 232 414 ’Π
1168 368 1173 373 -
1396 340 1501 406 nn
1536 324 2062 426 EXPOS‘ITIONE
2105 338 2385 406 MISSIE.

3480 318 3633 454 te.

165 477 555 557 prodiderunt,
586 475 910 537 Jerusalem
950 476 1107 536 dicta
1147 480 1256 535 est.
1291 477 1437 552 Ergo
1479 480 1793 550 antequam
1822 475 1879 544 Α
1907 475 1968 533 in
2000 494 2189 547 cruce,
2215 482 2283 535 ut
2309 475 2526 537 diceret
2559 494 2573 534 :
2604 477 2904 553 Dirigatur
2930 478 3104 539 oratio
3138 497 3260 539 mea
3300 482 3445 541 sicut
3467 499 3556 540 in-

166 570 240 628 ibi
268 572 579 643 regnarent
606 568 809 635 Judaei,
831 566 914 624 ibi
944 572 1069 624 erat
1087 562 1185 623 ille
1210 567 1481 623 sacerdos
1500 565 1800 622 Melchise-

166 657 430 731 decb,qui
472 657 750 715 scribitur
778 658 836 713 in
869 657 1081 714 Genesi
1113 657 1383 712 sacerdos
1416 655 1514 711 Dei
1563 653 1794 711 excelsi.

164 749 284 825 Ipse
300 746 550 804 occurrit
568 746 1083 819 Abrahaa,quando
1110 744 1381 801 liberavit
1409 743 1554 801 Loth
1578 744 1649 800 de
1680 760 1800 800 ma-

164 838 327 894 nibus
354 834 927 908 perscquentium,et
956 833 1267 907 prostravit
1287 849 1385 890 eos
1406 850 1440 888 a
1462 834 1678 905 quibus
1701 831 1800 888 ille

163 924 485 994 feriebatur,
509 929 568 981 et
608 922 875 980 liberavit
913 923 1175 979 fratrem.
1209 923 1347 979 Post
1390 921 1797 979 liberationem

162 1015 347 1072 fratris
374 1013 628 1070 occurrit
672 1011 724 1068 ei
776 1011 1222 1069 Melchisedech.
1257 1012 1480 1068 Tantus
1510 1015 1635 1068 erat
1663 1010 1799 1067 Mel-

160 1101 455 1162 chisedech
487 1119 523 1158 a
552 1118 673 1175 quo
717 1101 1161 1158 benediceretur
1207 1100 1520 1158 Abraham.
1554 1099 1803 1156 Protulit

159 1208 361 1266 panem
390 1194 450 1247 et
476 1190 680 1246 vinum
719 1194 776 1246 et
811 1188 1108 1246 benedixit
1135 1189 1451 1258 Abraham,
1477 1193 1533 1246 et
1558 1188 1717 1245 dedit
1747 1188 1799 1244 ei

158 1280 406 1338 decimas
434 1278 752 1336 Abraham.
773 1276 920 1334 Vide
968 1277 1109 1350 quid
1148 1277 1361 1350 potulit
1391 1280 1448 1333 et
1477 1293 1651 1349 quem
1699 1277 1798 1332 be-

157 1368 389 1438 nedixit,
420 1370 480 1424 et
524 1367 746 1423 dictum
777 1369 868 1423 est
912 1371 1116 1440 postea
1149 1383 1163 1423 :
1201 1367 1277 1422 Tn
1323 1382 1379 1423 es
1433 1366 1682 1423 sacerdos
1736 1366 1799 1422 in

156 1467 423 1517 zternum
450 1455 749 1514 secanti-rum
772 1454 1023 1512 ordinem
1046 1454 1449 1512 Melchisedech.
1477 1454 1657 1510 David
1689 1454 1799 1510 hoc

154 1548 211 1604 in
234 1547 455 1621 spiritu
483 1545 631 1602 dixit
678 1545 852 1619 longe
901 1549 1035 1618 post
1062 1544 1378 1600 Abraham.
1409 1542 1800 1616 Temporibus

156 1638 342 1694 autem
372 1634 618 1691 Abrahae
641 1633 756 1689 fuit
781 1632 1228 1691 Melchisedech.
1263 1632 1343 1688 De
1374 1649 1489 1706 quo
1520 1646 1656 1705 ergo
1687 1631 1800 1688 alio

130 1726 328 1783 edicit:
357 1725 432 1781 Tu
461 1741 517 1781 es
544 1722 794 1780 sacerdos
829 1724 893 1779 in
928 1730 1199 1780 aeternum
1227 1722 1525 1778 secundum
1553 1721 1800 1778 ordinem

154 1812 553 1915 Melchisedech,
586 1812 702 1869 nisi
750 1812 825 1868 de
868 1810 987 1911 illo
1019 1812 1190 1884 cujus
1248 1811 1518 1867 novimus
1575 1810 1797 1867 sacriﬁ-
1830 1848 1881 1915 Β

156 1904 308 1961 cium
324 1901 361 1959 -?

126 2022 131 2027 -
218 1993 271 2049 3.
300 1991 617 2048 Sublatum
645 1993 737 2048 est
764 1990 920 2048 enim
942 1988 1298 2046 sacrificium
1319 1990 1531 2058 Aarou,
1551 1992 1608 2045 et
1629 1989 1803 2062 coepit

147 2096 277 2139 esse
303 2079 660 2137 sacrificium
691 2078 1016 2136 secundum
1049 2076 1313 2135 orﬂinem
1354 2076 1798 2134 Melchisedech.

148 2169 435 2228 Dominus
465 2168 665 2243 itaque
684 2172 886 2225 noster
902 2168 1074 2224 Iesus
1096 2166 1363 2223 Christus
1384 2165 1445 2221 in
1476 2182 1715 2239 corpore
1745 2170 1805 2223 et

147 2258 437 2333 sanguine
480 2275 587 2315 suo
615 2255 800 2314 voluit
848 2271 978 2313 esse
1026 2248 1277 2312 salutem
1325 2258 1607 2311 nostram.
1641 2252 1806 2312 Unde

149 2351 343 2403 autem
374 2345 810 2404 commendavit
832 2361 1047 2418 corpus
1094 2348 1153 2401 et
1203 2343 1556 2418 songuinem
1587 2344 1806 2400 suum?

148 2437 227 2494 De
253 2435 592 2493 humilitate
628 2438 769 2493 “sua.
802 2433 928 2491 Nisi
973 2434 1129 2491 enim
1179 2437 1337 2490 esset
1384 2432 1653 2507 humilis,
1699 2449 1805 2490 nec

115 2514 121 2519 ⁷
148 2526 630 2591 manducaretur,
661 2540 766 2580 nec
804 2522 1121 2579 biberetur.
1155 2521 1398 2594 Respice
1434 2520 1805 2579 altitudinem

146 2613 334 2689 ipsius
370 2630 384 2669 :
421 2616 483 2671 In
523 2614 800 2688 principio
854 2620 975 2669 erat
1022 2612 1271 2679 Verbum,
1303 2619 1356 2667 et
1402 2612 1633 2668 Verbum
1688 2619 1807 2668 erat

118 2703 290 2777 apud
315 2706 515 2770 Deum,
543 2710 597 2759 et
647 2705 797 2759 Deus
833 2710 953 2759 erat
1006 2701 1234 2761 Verbum
1268 2700 1443 2773 (Joan.
1477 2717 1520 2770 ι,
1555 2702 1627 2772 1).
1662 2700 1808 2757 Ecce

147 2791 312 2848 cibus
342 2792 769 2866 sempiternus;
802 2791 903 2848 sed
936 2791 1296 2847 manducant
1320 2789 1533 2863 angeli,
1563 2790 1808 2845 mandu-

145 2885 283 2937 cant
310 2881 686 2954 sempiternae
715 2880 984 2952 virtutes,
1006 2879 1369 2936 manducant
1400 2877 1664 2936 caelestes
1695 2878 1809 2951 spi-

147 2968 322 3039 ritus,
343 2974 406 3025 et
430 2969 794 3025 manducant
812 2971 870 3025 et
890 2968 1256 3041 saginantur,
1280 2970 1337 3023 et
1367 2966 1659 3040 integrum
1691 2984 1811 3023 ma-

146 3062 242 3115 net
272 3060 436 3132 quod
469 3073 570 3115 eos
598 3057 775 3114 satiat
812 3061 871 3113 et
912 3057 1190 3113 letificat.
1223 3056 1371 3121 Quid
1405 3061 1602 3113 autem
1633 3054 1809 3112 homo

144 3151 348 3219 posset
379 3148 457 3203 ad
487 3145 656 3202 illum
687 3146 931 3203 cibum?
961 3145 1125 3202 Unde
1156 3162 1256 3201 cor
1272 3149 1394 3200 tam
1417 3145 1694 3201 idoneum
1723 3142 1813 3201 illi

1905 583 2125 624 censum
2152 570 2213 625 in
2252 577 2535 642 conspectu
2580 577 2689 640 tuo,
2722 570 2948 627 elevatio
2994 588 3263 628 manuum
3305 590 3557 630 mearum

1904 658 2240 730 sacriﬁcium
2285 660 2654 731 vespertinum
2702 660 2876 729 (Psal.
2910 677 3033 727 ch,
3064 660 3142 732 2),
3194 661 3348 718 sicut
3393 663 3555 718 novi-

1908 763 2062 817 mus,
2109 748 2247 821 quia
2293 748 2572 804 Dominus
2621 748 2775 804 circa
2820 766 3121 823 vesperam
3168 750 3447 824 pependit
3493 751 3555 807 in

1908 852 2098 904 cruce,
2132 842 2190 893 et
2232 837 2563 910 impietates
2612 842 2824 894 nostra:
2872 839 3182 912 proprietas
3214 843 3379 908 sunt;
3412 839 3555 897 alio-

1908 923 2050 996 quin
2083 925 2506 981 absorbuerant
2552 942 2679 981 nos.
2713 926 2918 983 Merito
2967 926 3051 982 illi
3099 928 3465 985 cantavimus
3493 929 3555 986 in

1908 1010 2136 1083 psalmo
2171 1028 2183 1066 :
2218 1012 2283 1067 Et
2311 1014 2613 1084 impietates
2658 1020 2873 1071 nostras
2918 1023 2977 1070 tu
3018 1017 3348 1089 propitiabis
3375 1017 3552 1087 (Psal.

1909 1117 2054 1169 nxw,
2089 1101 2163 1173 4).
2196 1102 2284 1156 Tu
2344 1102 2638 1168 sacerdos,
2679 1105 2742 1158 tu
2788 1103 3045 1172 victima,
3077 1110 3141 1160 tu
3190 1104 3436 1175 oblator,
3489 1110 3557 1164 tu

1908 1188 2144 1247 oblatio.
2180 1190 2305 1262 Ipse
2338 1191 2611 1248 sacerdos
2652 1195 2760 1259 est,
2784 1192 2885 1265 qui
2932 1211 3087 1249 nunc
3133 1193 3439 1268 ingressus
3467 1198 3558 1252 est

1906 1277 2186 1334 interiora
2212 1278 2342 1334 veli.
2378 1278 2548 1336 Solus
2577 1279 2656 1335 ibi
2691 1298 2759 1337 ex
2788 1281 2880 1338 his
2912 1283 3011 1355 qui
3041 1300 3275 1341 carnem
3302 1290 3559 1358 gestave-

1908 1371 2047 1422 runt
2076 1366 2407 1439 interpellat
2427 1385 2530 1441 pro
2553 1370 2743 1425 nobis.
2768 1371 2832 1426 In
2861 1372 3030 1443 cujus
3057 1373 3136 1428 rei
3168 1373 3356 1446 ﬁgura
3374 1373 3433 1430 in
3455 1373 3555 1431 illo

1909 1455 2099 1529 primo
2129 1455 2366 1529 populo,
2390 1460 2447 1513 et
2473 1456 2532 1513 in
2567 1456 2666 1514 illo
2698 1458 2887 1532 primo
2918 1460 3156 1534 templo,
3183 1479 3341 1521 unus
3372 1479 3559 1520 sacer-

1908 1545 2015 1601 dos
2043 1544 2302 1601 intrabat
2344 1546 2405 1601 in
2436 1547 2651 1603 Sancta
2690 1554 3026 1605 sanctorum
3060 1551 3321 1620 (Heb.1x,
3345 1551 3422 1625 7),
3454 1569 3557 1625 po-

1908 1632 2084 1706 pulus
2115 1634 2307 1690 omnis
2332 1634 2473 1691 foris
2503 1635 2715 1708 stabat,
2744 1641 2801 1694 et
2830 1636 2927 1694 ille
2953 1634 3055 1712 qui
3084 1639 3245 1698 solus
3276 1641 3562 1714 ingredie.

1909 1722 2085 1778 batur
2111 1721 2389 1778 interiora
2419 1723 2547 1793 veli,
2582 1725 2856 1781 offerebat
2899 1727 3252 1786 sacriﬁcium
3281 1747 3407 1802 pro
3454 1748 3560 1804 po-

1908 1810 2046 1884 pulo
2077 1810 2218 1866 foris
2250 1814 2460 1867 stante.
2481 1811 2627 1878 Quid
2651 1813 2808 1869 enim
2830 1820 3099 1888 ageretur
3128 1816 3186 1872 in
3217 1817 3314 1874 illo
3344 1820 3559 1893 populo

1908 1899 2096 1957 Judaei
2124 1898 2488 1970 nescierunt;
2513 1902 2613 1958 sed
2645 1903 2817 1959 modo
2849 1903 3073 1974 sciunt;
3102 1907 3171 1963 de
3199 1905 3321 1963 illis
3341 1908 3561 1981 quippe

1910 1988 2133 2045 dictum
2162 1992 2253 2045 est
2279 2006 2292 2045 :
2327 1989 2586 2058 Quandiu
2615 1992 2823 2061 legitur
2866 1994 3088 2067 Moyses,
3118 1996 3362 2053 velamen
3391 2014 3562 2069 supra

1909 2092 2003 2133 cor
2049 2090 2238 2134 eorum
2281 2079 2521 2151 positum
2549 2088 2648 2147 est,
2676 2081 2758 2137 ibi
2784 2082 3035 2140 velamen
3083 2085 3266 2156 ﬁgura
3313 2094 3419 2154 est;
3468 2087 3561 2142 sed

1910 2167 2135 2224 tolletur
2175 2168 2375 2239 ﬁgura,
2415 2176 2467 2224 et
2515 2170 2799 2241 apparebit
2847 2174 3045 2228 veritas
3077 2173 3151 2244 (II
3179 2173 3298 2230 Cor.
3334 2192 3412 2244 In,
3447 2176 3556 2244 15).

1912 2255 2024 2312 Sed
2059 2255 2294 2328 quando
2341 2255 2580 2312 tolletur
2626 2256 2937 2317 velamen?
2984 2261 3122 2317 audi
3168 2263 3559 2335 Apostolum:

1915 2344 2047 2401 Cum
2075 2352 2258 2401 autem
2285 2347 2560 2402 transiens
2590 2347 2661 2402 ad
2686 2349 2983 2407 Dominum
3014 2353 3296 2423 auferetur
3321 2354 3568 2410 velamen

1910 2433 2099 2503 (Ibid.,
2131 2450 2281 2489 vers.
2324 2434 2433 2505 16).
2470 2434 2803 2508 Propitiatis
2847 2455 2983 2512 ergo
3040 2441 3293 2512 peccatis
3350 2443 3569 2499 nostris

1914 2527 1971 2579 et
1999 2522 2402 2597 impietatibus
2434 2541 2538 2597 per
2565 2523 2713 2581 illud
2761 2516 3115 2585 sacriﬁcium
3145 2531 3567 2602 vespertinum,

1914 2612 2239 2668 transimus
2273 2612 2346 2667 ad
2376 2612 2713 2682 Dominum,
2737 2619 2795 2672 et
2824 2617 3119 2674 auferetur
3144 2618 3406 2676 velamen
3438 2620 3571 2676 Pro-

1880 2775 1885 2781 .
1916 2704 2114 2776 pterea
2143 2704 2200 2756 et
2228 2700 2474 2757 Domino
2505 2703 2779 2761 crucifixo
2821 2704 3015 2762 velum
3062 2706 3265 2781 templi
3284 2740 3289 2745 -
3310 2709 3569 2766 scissum

1916 2795 2024 2848 est.
2059 2790 2261 2862 Itaque
2317 2806 2424 2847 nec
2472 2807 2709 2849 carnem
2764 2795 3034 2867 praeputii
3090 2795 3568 2855 eireumeidimus

1908 2881 2082 2953 juxta
2111 2879 2291 2934 ritum
2322 2879 2589 2935 Mosaicae
2629 2878 2797 2955 legis,
2831 2899 2934 2939 nec
2979 2883 3347 2942 abstinemus
3377 2885 3569 2942 carni-

1918 2967 2049 3035 bus,
2083 2983 2229 3039 quas
2260 2967 2464 3023 eadem
2496 2966 2588 3024 lex
2626 2968 2767 3024 dicit
2803 2967 3163 3040 immundus,
3187 2990 3292 3029 nec
3322 2975 3571 3031 sabbata

1917 3059 1974 3112 et
2003 3056 2342 3112 neomenias
2372 3059 2428 3113 et
2457 3056 2581 3113 dies
2624 3056 2804 3114 festos
2853 3075 3055 3117 eorum
3104 3060 3416 3118 carnaliter
3462 3063 3566 3120 ob-

1918 3161 2240 3214 servamus,
2263 3161 2367 3200 nec
2388 3145 2656 3202 victimas
2680 3162 2957 3219 pecorum
2997 3149 3399 3207 sacriﬁcamus
3424 3151 3565 3219 Deo,

145 3234 314 3292 cibo?
344 3236 669 3309 Oportebat
696 3251 854 3309 ergo,
886 3239 953 3290 ut
981 3251 1186 3291 mensa
1222 3233 1325 3289 illa
1362 3233 1719 3302 lactesceret,
1749 3238 1807 3290 et
1836 3220 1879 3287 C
1918 3249 2024 3290 nec
2054 3233 2274 3306 pascha
2302 3234 2361 3288 in
2393 3250 2495 3290 ove
2537 3238 2595 3291 et
2631 3234 2848 3308 azymis
2877 3234 3151 3294 similiter
3178 3237 3564 3310 celebramus,

147 3322 219 3380 ad
248 3323 531 3397 parvulos
579 3323 922 3398 perveniret.
954 3322 1120 3380 Unde
1150 3327 1349 3380 autem
1399 3323 1465 3379 fit
1515 3323 1622 3379 tibi
1672 3321 1807 3379 lac?

120 3414 301 3470 unde
332 3417 537 3470 autem
566 3413 736 3470 cibus
762 3413 826 3469 in
865 3412 958 3470 lac
994 3411 1368 3478 convertitur,
1405 3411 1520 3469 nisi
1551 3428 1655 3485 per
1681 3429 1807 3468 car-

145 3510 279 3559 nam
310 3501 684 3576 injiciatur?
710 3501 860 3558 Nam
891 3505 1079 3558 mater
1105 3500 1216 3557 hoc
1247 3500 1419 3570 facit;
1452 3501 1608 3574 quod
1641 3516 1807 3557 man-

144 3589 324 3648 ducet
354 3594 566 3661 mater,
588 3590 699 3648 hoc
720 3591 1040 3648 manducet
1063 3589 1289 3659 infans;
1319 3590 1421 3646 sed
1448 3590 1588 3663 quia
1611 3589 1809 3646 minus

141 3680 398 3737 idoneus
416 3682 510 3737 est
538 3679 733 3736 infans
759 3678 860 3752 qui
891 3694 1041 3751 pane
1063 3683 1350 3747 vescatur,
1376 3678 1574 3752 ipsum
1595 3694 1809 3752 panem

143 3773 334 3827 mater
354 3768 646 3837 incarnat,
662 3771 721 3824 et
735 3766 987 3823 utilitate
1004 3783 1026 3809 ι
1048 3765 1323 3823 mamillae
1345 3770 1403 3823 et
1432 3766 1602 3824 lactis
1634 3783 1809 3823 succo

141 3858 214 3915 de
240 3856 377 3931 ipso
396 3872 554 3931 pane
575 3856 762 3930 pascit
778 3856 1087 3912 infantem.
1103 3856 1403 3921 Quomodo
1424 3872 1561 3930 ergo
1581 3856 1652 3912 de
1683 3855 1810 3929 ipso

141 3962 293 4021 pane
313 3945 481 4021 pavit
510 3963 618 4003 nos
651 3943 942 4019 sapientia
971 3946 1110 4001 Dei?
1139 3945 1288 4013 Quia
1319 3945 1548 4001 Verbum
1576 3961 1703 4001 caro
1721 3948 1809 4018 fa-

140 4042 293 4092 ctum
321 4043 430 4103 est,
464 4042 518 4091 et
547 4036 816 4091 habitavit
840 4036 903 4090 in
930 4035 1089 4091 nobis
1119 4033 1296 4107 (Joan.
1329 4051 1369 4102 1,
1407 4035 1516 4104 14).
1547 4033 1691 4090 Vide
1721 4050 1811 4089 er-

141 4139 213 4199 go
241 4122 675 4192 humilitatem,
699 4122 838 4196 quia
875 4138 1088 4196 panem
1119 4121 1462 4196 angelorum
1496 4123 1815 4178 manducet

141 4212 340 4270 homo.
363 4212 446 4269 Et
477 4210 763 4284 scriptum
795 4215 919 4268 est:
942 4212 1151 4268 Panem
1170 4212 1296 4267 caeli
1322 4211 1470 4268 dedit
1496 4205 1602 4278 eis,
1613 4226 1816 4283 panem

142 4302 481 4373 angelorum
506 4299 859 4357 manducavit
885 4301 1042 4357 homo
1074 4301 1242 4372 (Psal.
1278 4317 1486 4368 LXXVII,
1507 4301 1621 4373 24),
1647 4300 1704 4355 id
1726 4302 1816 4355 est

136 4389 405 4448 Verbum
435 4388 591 4447 illud
634 4405 749 4464 quo
787 4391 1111 4463 pascuntur
1140 4387 1333 4462 angeli
1362 4389 1811 4462 sempiternum,

140 4480 298 4551 quod
330 4484 430 4536 est
462 4476 686 4551 equale
708 4477 884 4545 Patri,
910 4477 1288 4534 manducavit
1310 4477 1510 4547 homo,
1532 4477 1671 4550 quia
1689 4494 1815 4533 cum

1918 3327 1976 3379 et
1997 3322 2045 3377 si
2078 3338 2196 3395 qua
2220 3321 2332 3379 alia
2353 3322 2591 3379 fuerunt
2612 3328 2808 3380 vetera
2826 3330 3346 3401 sacramenta,qua2
3372 3329 3571 3386 omnia

1916 3410 2160 3471 umbras
2200 3411 2531 3466 futurorum
2578 3410 2831 3485 appellat
2865 3413 3201 3487 Apostolus,
3224 3417 3365 3490 quia
3393 3433 3463 3475 ea
3491 3417 3569 3475 si-

1915 3498 2275 3574 gnificabant
2295 3516 2402 3556 suo
2427 3502 2687 3573 tempore
2710 3499 3018 3560 revelanda
3038 3521 3166 3576 quae
3188 3521 3296 3562 nos
3321 3505 3574 3563 revelata

1917 3588 2295 3662 percipimus,
2329 3593 2395 3645 ut
2444 3594 2668 3646 remota
2727 3590 2939 3647 umbra
2993 3586 3153 3650 nuda
3206 3610 3412 3650 eorum
3442 3594 3572 3652 luce

1884 3690 1889 3693 '
1919 3693 2241 3733 rueremur.
2266 3678 2412 3733 Nam
2444 3682 2502 3734 et
2531 3679 2792 3735 exuendo
2824 3683 3078 3737 veterem
3128 3681 3431 3740 hominem
3461 3683 3574 3740 eir-

1919 3765 2312 3822 cumcidimur
2362 3766 2422 3822 in
2478 3766 2896 3840 exspoliatione
2955 3762 3212 3843 corporis
3269 3772 3484 3841 carnis,
3517 3776 3577 3830 et

1919 3871 2068 3927 quos
2098 3854 2260 3911 cibos
2289 3853 2374 3910 illi
2404 3858 2601 3911 vetant
2638 3856 2697 3911 in
2737 3854 3065 3929 pecoribus,
3090 3876 3197 3915 nos
3225 3861 3481 3918 vitamus
3510 3863 3573 3919 in

1921 3943 2204 4012 moribus,
2231 3948 2288 4000 et
2317 3942 2659 4000 exhibemus
2690 3961 2934 4017 corpora
2962 3951 3162 4003 nostra
3204 3947 3457 4005 hostiam
3486 3950 3572 4005 vi-

1918 4048 2073 4104 vam,
2108 4037 2528 4099 sanctam,Dco
2567 4033 2915 4107 placentem,
2938 4034 3032 4089 cui
3082 4039 3138 4091 et
3186 4036 3415 4094 animas
3468 4056 3570 4095 no-

1921 4125 2075 4176 stras
2103 4120 2164 4176 in
2197 4120 2503 4176 desideriis
2553 4120 2675 4177 suis
2715 4137 2818 4193 pro
2849 4122 3134 4195 sanguine
3182 4124 3575 4199 intelligenter

1921 4209 2304 4277 effundimus,
2328 4213 2385 4265 et
2424 4207 2639 4264 Christi
2667 4208 2827 4265 velut
2855 4210 3003 4283 Agni
3043 4212 3405 4270 immaculati
3436 4231 3571 4271 san-

1921 4298 2102 4371 guine
2135 4299 2206 4353 ab
2236 4297 2396 4353 omni
2444 4297 2751 4371 iniquitate
2781 4299 3158 4369 mundamur,
3191 4301 3292 4374 qui
3341 4307 3577 4375 propter

1924 4386 2377 4443 similitudinem
2409 4386 2603 4444 carnis
2647 4388 2867 4460 peccati
2899 4388 3076 4446 etiam
3105 4391 3341 4463 caprino
3370 4407 3576 4464 pecore

1923 4476 1984 4531 in
2006 4474 2299 4531 veteribus
2330 4474 2634 4532 sacrificiis
2664 4476 2969 4549 ﬁguratur,
2994 4494 3099 4534 nec
3129 4494 3264 4535 eum
3296 4483 3469 4552 negat
3515 4480 3577 4536 in

141 4569 203 4624 in
230 4571 424 4642 fama
457 4567 569 4641 Dei
586 4575 741 4639 esset,
770 4582 883 4623 non
911 4568 1171 4640 rapinam
1192 4567 1496 4623 arbitratus
1525 4574 1604 4622 est
1629 4582 1740 4623 esse
1761 4581 1817 4622 se
1846 4578 1894 4642 ι)
1927 4563 2118 4621 crucis
2148 4563 2426 4620 carnibus
2457 4564 2831 4637 taurum,qui
2862 4564 2921 4621 in
2953 4564 3053 4623 illo
3083 4568 3382 4641 cognoscit
3400 4568 3579 4625 maxi-

145 4658 429 4729 zqualem
487 4656 593 4713 Deo
624 4654 795 4729 (Phil.
829 4671 891 4724 ιι,
913 4656 991 4725 6).
1025 4654 1383 4728 Saginantur
1437 4653 1538 4710 illo
1589 4653 1814 4728 angeli;

139 4745 241 4803 sed
290 4745 660 4819 semetipsum
689 4745 1019 4809 exinanivit,
1054 4748 1120 4799 ut
1164 4744 1553 4800 manducaret
1601 4759 1816 4816 panem

142 4833 500 4907 angelorum
530 4831 728 4902 homo,
751 4834 989 4906 formam
1006 4834 1152 4888 servi
1172 4833 1446 4904 accipiens
1469 4833 1528 4887 in
1550 4833 1816 4888 similitu-

141 4922 271 4979 dine
297 4923 603 4979 hominum
629 4920 825 4993 factus,
848 4927 899 4977 et
924 4922 1118 4977 habitu
1143 4922 1396 4977 inventus
1425 4928 1489 4976 ut
1512 4922 1687 4977 homo.
1711 4922 1821 4977 Hu-

141 5013 395 5068 miliavit
421 5025 509 5076 se,
541 5012 722 5082 factus
751 5008 1006 5067 obediens
1033 5024 1204 5082 usque
1232 5010 1301 5065 ad
1327 5017 1573 5077 mortem,
1595 5018 1823 5067 mortem

146 5108 331 5158 autem
360 5099 574 5165 amcis,
600 5101 667 5153 ut
686 5099 815 5169 jam
846 5098 917 5154 de
956 5114 1127 5154 cruce
1157 5098 1669 5154 commendaretur
1717 5116 1823 5155 no-

144 5187 236 5247 bis
266 5204 414 5246 caro
446 5190 509 5243 et
536 5186 783 5260 sanguis
811 5184 1046 5242 Domini
1073 5203 1288 5243 novum
1320 5187 1697 5243 sacrificium.

214 5279 271 5334 4.
300 5279 490 5350 (Ana.
521 5277 591 5331 in
645 5274 796 5331 Psal.
831 5291 978 5342 inv,
1014 5277 1090 5344 1.)
1116 5274 1246 5347 Ipse
1305 5292 1442 5349 ergo
1492 5292 1527 5331 a
1575 5276 1825 5333 Domino

144 5365 263 5424 Deo
289 5354 532 5423 missus
551 5362 828 5420 sacerdos
847 5366 1066 5430 noster,
1088 5363 1414 5437 assumpsit
1435 5380 1469 5420 a
1490 5363 1661 5420 nobis
1685 5364 1825 5436 quid

148 5455 388 5511 oﬂ’emt
408 5457 554 5509 Deo.
583 5450 722 5507 Illas
753 5454 991 5509 sanctas
1018 5451 1310 5524 primitias
1340 5452 1535 5508 carnis
1563 5468 1633 5507 ex
1661 5457 1827 5511 utero

148 5542 427 5617 Virginis
455 5539 876 5596 holocaustum
907 5538 1118 5595 obtulit
1149 5539 1267 5595 Deo
1292 5555 1304 5593 :
1329 5540 1586 5596 extendit
1616 5557 1831 5601 manus

1928 4668 2087 4709 mam
2117 4652 2436 4709 victimam.
2471 4653 2534 4709 In
2584 4652 2683 4709 illo
2723 4653 2984 4726 requiem
3039 4670 3176 4711 cum
3223 4655 3576 4724 invenimus,

1926 4756 2057 4796 vere
2089 4740 2546 4809 sabbatizamus,
2580 4744 2637 4796 et
2673 4739 2826 4798 luna:
2880 4759 3036 4798 novas
3095 4744 3420 4800 observatio
3449 4744 3576 4799 vitae

1928 4847 2085 4885 nova
2117 4833 2208 4886 est
2237 4829 2649 4896 sanctificatio,
2669 4835 2727 4885 et
2755 4831 2976 4903 pascha
3002 4834 3270 4888 nostrum
3301 4836 3390 4889 est
3409 4831 3579 4888 Chri-

1929 4922 2080 4985 stus,
2101 4922 2158 4974 et
2189 4935 2429 4991 azymus
2461 4921 2661 4975 noster
2688 4918 2993 4976 sinceritas
3020 4919 3302 4989 veritatis,
3333 4921 3579 4978 fermen-

1928 5011 2056 5063 tum
2089 5024 2205 5063 non
2230 5006 2455 5064 habens
2484 5007 2819 5076 vetustatis;
2848 5013 2907 5064 et
2927 5024 3291 5080 quacunque
3315 5008 3430 5065 alia
3461 5008 3579 5066 illis

1930 5095 2228 5153 veteribus
2257 5096 2607 5151 adumbrata
2636 5099 2776 5152 sunt
2805 5095 3009 5168 signis,
3038 5095 3097 5151 in
3128 5096 3242 5153 isto
3271 5096 3490 5155 habent
3518 5099 3583 5155 ti-

1935 5202 2090 5251 nem,
2106 5183 2278 5255 cujus
2311 5185 2474 5258 regni
2496 5201 2611 5240 non
2637 5185 2745 5239 erit
2769 5185 2925 5239 ﬁnis.
2942 5188 3005 5239 In
3029 5183 3127 5240 illo
3149 5185 3367 5259 quippe
3387 5187 3586 5244 omnia

1936 5274 2238 5347 oportebat
2259 5271 2623 5345 impleri,qui
2646 5272 2806 5325 venit
2833 5271 3022 5345 legem
3048 5277 3105 5328 et
3131 5275 3449 5348 prophetas
3469 5292 3586 5333 non

1937 5363 2181 5432 solvere,
2204 5363 2304 5417 sed
2326 5359 2587 5433 implere.
2610 5358 2857 5416 Proinde
2880 5360 2982 5417 illa
2995 5366 3189 5419 vetera
3204 5364 3374 5437 signa
3393 5381 3589 5421 rerum

1938 5469 2056 5508 non
2107 5448 2409 5507 evacuavit
2457 5448 2779 5521 arguendo,
2812 5450 2915 5506 sed
2973 5450 3272 5523 implendo
3323 5452 3589 5522 mutavit,

1939 5546 2005 5598 ut
2018 5540 2136 5597 alia
2155 5541 2352 5595 essent
2369 5552 2495 5608 quae
2520 5534 2859 5593 nuntiarent
2880 5538 3107 5597 venisse
3122 5540 3250 5612 jam
3267 5540 3589 5637 Christum,

216 5650 240 5677 ⁸
268 5637 456 5714 Apud
484 5636 894 5710 Augustinum
924 5644 976 5695 et
997 5652 1099 5710 per
1127 5637 1498 5697 humilitatem
1526 5640 1797 5701 mamillae
1823 5651 1877 5702 et
1904 5641 2063 5698 lactis
2091 5652 2328 5704 succum,
2362 5637 2472 5690 etc.
