3896 6208
302 220 421 299 ,iO
1476 218 1714 285 FLORI
1754 215 2074 282 DIACONI
2114 216 2694 281 LUGDUNENSIS.
3667 212 3751 275 20

341 330 521 434 quam
552 356 785 414 fuerant
820 353 923 412 illa
953 371 1081 428 quae
1127 353 1600 427 praenuntiabant
1629 369 1758 409 esse
1786 355 1992 408 ventu-
2022 351 2075 418 Α
2106 349 2350 407 nitentia
2380 349 2598 423 quaevis
2630 349 2704 404 ab
2736 346 2833 403 illo
2864 346 3144 404 institutae
3188 346 3269 405 rei
3299 346 3590 420 cujusque
3620 363 3752 403 mu-

340 464 495 506 rum.
527 445 813 515 Quoniam
843 459 980 520 ergo
1016 443 1170 501 sicut
1199 444 1485 518 scriptum
1527 446 1619 499 est
1665 442 1725 497 in
1756 440 1991 497 Cantico

341 536 727 604 canticorum,
753 535 1022 607 aspiravit
1058 534 1172 590 dies
1196 533 1377 603 (Cant.
1410 550 1471 599 ιι,
1510 532 1616 605 17),
1650 546 1993 587 removean-

336 630 437 683 tur
465 625 719 692 umbrae;
770 621 1094 697 spiritualis
1128 620 1478 695 significatio
1528 622 1656 693 jam
1712 618 1990 687 lucescat,

341 714 593 772 carnalis
632 712 943 779 celebratio
982 712 1110 784 jam
1143 710 1423 785 quiescat,
1447 710 1757 765 audiamus
1798 708 1993 764 Domi-

340 820 487 862 num
506 805 702 860 vetera
719 801 1058 858 Judaorum
1076 800 1364 858 sacrificia
1383 798 1810 872 repudiantem,
1826 801 1883 854 et
1899 814 1998 853 no-

343 910 484 950 vum
513 890 731 949 Christi
760 888 1113 947 sacrificium
1146 886 1514 962 apertissime
1559 886 1996 959 promittentem

346 998 452 1057 per
480 979 829 1038 Malachiam
862 978 1207 1052 prophetam
1245 977 1534 1032 dicentem
1558 993 1572 1032 :
1594 976 1714 1062 Non
1741 983 1820 1032 est
1856 976 2001 1031 mihi

347 1068 601 1126 voluntas
630 1068 693 1123 in
718 1067 889 1135 vobis,
911 1065 1047 1122 dicit
1072 1066 1357 1130 Dominus,
1378 1071 1429 1120 et
1455 1080 1656 1119 munus
1682 1079 1793 1119 non
1822 1065 1996 1119 susci-

343 1159 501 1232 piam
546 1155 613 1213 de
654 1171 827 1211 manu
870 1162 1064 1211 vestra.
1097 1152 1175 1209 Ab
1199 1160 1322 1208 ortu
1348 1154 1498 1208 enim
1522 1153 1656 1210 solis
1712 1168 1883 1224 usque
1928 1152 1998 1208 ad

348 1261 594 1304 occasum
610 1260 876 1315 magnum
903 1250 981 1299 est
1008 1258 1204 1298 nomen
1228 1256 1410 1297 meum
1449 1243 1509 1296 in
1555 1243 1826 1311 gentibus,
1859 1249 1912 1297 et
1938 1243 1999 1297 in

346 1335 502 1392 omni
524 1334 636 1390 loco
662 1333 1029 1404 sacriﬁcatur,
1061 1338 1112 1387 et
1152 1330 1380 1403 offertur
1406 1332 1625 1386 nomini
1648 1346 1767 1387 meo
1796 1330 1998 1387 oblatio

343 1422 573 1488 munda,
604 1423 739 1496 quia
759 1436 958 1477 nomen
986 1435 1166 1476 meum
1194 1435 1463 1489 magnum
1489 1426 1568 1475 est
1619 1421 1679 1475 in
1721 1421 1996 1489 gentibus,

342 1512 478 1569 dicit
505 1512 776 1569 Dominus
820 1509 1159 1566 mrcituum
1201 1508 1463 1581 (Malach.
1497 1526 1537 1576 ι,
1571 1508 1681 1578 40).
1711 1510 1873 1565 Certe
1902 1508 2000 1564 hic

346 1616 561 1675 negare
585 1616 702 1656 non
733 1602 983 1673 possunt
1007 1597 1217 1665 Judaei,
1246 1614 1360 1654 non
1385 1596 1579 1653 solum
1601 1614 1717 1653 non
1741 1596 2002 1670 accipere

2100 438 2264 506 tatio,
2286 455 2415 512 quae
2445 438 2790 495 credebatur
2833 453 2961 495 esse
3007 454 3310 506 mansura,
3331 436 3577 512 proinde
3617 452 3754 493 cum

2103 527 2245 583 dicit
2273 544 2384 584 non
2406 527 2695 600 paenitebit
2718 543 2844 582 eum
2865 545 2883 581 :
2909 527 2983 582 Tu
3019 543 3074 583 es
3110 526 3358 582 sacerdos
3390 527 3449 581 in
3478 533 3761 582 aeternum

2101 617 2397 673 secundum
2425 615 2672 673 ordinem
2706 614 3127 694 Melchisedech,
3155 614 3299 671 satis
3334 614 3592 670 ostendit
3620 630 3759 670 eum

2104 705 2466 780 pmnituisse,
2500 703 2610 761 hoc
2640 708 2729 761 est
2766 721 2901 760 eum
2942 708 3171 760 mutare
3198 702 3455 760 voluisse
3486 702 3759 759 sacerdo-

2104 794 2276 861 tium,
2300 794 2456 868 quod
2485 794 2871 850 constituerat
2898 793 3223 849 secundum
3246 792 3511 848 ordinem
3539 793 3758 859 Aaron,

2105 883 2259 940 sicut
2289 884 2360 939 de
2390 888 2639 955 utroque
2657 882 2927 938 videmus
2957 881 3287 954 impletum.
3311 881 3459 937 Nam
3489 885 3549 937 et
3565 882 3762 937 Aaron

2106 971 2496 1029 sacerdotium
2520 972 2648 1044 jam
2680 969 2912 1027 nullum
2955 975 3045 1027 est
3092 970 3152 1027 in
3200 968 3398 1043 aliquo
3428 968 3671 1043 templo,
3703 973 3765 1026 et

2105 1060 2320 1118 Christi
2351 1058 2744 1117 sacerdotium
2792 1064 3075 1115 aeternum
3106 1061 3436 1132 perseverat
3480 1059 3542 1115 in
3592 1058 3761 1115 coelo.

2107 1150 2272 1206 Hunc
2314 1149 2679 1205 sacerdotem
2728 1151 2785 1205 et
2829 1147 2938 1204 hoc
2997 1147 3387 1204 sacerdotium
3446 1147 3765 1220 magniﬁce

2107 1238 2481 1295 commendat
2509 1236 2832 1310 apostolus,
2855 1252 2990 1292 cum
3017 1235 3268 1310 gratiam
3299 1235 3597 1310 Evangelii
3616 1254 3653 1292 a
3676 1252 3766 1293 re-

2107 1326 2704 1401 galibusraeremoniis
2726 1325 3115 1399 distinguens,
3138 1324 3344 1382 scribit
3361 1325 3434 1381 ad
3457 1324 3762 1382 Hebraios:

2110 1419 2182 1473 Et
2207 1417 2313 1472 alii
2339 1415 2560 1488 quidem
2592 1415 2780 1487 plures
2822 1416 2961 1487 facti
3005 1423 3134 1471 sunt
3178 1413 3499 1481 sacerdotes,
3529 1431 3591 1472 eo
3621 1414 3769 1487 quod

2105 1513 2277 1561 morte
2318 1505 2741 1577 prohiberentur
2777 1520 3132 1576 permanere,-
3161 1503 3251 1559 hic
3285 1511 3468 1560 autem
3511 1519 3572 1560 eo
3622 1504 3771 1577 quod

2107 1601 2328 1650 maneat
2356 1596 2415 1650 in
2442 1601 2734 1661 mternum,
2756 1595 3149 1665 sempiternum
3175 1594 3337 1650 habet
3360 1592 3727 1650 sacerdotium
3749 1610 3771 1649 :

349 1689 703 1748 sacrificium
725 1689 797 1746 de
818 1687 1094 1745 manibus
1109 1703 1332 1757 eorum,
1353 1687 1455 1743 sed
1480 1703 1583 1743 nec
1605 1703 1668 1744 se
1686 1686 1772 1742 illi
1794 1687 2002 1743 offerre
2028 1727 2077 1794 B
2109 1682 2255 1739 unde
2277 1691 2328 1739 et
2355 1683 2570 1739 salvare
2608 1683 2669 1738 in
2693 1689 3014 1754 perpetuum
3037 1690 3230 1755 potest,
3262 1681 3518 1739 accedens
3558 1698 3659 1756 per
3684 1697 3774 1739 se-

497 1778 531 1794 u
737 1778 748 1790 ι
838 1777 862 1794 ν
1082 1792 1091 1794 _
1148 1776 1161 1789 ο
1472 1792 1485 1794 Α
1506 1793 1511 1794 ,
1531 1779 1543 1794 ι
1595 1775 1610 1794 1
1630 1792 1638 1794 ξ
1660 1792 1674 1794 _
1702 1793 1711 1794 κ
1769 1776 1812 1794 n
1830 1792 1842 1794 _
1875 1793 1901 1794 η
1920 1775 1965 1794 2,-
1986 1775 1997 1794 ξ
2113 1789 2159 1794 --_
2175 1775 2395 1794 -‘_'_-_-----
2437 1771 2499 1794 -.Ι
2538 1774 2694 1794 n------
2749 1786 2952 1794 ---.-..--.
2980 1772 3164 1794 --.'----_-
3212 1771 3275 1794 -.Ι
3308 1772 3628 1794 -'--A--._-ll_--
3642 1771 3770 1794 1--..-

353 1778 631 1837 manibus
659 1778 804 1836 suis.
838 1777 1026 1834 Locus
1070 1776 1227 1834 enim
1260 1794 1415 1833 unus
1463 1779 1552 1833 est
1595 1775 1722 1850 lege
1769 1775 2001 1832 Domini
2028 1771 2077 1794 "
2108 1775 2401 1845 metipsum
2429 1771 2499 1827 ad
2527 1774 2721 1837 Deum,
2741 1786 2952 1844 semper
2978 1772 3164 1827 vivens
3204 1771 3276 1827 ad
3305 1771 3777 1844 interpellandum

352 1867 728 1934 constitutus,
756 1866 856 1923 ubi
887 1865 1160 1922 manibus
1184 1880 1385 1921 eorum
1408 1863 1694 1921 sacrificia
1705 1865 1887 1937 jussit
1916 1866 2000 1921 ot-

353 1957 525 2026 fcrre,
552 1959 763 2029 praeter
791 1968 968 2027 quem
997 1953 1191 2010 locum
1222 1952 1460 2009 omnino
1493 1951 1811 2026 prohibuit.
1836 1953 2002 2009 Hunc

354 2060 493 2118 ergo
522 2043 717 2100 locum
738 2058 915 2115 quem
935 2059 1041 2116 pro
1064 2041 1188 2097 suis
1219 2041 1444 2098 meritis
1465 2042 1812 2111 amiserunt,
1825 2041 2002 2098 etiam

354 2128 707 2189 sacrificium
738 2129 892 2202 quod
936 2127 1016 2185 ibi
1045 2132 1274 2185 tantum
1305 2127 1518 2185 licebat
1546 2128 1739 2186 ofl‘erri
1770 2130 1829 2186 in
1861 2129 2005 2186 locis

355 2218 486 2277 aliis
517 2219 723 2275 offerre
752 2234 867 2274 non
896 2218 1132 2274 audent.
1159 2218 1298 2273 Ecce
1328 2216 1666 2274 omnimodo
1696 2217 2006 2292 impletum

354 2311 464 2376 est,
478 2307 634 2380 quod
670 2305 752 2362 ait
786 2305 1091 2379 propheta,
1114 2311 1184 2363 Et
1209 2323 1412 2361 munus
1458 2322 1571 2363 non
1613 2309 1917 2379 suscipiam
1944 2307 2008 2363 de

353 2398 614 2455 manibus
641 2396 856 2453 vestris.
886 2394 1085 2468 Neque
1115 2394 1224 2451 hoc
1252 2395 1335 2451 ita
1357 2396 1700 2468 praedictum
1721 2401 1779 2453 et
1811 2395 2012 2469 imple-

356 2490 488 2544 tum
508 2487 617 2553 est,
631 2487 698 2541 ut
716 2499 815 2540 eos
837 2483 1177 2557 prophetica
1199 2484 1492 2540 sententia
1512 2485 1864 2557 respondere
1885 2501 2011 2558 per-

363 2574 579 2632 mittat.
597 2572 759 2637 Quod
792 2572 1066 2629 manibus
1094 2589 1211 2629 non
1242 2572 1542 2629 offerimus
1567 2574 2013 2643 carnem,corde

364 2667 422 2723 et
449 2661 749 2721 offerimus
789 2660 1046 2731 laudem,
1081 2662 1404 2717 secundum
1437 2660 1582 2717 illud
1630 2662 1689 2717 in
1734 2662 1962 2736 psalmo
1996 2679 2010 2718 :

363 2752 592 2812 lmmola
617 2753 719 2808 Dei
741 2748 1084 2823 sacriﬁcium
1114 2749 1293 2806 laudis
1321 2752 1489 2806 etiam
1516 2752 1686 2821 (Psal.
1717 2768 1868 2819 χιιι,
1899 2751 2010 2820 44),

369 2841 507 2898 hinc
544 2839 700 2897 enim
745 2838 1090 2896 contradicit
1116 2839 1201 2895 eis
1231 2838 1331 2912 qui
1361 2838 1501 2894 dicit
1533 2857 1547 2894 :
1581 2843 1703 2897 Non
1750 2848 1828 2896 est
1874 2842 2018 2896 mihi

368 2930 620 2990 voluntas
649 2945 772 2986 mea
801 2930 861 2985 in
886 2928 1056 2984 vobis.
1084 2926 1302 2984 Deinde
1333 2944 1405 2985 ne
1442 2928 1776 2984 existiment
1804 2928 2013 3000 Judaei,

369 3020 525 3093 quod
558 3018 675 3075 illis
706 3034 822 3075 non
862 3016 1259 3083 offerentibus,
1299 3032 1405 3073 nec
1451 3016 1550 3073 illo
1598 3017 1914 3090 accipiente
1945 3018 2017 3074 de

371 3089 647 3165 manibus
675 3122 877 3164 eorum
909 3106 1048 3176 Deo,
1070 3105 1426 3162 sacrificium
1457 3122 1573 3162 non
1595 3089 2013 3179 oﬂ‘eratur,quo
2043 3089 2086 3158 C

370 3195 606 3270 quidem
638 3194 737 3252 ille
767 3211 882 3250 non
905 3198 1051 3267 eget,
1076 3194 1174 3267 qui
1207 3194 1496 3251 honorum
1528 3199 1863 3251 nostrorum
1892 3194 2019 3251 nul-

369 3283 488 3342 lius
507 3283 760 3357 indiget:
781 3286 975 3339 tamen
998 3283 1136 3355 quia
1156 3282 1283 3338 sine
1304 3283 1588 3340 sacriﬁcio
1610 3301 1726 3340 non
1747 3285 2018 3357 est,quod

371 3390 489 3430 non
509 3371 616 3442 illi,
632 3371 734 3429 sed
756 3370 924 3428 nobis
945 3370 1088 3427 utile
1109 3374 1217 3439 est,
1233 3370 1473 3427 audiant
1492 3372 1688 3445 ipsum
1706 3374 2018 3431 Dominum

372 3464 831 3529 contestantem,
891 3460 1010 3515 imo
1069 3460 1335 3532 aperiant
1393 3459 1593 3517 oculos
1650 3465 1708 3518 et
1761 3462 2016 3531 videant,

372 3550 513 3625 quia
542 3551 610 3606 ab
638 3557 761 3606 ortu
805 3549 941 3606 solis
984 3564 1153 3622 usque
1181 3547 1253 3604 ad
1288 3565 1554 3619 occasum,
1588 3567 1704 3606 non
1760 3550 1820 3606 in
1879 3568 2018 3618 uno,

372 3639 528 3698 sicut
556 3637 617 3694 in
654 3636 772 3693 illis
802 3637 991 3694 fuerat
1031 3638 1437 3703 constitutum,
1471 3638 1572 3694 sed
1618 3640 1681 3695 in
1728 3641 1881 3696 omni
1909 3641 2022 3699 loco

373 3727 617 3786 offertur
635 3725 988 3783 sacrificium
1000 3724 1483 3797 Christianorum,
1499 3743 1604 3783 nec
1628 3726 1867 3785 cuilibet
1882 3729 2020 3795 Deo,

375 3816 477 3875 sed
507 3814 559 3870 ei
590 3815 692 3888 qui
722 3816 836 3871 ista
864 3813 1131 3887 praedixit
1150 3815 1265 3871 Deo
1296 3815 1494 3872 Israel.
1520 3816 1682 3873 Unde
1714 3816 1854 3873 alibi
1884 3817 2025 3872 dicit

374 3901 642 3962 Ecclesiae
672 3919 793 3959 sua:
826 3919 840 3958 :
872 3905 950 3958 Et
984 3901 1302 3976 Redemptor
1339 3911 1461 3961 tuus
1488 3905 1629 3961 Deus
1657 3905 1848 3974 Israel,
1882 3909 2024 3961 Deus

375 3994 654 4050 universae
699 3998 864 4049 terra
900 3993 1183 4048 vocabitur
1218 3991 1345 4061 (Isa.
1379 4010 1490 4061 LIV,
1519 3994 1595 4064 5).
1630 3993 1750 4050 Hoc
1796 3992 2025 4049 sacriﬁ-

378 4080 535 4136 cium
557 4080 847 4138 mundum
867 4080 1108 4136 offertur
1123 4080 1239 4137 Deo
1260 4080 1457 4147 Israel,
1482 4098 1598 4138 non
1619 4082 1692 4138 ab
1716 4098 1835 4138 una
1853 4085 2027 4154 gente

376 4168 736 4235 Judaeorum,
769 4168 841 4224 de
882 4169 1055 4241 cujus
1083 4169 1355 4225 manibus
1393 4187 1508 4226 non
1549 4186 1612 4226 se
1647 4174 2024 4244 accepturum

377 4256 665 4330 praedixit,
698 4256 800 4313 sed
845 4256 917 4313 ab
959 4256 1235 4314 omnibus
1274 4259 1566 4332 gentibus,
1602 4275 1729 4331 quae
1779 4259 2023 4315 dicant:

380 4345 583 4411 Venite,
615 4344 967 4402 ascendamus
996 4345 1066 4402 ad
1104 4354 1344 4404 montem
1372 4348 1610 4415 Domini,
1644 4363 1750 4402 nec
1801 4348 1860 4403 in
1908 4364 2026 4403 uno

2105 1878 2207 1935 pro
2236 1863 2335 1918 eis.
2365 1861 2506 1917 Talis
2536 1860 2752 1917 decebat
2780 1868 2840 1915 ut
2866 1861 3027 1916 nobis
3063 1867 3200 1917 esset
3221 1861 3494 1934 pontifex,
3514 1869 3772 1927 sanctus,

2112 1953 2392 2019 innocens,
2444 1950 2786 2022 impollutus,
2837 1957 3153 2020 segregatus
3196 1966 3232 2005 a
3275 1950 3672 2022 peccatoribus,
3718 1958 3779 2007 et

2110 2040 2375 2097 excelsior
2399 2039 2548 2094 caelis
2574 2041 2772 2112 factus,
2805 2039 2900 2110 qai
2924 2054 3035 2094 non
3064 2039 3286 2095 haberet
3312 2038 3555 2110 quotidie
3577 2054 3775 2095 neces-

2112 2131 2351 2198 sitatem,
2398 2127 2850 2201 quemadmodum
2895 2127 3214 2195 sacerdotes,
3267 2129 3451 2199 primo
3492 2144 3594 2200 pro
3648 2130 3778 2185 suis

2113 2220 2346 2291 peccatis
2376 2217 2579 2274 hostias
2626 2216 2840 2288 offerre,
2871 2216 3068 2273 deinde
3098 2232 3200 2289 pro
3225 2217 3435 2288 populi.
3467 2217 3575 2273 Hoc
3619 2219 3780 2273 enim

2114 2310 2246 2380 fecit
2278 2308 2443 2363 semel
2489 2308 2729 2379 seipsum
2777 2305 3046 2379 oﬂ'erendo
3076 2306 3257 2375 (Hebr.
3286 2322 3386 2375 vn,
3418 2305 3532 2378 28).
3568 2306 3635 2361 Et
3661 2304 3780 2362 ite-

2119 2391 2250 2454 runi
2286 2412 2299 2451 :
2338 2397 2516 2452 Talem
2571 2395 2830 2451 habemus
2879 2395 3212 2467 pontificem,
3263 2396 3360 2467 qui
3409 2394 3647 2451 consedit
3701 2394 3782 2452 ad

2119 2487 2368 2543 dextram
2394 2486 2692 2558 majestatis
2716 2486 2778 2540 in
2805 2484 2976 2555 ctelis,
3005 2492 3316 2541 sanctorum
3340 2484 3596 2540 minister
3612 2492 3667 2541 et
3690 2493 3782 2541 ta-

2123 2575 2408 2632 bernaculi
2435 2575 2552 2631 veri
2575 2573 2717 2646 quod
2742 2575 2874 2646 fecit
2902 2577 3050 2629 Deus
3079 2580 3129 2630 et
3156 2574 3312 2629 homo
3331 2572 3523 2642 (Hebr.
3546 2589 3671 2644 vm,
3700 2574 3779 2643 1).

2122 2663 2323 2721 Sancti
2353 2680 2490 2736 ergo
2521 2665 2716 2735 patres
2747 2661 2934 2718 nostri
2963 2660 3025 2718 in
3048 2661 3241 2719 Veteri
3271 2662 3650 2719 Testamento
3676 2661 3783 2719 uni

2122 2753 2240 2811 Deo
2271 2756 2327 2809 et
2355 2751 2611 2808 Creatori
2642 2750 2906 2807 omnium
2933 2750 3203 2807 victimas
3232 2750 3590 2820 obtulerunt,
3626 2768 3783 2825 quas

2125 2842 2238 2899 sibi
2255 2842 2379 2915 ipse
2397 2840 2588 2897 offerri
2607 2839 2921 2912 voluit,per
2947 2856 3149 2896 earum
3172 2839 3621 2897 similitudinem
3644 2857 3782 2914 pro-

2126 2931 2369 2987 mittens
2398 2929 2695 2985 victimam
2726 2945 2944 2998 veram,
2971 2945 3074 3001 per
3102 2945 3280 3001 quam
3303 2945 3411 2985 nos
3440 2927 3549 2985 sibi
3580 2946 3785 3003 pecca-

2123 3024 2320 3076 torum
2352 3018 2699 3075 remissione
2728 3016 3122 3074 reconciliavit
3150 3017 3209 3072 in
3231 3016 3461 3074 Christo
3490 3017 3633 3074 Jesu
3665 3019 3781 3075 Do-

2127 3107 2287 3164 mino
2318 3110 2542 3173 nostro,
2565 3110 2633 3161 ut
2650 3105 2702 3162 ei
2724 3106 3029 3161 offerretur
3057 3104 3404 3173 similitudo,
3428 3104 3783 3177 promittens

2125 3197 2429 3254 veritatem
2462 3194 2752 3264 sacrificii,
2786 3193 2881 3250 cui
2911 3197 3037 3250 erat
3065 3194 3360 3249 offerenda
3389 3193 3519 3266 ipsa
3549 3195 3783 3252 reddita

2127 3284 2339 3341 veritas
2382 3283 2441 3339 in
2473 3282 2745 3356 passione
2791 3280 3050 3354 corporis
3079 3285 3136 3337 et
3182 3282 3492 3354 sanguinis
3538 3283 3778 3340 Christi.

2129 3374 2319 3446 Hujus
2350 3372 2619 3429 sacrificii
2665 3388 2799 3428 caro
2856 3375 2915 3427 et
2968 3370 3211 3444 sanguis
3267 3374 3404 3427 ante
3462 3372 3782 3430 adventum

2131 3462 2344 3519 Christi
2376 3478 2479 3534 per
2504 3461 2774 3517 victimas
2806 3458 3194 3517 similitudine
3224 3459 3697 3532 promittebatur,
3726 3462 3787 3518 in

2130 3553 2404 3626 passione
2435 3551 2647 3608 Christi
2688 3568 2793 3624 per
2818 3551 3009 3624 ipsam
3056 3550 3361 3607 veritatem
3408 3551 3785 3621 reddebatur,

2132 3645 2267 3714 post
2295 3657 2607 3697 ascensum
2638 3639 2852 3696 Christi
2892 3656 2996 3712 per
3034 3642 3469 3696 sacramentum
3500 3640 3792 3698 memoria

2133 3729 2481 3786 celebratur.
2515 3728 2762 3785 Proinde
2792 3728 2985 3803 prima
3015 3732 3403 3797 sacramenta,
3428 3745 3556 3802 quae
3585 3729 3788 3787 obser-

2131 3821 2346 3873 vantur
2375 3821 2433 3872 et
2462 3816 2832 3874 celebrantur
2859 3833 2929 3873 ex
2970 3815 3118 3890 lege,
3150 3814 3595 3889 praenuntiativa
3622 3820 3792 3875 erant

2133 3905 2348 3962 Christi
2376 3906 2626 3972 venturi,
2653 3924 2782 3979 qua:
2813 3921 2947 3962 cum
2976 3922 3082 3962 suo
3113 3906 3363 3962 adventu
3386 3904 3658 3963 Christus
3688 3908 3792 3964 im-

2134 3993 2430 4067 plevisset,
2454 3994 2649 4051 oblata
2676 3999 2842 4064 sunt;
2875 3997 2933 4051 et
2972 3992 3102 4050 ideo
3131 3991 3328 4050 oblata
3355 3992 3497 4067 quia
3523 3993 3792 4066 impleta,

2136 4100 2254 4140 non
2281 4083 2438 4140 enim
2467 4083 2625 4140 venit
2654 4083 2875 4140 solvere
2918 4081 3107 4156 legem
3146 4082 3247 4138 sed
3286 4080 3628 4155 adimplere.
3661 4081 3793 4139 Alia

2136 4176 2277 4229 sunt
2301 4172 2573 4229 instituta
2590 4171 2801 4229 virtute
2830 4171 3075 4242 majora,
3096 4169 3350 4226 utilitate
3369 4168 3632 4237 meliora,
3655 4175 3790 4227 actu

2136 4261 2418 4329 faciliora,
2451 4276 2696 4317 numero
2736 4258 3032 4332 pauciora,
3066 4262 3349 4332 tanquam
3384 4257 3622 4330 justitia
3651 4258 3791 4315 fidei

2138 4348 2410 4415 revelata,
2431 4353 2488 4405 et
2513 4349 2573 4404 in
2602 4347 2869 4403 libertate
2899 4345 3118 4403 vocatis
3149 4345 3286 4402 filiis
3307 4345 3409 4402 Dei
3430 4346 3577 4419 jugo
3606 4348 3789 4405 servi-

376 4431 506 4522 loco
526 4433 679 4490 sicut
697 4439 1053 4509 praeceptum
1073 4435 1272 4492 eratin
1293 4440 1527 4492 terrena
1545 4434 1900 4506 Jerusalem;
1924 4437 2025 4493 sed
2059 4458 2104 4522 Β
2135 4437 2281 4493 tutis
2311 4435 2523 4505 ablato,
2553 4436 2705 4509 quod
2737 4436 2884 4491 duro
2916 4440 2973 4490 et
3002 4435 3164 4490 carni
3196 4434 3390 4491 dedito
3420 4435 3635 4508 populo
3657 4453 3791 4494 con-

378 4521 441 4578 in
471 4522 632 4578 omni
653 4521 778 4580 loco
801 4540 986 4596 usque
1006 4524 1067 4579 in
1095 4524 1284 4596 ipsam
1310 4524 1667 4592 Jerusalem;
1702 4541 1807 4581 nec
1827 4541 2030 4581 secun-

380 4610 524 4666 dum
555 4611 822 4668 ordinem
852 4613 1065 4680 Aaron,
1100 4613 1202 4668 sed
1234 4613 1559 4668 secundum
1589 4612 1855 4669 ordinem
1887 4612 2026 4669 Mel-

379 4698 713 4757 chisedech.
739 4699 969 4757 Christo
1017 4700 1174 4757 enim
1204 4700 1427 4757 dictum
1457 4704 1565 4769 est,
1594 4704 1653 4756 et
1699 4702 1771 4758 de
1800 4701 2029 4758 Christo

380 4789 791 4845 tantummodo
812 4792 946 4845 ante
968 4788 1312 4861 praedictum
1331 4792 1421 4844 est
1437 4805 1450 4843 :
1467 4790 1684 4846 Iuravit
1699 4791 1962 4845 Dominus
1983 4796 2034 4845 et

379 4891 492 4932 non
517 4877 799 4948 paenitebit
838 4893 961 4934 eum
989 4893 1002 4931 :
1038 4879 1113 4933 Tu
1158 4893 1215 4933 es
1259 4876 1505 4933 sacerdos
1554 4879 1615 4933 in
1655 4886 1925 4935 aeternum
1951 4895 2031 4935 se-

381 4963 623 5020 cundum
671 4963 919 5021 ordinem
974 4965 1361 5023 Melchisedech
1409 4966 1580 5035 (Psal.
1619 4982 1729 5034 CIX,
1772 4968 1846 5035 4).
1881 4967 2028 5033 Quid

383 5055 473 5109 est
489 5051 706 5124 juravit
726 5054 1012 5121 Dominus,
1043 5052 1159 5109 nisi
1189 5052 1536 5109 inconcussa
1563 5054 1802 5110 veritate
1834 5055 2031 5111 firma-

381 5140 507 5198 vit?
553 5141 623 5196 Et
680 5141 823 5214 quid
854 5144 943 5198 est
977 5157 1086 5198 non
1115 5141 1399 5213 paenitebtt
1426 5157 1569 5208 eum,
1601 5143 1716 5199 nisi
1777 5143 1886 5199 hoc
1937 5162 2032 5199 sa-

383 5227 708 5286 cerdotium
738 5227 901 5284 nulla
928 5228 1043 5284 alia
1072 5229 1296 5284 ratione
1333 5228 1629 5286 mutabit?
1657 5248 1845 5304 neque
1874 5233 2032 5289 enim

382 5315 541 5374 sicut
568 5316 868 5372 hominem
899 5315 1139 5388 pmnitct
1168 5316 1376 5385 Deum,
1410 5318 1510 5374 sed
1543 5318 1644 5376 Dei
1673 5319 1886 5376 dicitur
1915 5339 2030 5394 poe-

454 5417 536 5490 (a)
566 5419 630 5476 Id
658 5423 748 5476 est
776 5420 1239 5479 confirmationis
1277 5430 1709 5481 sacramentum
1744 5443 1757 5482 :
1793 5427 1947 5483 unde
1978 5432 2037 5483 et

387 5490 544 5563 apud
573 5493 801 5547 Graecos
846 5490 1157 5565 episcopus
1194 5494 1547 5552 conﬁrmans
1596 5495 1748 5554 hanc
1796 5496 2035 5556 adhibet

2138 4526 2402 4598 gruebat,
2428 4524 2627 4596 qualia
2655 4528 2797 4580 sunt
2826 4524 2884 4578 in
2908 4522 3160 4579 Ecclesia
3188 4522 3522 4595 baptismus
3551 4523 3785 4593 Christi,

2139 4613 2496 4670 eucharistia
2517 4612 2752 4681 Christi,
2777 4610 3148 4685 signaculum
3171 4610 3244 4683 (a)
3265 4610 3500 4668 Christi.
3527 4613 3675 4671 Hinc
3701 4616 3791 4671 est

2140 4701 2297 4774 quod
2319 4700 2662 4758 cautissimo
2684 4699 2986 4756 divisionis
3011 4696 3214 4754 ordine
3241 4698 3500 4757 Ecclesia
3519 4701 3621 4757 Dei
3653 4701 3786 4768 vivi,

2142 4807 2269 4863 quae
2299 4794 2388 4846 est
2416 4789 2693 4846 columna
2734 4793 2792 4845 et
2839 4788 3280 4844 firmamentum
3326 4788 3608 4861 veritatis,
3644 4795 3790 4847 tem-

2140 4896 2283 4952 pora
2302 4878 2530 4935 venturi
2551 4878 2763 4934 Christi
2785 4876 3189 4950 venientisque
3211 4877 3514 4946 discernit,
3530 4882 3588 4935 et
3611 4880 3794 4936 omis-

2142 4968 2227 5024 sis
2258 4967 2563 5024 sacriﬁciis
2611 4967 2827 5040 quibus
2856 4964 3124 5023 Christus
3165 4983 3452 5040 passurus
3499 4968 3796 5039 promitte-

2142 5056 2334 5124 batur,
2380 5056 2489 5112 hoc
2546 5054 2901 5112 sacrificium
2959 5054 3146 5123 offert,
3177 5071 3294 5128 quo
3346 5054 3615 5112 Christus
3664 5058 3792 5129 jam
3894 5064 3896 5117 ;

2141 5162 2356 5218 passus
2377 5144 2724 5213 ostenditur,
2748 5144 2848 5217 qui
2870 5146 3177 5217 propterea
3196 5160 3367 5200 verus
3387 5146 3476 5200 est
3496 5145 3787 5211 sacerdos,
3894 5162 3896 5199 ε

2141 5234 2281 5307 quia
2306 5234 2690 5307 semetipsum
2720 5249 2912 5290 veram
2948 5249 3054 5305 pro
3077 5231 3248 5288 nobis
3276 5230 3531 5288 hostiam
3552 5232 3785 5300 obtulit,
3894 5280 3896 5307 ί

2142 5323 2295 5378 sicut
2321 5322 2633 5395 Apostolus
2673 5324 2921 5379 testatur
2950 5319 3150 5377 dicens
3175 5336 3187 5375 :
3212 5320 3389 5376 Estote
3428 5335 3553 5392 ergo
3601 5322 3787 5377 imita-

2145 5428 2392 5499 formam
2426 5445 2439 5485 :
2473 5429 2833 5499 Signaculum
2877 5427 3011 5483 doni
3036 5426 3276 5499 Spiritus
3310 5427 3507 5495 sancti,
3539 5430 3598 5482 et
3623 5424 3785 5499 Ordo

2140 5498 2484 5557 Gelasianus
2511 5497 2735 5572 signum
2764 5498 2970 5556 Christi
2994 5499 3053 5553 in
3082 5498 3255 5553 vitam
3284 5504 3565 5554 aeternam.
3595 5497 3783 5557 Amen.
3894 5540 3896 5563 ς
