3896 6208
151 402 224 469 as
1340 400 1445 463 nn
1486 396 2014 462 sxrosmons
2067 368 2348 463 MISSE.
3460 354 3549 464 iis

151 508 1790 610 stationibusperactis,etparticipatotantosacramento,
1820 531 1879 601 Α
1907 532 2133 591 addidit
2164 551 2177 591 :
2210 536 2276 592 Si
2320 534 2651 607 quwsieritis
2694 550 2838 605 eum,
2896 534 3183 592 invenietis
3211 552 3230 592 :
3257 533 3315 592 si
3367 541 3551 593 autem

158 627 461 703 gratiarum
484 625 644 682 actio
665 627 866 681 cuncta
891 623 1395 696 concludit,quam
1415 622 1478 678 in
1502 622 1596 678 his
1616 623 1791 679 etiam

156 715 329 775 verbis
347 712 628 770 ultimam
650 712 1083 769 commendavit
1097 712 1430 786 Apostolus.
1446 716 1577 777 Hth
1594 716 1789 769 autem

152 802 622 877 causaprzecipua
644 801 752 858 fuit
783 803 897 858 ista
919 801 1245 870 dicendi,ut
1263 800 1355 857 bis
1375 799 1625 857 breviter
1650 819 1793 875 pra:-

153 890 371 967 scriptis
400 896 581 964 atque
611 884 978 965 significatis,
1015 907 1128 946 non
1158 893 1469 963 putaretur
1497 890 1793 964 negligen-

152 984 282 1040 dum
311 996 437 1037 esse
467 980 628 1053 quod
652 979 1048 1052 'sequitur,pro
1068 980 1322 1037 omnibus
1353 978 1791 1052 hominibas,pro

154 1071 357 1142 regibus
383 1077 432 1126 et
462 1069 554 1126 his
582 1070 679 1142 qui
720 1071 777 1123 in
825 1068 1160 1124 sublimitate
1188 1075 1334 1135 sunt,
1362 1074 1426 1123 ut
1468 1070 1711 1140 quietam
1738 1076 1790 1125 et

151 1158 502 1232 tranquillam
530 1159 702 1214 vitam
728 1172 961 1229 agamus
990 1158 1053 1212 in
1080 1158 1233 1213 omni
1254 1158 1457 1229 pietate
1476 1164 1527 1213 et
1543 1159 1791 1214 castitate

156 1249 199 1324 (I
224 1248 351 1306 Tim.
378 1262 447 1315 ii,
469 1249 550 1317 2),
580 1262 654 1302 ne
684 1245 1190 1319 quisquam,sicut
1218 1262 1281 1303 se
1312 1245 1489 1302 habet
1516 1246 1788 1302 humanae

152 1334 510 1412 cogitationis
538 1335 870 1402 infirmitas,
905 1335 1220 1396 aestimaret
1250 1352 1364 1391 non
1397 1352 1526 1393 esse
1553 1336 1670 1392 ista
1701 1336 1786 1392 fa-

148 1426 347 1484 cienda
372 1441 481 1498 pro
511 1425 584 1481 iis
615 1442 650 1480 a
679 1423 895 1496 quibus
942 1423 1405 1497 persecutionem
1457 1425 1791 1498 patiebatur

144 1514 562 1583 Ecelesia,cum
596 1513 862 1570 membra
879 1511 1092 1569 Christi
1112 1529 1181 1569 ex
1197 1513 1355 1570 omni
1376 1517 1575 1571 essent
1597 1513 1788 1571 homi-

1899 622 2301 696 dereliqueritis
2333 625 2514 694 illum,
2546 624 2885 697 derelinquet
2909 640 3000 682 vos
3033 625 3079 699 (Ι
3100 630 3231 682 Par.
3262 626 3548 700 xxvm,9),

1899 711 2066 769 Unde
2097 718 2255 786 patet
2283 713 2421 786 quia
2451 713 2603 770 sicut
2635 731 2795 770 mnu.
2822 730 2995 771 rasus
3042 718 3236 787 potest
3285 732 3414 772 esse
3442 714 3548 771 ho-

1900 802 2045 859 mini
2079 819 2257 875 quam
2279 802 2682 876 derelinquere
2704 803 2888 859 Deum
2911 807 2969 859 et
2985 803 3310 877 derelinqui
3333 821 3368 861 a
3386 802 3505 862 Deo
3532 821 3545 860 :

1899 890 1983 947 ita
2011 890 2331 948 econtrario
2359 891 2505 947 nihil
2537 891 2748 949 melius
2779 897 2867 949 est
2896 910 3074 965 quam
3104 892 3319 950 habere
3362 892 3549 951 Deum

1899 984 1953 1036 et
1985 996 2113 1037 esse
2142 996 2279 1036 cum
2311 981 2447 1037 Deo.
2478 982 2551 1037 Et
2579 980 2719 1053 quia
2766 980 3018 1037 salutare
3062 980 3210 1037 nihil
3259 986 3348 1038 est
3390 980 3551 1038 aliud

1900 1087 2076 1143 quam
2108 1068 2358 1126 salutem
2390 1074 2613 1142 optare,
2643 1069 2766 1126 haec
2795 1074 2884 1127 est
2911 1087 3049 1127 vera
3078 1070 3375 1139 salutatio,
3404 1089 3549 1128 verae

1899 1158 2107 1216 salutis
2138 1158 2458 1231 optatio,id
2490 1162 2579 1214 est
2600 1174 2735 1214 cum
2767 1157 3014 1215 ecclesia
3045 1177 3155 1215 sua
3182 1164 3468 1233 tanquam
3488 1159 3550 1216 in

1898 1246 2116 1320 templo
2148 1263 2274 1318 suo,
2308 1264 2443 1302 cum
2493 1246 2635 1302 dicit
2678 1246 2993 1319 Apostolus
3027 1265 3041 1302 :
3080 1249 3357 1321 Templum
3399 1251 3554 1306 enim

1897 1338 2002 1393 Dei
2027 1343 2277 1392 sanctum
2305 1343 2400 1401 est,
2423 1334 2562 1407 quod
2589 1336 2716 1392 estis
2739 1351 2831 1391 vos
2860 1337 2912 1405 (I
2939 1338 3068 1393 Cor.
3101 1354 3184 1405 III,
3218 1337 3330 1411 46).
3364 1338 3434 1394 Et
3452 1338 3555 1396 Ec-

1897 1424 2077 1481 clesia
2102 1423 2281 1480 habet
2300 1423 2617 1480 Dominum
2650 1439 2852 1480 secum
2883 1423 3313 1482 inhabitantem
3347 1430 3404 1483 et
3424 1426 3555 1483 illu-

1898 1513 2244 1581 minantem,
2276 1517 2574 1586 regentem
2606 1517 2663 1568 et
2694 1516 3119 1588 protegentem,
3155 1518 3220 1571 ut
3250 1514 3349 1573 ille
3393 1515 3472 1573 sit
3500 1514 3552 1573 ei

1897 1602 2071 1669 Deus,
2099 1605 2157 1658 et
2183 1600 2283 1657 illa
2315 1601 2392 1658 sit
2434 1600 2706 1674 populus,
2739 1602 2893 1658 sicut
2940 1602 3224 1676 propheta
3280 1604 3556 1677 promisit

1897 1691 2099 1747 dicens
2132 1707 2145 1747 :
2172 1693 2239 1747 Et
2268 1691 2582 1747 inhabitabo
2610 1698 2662 1747 et
2690 1691 3043 1748 inambulabo
3071 1707 3198 1748 cum
3227 1692 3364 1763 illis,
3386 1702 3440 1750 et
3463 1710 3557 1752 ero

149 1620 283 1661 num
313 1617 527 1677 genere
555 1600 899 1676 colligenda.
922 1601 1086 1659 Unde
1103 1603 1373 1676 adjungit
1397 1607 1454 1660 et
1480 1603 1625 1660 dicit
1650 1605 1790 1661 :Hoc

148 1695 290 1750 enim
318 1694 524 1749 bonum
549 1699 630 1748 est
652 1699 706 1749 et
729 1700 1005 1764 acceptum
1041 1708 1225 1748 coram
1271 1692 1557 1749 Salvatore
1603 1702 1789 1750 nostro

150 1781 501 1854 Domino,qui
519 1795 704 1837 omnes
731 1780 976 1837 homines
1006 1781 1124 1838 vult
1146 1782 1323 1838 salvos
1348 1782 1473 1853 ﬁeri
1486 1790 1539 1839 et
1554 1785 1610 1839 in
1633 1785 1792 1852 agni-
1897 1783 1975 1838 eis
2006 1785 2171 1851 Deus,
2189 1788 2241 1837 et
2265 1788 2428 1837 erunt
2454 1781 2561 1852 ipsi
2586 1779 2821 1853 populus
2851 1781 2922 1848 (II
2950 1782 3170 1851 Cor.v1,
3207 1783 3394 1852 16),ut
3412 1782 3554 1840 dum

149 1872 342 1928 tionem
362 1870 616 1926 veritatis
635 1869 1357 1971 venire‘(Ibid.,vers..3).Et
1386 1886 1458 1927 ne
1475 1872 1789 1945 quisquam
1823 1904 1871 1971 Β
1900 1873 2073 1969 tanta?
2122 1867 2530 1971 beatitudinis.
2553 1868 2705 1925 dono
2756 1867 3012 1925 Ecclesia
3061 1868 3163 1925 Dei
3194 1871 3253 1926 et
3295 1870 3558 1971 possidet

148 1958 332 2015 dicere
387 1973 565 2030 posse
592 1973 723 2015 esse
750 1956 963 2013 salutis
990 1957 1146 2014 viam
1175 1957 1237 2014 in
1282 1958 1437 2015 bona
1482 1976 1795 2016 conversa-
1824 1956 1870 1971 ν
1903 1957 2220 2015 Dominum
2252 1961 2309 2014 et
2333 1957 2666 2031 possidetur
2695 1974 2730 2013 a
2758 1962 2895 2023 Deo,
2927 1961 3219 2029 quatenus
3250 1962 3309 2015 et
3337 1958 3467 2032 ipsa
3483 1959 3561 2017 sit

146 2047 299 2104 tione
323 2051 379 2103 et
399 2042 583 2103 unius
601 2046 700 2103 Dei
723 2047 1139 2120 omnipotentis
1165 2046 1473 2117 cultu,sive
1494 2048 1799 2122 participa-
1904 2046 2215 2104 hereditas
2272 2046 2527 2115 Domini,
2558 2049 2618 2103 et
2676 2044 2961 2103 Dominus
3016 2063 3155 2119 pars
3198 2046 3560 2106 hereditatis

144 2136 298 2193 tione
314 2133 578 2208 corporis
598 2139 654 2192 et
673 2134 980 2208 sanguinis
1001 2133 1216 2192 Christi
1241 2152 1255 2192 :
1292 2137 1438 2195 Unus
1467 2139 1617 2193 enim
1638 2138 1794 2202 Deus,
1905 2137 2055 2208 ejus,
2085 2134 2401 2208 impleatur
2431 2135 2489 2190 in
2521 2132 2621 2191 illa
2668 2136 2822 2208 quod
2872 2133 3188 2193 Psalmista
3231 2135 3317 2193 ait
3348 2153 3362 2192 :
3392 2138 3562 2195 Beata

144 2223 358 2298 inquit,
390 2240 539 2281 unus
567 2226 716 2280 enim
765 2223 1031 2282 Mediator
1058 2226 1167 2281 Dei
1210 2232 1263 2282 et
1307 2222 1593 2282 hominum
1639 2227 1796 2284 homo
1904 2242 2055 2296 gens,
2088 2226 2246 2297 cujus
2279 2227 2544 2282 Dominus
2571 2224 2713 2281 Deus
2750 2225 2887 2297 ejus,
2915 2226 3149 2297 populus
3188 2240 3349 2298 quem
3395 2226 3562 2297 elegit

148 2317 301 2373 Iesus
315 2313 586 2380 Christus,
614 2317 685 2369 ut
708 2312 857 2369 illud
884 2312 1045 2386 quod
1076 2313 1320 2381 dixerat,
1346 2330 1530 2372 omnes
1549 2317 1798 2373 homines
1907 2317 1968 2373 in
1996 2314 2369 2372 hereditatem
2395 2315 2508 2371 sibi
2534 2314 2704 2383 (Psal.
2735 2331 2912 2380 xxxu,
2944 2313 3054 2386 42).
3104 2313 3223 2370 Hoc
3265 2318 3356 2371 est
3403 2313 3562 2373 enim

148 2402 261 2458 vult
274 2403 456 2458 salvos
473 2399 789 2473 ﬁeri,nullo
811 2399 923 2458 alio
944 2401 1117 2458 modo
1131 2400 1495 2476 intelligatur
1514 2405 1799 2478 praestari,

150 2489 259 2547 nisi
289 2507 395 2563 per
424 2488 806 2547 mediatorem
836 2495 1104 2547 nostrum
1134 2490 1340 2560 Deum,
1367 2494 1522 2565 quod
1570 2510 1803 2567 semper
1910 2494 2088 2551 sideri
2119 2511 2153 2549 a
2182 2492 2332 2560 Deo;
2363 2486 2559 2564 ipsum
2584 2490 2777 2547 solum
2808 2490 3053 2565 diligere
3082 2496 3140 2548 et
3169 2492 3280 2566 ipsi
3310 2492 3419 2550 soli
3441 2511 3564 2551 ser-

152 2584 270 2636 erat
294 2577 584 2646 Verbum,
618 2579 720 2635 sed
752 2577 1054 2636 hominem
1083 2579 1384 2637 Christum
1432 2581 1635 2640 Jesum
1667 2601 1801 2641 cum
1907 2582 2051 2650 vire,
2084 2581 2168 2638 illi
2193 2580 2302 2638 soli
2337 2580 2657 2647 adherere,
2688 2582 2753 2635 ut
2782 2579 2938 2638 dicat
2966 2579 3049 2636 illi
3081 2580 3280 2637 anima
3309 2583 3514 2641 devota
3545 2600 3560 2641 :

154 2670 379 2726 Verbum
402 2685 534 2725 caro
560 2671 771 2741 factum
815 2677 893 2725 est
940 2675 991 2725 et
1037 2668 1304 2726 habitavit
1330 2673 1391 2727 in
1435 2674 1617 2728 nobis.
1670 2674 1804 2731 Ideo
1913 2671 2049 2728 Mihi
2074 2678 2256 2727 autem
2284 2669 2565 2727 adhaerere
2593 2672 2702 2725 Deo
2735 2668 2935 2724 bonum
2964 2669 3119 2741 (Psal
3149 2686 3319 2741 Lxxn,
3350 2670 3462 2745 28).
3496 2673 3566 2730 Et

1910 2416 2209 2461 summum
2242 2402 2499 2459 hominis
2526 2402 2745 2458 bonum
2776 2402 3076 2475 possidere
3109 2402 3314 2472 Deum,
3339 2408 3397 2461 et
3427 2422 3563 2479 pos-
3654 2460 3661 2467 _

152 2757 304 2813 enim
336 2756 613 2814 Christus
639 2755 924 2814 mediator
949 2756 1051 2814 Dei
1080 2762 1140 2815 et
1167 2758 1477 2816 hominum
1494 2762 1687 2819 dictus
1717 2768 1808 2820 est

148 2845 302 2902 inter
316 2845 511 2903 Deum
526 2844 923 2902 immortalem
934 2850 992 2903 et
1011 2846 1317 2903 mortalem
1339 2848 1639 2907 hominem
1653 2851 1807 2909 Deus

156 2940 210 2991 et
224 2935 406 2991 homo
426 2932 813 2991 reconcilians
833 2934 1131 2992 hominem
1154 2934 1469 3005 Deo,verus
1499 2956 1617 3008 rex,
1636 2956 1807 2998 verus

157 3025 454 3081 sacerdos.
470 3021 619 3097 Ergo
640 3021 786 3097 petit
804 3022 980 3080 homo
1005 3039 1039 3080 a
1059 3039 1193 3098 rege
1224 3025 1453 3084 Christo
1475 3032 1730 3102 regatur,
1757 3029 1807 3086 si

158 3114 300 3170 forte
326 3112 678 3187 peccaverit,
711 3113 912 3170 eodem
943 3113 1242 3172 sacerdote
1270 3114 1496 3173 Christo
1526 3117 1808 3191 expletur.

230 3201 287 3258 H
303 3245 317 3257 .
339 3202 419 3275 (a)
444 3199 642 3259 Primo
662 3201 845 3275 igitur
859 3203 1337 3260 convenientibus
1352 3204 1413 3261 in
1433 3210 1704 3275 unum,et
1724 3223 1814 3265 as-

1914 2760 2131 2818 iterum
2161 2776 2176 2815 :
2209 2759 2464 2818 Adhwsit
2492 2760 2685 2814 anima
2719 2773 2851 2816 mea
2873 2766 2997 2830 post
3025 2766 3078 2814 te
3114 2757 3295 2829 (Psal.
3329 2777 3462 2829 an,
3484 2760 3564 2836 9),

1916 2854 1983 2907 ut
2012 2847 2315 2905 adhaerens
2362 2847 2633 2913 Domino,
2666 2862 2822 2902 unus
2865 2863 3001 2903 cum
3048 2864 3115 2904 eo
3164 2848 3411 2920 spiritus
3442 2849 3563 2919 fiat,

1917 2938 2143 2996 dicente
2165 2935 2444 3009 Apostolo
2478 2952 2490 2992 :
2523 2937 2636 3007 Qui
2661 2935 2905 2992 adhaeret
2934 2937 3192 3004 Domino,
3223 2953 3368 2993 unus
3393 2940 3565 3011 spiri-

1914 3036 2006 3085 tus
2060 3035 2139 3084 est
2170 3028 2219 3099 (Ι
2244 3026 2366 3081 Cor.
2397 3041 2477 3092 v1,
2526 3023 2635 3098 l7).
2668 3023 2817 3079 Nam
2865 3026 2923 3080 et
2967 3024 3093 3096 ipse
3139 3024 3453 3097 Apostolus
3504 3026 3566 3082 in

1918 3114 2195 3189 Epistolis
2216 3113 2342 3170 suis
2370 3112 2452 3168 ita
2471 3111 2688 3169 salutat
2702 3111 2925 3183 dicens,
2942 3116 3007 3168 ut
3033 3111 3348 3186 aliquando
3370 3113 3529 3172 dicat
3551 3132 3567 3172 :

1921 3205 2185 3263 Dominus
2210 3218 2336 3259 cum
2380 3201 2632 3259 omnibus
2674 3201 2864 3269 vobis;
2894 3198 3212 3275 aliquando
3246 3219 3261 3258 :
3292 3206 3439 3260 Deus
3469 3222 3570 3261 au-

155 3273 430 3348 tantﬂms
466 3273 720 3347 in'dcmo
740 3289 841 3347 Dei
860 3288 1152 3360 fidelibus,
1175 3294 1535 3366 praecedente
1559 3273 1815 3353 modula-
1843 3273 1887 3341 (ἶ
1920 3303 2027 3351 tem
2067 3295 2221 3367 pacis
2267 3294 2342 3348 sit
2386 3306 2510 3347 cum
2552 3291 2807 3348 omnibus
2852 3273 3047 3348 vobis“:
3082 3291 3222 3348 item
3254 3290 3570 3366 aliquando

148 3380 309 3437 tione
325 3379 665 3436 divinarum
678 3378 1310 3453 laudum,prascedente
1324 3382 1568 3441 lectiene
1585 3390 1811 3458 aposto-

150 3468 345 3525 rlorum
379 3472 443 3525 et
465 3468 932 3543 Evangeliorum,
957 3473 1314 3543 precedente
1336 3472 1510 3530 etiam
1545 3492 1811 3531 nonnun-

156 3573 332 3631 quam
356 3573 631 3616 sermone
651 3562 708 3614 et
724 3556 1076 3615 allocutione
1108 3561 1549 3634 magistrorum,
1568 3564 1699 3637 subj
1707 3582 1811 3620 un-

142 3651 245 3702 cta
259 3662 505 3720 quoque
521 3646 768 3721 symboli
786 3647 1234 3717 confessione,et
1264 3649 1554 3708 oblatione
1570 3652 1811 3727 populo-

150 3733 620 3803 rum,etinitiata
630 3735 1062 3793 consecratione
1082 3741 1670 3808 sacramentorum,in
1684 3742 1812 3815 qui-

140 3822 261 3880 bus
289 3822 579 3880 omnibus
606 3837 776 3880 mens
805 3824 1126 3881 astantium
1158 3827 1230 3882 ad
1262 3826 1458 3884 divina
1474 3833 1535 3884 et
1552 3829 1811 3888 caelestia

152 3910 485 3985 cogitanda
497 3927 565 3968 ac
578 3910 977 3969 desideranda
990 3918 1372 3987 praeparatur,
1386 3917 1609 3973 assistit
1623 3934 1810 3976 sacer-

148 3999 253 4057 dos
278 3999 487 4068 altari,
519 4004 577 4057 et
620 3999 1019 4057 celebraturus
1047 4001 1244 4059 divina
1278 4005 1577 4078 mysteria,
1609 4007 1809 4065 Eccle-

147 4086 301 4146 sium
333 4088 659 4148 salutando
690 4094 837 4161 orat,
868 4095 927 4147 et
954 4092 1174 4149 orando
1204 4092 1422 4152 salutat
1450 4094 1650 4155 dicens
1684 4114 1697 4154 :

217 4180 304 4236 12.
342 4182 621 4238 Dominus
636 4181 934 4237 vobiscum.
949 4180 1057 4245 Qui
1078 4180 1447 4241 salutationis
1477 4201 1671 4243 sermo
1690 4203 1806 4245 non

144 4266 411 4326 humano
444 4267 691 4326 arbitrio
712 4267 1206 4341 compositus,sed
1237 4286 1306 4327 ex
1323 4271 1529 4329 divinas
1550 4273 1808 4348 Scriptu-

147 4372 220 4412 ra
248 4355 610 4414 auctoritate
640 4356 987 4431 desumptus
1015 4359 1316 4431 probatur,
1340 4361 1440 4417 ubi
1472 4363 1808 4436 frequenter

148 4448 203 4501 et
229 4444 623 4520 singulariter
651 4448 710 4503 et
738 4443 1044 4519 pluraliter
1069 4447 1296 4519 positus
1325 4448 1561 4523 legitur.
1593 4451 1807 4528 Singu-

146 4532 364 4603 lariter,
397 4535 560 4592 sicut
580 4534 662 4591 ait
691 4532 937 4608 angelus
969 4534 1041 4592 ad
1081 4537 1310 4593 beatam
1356 4536 1605 4595 Mariam
1640 4558 1655 4597 :
1693 4551 1807 4599 .Jve

1920 3383 2108 3441 Gratia
2131 3383 2357 3439 Domini
2381 3382 2558 3438 nostri
2581 3384 2714 3438 Jesu
2744 3378 2946 3436 Christi
2979 3381 3054 3437 sit
3087 3396 3213 3437 cum
3238 3381 3440 3455 spiritu
3481 3399 3571 3440 ve-

1915 3480 2049 3540 stro,
2074 3474 2298 3543 fratres,
2330 3485 2493 3527 amen
2546 3470 2692 3538 (Gal.
2752 3486 2831 3540 v1,
2876 3468 2986 3540 18).
3018 3468 3091 3525 Et
3143 3486 3570 3544 nonnunquam

1918 3562 2030 3618 sub
2059 3558 2435 3616 distinctione
2467 3574 2873 3632 personarum,
2908 3561 3094 3618 totam
3128 3558 3406 3617 invocans
3437 3559 3572 3617 Tri-

1918 3650 2186 3718 nitatem,
2244 3648 2326 3704 ita
2375 3647 2594 3704 salutat
2638 3664 2652 3703 :
2705 3647 2893 3704 Gratia
2947 3648 3170 3705 Domini
3222 3650 3403 3707 nostri
3446 3649 3573 3707 Iesu
3628 3680 3633 3683 -

1918 3739 2123 3796 Christi
2147 3746 2200 3796 et
2224 3738 2465 3794 charitas
2500 3738 2622 3804 Dei,
2653 3743 2705 3794 et
2750 3738 3169 3794 communicatio
3218 3739 3399 3794 sancti
3446 3738 3570 3811 Spi-

1916 3830 2058 3886 ritus
2087 3829 2162 3885 sit
2187 3844 2311 3884 cum
2339 3828 2592 3883 omnibus
2618 3825 2769 3883 vobis
2801 3825 2881 3898 (ιι
2898 3824 3026 3903 βον.
3058 3843 3180 3894 xm,
3215 3827 3323 3896 13).
3347 3828 3414 3883 In
3446 3827 3573 3901 qui-

1918 3917 2030 3974 bus
2079 3916 2355 3974 omnibus
2406 3914 2518 3971 hoc
2567 3918 2730 3987 optat
2777 3912 3046 3971 ﬁdelibus
3095 3914 3379 3984 scribens,
3413 3916 3568 3989 quod

1917 4006 2189 4064 sacerdos
2219 4005 2292 4061 ad
2338 4002 2519 4059 altare
2564 4002 2869 4069 assistens,
2900 4001 3143 4074 scilicet,
3178 4005 3243 4058 ut
3286 4002 3573 4062 habentes

1916 4095 2102 4151 Deum
2128 4111 2249 4163 non
2281 4093 2627 4148 deserantur
2654 4091 2727 4146 ab
2777 4106 2866 4146 eo.
2901 4089 3078 4147 Recte
3102 4087 3262 4164 ergo
3310 4090 3572 4149 Ecclesia

1917 4186 2039 4239 tam
2070 4181 2292 4239 salubri
2336 4178 2656 4237 sacerdotis
2686 4193 2825 4235 voce
2856 4183 3113 4252 accepta,
3146 4182 3203 4237 et
3250 4178 3381 4253 ipsa
3418 4197 3569 4238 resa-

1913 4271 2158 4328 lutando
2213 4274 2358 4341 orat,
2414 4272 2473 4326 et
2529 4268 2753 4325 orando
2833 4266 3122 4325 resalutat
3179 4270 3565 4341 sacerdotem,

1916 4361 2116 4417 dicens
2150 4376 2164 4417 ε

1987 4450 2073 4506 13.
2101 4450 2315 4506 Etcum
2344 4448 2557 4521 Spiritu
2584 4455 2692 4504 tuo.
2727 4444 2887 4503 Nihil
2916 4445 3074 4503 enim
3106 4442 3320 4504 melius
3348 4446 3571 4505 invenit

1912 4538 2172 4595 Ecclesia
2187 4539 2341 4611 quod
2372 4540 2599 4610 Optaret
2628 4536 2941 4602 sacerdoti,
2961 4535 3075 4592 nisi
3108 4535 3263 4609 quod
3294 4537 3568 4593 sacerdos

352 4624 550 4697 plena,
583 4623 846 4711 Dominus
874 4631 1049 4680 tecum
1075 4625 1228 4694 (Luc.
1259 4625 1439 4699 1,28);
1475 4630 1532 4683 et
1561 4628 1712 4685 sicut
1732 4630 1803 4686 ad
1835 4644 1883 4711 D
1914 4630 2076 4700 optat
2092 4626 2452 4693 Ecclesiae,id
2476 4628 2567 4682 est
2590 4628 2654 4679 ut
2682 4622 2838 4680 idem
2857 4620 3144 4681 Dominus
3168 4624 3270 4697 qui
3290 4623 3570 4699 dignatur

144 4710 374 4769 Gedeon
408 4710 1027 4770 similitersalutando
1048 4712 1249 4769 dixit:
1286 4717 1554 4773 Dominus
1608 4725 1805 4786 tecum,

143 4800 390 4857 virorum
415 4800 722 4875 fortissime
767 4800 910 4875 (Iud.
962 4816 1039 4869 vx,
1072 4802 1180 4871 i2).
1217 4799 1531 4861 'Pluraliter
1575 4810 1799 4875 autem,

142 4885 293 4945 sicut
318 4890 388 4947 in
414 4887 576 4946 libro
609 4888 788 4957 Ruth,
819 4888 922 4962 qui
969 4889 1172 4962 utique
1210 4888 1364 4947 sicut
1392 4892 1582 4949 caeteri
1622 4911 1799 4951 sacrae

141 4977 463 5052 Scriptura:
489 4976 627 5033 libri
658 4974 855 5036 divina
879 4981 938 5035 et
984 4978 1234 5052 mystica
1278 4979 1556 5050 continet,
1587 4981 1803 5057 legitur

141 5068 283 5123 Booz
303 5064 629 5123 salutando
657 5065 877 5124 dixisse
906 5062 1269 5125 messoribus
1302 5084 1315 5124 :
1343 5066 1611 5127 Dominus
1627 5074 1805 5128 vobis-

140 5170 275 5213 cum.
305 5154 425 5212 Cui
476 5158 537 5211 et
576 5153 695 5228 ipsi
744 5154 1134 5213 resalutantes
1162 5156 1436 5213 dixerunt
1466 5175 1481 5214 :
1511 5160 1802 5218 Benedicat

141 5244 240 5299 tibi
266 5246 555 5302 Dominus
584 5244 766 5317 (Ruth.
792 5258 857 5313 ιι,
892 5246 968 5314 4).
1000 5243 1071 5301 Et
1099 5244 1255 5302 sicut
1283 5246 1344 5302 in
1392 5246 1638 5305 historia
1665 5248 1801 5305 libri

140 5328 659 5406 Paralipomenon
684 5333 971 5406 propheta
1014 5333 1236 5390 missus
1280 5352 1315 5391 a
1360 5330 1478 5392 Deo
1507 5334 1802 5394 invenitur

139 5417 431 5479 saluisse
462 5422 582 5477 Aea
611 5432 811 5495 regem
855 5422 1013 5478 Juda
1037 5432 1173 5478 cum
1203 5423 1456 5480 exercitu
1479 5440 1607 5493 suo,
1636 5424 1798 5482 invo-

139 5513 266 5565 cato
288 5509 400 5566 Dei
436 5507 681 5577 auxilio,
714 5510 962 5566 victores
994 5510 1065 5567 de
1094 5508 1292 5583 praelia
1320 5515 1802 5571 revertentes.Ait

139 5596 286 5653 enim
325 5598 661 5675 φθονηθείη
708 5598 1009 5670 vobiscum,
1049 5600 1187 5672 quia
1224 5600 1415 5672 fuistis
1442 5616 1568 5659 eum
1613 5619 1693 5660 eo.
1726 5602 1800 5660 Et

198 5687 283 5757 (οἳ
298 5684 421 5746 Hic
442 5684 652 5744 solum
673 5686 975 5760 incipiunt
988 5687 1159 5746 editi.
1712 5712 1713 5715 η

1914 4730 2044 4771 esse
2074 4731 2207 4770 cum
2230 4712 2517 4782 Ecclesia,
2539 4713 2815 4787 dignetur
2845 4712 3024 4769 etiam
3045 4728 3174 4769 esse
3202 4728 3338 4769 cum
3355 4711 3565 4784 spiritu

1908 4802 2250 4872 sacerdotis,
2284 4819 2350 4858 ac
2382 4802 2465 4858 sic
2496 4801 2556 4858 in
2587 4805 2836 4875 utroque
2885 4800 3141 4875 benigna
3188 4799 3292 4856 illa
3326 4798 3566 4857 Domini

1908 4892 2221 4966 promissio
2247 4890 2704 4965 impleatur,qua
2735 4906 3089 4948 ascensurus
3112 4888 3172 4944 in
3203 4886 3414 4944 ccelum
3437 4905 3565 4945 om-

1908 4980 2083 5038 nibus
2110 4980 2385 5037 tidelibus
2416 4979 2687 5053 promisit
2717 4978 2957 5036 dicens:
2982 4977 3112 5033 Ecce
3153 4992 3248 5049 ego
3290 4977 3567 5034 vobiscum

1905 5087 2026 5128 sum
2053 5069 2305 5127 omnibus
2335 5067 2526 5125 diebus
2556 5084 2728 5142 usque
2779 5068 2850 5123 ad
2885 5064 3408 5124 consummationem
3455 5082 3565 5124 δίε-

1907 5160 2022 5215 culi
2047 5159 2268 5227 (Matth.
2301 5157 2544 5228 xxvm,).
2578 5157 2696 5213 Hoc
2727 5171 2865 5228 ergo
2897 5158 3129 5211 tantum
3178 5153 3401 5210 bonum
3450 5153 3565 5211 sibi

1908 5246 2157 5303 invicem
2188 5249 2393 5319 optant
2422 5247 2480 5300 et
2504 5242 2832 5317 postulant,
2870 5247 2927 5298 et
2957 5242 3231 5299 sacerdos
3269 5240 3559 5311 Ecclesize,

1909 5339 1967 5393 et
1993 5333 2250 5390 Ecclesia
2279 5330 2588 5399 sacerdoti,
2615 5336 2680 5387 ut
2710 5330 2862 5386 sicut
2891 5331 3021 5404 ejus
3049 5330 3239 5404 gratia
3268 5329 3563 5388 illumina-

1906 5427 2022 5492 tur,
2056 5423 2184 5494 ejus
2233 5420 2543 5496 praesentia
2596 5419 2983 5488 confortatur,
3026 5421 3156 5493 ejus
3202 5419 3561 5492 protectione

1907 5512 2200 5580 munitur;
2235 5524 2464 5581 semper
2484 5522 2621 5563 eum
2652 5524 2890 5565 manere
2923 5509 3250 5577 nobiscum,
3284 5505 3563 5581 quemad-

1906 5601 2148 5658 modum
2177 5602 2267 5655 est
2293 5595 2609 5669 pollicitus,
2634 5596 3133 5657 sentiamus._‘Hoc
3160 5596 3336 5655 etiam
3385 5594 3559 5656 modo
