3896 6208
121 357 202 422 ﬂ
1329 356 1432 420 DE
1473 352 1998 420 EXPOSITIONE
2051 355 2332 420 MISS/E.
3453 357 3536 425 30

138 492 284 550 sicut
310 489 634 564 Apostolus
663 491 864 548 eodem
898 507 1166 548 sermone
1198 493 1471 548 admonet
1525 492 1727 546 dicens
1761 507 1774 545 :
1806 491 1860 556 Α
1889 491 2164 547 continuo
2197 508 2658 560 commonemur,
2691 493 2829 567 quia
2865 492 2975 550 hoe
3006 493 3251 567 dignum
3283 499 3391 566 est,
3425 496 3536 553 hoc

134 584 204 640 Si
244 583 700 639 consurrexistis
737 597 871 638 cum
911 583 1162 649 Christo,
1201 597 1329 654 quae
1369 597 1600 638 sursum
1648 585 1778 636 sunt
1881 582 2102 653 jestum
2134 586 2264 650 est;
2297 583 2586 639 recordari
2635 588 2862 657 oportet
2909 601 3142 658 semper
3189 585 3310 641 haec
3355 587 3536 642 verba

137 672 399 748 quaerite,
429 673 536 727 ubi
581 671 840 726 Christus
887 680 970 728 est
1019 674 1081 726 in
1127 672 1369 727 dextera
1417 673 1528 728 Dei
1556 673 1777 740 sedens,

132 777 257 835 gum
286 776 518 816 sursum
548 765 682 814 sunt
711 761 1188 834 sapite,nonquae
1214 779 1389 834 super
1401 771 1624 818 terram
1649 763 1777 820 σοι.

132 867 211 918 Ill,
231 850 484 922 t).Hunc
507 865 820 905 ascensum
848 849 1041 905 cordis
1073 849 1254 906 nostri
1284 852 1382 922 qui
1415 852 1481 906 ﬁt
1510 852 1580 907 ad
1604 857 1781 909 Deum

133 955 166 993 a
194 937 456 994 convalle
486 937 852 1010 plorationis,
889 937 946 993 id
978 943 1066 994 est
1097 940 1168 994 ab
1199 939 1536 995 humilttate
1566 942 1780 996 contri-

129 1026 470 1093 bulationis,
486 1043 602 1082 non
616 1027 834 1082 nostris
847 1026 1091 1094 viribus,
1109 1028 1209 1083 sed
1231 1028 1443 1084 auxilio
1476 1030 1576 1085 Dei
1592 1035 1782 1086 osten-

128 1115 219 1170 dit
266 1113 436 1170 nobis
482 1114 795 1170 Psalmista
843 1115 1044 1172 dicens
1079 1119 1333 1172 :Beatus
1372 1120 1466 1174 vir
1494 1124 1662 1192 cuius
1698 1126 1781 1175 est

128 1205 290 1261 auxi
296 1205 317 1259 ι
324 1206 448 1260 ium
463 1203 567 1260 abs
578 1211 651 1272 te,
668 1206 1034 1262 ascensiones
1051 1208 1112 1262 in
1123 1207 1292 1262 corde
1302 1224 1404 1262 suo
1415 1209 1703 1278 disposuit
1721 1212 1783 1265 in

126 1291 294 1349 calle
327 1291 735 1365 lacrymarum
766 1293 950 1362 (Psal.
984 1297 1610 1367 uxxm,6).Ascensus
1624 1299 1780 1355 enim

131 1381 302 1437 utilis
332 1398 448 1437 non
482 1385 671 1453 potest
699 1398 848 1450 esse,
863 1382 976 1440 nisi
1008 1383 1198 1455 primo
1218 1384 1568 1442 humilitatis
1595 1403 1628 1442 a
1654 1404 1786 1443 con-

124 1469 279 1527 valle
293 1469 464 1526 nobis
475 1471 908 1526 ascendendum
923 1487 1050 1527 esse
1063 1474 1526 1530 meminerimus.
1543 1475 1784 1533 Conval-

126 1557 203 1614 lis
245 1557 407 1615 enim
452 1556 615 1614 locus
663 1563 752 1615 est
792 1563 958 1615 terrae
1006 1561 1341 1634 depressus.
1386 1564 1610 1622 Docens
1661 1567 1784 1639 ipse

127 1647 734 1704 Dominusaconvalle
755 1648 1099 1719 plorationis
1121 1653 1581 1725 ascendendum,
1596 1672 1783 1728 quan-

129 1737 206 1792 do
218 1753 326 1808 pro
340 1735 513 1792 nobis
524 1735 824 1792 humiliari
839 1755 1026 1810 usque
1039 1740 1109 1794 ad
1126 1745 1369 1797 mortem
1386 1744 1575 1800 crucis
1587 1749 1644 1801 et
1665 1746 1784 1818 pati

1891 671 2046 726 unde
2077 672 2216 742 sint,
2238 689 2385 744 quas
2415 672 2669 728 actiones
2701 677 2757 728 et
2787 678 3007 746 quanta
3036 674 3345 731 sanctitate
3375 693 3534 732 com-

1891 760 2258 828 mendentur,
2274 765 2576 817 teneamus
2599 767 2656 817 ct
2668 762 2989 819 habeamus
3021 765 3174 836 quod
3189 764 3531 838 accipimus,

1891 853 1946 904 et
1992 849 2178 904 datori
2218 849 2437 922 gratias
2486 868 2751 923 agamus.
2786 852 3062 916 Quamvis
3091 853 3244 908 enim
3275 853 3535 927 accipere

1891 942 1945 993 et
1975 937 2188 995 habere
2238 944 2503 994 nostrum
2551 941 2647 1008 sit,
2690 941 2748 995 id
2796 945 2992 997 tamen
3038 942 3327 1000 habemus
3376 945 3532 1016 quod

1891 1027 2242 1098 accepimus,
2277 1027 2554 1098 quoniam
2585 1029 2964 1100 superbienti,
2988 1035 3043 1085 et
3073 1047 3140 1086 ex
3168 1048 3234 1086 eo
3263 1034 3412 1103 quod
3429 1032 3534 1088 ha-

1891 1115 2272 1186 bebat,quasi
2294 1132 2327 1169 a
2348 1114 2538 1186 seipso
2569 1116 2783 1173 habere
2815 1117 2990 1191 impie
3021 1119 3291 1191 glorianti
3305 1120 3533 1177 Veritas

1891 1220 1994 1275 per
2020 1203 2362 1274 Apostolum
2394 1204 2535 1259 dicit
2569 1221 2581 1260 :
2615 1207 2770 1275 Quid
2814 1209 2970 1262 enim
3023 1209 3198 1264 habes
3233 1210 3390 1281 quod
3415 1227 3532 1266 non

1893 1294 2144 1360 accepist
2153 1294 2176 1347 i
2189 1313 2202 1361 ;
2217 1293 2374 1364 quod
2383 1295 2438 1348 si
2447 1295 2748 1363 accepisti,
2761 1295 2901 1367 quid
2910 1313 2947 1368 g
2959 1294 3230 1363 loriaris,
3243 1299 3418 1370 quasi
3425 1315 3538 1354 non

1892 1383 2224 1453 acceperis?
2247 1386 2272 1437 I
2305 1381 2430 1436 Cor.
2461 1399 2534 1450 IV,
2566 1384 2645 1451 7.)
2681 1382 2883 1438 Merito
2915 1399 3050 1455 ergo
3097 1383 3156 1438 in
3209 1383 3306 1440 illo
3355 1386 3534 1441 veris-

1894 1469 2044 1526 simo
2093 1474 2148 1525 et
2197 1469 2479 1543 singulari
2538 1471 2825 1527 sacrificio
2874 1471 3122 1538 Domini,
3174 1477 3287 1529 Deo
3337 1479 3536 1531 nostro

1895 1574 2062 1630 agere
2091 1558 2312 1630 gratias
2334 1559 2740 1630 admonemur,
2756 1559 3315 1632 utagnoscathomo,
3332 1562 3536 1634 siquid

1893 1646 2040 1702 bene
2083 1646 2242 1713 vivit,
2277 1647 2375 1702 Dei
2423 1647 2614 1720 gratia
2661 1665 2724 1704 se
2764 1648 2996 1717 habere,
3031 1654 3086 1705 et
3117 1654 3183 1705 ut
3203 1650 3540 1722 perﬁciatur

1895 1735 1954 1789 in
1986 1734 2292 1791 dilectione
2314 1737 2560 1808 justitize
2591 1754 2704 1793 non
2730 1754 2791 1792 se
2809 1736 3044 1795 aliunde
3060 1744 3535 1796 consecuturum.

127 1825 533 1898 dignatusest.
551 1826 666 1881 Hoc
693 1827 1024 1899 exemplum
1039 1845 1150 1884 non
1168 1829 1783 1901 relinquamus.lstam
1815 1861 1860 1924 Β
1895 1823 2034 1923 quia
2063 1825 2336 1897 cogitatio
2367 1825 2529 1897 pium
2554 1825 2718 1924 facit.
2737 1826 3083 1924 Ipsaestilla
3109 1827 3540 1902 sapientiaque:

127 1913 461 1970 convallem
529 1914 873 1986 plorationis
923 1923 1206 1989 martyres
1247 1919 1674 1989 intellexerunt,
1727 1929 1782 1980 et

127 2003 270 2059 inde
301 2006 368 2057 ut
417 2008 836 2060 coronarentur
883 2007 1288 2062 ascenderunt.
1323 2010 1498 2065 Amor
1544 2018 1785 2070 sanctus

129 2093 206 2148 ad
240 2107 500 2164 superna
533 2091 891 2162 elevat,etad
914 2099 1129 2150 aeterna
1151 2096 1496 2155 inﬂammat.
1517 2101 1786 2175 Obligata

124 2179 295 2242 enim
309 2181 507 2236 anima
518 2198 714 2238 amore
727 2184 1380 2255 terreno,quasiviscum
1393 2187 1566 2245 habet
1581 2192 1635 2246 in
1652 2209 1786 2263 pen-

129 2269 253 2338 nis,
282 2268 477 2326 volare
505 2287 619 2326 non
652 2274 869 2342 potest;
905 2273 1188 2328 mundata
1213 2292 1346 2331 vero
1377 2278 1450 2333 ab
1482 2279 1786 2337 affectibus

128 2363 189 2415 et
221 2357 648 2415 sordidissimis
681 2359 1183 2433 saeculi,tanquam
1207 2366 1462 2422 extensis
1483 2369 1788 2439 pennis,ex

129 2447 373 2503 duabus
405 2447 514 2504 alis
544 2447 909 2517 resolutis,id
941 2453 1030 2505 est
1059 2451 1288 2508 duobus
1313 2458 1614 2528 praeceptis
1647 2459 1790 2515 dile-

129 2535 354 2591 ctionis
386 2536 482 2590 Dei
506 2535 901 2592 etdilectionis
913 2539 1183 2609 proximi,
1200 2541 1434 2598 volatad
1451 2545 1786 2615 Dominum,

129 2624 468 2680 ascendens
497 2623 768 2693 volando,
800 2625 940 2698 quia
969 2628 1230 2683 ascendit
1259 2633 1508 2688 amando
1541 2634 1787 2691 adillam

130 2711 365 2769 scilicet
397 2729 715 2784 supernam
745 2714 1070 2771 Jerusalem
1103 2722 1350 2774 matrem
1390 2723 1653 2779 omnium
1686 2743 1790 2781 no-

130 2806 494 2874 strum,quaa
528 2806 618 2858 est
647 2803 704 2858 in
737 2803 915 2859 cmlis.
938 2805 1022 2860 Ab
1049 2804 1149 2861 illa
1171 2808 1327 2863 enim
1349 2813 1793 2884 peregrinamur

129 2890 194 2946 in
233 2890 360 2945 haec
389 2890 526 2959 vita,
545 2891 617 2946 ad
633 2892 762 2962 ejus
795 2893 1048 2949 reditum
1071 2898 1441 2968 suspiramus
1461 2903 1663 2958 tandiu
1688 2905 1792 2959 mi-

131 2978 261 3035 seri
285 2985 340 3035 et
372 2979 728 3046 laborantes,
760 2981 943 3038 donec
993 2984 1064 3038 ad
1113 2983 1274 3041 illam
1322 2989 1653 3060 redeamus,
1686 3010 1790 3049 nec

132 3067 299 3124 cives
348 3069 531 3125 nostri
580 3069 768 3142 angeli
819 3071 1168 3129 dimiserunt
1195 3073 1255 3130 in
1286 3077 1788 3150 peregrinatione;

133 3158 247 3214 sed
281 3159 778 3215 annuntiaverunt
800 3161 967 3218 nobis
980 3161 1174 3234 ipsum
1187 3181 1382 3238 regem
1394 3173 1703 3225 venturum
1718 3172 1788 3226 ad

133 3264 276 3303 nos.
312 3247 378 3302 Et
395 3247 554 3303 venit
581 3248 652 3303 ad
686 3265 812 3314 nos,
847 3253 904 3304 et
933 3231 1307 3324 contemptus
1332 3257 1421 3310 est
1449 3255 1603 3313 inter
1632 3276 1736 3315 nos
1759 3279 1793 3316 a
1821 3231 1864 3298 α

133 3335 339 3405 nobis,
373 3340 429 3392 et
453 3340 655 3408 postea
684 3338 1085 3408 nobiscum,et
1113 3341 1313 3398 docuit
1340 3360 1448 3400 nos
1477 3349 1793 3416 contemni,

134 3425 294 3498 quia
315 3429 688 3498 contemptus
717 3431 808 3482 est
832 3445 846 3496 ;
882 3428 1083 3484 docuit
1108 3429 1374 3500 tolerare,
1400 3434 1539 3505 quia
1580 3436 1795 3494 tolera-

133 3515 225 3568 vit
251 3532 266 3582 ;
303 3514 505 3570 docuit
524 3514 663 3586 pati,
697 3516 837 3588 quia
865 3533 1076 3588 passus
1107 3523 1296 3589 est;ct
1327 3524 1597 3594 promisit
1611 3543 1796 3582 resur-

133 3607 433 3670 recturos,
466 3604 605 3675 quia
632 3606 967 3675 resurrexit,
992 3605 1051 3661 in
1083 3607 1274 3680 seipso
1305 3613 1620 3669 ostendens
1653 3617 1791 3688 quid

131 3708 385 3764 sperare
402 3691 738 3748 debeamus.
757 3694 815 3749 Si
831 3710 968 3767 ergo
984 3696 1277 3767 propheta
1292 3703 1346 3753 ct
1356 3705 1553 3771 patres
1565 3704 1792 3777 antiqui

131 3786 463 3853 antequam
494 3781 777 3837 Dominus
806 3782 980 3838 Jesus
1002 3783 1270 3842 Christus
1290 3788 1508 3845 veniret
1523 3791 1581 3845 in
1596 3809 1788 3863 carne,

128 3873 466 3942 antequam
499 3874 767 3926 mortuus
798 3873 1211 3930 resurrexisset
1239 3880 1296 3931 et
1325 3879 1684 3937 ascendisset
1731 3883 1791 3938 in

125 3958 379 4026 celum,
396 3959 774 4030 suspirabant
803 3963 998 4017 tamen
1022 3961 1105 4016 illi
1128 3962 1366 4032 civitati,
1384 3972 1671 4038 quantum
1685 3988 1791 4028 nos

122 4050 405 4120 oporteat
432 4047 763 4104 desiderare
784 4065 898 4120 quo
930 4067 1036 4106 nos
1060 4050 1185 4123 ipse
1215 4056 1530 4124 praecessit,
1549 4061 1605 4113 et
1635 4061 1791 4116 unde

125 4151 447 4208 nunquem
479 4136 991 4209 recessit.Antiqui
1023 4142 1355 4198 sacerdotes
1388 4145 1488 4216 qui
1522 4163 1635 4202 non
1669 4151 1789 4203 tam

124 4224 433 4280 curabant
480 4225 552 4280 de
603 4224 762 4280 cultu
812 4226 1120 4295 sermonis,
1153 4247 1330 4302 quam
1378 4233 1449 4288 de
1497 4235 1686 4292 salute
1731 4242 1791 4293 et

123 4312 523 4370 aediﬁcatione
553 4313 760 4386 plebis,
777 4316 1231 4387 propteridiotas
1243 4323 1298 4375 et
1311 4323 1662 4394 rusticanos,
1676 4343 1786 4382 non

122 4417 404 4467 sursum,
438 4403 538 4458 sed
569 4401 794 4475 vulgari
826 4420 1094 4461 sermone
1121 4409 1364 4463 Sursum
1393 4413 1568 4468 corda
1599 4414 1788 4470 dicere

125 4489 432 4560 solebant,
447 4495 512 4546 ut
541 4508 635 4548 res
649 4496 809 4547 tanta
821 4491 1052 4565 plenius
1068 4495 1333 4552 omnium
1347 4500 1500 4555 sensi
1511 4501 1622 4558 bus
1635 4519 1788 4560 com-

1894 1912 2078 1985 pietas
2091 1918 2473 1986 vocatur,qua
2484 1914 3354 1990 coliturPaterluminum,aquo
3367 1935 3538 1975 omne

1893 2006 1980 2057 est
2010 2002 2211 2058 datum
2242 2003 2795 2075 optimum,etomne
2815 2005 3036 2060 donum
3050 2006 3542 2079 perfectum.Coli-

1894 2095 1992 2146 tur
2011 2095 2204 2146 autem
2220 2092 2503 2147 sacriﬁcio
2524 2091 2715 2148 laudis
2729 2093 3172 2166 actionibusque
3189 2095 3537 2167 gratiarum,

1897 2185 1962 2235 ut
1993 2179 2182 2236 cultor
2211 2183 2339 2252 ejus
2369 2199 2484 2237 non
2511 2182 2570 2236 in
2605 2182 2818 2253 seipso,
2852 2183 2952 2238 sed
2985 2181 3044 2237 in
3089 2182 3187 2238 illo
3235 2183 3537 2256 glorietur.

1895 2273 2023 2325 Non
2051 2272 2202 2325 enim
2234 2272 2518 2342 spiritum
2550 2275 2724 2343 hujus-
2752 2271 2960 2327 mundi
2985 2273 3338 2344 accepimus,
3371 2277 3435 2328 ut
3463 2273 3542 2329 ait

1897 2359 2052 2414 idem
2083 2359 2534 2431 Apostolus,sed
2563 2360 2844 2432 Spiritum
2874 2362 2977 2433 qui
2995 2377 3068 2416 ea:
3090 2366 3205 2417 Deo
3233 2371 3314 2417 est
3328 2365 3377 2431 (l
3405 2365 3538 2419 Cor.

1899 2464 1958 2515 ιι,
1997 2448 2103 2519 12),
2139 2452 2202 2503 ut
2254 2448 2512 2504 sciamus
2560 2466 2688 2520 qua:
2720 2467 2754 2504 a
2785 2454 2900 2505 Deo
2932 2449 3147 2505 donata
3176 2455 3316 2506 sunt
3347 2452 3533 2508 nobis.

1900 2536 2039 2604 Quis
2065 2541 2154 2593 est
2183 2541 2377 2594 autem
2411 2537 2653 2610 spiritus
2671 2538 2875 2594 mundi
2908 2538 3236 2611 hujus,nisi
3259 2540 3542 2612 superbiae

1901 2625 2163 2699 spiritus,
2197 2643 2311 2698 quo
2343 2643 2444 2681 cor
2472 2625 2756 2699 insipiens
2788 2627 3168 2683 obscuratum
3199 2633 3289 2684 est
3315 2645 3541 2698 eorum,

1901 2715 2000 2787 qui
2015 2715 2314 2788 cognitum
2331 2715 2659 2782 Dominum,
2675 2733 2790 2772 non
2806 2719 2870 2771 ut
2882 2720 3082 2784 Deum,
3090 2717 3307 2790 gratias
3321 2719 3544 2792 agendo

1900 2803 2408 2877 gloriﬁcaverunt?
2439 2804 2894 2861 Consideremus
2916 2822 3053 2878 ergo
3084 2806 3226 2873 hac,
3259 2810 3316 2862 et
3345 2808 3548 2863 deom-

1902 2892 2076 2948 nibus
2107 2892 2404 2949 beneficiis
2437 2893 2535 2949 Dei
2567 2910 2796 2966 semper
2826 2893 2910 2950 illi
2942 2895 3162 2966 gratias
3200 2896 3543 2965 referamus,

1900 2981 2165 3053 interque
2197 2981 2394 3037 omnia
2415 2999 2588 3055 opera
2617 2982 2929 3054 ejus,nihil
2949 2987 3038 3038 est
3067 2983 3221 3054 quod
3252 2983 3340 3038 vel
3361 2985 3548 3040 consi-

1901 3071 2101 3126 derare
2115 3069 2413 3137 libentius,
2427 3071 2514 3126 vel
2529 3071 2765 3127 laudare
2777 3070 3008 3128 dulcius
3019 3071 3546 3144 debeamus,quam

1904 3160 2056 3231 quod
2091 3159 2356 3215 Christus
2387 3161 2576 3216 factus
2605 3165 2693 3216 est
2723 3159 2985 3230 humilis,
3019 3164 3076 3215 et
3113 3161 3184 3216 ad
3223 3160 3544 3229 hominem,

1904 3248 2004 3320 qui
2033 3249 2292 3304 cadendo
2321 3250 2390 3305 ad
2426 3249 2546 3305 ima
2575 3250 2833 3321 dejeetus
2846 3249 3054 3318 fuerat,
3069 3253 3278 3322 sponte
3307 3250 3549 3306 descen-

1906 3335 2090 3402 dit,ut
2120 3337 2205 3394 vel
2239 3355 2365 3394 sese
2396 3338 2739 3411 erigendum
2773 3339 3031 3394 crederet
3051 3337 3150 3410 qui
3171 3338 3548 3410 jacebat.De-

1905 3425 2082 3498 niquc
2131 3432 2194 3483 ut
2242 3427 2458 3483 levaret
2497 3427 2556 3482 in
2589 3427 2801 3484 cazlum
2831 3443 2995 3500 spem
3027 3431 3308 3495 nostram,
3341 3426 3551 3484 levavit

1902 3515 2092 3588 primo
2136 3533 2370 3572 carnem
2418 3520 2701 3584 nostram,
2753 3519 2811 3572 et
2856 3533 2972 3572 non
3021 3515 3427 3573 dubitaremus
3457 3533 3550 3573 se-

1904 3609 2176 3661 cuturum
2209 3607 2363 3677 quod
2397 3605 2666 3678 promisit
2695 3605 2886 3673 nobis,
2909 3604 3048 3661 illuc
3087 3606 3213 3677 jam
3255 3605 3551 3678 praecessit

1903 3697 2055 3767 quod
2093 3695 2314 3767 accepit
2345 3712 2413 3750 ex
2444 3695 2632 3750 nobis.

1976 3786 2060 3838 17.
2084 3785 2308 3853 (FULG.,
2333 3785 2584 3856 epist.“
2619 3784 2706 3840 ad
2734 3783 3393 3856 Ferrand.,n.44.)ldeo
3409 3800 3546 3857 ergo

1901 3872 2190 3945 praecipue
2221 3873 2278 3927 in
2312 3872 2438 3945 ipso
2470 3873 2754 3929 sacrificio
2777 3871 3035 3945 corporis
3056 3871 3268 3928 Christi
3290 3872 3550 3945 agratia-

1901 3979 2032 4017 rum
2067 3962 2292 4018 actione
2325 3960 2662 4034 incipimus,
2695 3966 2760 4015 ut
2790 3961 3086 4017 Christum
3116 3976 3233 4015 non
3264 3961 3547 4030 dandum,

1901 4051 2001 4106 sed
2035 4052 2236 4105 datum
2269 4050 2438 4105 nobis
2463 4050 2522 4104 in
2553 4049 2794 4104 veritate
2816 4051 3252 4115 monstremus;
3286 4051 3344 4102 et
3372 4047 3432 4102 in
3483 4063 3548 4103 eo

1899 4139 2055 4210 quod
2086 4139 2305 4211 gratias
2336 4138 2566 4210 agimus
2596 4142 2733 4208 Deo,
2765 4136 2824 4192 in
2884 4135 3176 4192 oblatione
3205 4135 3467 4208 corporis
3493 4140 3551 4191 et

1898 4227 2202 4300 sanguinis
2231 4226 2445 4282 Christi
2476 4242 2898 4299 cognoscamus
2925 4241 3040 4280 non
3062 4223 3256 4281 adhuc
3280 4224 3550 4280 occiden-

1898 4318 2039 4373 dum
2061 4315 2357 4372 Christum
2372 4333 2474 4388 pro
2488 4315 2704 4371 nostris
2715 4313 3253 4386 iniquitatibus,sed
3267 4311 3547 4382 occisum;

1898 4423 2001 4462 nec
2033 4406 2404 4461 redimendos
2435 4421 2541 4460 nos
2570 4404 2669 4460 illo
2704 4403 3011 4476 sanguine,
3047 4403 3148 4458 sed
3180 4403 3536 4474 redemptos.

1895 4494 2045 4552 Vera
2075 4499 2164 4551 est
2192 4495 2348 4550 enim
2379 4493 2531 4549 beati
2560 4493 2710 4549 Petri
2743 4490 3075 4565 pradicatio
3105 4491 3384 4546 dicentis:
3423 4493 3544 4546 Non

125 4579 540 4636 mendaretur.
574 4580 769 4636 Monet
799 4586 994 4637 autem
1028 4583 1216 4640 adhuc
1248 4588 1744 4648 sacerdosetdicit
1775 4610 1787 4647 :

1975 4576 2378 4646 rruptibilibus
2388 4583 2626 4644 argeuto
2637 4576 2724 4629 vel
2733 4590 2882 4628 auro
2913 4572 3200 4641 redempti
3215 4572 3350 4627 estis
3369 4571 3441 4627 de
3455 4588 3549 4628 ve-

205 4668 300 4722 16.
335 4671 578 4724 Gratias
606 4686 858 4742 agamus
885 4673 1133 4728 Domino
1162 4678 1278 4729 Deo
1307 4682 1525 4732 nostra.
1550 4682 1635 4747 (a)
1657 4681 1795 4737 Gra-

125 4755 362 4812 tiarum
387 4757 541 4813 actio
567 4759 722 4814 Patri
741 4758 1034 4816 luminum
1057 4778 1332 4834 sempera
1346 4765 1515 4822 nobis
1528 4767 1792 4837 debetur,

122 4861 158 4900 a
189 4862 319 4918 quo
352 4845 481 4902 sine
514 4845 636 4902 ulla
659 4847 1022 4905 dubitatione
1053 4867 1224 4906 omne
1246 4852 1448 4908 datum
1480 4857 1792 4928 optimum,

120 4938 179 4990 et
212 4951 402 4990 omne
434 4935 657 4991 donum
689 4936 1349 5010 qerfectum,Scriptura
1377 4944 1796 5009 teste,descen-

120 5024 233 5079 dit.
264 5024 460 5079 Nemo
491 5029 581 5080 est
610 5024 768 5080 enim
801 5025 970 5080 donis
1001 5025 1099 5082 Dei
1141 5026 1367 5091 beatus,
1403 5029 1504 5101 qui
1551 5032 1794 5090 donanti

117 5112 672 5186 exsistitingratus,
691 5113 832 5184 quia
855 5119 912 5168 et
937 5113 1044 5170 hoc
1057 5115 1210 5186 quod
1227 5115 1379 5172 inter
1403 5135 1571 5176 sacra
1586 5127 1797 5194 myste-

118 5201 209 5258 ria
240 5219 358 5258 cor
385 5201 604 5257 habere
637 5217 876 5257 sursum
900 5203 1200 5274 jubemur,
1234 5203 1362 5276 ipso
1394 5209 1708 5279 adjuvante
1736 5211 1794 5267 id

118 5289 428 5361 valemus,
462 5291 621 5363 quod
645 5291 892 5362 jubente
923 5291 1330 5349 admonemur.
1364 5295 1432 5350 Et
1460 5296 1588 5354 ideo
1602 5301 1795 5371 sequi-

122 5386 245 5450 tur,
286 5384 360 5435 ut
389 5379 462 5435 de
494 5379 606 5434 hoc
628 5382 792 5435 tanto
823 5380 972 5435 bono
992 5396 1229 5436 sursum
1261 5381 1431 5439 levati
1456 5387 1650 5442 cordis
1681 5405 1796 5443 non

122 5469 308 5524 nobis
337 5467 803 5541 gloriam,quasi
834 5473 1166 5524 nostrarum
1199 5470 1407 5527 virium
1441 5475 1794 5544 tribuamus,

124 5559 230 5614 sed
267 5558 528 5614 Domino
563 5561 682 5613 Deo
714 5561 913 5612 nostro
942 5555 1161 5628 gratias
1193 5573 1456 5630 agamus.
1489 5568 1609 5620 Hoc
1641 5566 1797 5622 enim

1902 4673 2028 4722 stra
2057 4681 2204 4720 vana
2230 4664 2596 4721 conversione
2624 4671 2884 4733 paternae
2915 4660 3276 4724 traditionis;
3297 4660 3398 4715 sed
3424 4675 3554 4728 pre-

1903 4755 2046 4811 tioso
2056 4755 2332 4826 sanguine
2343 4753 2510 4826 quasi
2519 4753 2663 4823 Agni
2674 4750 3035 4807 immaculati
3044 4757 3099 4804 et
3114 4747 3554 4806 incontaminati

1902 4844 2116 4902 Christi
2143 4846 2196 4912 (Ι
2223 4843 2563 4913 Petr.1,18).
2601 4841 2753 4896 Bene
2782 4839 2981 4911 itaque
3011 4836 3551 4894 admonentisacer-

1903 4933 2024 4989 doti
2055 4937 2112 4988 et
2139 4932 2353 4988 dicenti
2387 4932 2626 4988 Gratias
2657 4944 2903 5000 agamus
2919 4928 3162 4984 Domino
3193 4930 3312 4982 Deo
3331 4930 3549 4993 nostra,

1904 5022 2216 5093 respondet
2241 5021 2500 5076 Ecclesia
2531 5036 2544 5075 :

1974 5113 2064 5168 l8.
2095 5111 2347 5184 Dignum
2376 5115 2432 5166 et
2446 5113 2677 5182 juttum
2707 5111 2811 5164 est.
2835 5105 2982 5170 Quid
3013 5102 3167 5160 enim
3196 5105 3386 5176 potest
3423 5118 3554 5159 esse

1905 5202 2094 5273 magis
2127 5205 2241 5255 Deo
2267 5197 2659 5271 dignum,aut
2686 5195 2829 5268 quid
2862 5194 2914 5251 ei
2936 5192 3161 5266 justius
3185 5209 3218 5248 a
3249 5191 3418 5248 nobis
3459 5209 3552 5246 re-

1906 5290 2079 5362 pendi
2113 5292 2323 5360 potest,
2358 5304 2536 5359 quam
2569 5290 2625 5341 et
2653 5289 2826 5340 tantae
2853 5281 3265 5340 misericordiae
3305 5280 3428 5348 Dei,
3459 5280 3549 5335 cui

1903 5379 2089 5434 vicem
2121 5377 2331 5431 referre
2363 5393 2478 5430 non
2510 5373 3088 5446 possumus,debitas
3109 5369 3328 5443 gratias
3351 5369 3553 5425 rcdda‘

1907 5484 2060 5534 mus,
2096 5464 2398 5519 audientes
2429 5460 2770 5532 Apostolum
2799 5461 3199 5516 exhortantem
3234 5473 3340 5512 nos
3366 5460 3423 5511 et
3463 5455 3552 5510 di-

1906 5562 2132 5614 centem
2168 5570 2180 5609 :
2216 5551 2445 5606 Gratias
2470 5557 2703 5619 agentes
2733 5551 2842 5606 Deo
2883 5559 2940 5605 et
2987 5547 3178 5617 Patri,
3211 5547 3315 5617 qui
3351 5545 3550 5616 dignos

197 5648 291 5717 (α)
325 5645 471 5704 Vide
502 5643 698 5703 sancti
726 5644 1036 5716 Augustini
1069 5661 1399 5706 sermonem
1429 5653 1555 5720 227,
1589 5654 1660 5712 ad
1693 5653 1965 5718 infantes,
1998 5650 2067 5704 de
2098 5637 2510 5701 Sacramentis.
