3896 6208
402 345 499 410 ’έϐί

1522 347 1754 411 FLOR!
1781 347 2116 412 ‘DIACONI
2147 349 2736 415 'LUGDUNENSIS.
3741 347 3815 414 '32

425 497 531 540 nos
554 479 695 555 fecit
722 481 782 538 in
809 489 967 538 sorte
996 487 1333 539 sanctorum
1361 480 1422 537 in
1454 480 1692 550 lumine,
1721 482 1820 556 qui
1855 482 2074 553 eripuit
2100 485 2156 553 Α
2183 485 2381 552 xxxxii,
2429 484 2503 558 2).
2537 485 2607 541 Et
2651 483 2866 541 iterum
2903 498 2915 540 :
2944 481 3009 540 In
3055 482 3214 540 omni
3259 482 3382 541 loco
3419 448 3811 543 deininationis

423 573 613 630 nosde
639 577 920 641 potestate
949 571 1341 635 tenebrarum,
1358 580 1412 627 et
1430 572 1726 628 transtulit
1743 573 1802 627 in
1832 589 2074 644 regnum

425 663 561 721 Filii
587 661 894 718 alacritatis
921 677 1062 727 sum,
1090 662 1150 716 in
1183 677 1293 732 quo
1323 663 1594 717 habemus
1623 663 2074 732 redemptionem

419 768 530 823 per
547 753 887 822 sanguinem
902 751 1047 820 ejus,
1061 751 1457 806 remissionem
1477 761 1845 820 peccatorum
1865 754 2015 808 ?Col.
2033 772 2070 820 ι,

423 843 511 910 12,
530 842 614 910 t3,
633 840 848 912 M.)Sic
878 839 1033 894 enim
1063 839 1262 895 dilexit
1281 840 1434 894 Deus
1455 841 1843 907 mundum,ut
1858 841 2070 897 Filium

421 947 597 987 suum
630 929 997 1001 unigenitum
1031 929 1214 997 daret,
1241 932 1297 984 et
1326 929 1514 1001 gratia
1544 929 1644 984 Dei
1676 947 1778 1001 pro
1796 929 2071 986 omnibus

415 1023 684 1093 gustaret
696 1023 964 1074 mortem.
981 1017 1087 1083 Qui
1102 1034 1237 1090 ergo
1251 1035 1353 1090 per
1364 1017 1513 1073 hanc
1524 1018 1773 1090 gratiam
1786 1019 2070 1090 eripimur

419 1109 490 1165 de
522 1112 809 1181 potestate
838 1108 1235 1172 tenebrarum,
1269 1107 1326 1161 id
1358 1110 1448 1162 est
1475 1106 1692 1162 diaboli
1737 1112 1794 1163 et
1824 1107 2066 1180 angelo-

419 1215 550 1254 rum
582 1198 730 1269 ejus,
748 1201 803 1252 et
819 1196 1226 1252 transferimur
1243 1195 1299 1250 in
1325 1211 1568 1268 regnum
1595 1195 2066 1252 Filiidilectionis

417 1287 540 1354 Dei,
557 1285 1156 1358 utefﬁciamurgenus
1170 1283 1636 1357 electum,regale
1649 1286 2062 1355 sacerdotium,

415 1376 774 1432 habentesin
802 1375 1006 1430 eodem
1033 1372 1172 1428 Filio
1195 1389 1296 1445 per
1326 1373 1674 1446 sanguinem
1702 1375 1830 1444 ejus
1846 1375 2066 1430 redem-

416 1464 699 1538 ptionem,
743 1463 1150 1519 remissionem
1200 1467 1604 1534 peccatorum;
1638 1463 1780 1534 quid
1824 1463 2064 1536 dignius

417 1557 587 1628 agere
601 1569 940 1626 possumus,
957 1568 1135 1625 quam
1150 1551 1306 1623 quod
1327 1551 1532 1607 beatus
1545 1552 1749 1607 Petrus
1763 1552 2064 1624 apostolus

416 1645 694 1701 admonet
723 1641 950 1698 dicens:
979 1646 1042 1697 Et
1067 1642 1312 1696 virtutes
1339 1641 1698 1696 annuntietls
1728 1642 2065 1715 ejus,quide

414 1733 664 1791 tenebris
689 1747 785 1790 vos
812 1732 1030 1788 vocavit
1059 1731 1120 1785 in
1147 1730 1491 1786 admirabile
1521 1731 1713 1786 lumen
1736 1747 1940 1798 suum;
1961 1732 2062 1804 qui

412 1823 726 1896 aliquando
753 1838 867 1878 non
893 1822 1160 1891 populus,
1173 1835 1325 1877 nunc
1351 1829 1546 1876 autem
1565 1819 1812 1890 populus
1831 1821 1947 1890 Dei,
1962 1821 2062 1893 qui

412 1929 527 1972 non
556 1912 845 1970 consecuti
863 1909 1349 1978 misericordiam,
1361 1926 1511 1966 nuuc
1529 1916 1726 1966 autem
1737 1911 2064 1968 misericor-

387 2001 512 2059 wdia
531 2001 860 2060 consecuti?
887 2002 940 2073 (ι
967 2001 1127 2055 Petr.
1147 2016 1207 2067 ιι,
1237 1998 1317 2070 9.)
1342 1999 1501 2054 Hanc
1531 2014 1668 2071 ergo
1700 1997 1967 2055 Ecclesia:
1982 2016 2064 2056 re-

413 2091 790 2166 sponsionem
822 2089 1133 2146 conﬁrmat
1161 2087 1454 2155 sacerdos,
1487 2091 1544 2144 et
1571 2088 1631 2142 in
1654 2088 1836 2144 Deum
1869 2093 2062 2146 mente

413 2196 758 2254 suspensus,
772 2181 1158 2252 cognoscente
1169 2193 1368 2233 secum
1382 2177 1541 2232 omni
1572 2177 1829 2234 Ecclesia
1841 2177 2062 2250 procla~

406 2274 538 2328 mat
565 2273 624 2326 et
651 2267 794 2325 dicit
821 2285 841 2324 :

484 2357 571 2414 19.
594 2361 743 2413 Vere
755 2357 1005 2430 dignum
1018 2361 1074 2412 et
1075 2358 1115 2428 j
1120 2359 1310 2411 ustum
1337 2364 1440 2426 est,
1453 2369 1682 2428 aequum
1695 2363 1750 2410 et
1761 2353 2055 2412 salutare.

405 2447 574 2513 Quod
605 2452 695 2503 est
712 2446 968 2518 justum,
1003 2443 1112 2500 hoc
1151 2449 1240 2500 est
1268 2447 1326 2500 et
1355 2461 1610 2516 aequum,
1641 2444 1741 2499 sed
1787 2443 2052 2517 repetitio

410 2535 722 2602 sermonis,
746 2533 1111 2591 conﬁrmatio
1143 2537 1234 2589 est
1262 2532 1544 2602 veritatis,
1579 2549 1715 2588 nam
1740 2532 1974 2604 justitia
2002 2537 2059 2588 et

409 2625 654 2697 mquitas
685 2639 804 2680 una
833 2639 926 2680 res
955 2626 1063 2689 est,
1079 2623 1232 2678 sicut
1260 2627 1568 2677 cantamus
1602 2621 1659 2676 in
1692 2621 1969 2694 psalterio
1985 2622 2056 2678 de

409 2712 657 2772 Domino
673 2713 1010 2771 :ludicabit
1039 2711 1238 2768 orbem
1265 2717 1442 2767 terrae
1461 2712 1524 2767 in
1543 2711 1784 2782 justitia
1805 2717 1860 2767 et
1879 2727 2058 2783 popu-

412 2804 500 2861 los
519 2805 583 2860 in
611 2805 892 2878 (equitate
919 2799 1102 2875 (Psal.
1131 2817 1259 2870 xcv,
1296 2801 1406 2869 10).
1440 2799 1706 2856 Salutare
1735 2805 1933 2856 autem
1966 2800 2053 2856 di-

401 2893 581 2960 uitur,
609 2891 770 2966 quod
797 2896 887 2948 est
917 2889 1173 2959 salubre,
1205 2893 1263 2946 et
1291 2889 1444 2962 quod
1471 2887 1723 2945 salutem
1764 2890 2044 2946 conferat.

398 2980 552 3039 Vere
581 2996 718 3054 ergo
749 2983 816 3036 ut
854 2980 1215 3035 incessanter
1243 2977 1460 3051 gratias
1508 2995 1776 3051 agamus,
1807 2979 2052 3051 dignum

399 3076 497 3129 est
516 3070 694 3127 tantis
720 3068 819 3126 Dei
850 3067 1174 3136 beneﬁciis,
1198 3068 1429 3139 justum
1463 3067 1679 3123 nostris
1726 3069 2048 3142 obsequiis,

2182 578 2308 647 ejus
2335 576 2568 632 benedic
2596 575 2798 630 anima
2825 589 2957 629 mea
2985 573 3224 632 Domino
3250 572 3431 647 (Psal.
3463 589 3557 644 cu,
3592 573 3703 644 22).

2253 667 2341 720 20.
2389 665 2571 736 (Aue.,
2622 667 2808 720 Enar.
2859 681 2895 718 Il
2943 665 3006 718 in
3055 662 3201 719 Psal
3249 679 3448 731 xxxiii,
3485 681 3544 730 n,
3580 662 3659 733 4.)
3687 663 3809 728 Quis

2182 759 2272 809 est
2317 770 2454 827 ergo
2503 753 2604 826 qui
2654 752 2944 808 benedicit
2993 756 3050 807 et
3096 752 3316 825 gratias
3348 753 3469 825 agit
3491 753 3735 809 Domino
3763 754 3810 808 in

2180 844 2338 899 omni
2369 849 2648 915 tempore,
2669 841 2780 896 nisi
2814 839 3056 896 humilis
3086 840 3510 914 corde?1psam
3542 841 3698 897 enim
3719 842 3808 898 hu-

2180 932 2489 988 militatem
2535 930 2735 986 docuit
2782 930 3064 986 Dominus
3109 934 3308 985 noster
3338 930 3398 984 in
3429 947 3670 1003 corpore
3699 949 3809 999 suo,

2180 1021 2319 1093 quia
2343 1038 2478 1076 cum
2501 1020 2877 1076 commendat
2907 1035 3120 1091 corpus
3149 1023 3208 1074 et
3237 1019 3588 1092 sanguinem
3631 1037 3810 1087 suum,

2178 1110 2571 1166 humilitatem
2603 1123 2772 1165 suam
2803 1108 3198 1164 commendat.
3221 1107 3358 1164 Esto
3389 1107 3651 1176 humilis,
3671 1109 3719 1166 si
3737 1110 3810 1166 vis

2173 1199 2516 1255 benedicere
2549 1198 2864 1254 Dominum
2883 1197 2941 1252 in
2967 1196 3126 1253 omni
3155 1201 3435 1269 tempore,
3453 1214 3684 1270 semper
3696 1198 3810 1255 laus

2177 1289 2305 1360 ejus
2334 1289 2391 1343 in
2427 1304 2524 1344 ore
2545 1292 2666 1354 tuo,
2699 1286 2839 1359 quia
2867 1291 2924 1342 et
2952 1287 3061 1342 Job
3094 1303 3210 1342 non
3252 1290 3481 1342 tantum
3531 1287 3811 1344 benedixit

2174 1376 2508 1444 Dominum,
2543 1376 2778 1448 quando
2809 1375 3190 1431 abundabant
3221 1373 3305 1429 illi
3354 1375 3573 1446 omnia,
3607 1377 3808 1448 quibus

2175 1482 2310 1521 eum
2341 1465 2592 1538 legimus
2623 1463 2862 1519 divitem
2885 1463 3310 1520 fuisse.Ablata
3333 1469 3474 1520 sunt
3493 1466 3808 1522 omniauno

2172 1559 2530 1627 tempore,et
2560 1553 2823 1626 implevit
2847 1553 3002 1624 quod
3033 1553 3092 1608 in
3124 1552 3233 1609 hoc
3265 1552 3491 1626 psalmo
3527 1556 3809 1627 scriptum

2171 1649 2262 1700 est
2290 1645 2491 1699 dicens
2525 1660 2539 1698 :
2574 1643 2838 1699 Dnninus
2882 1641 3048 1708 dedit,
3079 1643 3340 1698 Dominus
3390 1643 3640 1700 abstulit.
3673 1645 3810 1700 Sicut

2174 1735 2404 1789 Domino
2448 1733 2681 1804 placuit,
2731 1734 2810 1787 ita
2846 1734 3056 1803 factum
3106 1739 3202 1787 est.
3246 1732 3385 1788 Post
3429 1751 3448 1788 :
3487 1733 3571 1788 Sit
3621 1748 3810 1791 nomen

2170 1823 2391 1878 Domini
2419 1821 2755 1877 benedictum
2776 1820 3254 1890 (Job.i,21).Ecce
3285 1820 3459 1877 habet
3487 1821 3811 1895 exemplum

2171 1909 2574 1967 benedicentis
2619 1909 2679 1964 in
2723 1909 2884 1965 omni
2929 1912 3213 1982 tempore.
3247 1909 3373 1966 Non
3405 1909 3666 1967 habebat
3693 1929 3810 1984 qua:

2169 2004 2411 2066 teneret,
2446 2000 2546 2055 sed
2579 1999 2832 2055 habebat
2869 1999 3025 2071 quod
3060 1998 3346 2055 laudaret.
3382 1999 3443 2056 In
3493 1989 3694 2058 laude"
3723 2003 3808 2058 Dei

2171 2091 2264 2146 sui
2286 2088 2456 2161 quasi
2484 2088 2544 2143 in
2575 2104 2771 2144 rerum
2804 2087 2970 2161 copia
2997 2087 3355 2160 quiescebat.
3390 2094 3543 2146 Deus
3562 2078 3808 2148 illisala-

2169 2177 2318 2234 tium
2349 2177 2482 2245 fuit,
2515 2194 2588 2234 ne
2606 2177 3049 2250 possessionum
3080 2177 3315 2233 damnis
3364 2176 3806 2252 periclitaretur.

2169 2267 2446 2339 Nunquid
2491 2266 2648 2322 enim
2683 2264 2937 2339 perdidit
2965 2265 3168 2335 Deum,
3194 2267 3462 2340 quamvis
3492 2269 3810 2342 perdiderit

2169 2357 2325 2430 quod
2345 2357 2585 2412 dederat
2615 2356 2804 2412 Deus?
2834 2355 2970 2412 Plus
2997 2359 3087 2412 est
3119 2356 3274 2412 enim
3305 2356 3520 2414 habere
3549 2373 3693 2414 eum
3721 2359 3810 2432 qui

2167 2447 2287 2515 dat,
2318 2462 2496 2518 quam
2529 2444 2631 2500 illa
2657 2461 2784 2518 qua:
2816 2445 2934 2500 dat.
2967 2441 3028 2501 Si
3055 2444 3213 2500 enim
3245 2445 3488 2518 pulchra
3519 2451 3666 2503 sunt
3696 2464 3811 2521 quae

2167 2535 2285 2604 dat,
2319 2537 2538 2608 quanto
2565 2533 2864 2608 pulchrior
2891 2532 2989 2590 ille
3019 2533 3120 2606 qui
3151 2534 3288 2590 dat?
3318 2533 3378 2591 Si
3409 2551 3629 2609 magna
3662 2542 3809 2607 sunt,

2166 2627 2384 2697 quanto
2433 2625 2623 2696 major
2669 2623 2792 2696 ipse
2839 2623 3122 2696 largitor?
3151 2624 3221 2679 Et
3267 2627 3418 2680 certe
3449 2640 3577 2698 quae
3616 2625 3682 2681 in
3714 2626 3810 2683 hac

2161 2717 2394 2770 terrena
2419 2713 2541 2769 vita
2569 2712 2796 2769 dederit
2817 2712 3112 2782 Deus,aut
3141 2713 3282 2768 dum
3312 2713 3561 2771 vivimus
3593 2731 3710 2772 nos
3727 2715 3811 2772 de-

2166 2806 2392 2871 serunt,
2427 2807 2530 2858 aut
2557 2819 2593 2858 a
2618 2801 2790 2858 nobis
2821 2805 3007 2858 morte
3037 2802 3497 2859 deseruntur.At
3522 2821 3668 2863 vero
3699 2806 3811 2879 ipse

2155 2892 2319 2949 Deus
2349 2897 2565 2948 aaterna
2595 2890 2890 2965 possessio
2923 2907 3154 2965 semper
3199 2908 3456 2965 praesens
3502 2911 3809 2968 nunquam

2163 2980 2379 3037 deserit
2409 2979 2975 3054 possidentem.Sint
3003 2995 3142 3053 ergo
3173 2984 3333 3036 casta
3360 2985 3493 3037 vota
3521 2982 3808 3051 ﬁdelium,

2159 3069 2399 3127 vilescat
2438 3067 2756 3142 temporale
2780 3069 3020 3135 bonum,
3053 3073 3112 3125 et
3138 3068 3332 3125 veniat
3377 3074 3691 3128 aeternum.
3729 3075 3812 3128 In-

403 3175 640 3232 mquum
670 3158 798 3230 ipso
833 3157 1088 3231 pondere
1132 3155 1397 3223 rationis,
1434 3153 1688 3212 salutare
1736 3158 2048 3214 manifesto
2093 3229 2122 3233 ,Α
2159 3161 2379 3218 Ιιωιιθειῐ
2409 3160 2526 3216 Deo
2557 3158 2756 3215 anima
2784 3157 2880 3231 pia
2906 3158 2964 3214 in
2983 3174 3116 3214 eum
3148 3158 3409 3214 oratione
3432 3166 3812 3233 suspensa,et

406 3229 599 3304 fructu
631 3229 862 3314 salutis,
877 3261 993 3318 quo
1015 3249 1071 3301 et
1100 3245 1285 3301 Deum
1316 3242 1625 3300 laudantes
1657 3245 1974 3316 salvantur,
1996 3251 2052 3302 et
2081 3229 2125 3297 (ἶ
2163 3267 2266 3324 per
2297 3248 2634 3323 spirituales
2663 3229 2967 3321 amplexus
2985 3246 3037 3303 ei
3067 3263 3328 3304 connexa
3347 3229 3813 3307 desidet-etillud

377 3365 382 3368 -
404 3334 618 3411 ingrati
647 3334 836 3408 ipsius
858 3333 1084 3407 judicio
1116 3332 1520 3406 reprobantur.
1540 3333 1686 3389 Nam
1709 3333 1892 3391 Deum
1917 3335 2052 3392 ﬁde-

401 3425 534 3484 liter
562 3423 873 3482 laudantes
901 3439 1031 3480 vere
1062 3423 1379 3491 salvantur,
1401 3422 1552 3479 sicut
1579 3422 1639 3478 in
1673 3423 1900 3496 psalmo
1913 3441 2052 3480 can-

401 3519 561 3572 tatur
595 3531 622 3570 τε
645 3514 908 3572 Laudatis
950 3513 1221 3568 invocabo
1269 3514 1567 3570 Dominum
1612 3514 1767 3568 etab
1798 3514 2052 3570 inimicis

400 3605 544 3662 meis
571 3606 893 3661 salousero
926 3603 1100 3676 (Psal.
1134 3618 1269 3669 xvu,
1293 3603 1372 3669 4.)
1396 3601 1614 3675 Ingrati
1641 3606 1838 3658 autem
1854 3619 2048 3675 repro-

401 3695 636 3759 bantur,
686 3693 840 3750 sicut
886 3695 1083 3764 aperte
1130 3691 1192 3745 in
1242 3690 1552 3763 Evangelio
1605 3691 1730 3764 ipse
1762 3691 2050 3748 Dominus

400 3782 676 3850 ostendit,
691 3781 792 3855 qui
801 3797 870 3838 ex
881 3782 1080 3837 decem
1095 3779 1340 3853 leprosis
1353 3781 1482 3851 ejus
1495 3779 1709 3836 virtute
1726 3780 2045 3850 mundatis,

399 3887 586 3929 unum
621 3871 694 3927 ad
725 3887 788 3927 se
817 3869 1162 3943 suppliciter
1192 3873 1669 3937 revertentem,et
1690 3885 2048 3942 magnavoce

397 3960 617 4034 gratias
665 3963 954 4033 agentem,
988 3957 1265 4024 laudavit,
1297 3961 1354 4012 et
1401 3957 1588 4030 gratia
1617 3956 1749 4013 ﬁdei
1783 3957 2042 4028 salvavit,

397 4049 642 4106 dicendo
670 4054 797 4107 Non
817 4057 902 4104 est
941 4049 1199 4104 inventus
1237 4047 1340 4120 qui
1367 4047 1588 4102 rediret
1633 4055 1689 4102 et
1719 4047 1888 4103 daret
1915 4051 2048 4118 glo-

396 4139 551 4195 riam
571 4139 829 4207 Deo,nisi
858 4138 949 4195 hic
974 4137 1329 4208 alienigena;
1353 4140 1410 4192 et
1431 4135 1704 4192 continuo
1735 4137 2048 4194 clementer

373 4229 697 4299 «adjunxit:
725 4232 934 4299 Surge,
950 4227 1110 4294 vade,
1125 4227 1262 4298 quia
1289 4225 1428 4294 ﬁdes
1450 4234 1552 4280 tua
1581 4234 1634 4280 te
1674 4227 1892 4281 salvum
1907 4226 2045 4296 fecit

393 4317 563 4390 (Luc.
596 4333 736 4384 xvu,
770 4317 877 4384 18).
911 4316 1128 4372 Novem
1156 4317 1353 4370 autem
1384 4312 1662 4385 reliquos,
1697 4312 1832 4369 licet
1859 4314 2044 4370 credi-

393 4405 589 4461 derint
619 4421 681 4461 se
711 4421 816 4478 per
844 4420 979 4460 eum
1009 4419 1182 4476 posse
1213 4401 1757 4474 mundari,quando
1779 4418 2045 4460 unavoce

394 4495 797 4551 clamaverunt
826 4493 1085 4550 dicentes
1104 4497 1268 4550 :Jesu
1297 4496 1641 4561 praeceptor,
1661 4490 1940 4547 miserere
1951 4508 2047 4549 no-

2163 3340 2320 3413 quod
2352 3353 2553 3395 secum
2582 3336 2707 3410 ipse
2737 3336 3317 3408 largitur.Quantum
3345 3342 3440 3394 est
3468 3339 3628 3411 quod
3651 3339 3814 3396 nobis

2161 3426 2457 3484 exhibebit
2487 3426 2660 3493 Deus,
2679 3424 2731 3481 si
2761 3423 3022 3496 seipsum
3056 3424 3226 3480 nobis
3257 3426 3403 3482 nolit
3431 3427 3812 3486 exhibere‘ISi

2159 3532 2295 3588 ergo
2325 3515 2479 3571 bona
2499 3517 2822 3586 suppetunt
2843 3511 3061 3581 saeculi,
3077 3513 3156 3569 sit
3176 3514 3590 3572 misericordiae
3607 3518 3813 3575 facien-

2161 3605 2248 3661 da:
2280 3603 2553 3660 materies
2585 3619 2599 3657 :
2635 3602 2684 3658 si
2715 3601 3027 3669 defuerint,
3059 3602 3138 3657 sit
3167 3603 3458 3675 patientiae
3489 3604 3689 3664 ﬁdelis
3719 3623 3812 3664 cc-

2159 3692 2335 3748 casio.
2369 3691 2495 3748 Tali
2528 3690 2685 3747 enim
2716 3688 3019 3746 devotione
3043 3689 3306 3748 etiamin
3337 3693 3500 3748 omni
3539 3692 3673 3752 loco
3705 3696 3812 3752 Deo

2157 3780 2362 3856 gratiis
2376 3783 2650 3854 aguntur,
2665 3777 2808 3850 quia
2827 3779 2928 3851 qui
2944 3778 3163 3852 ubique
3183 3784 3272 3836 est
3293 3797 3572 3853 praesens,
3594 3785 3813 3857 ubique

2157 3869 2424 3943 agnoscit
2451 3868 2814 3924 laudatorem
2845 3885 3046 3938 suum,
3075 3869 3252 3925 etiam
3287 3887 3420 3926 cum
3462 3887 3561 3929 ore
3607 3875 3812 3947 quies-

2158 3963 2342 4026 cente,
2360 3962 2415 4014 et
2433 3961 2662 4014 tacente
2679 3955 2901 4031 lingua,
2919 3961 3138 4013 secreto
3161 3958 3353 4015 cordis
3376 3960 3588 4017 affectu
3623 3962 3811 4019 ﬁdelis

2155 4050 2209 4106 ei
2240 4048 2438 4105 anima
2449 4047 2761 4113 benedicit,
2781 4062 2915 4102 cum
2932 4046 3054 4120 agit
3070 4047 3129 4102 in
3153 4046 3385 4103 silentio
3407 4050 3563 4121 quod
3579 4051 3812 4108 canitur

2160 4138 2221 4194 in
2255 4135 2483 4211 psalmo
2518 4152 2531 4193 :
2567 4137 2818 4203 Benedic,
2841 4138 3030 4192 anima
3076 4151 3197 4192 mea
3238 4138 3490 4204 Domino,
3530 4147 3586 4195 et
3625 4141 3815 4197 omnia

2157 4243 2282 4302 quae
2331 4229 2478 4284 intra
2526 4242 2614 4282 me
2639 4233 2767 4282 sunt
2795 4227 3012 4282 nomini
3038 4232 3221 4282 sancto
3250 4226 3368 4298 ejus
3399 4227 3568 4300 (Psal.
3603 4245 3706 4298 cu,
3741 4230 3811 4302 i).

2157 4316 2434 4390 Quisquis
2463 4331 2600 4387 ergo
2621 4313 3059 4386 supplicaturus
3093 4318 3150 4370 et
3169 4314 3390 4386 gratias
3413 4319 3659 4374 acturus
3675 4318 3811 4382 Deo.

2155 4407 2351 4463 locum
2400 4408 2671 4460 sanctum
2720 4406 2778 4459 et
2821 4407 3023 4475 aptum
3083 4402 3360 4474 requiris,
3391 4403 3679 4462 interiora
3710 4411 3809 4463 tua

2157 4494 2398 4562 munda,
2426 4497 2484 4548 et
2501 4492 2661 4548 omni
2691 4491 2827 4546 inde
2855 4490 3010 4547 mala
3040 4491 3357 4564 cupiditate
3387 4492 3658 4566 depulsa,
3675 4511 3814 4569 pre-

392 4584 545 4651 stri;
570 4587 765 4639 tamen
818 4582 959 4654 quia
1005 4585 1180 4637 tantae
1229 4579 1432 4634 virtuti
1462 4580 1778 4635 extiterunt
1803 4580 2036 4653 ingrati,
2061 4595 2120 4666 ι)
2151 4600 2292 4659 para
2340 4581 2445 4638 tibi
2499 4581 2560 4636 in
2603 4580 2798 4637 cordis
2843 4579 2931 4636 tui
2972 4596 3112 4652 pace
3156 4583 3470 4648 secretum,
3501 4581 3713 4642 volens
3750 4585 3806 4640 in

392 4673 550 4728 velut
579 4671 1097 4739 inﬁdeles,nescire
1125 4669 1229 4726 sed
1262 4668 1800 4734 ostendit,dicendo
1819 4686 1831 4724 :
1849 4671 2040 4728 Nonne
2152 4672 2366 4746 templo
2395 4685 2580 4728 orare.
2598 4671 2663 4726 In
2694 4674 2752 4726 te
2781 4685 2904 4736 ora,
2932 4672 2989 4726 et
3016 4667 3100 4725 ita
3120 4685 3226 4742 age
3249 4675 3815 4744 semper,uttetem-

394 4763 592 4819 decem
620 4761 885 4817 mundati
894 4767 1047 4824 sunt,
1064 4767 1119 4814 et
1141 4771 1342 4814 novem
1354 4756 1452 4811 ubi
1469 4760 1642 4813 sunt?
1667 4758 1891 4830 (Matth.
1909 4777 2037 4829 xxv,

396 4852 512 4918 12.)
536 4851 772 4907 Nescire
794 4852 990 4904 autem
1021 4845 1122 4901 Dei
1149 4843 1447 4917 reprobari
1477 4849 1565 4902 est
1595 4862 1608 4901 :
1642 4847 1798 4903 unde
1826 4852 1881 4905 et
1912 4849 2040 4922 qui-

393 4941 646 4997 busdam
676 4939 941 4996 dicturus
972 4939 1061 4993 est
1091 4952 1104 4990 :
1138 4936 1313 4991 Amen
1341 4935 1468 4992 dico
1497 4937 1669 5004 vobis,
1695 4939 1886 4996 nescio
1918 4957 2035 5009 vos,

393 5030 474 5086 Ex
504 5045 619 5100 quo
632 5031 921 5100 quantum
943 5023 1165 5080 malum
1195 5022 1604 5097 sitgratiarum
1617 5027 1906 5084 actionem
1921 5029 2037 5086 Deo

395 5117 651 5174 debitam
675 5115 986 5188 negligere,
1011 5112 1306 5168 evidenter
1326 5113 1672 5184 ostenditur,
1689 5118 1922 5189 quando
1940 5135 2038 5174 eos

395 5221 543 5278 quos
583 5205 884 5260 credentes
929 5200 1251 5269 mundavit,
1285 5201 1462 5257 etiam
1516 5205 1831 5262 mundatos
1869 5206 2044 5263 istius

395 5291 578 5364 culpas
624 5291 831 5347 merito
885 5295 1164 5362 tanquam
1213 5289 1480 5347 inﬁdeles
1527 5292 1761 5365 abjecit.
1814 5296 2042 5352 Gratias

395 5385 591 5438 autem
621 5397 792 5453 agere
823 5381 1103 5437 debemus
1138 5396 1370 5452 semper
1399 5383 1457 5436 et
1485 5381 1724 5455 ubique,
1757 5384 1815 5440 id
1846 5388 1936 5441 est
1980 5385 2039 5439 in

395 5469 554 5526 omni
589 5473 846 5542 tempore
876 5474 935 5526 et
965 5469 1024 5525 in
1058 5469 1216 5526 omni
1239 5468 1854 5543 loco,utimpleaturin
1873 5473 2040 5531 nobis

394 5559 554 5632 quod
584 5562 890 5616 cantamus
916 5558 976 5616 in
1007 5558 1235 5632 psalmo
1264 5573 1277 5613 :
1311 5559 1636 5616 Benedicam
1662 5563 1956 5619 Dominum
1978 5565 2040 5619 in

393 5649 548 5708 omni
587 5656 838 5722 tempore,
860 5664 1072 5724 semper
1120 5648 1240 5705 laus
1287 5648 1405 5722 ejus
1449 5650 1509 5705 in
1559 5666 1651 5708 ore
1697 5667 1813 5710 meo
1862 5652 2033 5725 (Psal.

2150 4764 2318 4838 plum
2351 4761 2450 4817 Dei
2485 4759 2590 4816 sis.
2621 4759 2710 4815 Ibi
2757 4759 2914 4815 enim
2945 4758 3100 4814 Deus
3131 4759 3387 4828 exaudit,
3420 4758 3521 4816 ubi
3553 4759 3808 4818 habitat.

2219 4853 2311 4908 21.
2346 4851 2474 4907 Vere
2511 4849 2743 4919 dignum
2771 4855 2822 4904 et
2838 4848 3054 4920 justum
3079 4855 3175 4916 est,
3199 4863 3423 4921 acquum
3469 4858 3522 4906 et
3557 4849 3813 4908 salutare

2149 4957 2249 4998 nos
2277 4938 2380 4996 tibi
2407 4953 2618 5010 seinper
2639 4945 2689 4993 et
2718 4936 2920 5008 ubique
2945 4938 3154 5006 gratias
3181 4951 3361 5006 agere.
3397 4937 3726 5014 Subjungit
3742 4940 3812 4997 ad

2149 5043 2326 5103 quem
2373 5026 2592 5099 dirigat
2640 5021 2962 5082 orationem
3007 5024 3252 5082 dicendo
3281 5042 3295 5081 :
3327 5027 3572 5096 Domine,
3623 5035 3814 5086 sancte

2146 5123 2314 5174 Pater
2343 5117 2702 5186 omnipotens,
2720 5120 2924 5169 aeterne
2951 5117 3182 5181 Deus,et
3201 5129 3306 5186 per
3325 5130 3500 5187 quem
3530 5118 3806 5174 eamdem

2151 5203 2476 5261 orationem
2507 5201 2723 5274 dirigat
2753 5200 3047 5258 addendo:
3069 5207 3171 5258 Per
3201 5201 3479 5259 Christum
3506 5207 3810 5262 Dominum

2148 5301 2419 5350 nostrum.
2453 5290 2614 5354 Quod
2649 5305 2786 5364 ergo
2808 5291 2968 5359 dicit,
2989 5293 3233 5359 Domine,
3257 5292 3510 5348 refertur
3537 5293 3611 5349 ad
3647 5311 3809 5352 crea-

2151 5386 2295 5437 turae
2325 5379 2770 5452 subjectionem,
2807 5380 2878 5435 de
2903 5397 3018 5452 quo
3049 5384 3107 5436 et
3147 5381 3208 5435 in
3257 5380 3488 5454 psalmo
3521 5383 3766 5440 canitur
3796 5401 3808 5439 :

2151 5471 2431 5543 Quoniam
2461 5469 2646 5524 omnia
2673 5470 2913 5524 serviunt
2944 5470 3048 5524 tibi
3077 5469 3246 5542 (Psal.
3283 5487 3373 5536 xv,
3407 5469 3482 5542 Ι).
3515 5470 3585 5526 Et
3611 5471 3761 5528 aiibi
3794 5487 3808 5528 τ

2146 5559 2277 5616 Dixi
2323 5558 2550 5614 Domino
2582 5574 2601 5613 :
2623 5562 2762 5613 Deus
2803 5571 2960 5612 metis
3007 5573 3063 5613 es
3113 5565 3192 5627 tu,
3225 5558 3486 5631 quoniam
3533 5557 3810 5616 bonorum

2138 5662 2392 5708 meorum
2421 5661 2534 5705 non
2558 5659 2700 5716 eges.
2723 5645 2870 5714 Quid
2901 5649 2992 5702 est
3019 5646 3176 5704 enim
3225 5647 3490 5705 bonorum
3525 5663 3806 5718 meorum,
