3896 6208
143 312 210 378 33
1339 313 1444 374 DE
1485 310 2006 376 EXPOSITIONE
2048 310 2328 374 MISSE.
3453 317 3532 377 34

143 441 245 501 nisi
274 458 306 498 a
328 444 382 498 te
411 441 728 499 datorum?
747 441 1041 515 quomodo
1069 445 1202 516 eget
1221 441 1643 517 aliquobono,a
1656 459 1770 515 quo
1799 443 1854 511 Α
1888 446 2125 515 propter
2154 459 2261 499 nos
2291 460 2392 516 per
2421 443 2850 500 humanitatem
2878 443 3207 518 interpellat
3226 463 3332 520 pro
3363 447 3534 505 nobis

145 547 302 588 omne
329 530 550 587 bonum
583 531 797 589 datur?
828 531 958 589 Ideo
985 547 1159 590 verus
1205 537 1294 588 est
1337 531 1640 598 Dominus,
1675 532 1774 604 qui

144 637 292 679 servo
316 637 419 677 suo
450 636 570 677 non
604 619 846 696 indiget.
880 620 950 676 Et
980 638 1094 694 quo
1127 637 1292 678 servo
1323 619 1583 694 indiget?
1613 622 1773 687 Quod

142 725 262 766 vero
299 707 570 781 adjungit
598 716 782 766 sancte
828 711 1010 779 Pater,
1045 709 1294 766 refertur
1321 709 1408 766 vel
1447 708 1778 782 specialiter

144 797 208 856 ad
238 795 514 870 unigeniti
546 797 676 854 Filii
707 797 1232 872 generationem,in
1253 802 1700 870 quacoaaternus
1721 801 1778 854 et

143 884 434 958 coequalis
461 885 646 953 Patri,
679 887 750 943 de
772 904 889 959 qua
915 885 1093 943 etiam
1125 885 1413 961 Propheta
1443 887 1525 943 ait
1559 904 1570 943 :
1603 891 1774 944 Gene-

144 977 393 1032 rationem
438 975 558 1047 ejus
591 978 714 1049 quis
742 975 1069 1033 enarrabit?
1096 977 1224 1049 (Isa.
1256 994 1426 1045 xxxv,
1459 977 1513 1049 8)
1544 975 1631 1033 vel
1678 993 1774 1050 ge-

143 1062 400 1121 neraliter
427 1064 499 1121 ad
516 1065 782 1122 omnium
799 1065 1050 1121 ﬁliorum
1069 1065 1170 1121 Dei
1198 1065 1591 1138 adoptionem,
1607 1067 1776 1138 cujus

143 1156 295 1208 tanta
320 1156 408 1209 est
435 1153 653 1226 gratia,
685 1159 750 1211 ut
780 1171 914 1210 cum
961 1153 1204 1212 haberet
1232 1154 1493 1222 unicum,
1526 1154 1778 1212 noluerit

142 1240 290 1298 illam
321 1258 448 1299 esse
479 1259 692 1312 unum,
725 1243 828 1300 sed
861 1248 925 1300 ut
955 1244 1164 1301 fratres
1193 1243 1452 1312 haberet,
1479 1243 1777 1316 adoptavit

141 1329 261 1387 illos
289 1329 385 1404 qui
415 1347 555 1388 cum
589 1329 687 1389 illo
717 1333 1082 1406 possiderent
1128 1333 1306 1390 vitam
1340 1337 1637 1402 (sternam,
1671 1349 1776 1406 pro

143 1421 344 1493 quibus
374 1420 503 1494 ipse
551 1421 773 1480 eisdem
817 1421 1010 1479 verbis
1056 1421 1212 1478 Patri
1261 1420 1601 1495 supplicans
1644 1423 1772 1479 ait:

142 1511 293 1566 Pater
333 1517 536 1578 sancte,
569 1527 726 1568 serva
770 1527 858 1567 eos
905 1513 966 1567 in
1016 1513 1238 1568 nomine
1265 1519 1378 1581 tuo,
1411 1527 1542 1584 quos
1578 1510 1778 1568 dedisti

141 1600 272 1655 mihi
295 1599 474 1670 (Joan.
507 1617 647 1667 xvu,
679 1599 785 1672 11).
818 1601 948 1656 Haec
977 1616 1112 1674 ergo
1141 1617 1270 1668 vox,
1303 1605 1370 1657 ut
1400 1601 1632 1657 dicatur
1663 1605 1774 1657 Deo

142 1690 291 1745 Pater
315 1692 591 1758 sancte,et
613 1688 848 1762 propria
875 1693 968 1748 est
995 1689 1152 1746 unici
1187 1689 1313 1746 Filii
1344 1706 1449 1762 per
1478 1694 1773 1759 naturam,

1885 532 2038 604 apud
2073 533 2322 601 Patrem,
2358 550 2460 606 per
2498 533 2862 590 divinitatem
2913 534 3148 591 exaudit
3192 540 3248 592 et
3295 542 3534 608 prastat

1886 637 2020 676 cum
2057 621 2244 688 Patre,
2278 621 2431 679 sicut
2459 622 2583 696 ipse
2612 628 2862 679 testatur
2891 623 3094 687 dicens
3131 641 3143 680 :
3179 625 3319 694 Quia
3347 642 3444 696 ego
3464 627 3533 682 ad

1884 711 2104 766 Patrem
2131 711 2285 778 vado,
2317 721 2368 768 et
2397 712 2752 785 quodcunque
2777 714 3048 784 petieritis
3080 714 3137 769 in
3167 716 3389 770 nomine
3414 731 3534 773 meo

1884 799 1982 855 hoc
2009 801 2235 872 faciam,
2269 808 2328 856 ut
2360 801 2694 872 clariﬁcetnr
2724 802 2888 856 Pater
2919 803 2974 857 in
3025 802 3164 857 Filio
3207 803 3382 874 (Joan.
3416 821 3530 871 xw,

1888 889 2085 956 12).De
2121 905 2237 960 qua
2268 889 2621 945 mediatione
2653 894 2710 944 et
2729 889 3106 946 advocatione
3127 889 3300 946 etiam
3325 893 3533 949 beatus

1884 977 2140 1033 Joannes
2181 977 2480 1050 apostolus
2528 978 2660 1034 ait:
2709 978 3034 1035 Advocatum
3083 979 3342 1038 habemus
3388 980 3536 1053 apud

1883 1070 2106 1123 Patrem
2133 1071 2324 1125 Jesum
2359 1070 2390 1124 ζ
2405 1069 2641 1123 hristum
2655 1068 2948 1140 justum,et
2976 1069 3092 1140 ipse
3111 1077 3190 1126 est
3219 1071 3535 1142 propitiatio

1884 1173 1988 1229 pro
2011 1159 2248 1228 peccatis
2284 1159 2484 1212 nostris
2515 1159 2565 1225 (Ι
2588 1157 2745 1213 Joan.
2778 1173 2840 1223 ιι,
2871 1160 2947 1225 2),
2981 1157 3120 1229 quia
3147 1157 3248 1229 qui
3292 1175 3395 1231 per
3423 1158 3535 1215 hu-

1886 1244 2230 1300 manitatem
2264 1243 2596 1318 interpellat
2634 1261 2737 1316 pro
2785 1244 2953 1301 nobis
2984 1261 3119 1302 cum
3161 1247 3347 1312 Patre,
3378 1246 3532 1304 idem

1885 1349 1989 1406 per
2019 1331 2384 1389 divinitatem
2416 1333 2770 1406 propitiatur
2814 1333 2984 1389 nobis
3015 1350 3149 1390 cum
3181 1333 3366 1392 Patre.
3399 1335 3538 1392 Orat

1884 1421 2081 1494 itaque
2102 1421 2376 1478 sacerdos
2400 1438 2503 1495 pro
2525 1419 2804 1488 Ecclesia,
2818 1421 3214 1478 oratEcclesia
3223 1439 3326 1495 pro
3339 1439 3538 1480 sacer-

1885 1511 2040 1577 dote,
2060 1509 2214 1566 sicut
2251 1515 2379 1566 orat
2406 1509 2723 1584 Apostolus
2751 1527 2854 1583 pro
2885 1509 3209 1584 plebe,orat
3237 1510 3403 1584 plebs
3432 1529 3538 1585 pro

1882 1601 2177 1672 Apostolo,
2218 1599 2317 1672 qui
2362 1600 2503 1654 dicit
2537 1618 2549 1655 :
2584 1601 2810 1656 Orontes
2855 1600 3022 1655 simul
3052 1608 3104 1656 et
3125 1617 3226 1674 pro
3267 1602 3447 1668 nobis,
3481 1609 3540 1659 ut

1883 1692 2021 1745 Deus
2071 1690 2286 1762 aperiat
2329 1688 2485 1745 nobis
2533 1691 2736 1745 ostium
2783 1688 2934 1744 verbi
2977 1689 3199 1760 (Coloss.
3235 1706 3308 1755 ιν,
3339 1690 3417 1759 3).
3467 1691 3539 1746 Et

141 1781 192 1834 et
215 1777 544 1835 communis
573 1777 838 1834 omnium
869 1779 1180 1851 adoptione
1210 1779 1463 1836 ﬁliorum
1495 1796 1599 1852 per
1639 1796 1774 1853 gra-
1807 1815 1854 1880 B
1887 1795 1990 1850 pro
2022 1778 2186 1834 Petro
2220 1782 2347 1833 orat
2376 1777 2635 1834 Ecclesia
2664 1794 2800 1834 cum
2833 1781 2988 1834 esset
3018 1777 3076 1833 in
3105 1777 3376 1848 vinculis,
3397 1794 3537 1851 quo-

140 1867 292 1933 tiam,
325 1883 426 1939 per
456 1883 639 1940 quam
670 1866 844 1923 etiam
877 1866 1164 1923 concessit
1197 1871 1261 1923 ut
1290 1873 1522 1924 orantes
1543 1868 1772 1925 dicant:

142 1961 294 2013 Pater
318 1964 520 2021 noster,
553 1957 652 2029 qui
678 1971 733 2012 es
766 1958 826 2012 in
853 1957 1003 2012 ccelis
1035 1955 1243 2026 (Matth.
1277 1960 1375 2026 vn),
1405 1957 1482 2022 9),
1515 1957 1615 2030 qni
1646 1974 1777 2014 vere

141 2045 496 2117 omnipotens
528 2049 585 2102 et
613 2050 865 2102 aeternus
877 2049 966 2102 est
981 2045 1323 2112 Deus,omni
1331 2051 1536 2119 potens
1555 2045 1778 2102 scilicet

141 2135 358 2201 virtute,
393 2151 514 2206 qua
547 2133 745 2190 omnia
773 2134 1033 2190 condidit
1061 2138 1118 2190 et
1147 2135 1404 2191 continet
1433 2140 1489 2192 et
1517 2137 1778 2208 regit,ve—

141 2223 335 2281 raciter
363 2223 670 2297 Scriptura
699 2223 997 2296 dicit,q-uia
1026 2225 1133 2279 tibi
1161 2225 1491 2296 impossibile
1510 2226 1656 2280 nihil
1676 2234 1772 2282 est.

204 2317 288 2368 2'2.
320 2312 425 2382 (ID.
463 2312 626 2384 ibid.)
660 2311 766 2376 Qui
798 2317 994 2369 tamen
1026 2313 1076 2368 si
1116 2329 1353 2386 compos
1383 2318 1492 2380 est,
1526 2319 1590 2370 ut
1621 2333 1776 2370 nun-

143 2419 305 2474 quam
339 2419 457 2458 suze
501 2401 748 2458 rationis
797 2400 1063 2458 instituta
1095 2402 1396 2460 convellat.
1447 2403 1641 2476 Ipsius
1689 2408 1779 2460 est

142 2491 305 2547 etiam
330 2508 467 2546 vera
497 2489 813 2558 mternitas,
845 2490 936 2546 cui
966 2492 1120 2564 quod
1154 2495 1242 2547 est
1269 2507 1398 2548 esse
1429 2496 1777 2565 perpetuum

141 2586 239 2647 est,
273 2579 370 2652 qui
393 2579 565 2637 initio
591 2579 978 2648 carens,sicut
997 2579 1223 2636 nullum
1240 2580 1524 2649 ﬁnem,ita
1552 2579 1776 2638 nullam

141 2668 332 2741 recipit
362 2667 838 2726 mutabilitatem.
867 2669 1014 2725 Tota
1034 2673 1229 2725 autem
1260 2669 1444 2726 oratio
1474 2675 1532 2726 et
1559 2671 1776 2744 gratia-

139 2775 261 2818 rum
285 2758 645 2830 actio,quam
676 2773 907 2830 semper
936 2761 992 2814 et
1025 2757 1242 2831 ubique
1270 2759 1776 2833 debemus,dirigi-

140 2851 228 2902 tur
255 2852 311 2904 et
340 2847 586 2905 offertur
615 2847 730 2904 Deo
763 2845 916 2902 Patri
962 2863 1066 2920 per
1111 2847 1409 2904 Christum
1459 2849 1776 2905 Dominum

140 2941 707 3008 nostrum,tanquam
738 2951 840 3008 per
871 2935 1248 2992 mediatorem
1263 2941 1320 2994 et
1346 2937 1776 2995 conciliatorem

140 3024 234 3080 Dei
261 3030 315 3080 et
342 3023 769 3093 hominum,de
800 3041 914 3096 quo
943 3025 1257 3097 Apostolus
1289 3023 1370 3082 ait
1402 3043 1414 3081 :
1452 3029 1600 3084 Unus
1628 3029 1778 3084 enim

140 3114 289 3183 Deus,
318 3131 466 3170 unus
495 3121 548 3170 et
574 3113 840 3170 mediator
867 3115 966 3170 Dei
993 3122 1044 3170 et
1090 3115 1376 3172 hominum
1427 3115 1588 3172 homo
1623 3119 1776 3173 Iesus

1886 1867 2058 1922 modo
2089 1871 2146 1922 et
2175 1866 2379 1922 Petrus
2409 1883 2512 1938 pro
2545 1865 2824 1937 Ecclesia,
2856 1866 2996 1938 quia
3026 1866 3225 1924 omnia
3254 1883 3357 1940 pro
3389 1865 3534 1922 invi-

1884 1972 2009 2012 cem
2043 1956 2307 2012 memhra
2336 1958 2524 2010 orant.
2560 1955 2748 2027 Caput
2779 1971 2883 2028 pro
2932 1955 3207 2012 omnibus
3259 1953 3535 2028 interpel-

1884 2045 1987 2112 lat,
2019 2046 2088 2100 de
2130 2061 2244 2117 quo
2293 2043 2576 2116 seriptum
2609 2047 2694 2099 est
2731 2060 2743 2098 :
2781 2044 2887 2112 Qui
2922 2053 2974 2100 et
3019 2052 3095 2100 est
3141 2043 3210 2100 ad
3258 2044 3538 2101 dexteram

1883 2136 1997 2199 Dei,
2030 2136 2128 2206 qui
2148 2136 2314 2189 etiam
2358 2133 2670 2206 interpellat
2709 2149 2810 2204 pro
2859 2134 3015 2190 nobis
3065 2134 3236 2205 (Rom.
3269 2150 3389 2202 vui,
3422 2133 3533 2206 34).

1955 2224 2044 2277 23.
2097 2222 2300 2290 (Gneo.
2355 2221 2456 2276 lib.
2510 2239 2620 2277 xxu
2677 2223 2893 2288 Moral.,
2957 2239 3015 2277 n.
3066 2223 3176 2294 42).
3228 2221 3537 2295 Unigenito

1886 2311 2042 2366 enim
2077 2310 2219 2367 Filio
2251 2328 2354 2384 pro
2385 2309 3007 2383 homineinterpellare
3025 2315 3114 2367 est
3131 2311 3286 2384 apud
3311 2317 3540 2368 coaeter-

1885 2417 2030 2456 num
2062 2401 2287 2456 Patrem
2321 2398 2586 2472 seipsum
2617 2398 2919 2455 hominem
2939 2398 3538 2474 demonstrare,eique

1885 2505 1988 2561 pro
2019 2488 2279 2544 humana
2308 2492 2883 2560 naturarogasse,est
2903 2489 3166 2544 eamdem
3191 2490 3536 2546 naturamin

1886 2577 2209 2633 divinitatis
2257 2595 2374 2633 sua:
2424 2576 2770 2633 celsitudine
2819 2577 3168 2650 suscepisse.
3205 2577 3538 2651 Interpellat

1886 2667 2067 2739 igitur
2097 2683 2201 2739 pro
2233 2667 2404 2723 nobis
2418 2666 2702 2722 Dominus
2715 2683 2829 2722 non
2845 2667 3112 2735 voce,sed
3137 2667 3532 2735 miseratione,

1885 2756 2026 2828 quia
2059 2756 2214 2827 quod
2250 2755 2518 2811 damnari
2565 2755 2623 2809 in
2673 2754 2870 2811 electis
2921 2753 3128 2821 noluit,
3161 2755 3534 2828 suscipiendo

1886 2844 2132 2900 servavit
2164 2861 2177 2899 :
2213 2844 2312 2916 qui
2345 2843 2623 2916 quoniam
2656 2842 2766 2898 hoc
2793 2844 2948 2916 quod
2991 2843 3292 2900 moriendo
3342 2842 3401 2900 in
3443 2862 3532 2902 se-

1884 2932 2087 3005 pulcro
2120 2931 2337 3004 posuit,
2368 2933 2728 3005 resurgendo
2773 2949 2950 3005 super
2979 2931 3218 3006 angelos
3249 2932 3530 3004 elevavit;

1886 3026 2037 3077 recte
2069 3023 2340 3078 sacerdos
2370 3021 2642 3094 adjungit
2673 3025 2730 3076 et
2755 3019 2897 3076 dicit
2929 3037 2942 3076 :

1953 3113 2043 3167 24.
2089 3113 2195 3167 Per
2245 3127 2401 3183 quem
2449 3111 2786 3182 majestatem
2841 3119 2994 3166 tuam
3041 3109 3271 3167 laudant
3324 3112 3528 3184 angeli.

145 3201 395 3269 Christus,
451 3202 550 3274 qui
603 3201 749 3258 dedit
803 3201 1152 3273 semetipsum
1204 3202 1625 3274 redemptionem
1675 3220 1776 3276 pro
1806 3183 1848 3250 C
1888 3201 2018 3256 Haec
2049 3206 2137 3256 est
2167 3199 2322 3256 enim
2355 3198 2668 3255 ineﬂ‘abilis
2698 3198 3212 3272 gloriaSalvatorls
3241 3204 3298 3256 et
3318 3183 3534 3257 media-

143 3291 380 3346 omnibus
406 3292 455 3359 (I
483 3291 616 3346 Tim.
650 3307 709 3359 ιι,
739 3291 821 3359 5).
853 3290 952 3362 qui
1004 3307 1136 3346 cum
1185 3290 1244 3346 in
1291 3296 1500 3348 natura
1548 3291 1782 3350 deitatis

146 3381 214 3436 sit
243 3397 426 3436 unum
461 3396 594 3434 cum
616 3379 1184 3452 Patre,suscipiendo
1209 3384 1479 3436 naturam
1493 3385 1776 3449 nostram,

144 3467 320 3524 factus
352 3472 445 3524 est
486 3467 656 3524 nobis
697 3467 983 3524 mediator
1027 3468 1100 3524 ad
1155 3468 1402 3525 Patrem.
1436 3469 1570 3526 Ideo
1621 3470 1777 3526 enim

143 3556 416 3613 mediator
447 3555 549 3614 Dei
581 3559 637 3612 et
666 3555 997 3626 hominum,
1033 3557 1170 3630 quia
1213 3557 1366 3614 Deus
1421 3575 1554 3614 cum
1589 3559 1774 3628 Patre,

144 3646 271 3717 quia
311 3646 491 3703 homo
539 3661 673 3701 cum
717 3643 1076 3714 hominibus,
1108 3663 1222 3702 non
1273 3647 1560 3703 mediator
1601 3646 1777 3703 homo

140 3739 334 3808 praeter
365 3735 670 3802 deitatem,
695 3751 810 3792 non
843 3735 1131 3791 mediator
1160 3735 1313 3792 Deus
1345 3741 1554 3808 praeter
1573 3736 1778 3792 huma-

140 3825 391 3880 nitatem.
427 3823 713 3880 Divinitas
743 3823 870 3879 sine
901 3821 1268 3880 humanitate
1297 3841 1412 3879 non
1444 3829 1533 3881 est
1563 3825 1780 3882 media-

138 3912 258 3982 trix,
316 3911 660 3968 humanitas
715 3911 842 3967 sine
897 3911 1200 3968 divinitate
1248 3930 1366 3969 non
1418 3918 1507 3969 est
1554 3915 1774 3970 media-

140 4001 258 4058 trix.
289 4002 400 4059 Sed
434 4002 587 4057 inter
616 3998 804 4056 solam
837 3999 1200 4058 divinitatem
1242 4006 1299 4057 et
1347 4001 1774 4060 humanitatem

140 4088 332 4156 solam,
367 4088 680 4144 mediatrix
726 4093 814 4145 est
843 4088 1105 4146 humana
1151 4090 1447 4158 divinitas,
1480 4096 1537 4147 et
1581 4091 1778 4149 divina

140 4176 467 4236 humanitas
498 4177 842 4249 Christi,qui
873 4178 1050 4234 etiam
1083 4179 1463 4252 semetipsum
1495 4181 1776 4239 obtulitin

140 4267 395 4338 passione
427 4283 532 4340 pro
557 4267 819 4331 nobis,ut
849 4267 995 4322 tanti
1018 4267 1229 4340 capitis
1260 4285 1472 4341 corpus
1487 4286 1773 4339 essemus,

143 4357 456 4413 secundum
488 4355 735 4414 formam
768 4355 1105 4412 servi.Hanc
1138 4356 1295 4412 enim
1327 4357 1634 4426 obtulit,in
1667 4359 1775 4416 hac

142 4442 357 4502 oblatus
388 4449 499 4515 est,
535 4443 673 4517 quia
697 4444 1022 4501 secundum
1055 4443 1206 4501 hanc
1235 4445 1523 4503 mediator
1569 4452 1677 4505 est.
1712 4449 1774 4505 In

139 4531 237 4590 hac
264 4533 560 4599 sacerdos,
591 4533 650 4590 in
679 4531 788 4620 hac
819 4532 1192 4590 sacriﬁcium.
1214 4534 1320 4590 Per
1346 4534 1542 4608 ipsum
1563 4553 1700 4610 ergo
1721 4541 1778 4594 et
1804 4555 1852 4620 Ι)

141 4622 436 4693 petitiones
466 4626 522 4682 et
552 4615 756 4682 laudes
787 4639 926 4680 suas
965 4623 1130 4679 oll‘ert
1162 4621 1417 4682 Ecclesia
1445 4623 1562 4681 Deo
1595 4625 1770 4696 Patri,

140 4709 313 4768 sciens
344 4728 450 4786 per
478 4728 614 4770 cum
657 4709 854 4770 solum
899 4727 961 4769 se
990 4727 1162 4784 posse
1193 4711 1451 4784 accipere
1481 4714 1636 4785 quod
1669 4731 1771 4786 po-

139 4800 323 4869 stulat,
375 4818 483 4876 per
527 4819 661 4858 eum
709 4800 903 4859 solum
954 4800 1182 4873 placere
1229 4819 1401 4874 posse
1449 4804 1603 4876 quod
1645 4802 1774 4860 lau-

139 4888 242 4959 dat,
273 4891 428 4948 sicut
475 4891 534 4948 in
582 4889 894 4964 Evangelia
940 4889 1232 4963 promittit
1279 4891 1528 4948 dicens:
1577 4894 1768 4961 Amen,

140 4994 282 5036 amen
323 4981 446 5036 dico
500 4980 668 5048 vobis,
699 4982 751 5036 si
796 4979 930 5052 quid
968 4981 1241 5052 petieritis
1294 4982 1517 5038 Patrem
1565 4984 1620 5038 in
1669 4999 1768 5040 no-

137 5070 271 5124 mine
323 5085 464 5138 meo,
516 5069 668 5126 dabit
721 5069 872 5126 vobis
924 5070 1118 5138 (Joan.
1163 5085 1279 5137 xvx,
1328 5070 1442 5141 23).
1495 5070 1626 5126 Haec
1681 5076 1773 5128 est

139 5156 279 5214 enim
309 5157 687 5216 mediationis
718 5159 909 5233 gratia
957 5174 1059 5230 per
1098 5174 1277 5231 quam
1309 5159 1617 5218 exauditur
1668 5161 1774 5216 Ec-

140 5243 320 5315 clesia,
379 5248 716 5314 secundum.
775 5263 952 5320 quam
1010 5251 1068 5304 et
1135 5247 1450 5320 Apostolus
1505 5248 1771 5306 exhorta-

142 5335 226 5388 tur
286 5335 536 5394 dicens:
602 5343 713 5394 Per
767 5339 946 5408 ipsam
1009 5352 1133 5408 ergo
1190 5337 1480 5408 offeramus
1539 5337 1774 5394 hostiam

142 5420 303 5479 laudis
354 5442 570 5498 semper
619 5432 722 5483 Deo
752 5426 934 5497 (Hebr.
965 5442 1091 5492 xm,
1125 5426 1234 5493 15),
1269 5425 1326 5480 id
1375 5430 1466 5481 est
1513 5427 1772 5484 fructum

141 5505 415 5572 labiorum
449 5513 854 5574 conﬁtentium
885 5513 1124 5571 nomini
1149 5514 1296 5586 ejus.
1327 5513 1486 5572 Idem
1517 5533 1772 5589 namque

141 5602 413 5664 mediator
440 5604 546 5665 Dei
571 5608 633 5668 et
661 5603 968 5703 hominum
1017 5603 1176 5664 Deus
1217 5621 1396 5682 super
1439 5623 1546 5669 nos
1593 5606 1770 5666 homo

1888 3288 2032 3345 toris
2088 3289 2293 3356 nostri,
2347 3287 2470 3360 qui,
2524 3293 2590 3343 ut
2643 3287 2956 3360 Apostolus
3004 3287 3104 3356 ait,
3151 3292 3537 3362 purgationem

1882 3386 2226 3449 peccatorum
2251 3379 2481 3450 faciens,
2507 3376 2653 3432 sedet
2693 3375 2763 3431 ad
2809 3376 3087 3432 dexteram
3132 3379 3432 3451 majestatis
3476 3381 3536 3434 in

1886 3467 2133 3535 excelsis,
2167 3473 2314 3522 tanto
2352 3466 2550 3522 melior
2593 3466 2802 3537 angelis
2843 3466 3080 3538 eﬂ'ectus,
3130 3475 3330 3539 quanto
3376 3467 3532 3541 diffe-

1886 3558 2095 3613 rentias
2119 3570 2243 3627 prae
2271 3556 2388 3610 illis
2417 3571 2611 3610 nomen
2642 3553 2986 3612 hazreditavit
3017 3555 3166 3626 (Heb.
3199 3573 3238 3624 1,
3271 3555 3534 3628 3).Cujus

1887 3645 2142 3701 nominis
2175 3643 2547 3699 altitudinem
2578 3642 2716 3698 alibi
2761 3659 3055 3715 exponens
3086 3643 3230 3700 dieit
3261 3661 3275 3700 :
3310 3645 3536 3718 Propter

1885 3733 2022 3806 qaod
2050 3741 2101 3789 et
2129 3734 2270 3788 Deus
2302 3733 2461 3788 illum
2509 3733 2793 3799 exaltavit,
2828 3740 2880 3788 et
2926 3733 3149 3788 donavit
3199 3733 3292 3788 illi
3334 3749 3529 3791 nomen

1886 3823 2025 3896 quod
2054 3831 2131 3878 est
2155 3838 2319 3894 super
2346 3837 2502 3877 omne
2534 3837 2748 3884 nomen,
2783 3828 2842 3875 ut
2871 3823 2932 3874 in
2963 3823 3184 3876 nomine
3213 3823 3336 3878 Jesu
3377 3839 3535 3879 omne

1883 3929 2026 3985 genu
2051 3913 2320 3982 ﬂectatur,
2352 3911 2668 3974 caelestium,
2700 3910 3061 3977 terrestrium,
3093 3917 3143 3965 et
3190 3913 3536 3981 infernarum

1884 4002 2057 4070 (Phil.
2105 4018 2166 4068 ιι,
2207 4000 2286 4067 9),
2333 4003 2622 4072 quatenus
2676 4014 2780 4068 per
2827 3998 3100 4053 eumdem
3151 3999 3531 4056 mediatorem

1885 4089 2105 4158 laudet,
2139 4089 2336 4144 adoret
2367 4092 2424 4142 et
2453 4085 2865 4141 contremiscat
2895 4087 3261 4157 majestatem
3294 4087 3393 4143 Dei
3426 4089 3532 4145 Pa-

1885 4177 1991 4233 tris
2041 4195 2155 4233 non
2207 4174 2398 4232 solum
2453 4173 2709 4230 Ecclesia
2759 4173 3066 4231 hominum
3099 4176 3158 4230 in
3207 4174 3400 4245 terris,
3429 4177 3531 4233 sed

1885 4267 2059 4323 etiam
2094 4265 2349 4322 Ecclesia
2378 4263 2722 4337 angelorum
2755 4263 2814 4318 in
2846 4262 3026 4320 caelis.

1953 4357 2044 4410 25.
2077 4356 2270 4426 (AUG.,
2294 4369 2458 4410 serm.
2492 4368 2684 4419 cccxc,
2716 4369 2773 4407 n.
2809 4352 2916 4425 11).
2951 4351 3048 4410 Sic
3078 4354 3235 4410 enim
3280 4353 3534 4412 Ecclesia

1883 4449 2006 4500 tota
2034 4448 2090 4500 et
2121 4461 2238 4499 uua
2265 4441 2604 4514 accipienda
2633 4445 2742 4509 est,
2777 4458 2891 4498 non
2925 4441 3115 4498 solum
3161 4459 3228 4499 ex
3272 4461 3341 4502 ea
3369 4449 3532 4518 parte

1885 4550 2003 4605 qua
2030 4530 2436 4604 peregrinatur
2467 4531 2526 4585 in
2557 4529 2728 4586 terris
2759 4547 2793 4586 a
2822 4529 2961 4586 solis
2992 4536 3124 4590 ortu
3148 4549 3334 4605 usque
3351 4535 3421 4590 ad
3442 4551 3533 4591 oc-

1883 4638 2086 4678 casum
2118 4620 2367 4676 laudans
2396 4635 2608 4675 nomen
2640 4618 2956 4687 Domini,et
2982 4625 3114 4692 post
3135 4621 3530 4694 captivitatem

1879 4710 2188 4766 vetustatis
2220 4713 2464 4764 cantans
2497 4708 2792 4764 canticum
2816 4725 3261 4778 novum;verum
3275 4710 3449 4766 etiam
3463 4727 3534 4768 ex

1879 4798 1983 4855 illa
2012 4815 2139 4872 quas
2172 4797 2230 4852 in
2261 4796 2423 4852 cmlis
2455 4811 2688 4869 semper
2718 4814 2786 4853 ex
2815 4814 2931 4870 quo
2945 4797 3278 4854 conditaest
3294 4797 3532 4854 cohaesit

1880 4888 2129 4957 Deo,nec
2161 4885 2348 4943 ullum
2380 4885 2602 4941 malum
2625 4886 2716 4941 sui
2748 4902 2920 4942 casus
2941 4890 3174 4958 experta
3191 4886 3437 4942 estHaec
3468 4885 3528 4943 in

1880 4977 2100 5034 sanctis
2133 4973 2356 5050 angelis
2387 4975 2556 5030 beata
2586 4973 2929 5047 persistit,et
2958 4991 3076 5030 suae
3109 4974 3258 5045 parti
3281 4975 3532 5048 peregri-

1880 5066 2042 5122 nanti
2077 5065 2230 5120 sicut
2245 5067 2475 5136 oportet
2490 5061 3018 5135 opitulantur,quia
3031 5066 3278 5135 utraque
3291 5080 3407 5119 una
3419 5063 3530 5120 erit

1883 5154 2173 5212 consortio
2204 5152 2629 5220 aeternitatil,et
2659 5168 2815 5206 nunc
2834 5167 2969 5206 vera
2998 5155 3088 5208 est
3101 5150 3332 5207 vinculo
3346 5151 3531 5208 chari-

1882 5243 2176 5301 tatis.Haec
2207 5258 2342 5315 ergo
2375 5258 2501 5313 qua:
2532 5238 2936 5312 peregrinatur
2954 5239 3013 5295 in
3043 5240 3528 5314 terris,sanguine

1883 5330 2218 5390 Mediatoris
2250 5327 2474 5386 nullam
2507 5327 2778 5384 habentis
2810 5330 3220 5402 peccatum,ab
3249 5331 3409 5387 omni
3440 5337 3529 5388 est

1880 5425 2118 5496 peccato
2144 5415 2680 5488 redcmpta,...ejus
2715 5433 2832 5473 non
2865 5421 3044 5476 ρει.δί
3065 5421 3206 5476 Deus
3229 5437 3330 5492 pro
3347 5419 3528 5489 nobis,

1881 5513 2002 5584 quis
2032 5515 2224 5565 contra
2252 5520 2349 5560 nos
2369 5507 2396 5558 .’
2425 5504 2522 5576 qui
2547 5503 2694 5560 Filio
2725 5509 2953 5579 proprio
2997 5525 3110 5565 non
3150 5511 3405 5582 pepercit,
3437 5509 3528 5566 sed

1873 5617 1976 5678 pro
2007 5596 2162 5655 nobis
2189 5591 2446 5652 omnibus
2477 5591 2709 5650 tradidit
2738 5595 2900 5653 illum
2929 5596 3104 5674 (Rom.
3124 5613 3248 5669 vin,
3265 5598 3375 5675 32).
3399 5595 3528 5659 Non
