3896 6208
142 323 208 381 4i
1336 322 1436 381 DE
1482 321 1759 383 EXPOSI

1945 325 2006 383 TE
2050 323 2335 386 MISSE.
3466 337 3545 398 ἃ

146 461 195 510 et
219 450 497 508 nu’rabilia
519 452 639 523 ejus
662 452 801 523 ﬁliis
825 452 1110 508 hominum
1130 454 1298 525 (I’sal.
1325 470 1433 519 cn,
1455 455 1531 522 8).
1558 454 1621 508 Et
1648 472 1785 525 qua-
1814 457 1867 523 Α
1898 471 2151 527 namque
2184 455 2394 513 militia
2414 462 2687 514 nascente
2713 460 2867 533 Rege
2890 464 3088 517 nostro
3112 462 3399 536 seriptum
3419 470 3510 523 est
3530 480 3546 522 :

150 544 248 599 lcm
266 541 860 613 DominusJesus,qui
880 540 1107 597 nullum
1127 541 1363 597 omnino
1387 541 1636 597 habebat
1659 560 1784 614 pec-
1896 546 2085 599 Subito
2114 548 2259 616 fllCla
2287 555 2367 602 est
2393 564 2515 603 eum
2538 549 2731 619 angelo
2757 550 3048 607 multitudo
3076 553 3297 609 militiw
3320 555 3549 613 ewlestis

151 636 349 696 catum,
373 630 432 684 in
464 630 778 703 Evangelio
812 630 929 686 Deo
961 630 1114 685 Patri
1145 631 1310 686 offert
1338 630 1571 686 dicens:
1601 633 1786 702 Conﬁ-
1899 634 2054 705 (Luc.
2084 652 2161 703 ιιι,
2197 636 2306 706 13).

150 730 251 777 tror
277 721 395 787 tibi,
417 720 606 790 Pater,
632 720 857 775 Domine
877 720 1001 774 cazli
1027 728 1078 775 et
1106 728 1289 787 terrm,
1312 721 1439 791 quia
1460 720 1788 776 abscondisti
1968 724 2056 777 40.
2090 724 2327 797 (ΑΜΒΚ.)
2347 724 2493 788 Quid
2526 727 2637 782 sibi
2663 743 2798 800 ergo
2817 727 2943 784 vult
2974 728 3030 783 in
3064 729 3173 786 hoc
3202 729 3422 805 hymno
3454 749 3557 790 an-

148 811 255 866 qu’c
279 826 309 863 a
337 809 680 880 sapientibus
708 817 763 863 et
789 809 1042 864 revelasti
1081 824 1145 864 ea
1184 810 1431 881 parvulis
1463 809 1672 882 (Matth.
1704 828 1782 878 xu,
1893 810 2080 882 gelico
2116 813 2225 868 sub
2256 830 2371 869 uno
2418 815 2656 871 nomine
2687 816 3013 873 sanctitatis
3040 819 3196 875 trina
3245 821 3554 893 repetitio?

144 900 245 969 23).
275 896 395 953 Una
423 895 609 968 igitur
646 896 1029 961 confessione,
1054 895 1109 950 id
1143 901 1231 951 est
1279 895 1448 952 laude
1480 900 1537 951 et
1565 897 1781 969 gratia-
1894 898 1952 954 Si
1987 900 2143 956 trina
2175 902 2460 974 repetitio,
2486 921 2591 960 cur
2620 922 2738 961 una
2781 904 3087 962 laudatio?
3117 908 3168 964 si
3200 926 3319 965 una
3346 908 3553 967 lauda-

144 1005 261 1045 rum
292 984 541 1052 actione,
568 987 695 1056 jam
728 1002 883 1041 nunc
907 1002 1040 1041 cum
1073 984 1295 1058 angelis
1318 986 1637 1054 sociantur,
1664 986 1783 1041 lau-
1891 987 1991 1053 tio,
2016 1006 2120 1044 cur
2150 990 2305 1045 trina
2349 992 2634 1063 repetitio,
2665 991 2779 1047 nisi
2812 993 2948 1067 quia
2992 994 3161 1051 Pater
3186 1001 3247 1052 et
3276 996 3459 1054 Filius
3489 1002 3548 1055 et

142 1076 332 1131 dantes
360 1075 429 1131 de
464 1073 797 1131 ccclcstibus
836 1079 894 1131 et
942 1074 1317 1130 terrestribus
1364 1078 1647 1148 tanquam
1681 1076 1777 1148 qui
1891 1077 2145 1149 Spiritus
2178 1085 2415 1134 sanctus
2463 1082 2770 1137 sanctitate
2800 1099 2984 1139 unum
3018 1084 3193 1143 sunt?
3231 1086 3355 1142 Non
3398 1085 3545 1143 dixit

143 1166 265 1221 fecit
295 1163 505 1220 cmlum
541 1168 598 1220 et
629 1167 843 1220 terram
875 1162 1153 1219 dicentes.
1888 1166 2089 1233 semel,
2113 1183 2184 1222 ne
2208 1166 2416 1222 Filium
2440 1172 2861 1240 sequestraret;
2885 1187 3000 1227 non
3027 1172 3137 1240 bis,
3161 1189 3233 1229 ne
3255 1173 3538 1246 Spiritum

203 1257 286 1311 37.
317 1255 570 1321 Sanctus,
619 1261 858 1323 sanctus,
905 1261 1147 1320 sanctus,
1198 1254 1461 1309 Dominus
1508 1254 1647 1309 Deus
1692 1271 1779 1310 sa-
1887 1260 2155 1311 sanctum
2180 1256 2527 1328 praeteriret;
2554 1275 2667 1313 non
2704 1262 2928 1330 quater,
2954 1278 3024 1317 ne
3048 1266 3371 1319 creaturam
3395 1281 3540 1321 con-

143 1346 307 1409 baoth,
334 1345 491 1416 pleni
517 1351 648 1399 sunt
676 1343 801 1397 cwli
827 1349 878 1398 et
900 1350 1064 1397 terra.
1092 1343 1217 1397 Ista:
1242 1348 1382 1397 sunt
1411 1359 1578 1398 voces
1607 1359 1778 1415 ange-
1878 1344 2185 1417 jungeret;
2211 1350 2266 1400 ct
2298 1350 2362 1401 ut
2383 1348 2715 1403 ostenderet
2742 1365 2918 1404 unam
2941 1367 3068 1406 esse
3089 1351 3539 1420 Deitatem,cum

141 1433 317 1490 lorum
335 1432 707 1488 laudantium
722 1431 781 1486 in
794 1431 954 1486 cmlis
973 1431 1127 1486 hunc
1145 1431 1429 1504 hymnum
1443 1431 1637 1504 gloria:
1651 1432 1773 1488 Dei.

139 1524 201 1579 Et
228 1521 403 1578 Isaias
435 1521 722 1595 propheta
751 1538 812 1577 se
842 1519 1077 1577 audisse
1107 1521 1628 1593 testatur,quando
1657 1521 1776 1594 glo-

139 1611 273 1666 riam
295 1610 395 1667 Dei
414 1609 582 1677 vidit,
598 1614 655 1665 et
675 1609 971 1682 sorapbim
993 1608 1123 1665 istis
1143 1609 1384 1664 vocibus
1404 1626 1537 1664 eum
1562 1607 1776 1665 collau-

1886 1433 2057 1489 tertio
2088 1434 2351 1499 dixisset,
2374 1444 2615 1504 sanctus,
2638 1446 2877 1507 sanctus,
2901 1448 3144 1505 sanctus,
3167 1440 3393 1497 addidit
3417 1441 3540 1499 siu-

1884 1520 2169 1594 gulariter
2209 1526 2478 1581 Dominus
2530 1527 2771 1582 sabaoth.
2805 1527 3053 1584 Sanctus
3114 1527 3292 1602 igitur
3347 1529 3537 1602 Pater,

1884 1614 2123 1666 sanctus
2156 1611 2356 1676 Filius,
2381 1626 2620 1669 sanctus
2652 1618 2710 1669 et
2739 1614 2839 1670 Dei
2872 1615 3146 1688 Spiritus,
3181 1621 3305 1674 tota
3332 1617 3539 1676 videli-

137 1699 322 1755 dantia
350 1699 597 1755 audivit.
622 1700 693 1755 Et
713 1699 919 1754 beatus
939 1699 1192 1754 Joannes
1217 1698 1275 1753 in
1302 1697 1639 1770 Apocalypsi
1663 1699 1773 1753 sub
1883 1702 1973 1754 cet
2004 1700 2259 1756 Trinitas
2290 1701 2567 1758 adoratur
2595 1707 2651 1759 et
2684 1702 2958 1760 laudatur
2992 1706 3066 1760 ab
3104 1705 3350 1779 angelis.
3376 1707 3538 1766 Hanc

136 1790 310 1890 figura
339 1793 597 1897 quatuor
625 1788 968 1897 animalium
990 1787 1592 1897 introducit..l‘sc§:i't‘ur
1609 1804 1774 1897 pam-
1805 1832 1852 1897 Β
1885 1788 2178 1897 ser‘aphim
2201 1790 2597 1897 glpriﬁcant‘et
2614 1808 2818 1897 omnes
2838 1797 3158 1897 potestates
3172 1794 3536 1897 virtutesque

135 1896 238 1952 que
266 1880 320 1934 in
346 1879 499 1935 Isaia
521 1879 592 1935 de
620 1876 913 1950 seraphim
938 1876 1320 1932 laudantibus
1340 1875 1423 1931 ita
1448 1892 1459 1931 :
1482 1877 1549 1931 Et
1572 1877 1774 1932 clama-
1805 1875 1852 1897 "
1885 1876 2169 1933 caelestes.
2195 1879 2539 1951 Adjungunt
2559 1884 2755 1936 autem
2784 1880 2920 1939 huic
2942 1881 3159 1955 hymno
3186 1883 3531 1958 angelorum

139 1970 258 2023 bant
284 1968 423 2024 alter
450 1967 525 2023 ad
554 1969 808 2036 alterum,
840 1973 892 2021 et
918 1966 1170 2021 dicebant
1200 1982 1213 2019 :
1246 1965 1498 2032 Sanctus,
1527 1973 1770 2035 sanctus,
1882 1971 2119 2038 sumpta
2146 1984 2213 2022 ex
2243 1967 2552 2040 Evangelia
2582 1969 2756 2024 verba
2802 1971 3110 2027 turbarum
3157 1971 3530 2031 laudantium

130 2064 354 2124 sanctus,
385 2058 653 2112 Dominus
675 2056 816 2111 Deus
842 2054 1088 2121 sabaoth,
1108 2053 1279 2125 plena
1310 2062 1388 2109 est
1418 2056 1595 2110 omnis
1625 2063 1772 2110 terra
1881 2053 2062 2109 Deum
2096 2059 2151 2110 et
2182 2072 2373 2128 regem
2401 2060 2667 2112 nostrum
2688 2056 3011 2115 venientem
3045 2060 3528 2135 Hierosolymam,

127 2145 291 2217 gloria
334 2145 454 2217 ejus
486 2144 615 2217 (Isa.
647 2161 723 2211 v1,
753 2145 829 2212 3).
854 2143 915 2199 In
951 2142 1295 2216 Apocalypsi
1327 2159 1459 2199 vero
1507 2144 1578 2198 de
1627 2160 1769 2216 qua-
1881 2146 2054 2215 atque
2084 2143 2401 2199 dicentium
2437 2162 2451 2200 :

130 2240 253 2290 tuor
279 2234 639 2289 animalibus
669 2234 752 2290 sic
795 2232 1051 2306 legitur:
1086 2233 1150 2287 Et
1180 2234 1424 2305 requiem
1470 2249 1577 2289 non
1608 2234 1769 2288 habe-
1951 2233 2038 2287 41.
2071 2234 2327 2288 IIosanna
2375 2236 2434 2289 in
2481 2236 2729 2301 excelsis,
2773 2238 3078 2295 benedictus
3127 2241 3227 2311 qui
3270 2242 3418 2297 venit
3468 2242 3529 2297 in

131 2324 266 2391 bant,
297 2323 385 2379 die
430 2339 498 2378 ac
542 2330 694 2378 noete
733 2322 969 2378 dicentia
999 2340 1019 2375 :
1049 2320 1300 2390 Sanctus,
1350 2330 1589 2390 sanctus,
1637 2338 1769 2378 san-
1879 2323 2099 2377 nomine
2145 2323 2384 2388 Domini,
2416 2323 2661 2380 hosanna
2717 2328 2777 2381 in
2822 2328 3069 2383 excelsis.
3106 2328 3190 2384 Ita
3246 2328 3403 2385 enim
3462 2343 3532 2385 ex

128 2420 232 2467 rtus
260 2414 527 2468 Dominus
552 2413 693 2468 Deus
722 2412 1079 2482 omnipotens,
1104 2412 1203 2481 qui
1224 2420 1323 2477 est,
1346 2420 1397 2466 et
1428 2413 1524 2483 qui
1550 2420 1685 2477 erat,
1718 2419 1770 2467 et
1879 2410 2177 2482 Scriptura
2212 2411 2546 2484 prophetica
2576 2418 2633 2468 et
2661 2414 2994 2486 evangelica
3014 2416 3340 2489 completur
3358 2417 3532 2490 plena

131 2504 218 2572 qui
246 2510 506 2556 venturus
542 2509 622 2556 est
663 2503 844 2572 (Apoc.
871 2517 945 2567 IV,
966 2502 1043 2567 8).
1069 2500 1445 2554 Manifestum
1498 2505 1583 2555 est
1633 2517 1768 2572 ergo
1877 2497 2303 2564 laudatio,cum
2336 2504 2467 2571 post
2494 2500 2725 2557 laudem
2748 2511 2803 2558 et
2833 2504 3081 2576 gloriam
3104 2509 3319 2562 sancte
3340 2506 3528 2563 Triui-

130 2591 273 2662 quod
296 2589 353 2645 in
375 2590 467 2645 his
485 2590 678 2644 verbis
694 2588 898 2644 divinae
922 2588 1269 2661 laudis,quae
1287 2590 1355 2643 ad
1380 2589 1765 2645 imitationem

127 2694 506 2750 supernarum
535 2677 814 2733 virtutum
839 2679 1009 2749 juxta
1035 2677 1244 2733 Isaiam
1276 2679 1545 2734 decantat
1575 2677 1763 2732 Eccle-

128 2767 226 2833 sia,
252 2784 400 2823 unus
431 2784 627 2822 sermo
657 2767 727 2822 de
756 2765 1099 2840 Apocalypsi
1133 2767 1371 2822 additus
1401 2768 1513 2822 sit:
1540 2784 1675 2821 nam
1706 2766 1764 2822 in

130 2856 266 2912 Isaia
289 2862 523 2912 tantum
546 2857 808 2912 Dominus
827 2856 1049 2911 sabaot’i
1079 2855 1318 2927 legitur;
1342 2856 1400 2910 in
1423 2855 1763 2928 Apocalypsi

126 2962 248 3002 vero
269 2947 532 3003 Dominus
560 2948 702 3002 Deus
731 2946 1090 3016 omnipotens,
1117 2949 1173 3000 et
1200 2944 1329 2999 ideo
1361 2961 1473 3001 non
1507 2944 1764 3001 humano

128 3034 371 3104 arbitrio,
387 3034 493 3091 sed
518 3034 823 3106 utriusque
840 3033 1151 3105 Scriptura:
1170 3033 1512 3089 auctoritate
1529 3034 1766 3107 conjun-

127 3127 210 3180 cta
228 3124 519 3180 dicimus:
544 3125 808 3180 Dominus
837 3123 977 3180 Deus
1001 3123 1243 3179 sabaotti.
1272 3123 1415 3178 Item
1437 3122 1495 3177 in
1519 3123 1671 3178 Isaia
1691 3122 1768 3178 le-

1880 2587 2015 2642 tatis
2046 2588 2390 2660 adiungitur
2420 2589 2592 2645 etiam
2640 2591 2963 2663 gratiarum
2996 2594 3148 2650 actio
3178 2594 3249 2652 de
3278 2596 3531 2652 adventu

1877 2676 2329 2749 Salvatoris,qui
2364 2696 2517 2734 unus
2548 2679 2605 2734 in
2642 2680 2768 2753 ipsa
2788 2686 2843 2736 et
2874 2699 2941 2737 ex
2972 2683 3101 2755 ipsa
3120 2683 3404 2741 Trinitatc
3426 2701 3530 2758 pro

1875 2764 2063 2820 salute
2114 2771 2313 2821 nostra
2363 2766 2536 2822 homo
2586 2770 2774 2825 factus
2833 2770 2892 2825 in
2954 2773 3241 2829 mundum
3275 2773 3531 2842 venit,et

1874 2853 2140 2909 eamdem
2177 2854 2428 2910 salutem
2461 2856 2762 2912 moriendo
2792 2863 2848 2912 et
2878 2862 3236 2932 resurgendo
3267 2862 3527 2934 perfecit.

1876 2947 2127 2998 Mortuus
2156 2951 2235 2998 est
2262 2950 2412 2999 enim
2435 2953 2659 3016 propter
2690 2946 2887 3001 delicta
2918 2956 3119 3016 nostra,
3145 2957 3199 3006 et
3224 2953 3529 3008 resurrexit

1866 3039 2089 3104 propter
2127 3033 2574 3104 justificationem
2609 3042 2851 3091 nostram
2879 3037 3192 3106 (Itom.x1v,
3222 3038 3335 3111 25).
3361 3038 3526 3096 Unde

1875 3120 1984 3175 rite
2018 3120 2100 3175 illi
2131 3121 2353 3193 gratias
2383 3127 2639 3195 agentes,
2664 3122 2915 3182 dicimus
2934 3126 3207 3197 Hosanna,
3239 3126 3298 3185 id
3321 3132 3411 3185 est
3438 3145 3529 3186 sa-

127 3212 306 3286 gitur:
330 3214 508 3269 Plena
531 3220 608 3267 est
626 3214 804 3268 omnis
825 3219 970 3268 terra
990 3211 1167 3283 gloria
1196 3212 1333 3280 eius,
1354 3216 1637 3283 tanquam
1660 3210 1769 3266 hoc
1800 3201 1842 3267 C
1878 3209 1971 3265 lus
2000 3209 2058 3264 in
2092 3208 2356 3266 excelsis.

128 3301 306 3375 angeli
331 3318 449 3358 non
473 3301 546 3357 ad
578 3302 772 3374 ipsum
795 3301 1002 3368 Deum,
1030 3300 1132 3356 sed
1154 3301 1224 3355 de
1254 3300 1381 3373 ipso
1412 3300 1483 3355 ad
1516 3300 1762 3355 invicem

125 3391 330 3458 dicant,
362 3408 473 3448 nos
503 3395 699 3447 autem
730 3406 1007 3446 conversa
1036 3390 1108 3444 ad
1136 3406 1270 3445 eum
1304 3405 1438 3444 voce
1470 3387 1721 3445 dicimus
1746 3406 1759 3444 :

122 3481 273 3536 Pleni
291 3489 425 3536 sunt
445 3479 575 3536 οωιί
592 3488 644 3536 et
663 3488 811 3536 terra
829 3479 1013 3550 glorin
1032 3486 1126 3533 tua
1149 3494 1162 3532 :
1188 3478 1341 3550 quod
1366 3494 1479 3532 non
1503 3474 1763 3533 humano

122 3585 287 3625 sensu
319 3573 773 3643 praesumptum,
806 3567 908 3623 sed
944 3567 1015 3622 de
1057 3565 1173 3622 alia
1204 3566 1504 3639 Scriptura
1540 3582 1765 3622 assum-

122 3662 277 3730 ptum
304 3664 360 3715 et
390 3657 660 3716 additum
693 3654 1093 3728 est,loqucnte
1122 3654 1248 3728 ipso
1281 3655 1395 3711 Deo
1421 3654 1479 3710 in
1511 3655 1765 3711 Jeremia

123 3747 395 3821 propheta
445 3752 503 3805 et
548 3748 812 3803 dicente:
841 3746 1047 3803 Gazlum
1072 3752 1122 3800 et
1149 3753 1353 3800 terram
1398 3760 1494 3814 ego
1543 3746 1760 3816 impleo.

124 3836 408 3910 Quidquid
442 3840 639 3894 autem
680 3836 738 3890 in
784 3834 883 3890 Dei
933 3832 1207 3889 laudibus
1255 3833 1555 3906 Scriptura
1601 3833 1759 3899 dicit,

122 3929 263 3982 recte
289 3930 350 3982 et
378 3926 456 3982 ad
490 3925 685 3999 ipsum
711 3923 927 3979 dicitur
954 3921 1320 3995 gratulando,
1344 3926 1401 3977 et
1430 3923 1501 3977 de
1530 3921 1658 3995 ipso
1690 3922 1762 3976 ad

125 4012 256 4070 alios
281 4014 647 4071 exhortando
672 4010 756 4069 vel
790 4011 1156 4067 instruendo.

186 4103 269 4159 38.
290 4102 587 4175 (Ηιειιοιι.)
611 4100 865 4159 Sabaoth
897 4104 1093 4156 autem
1123 4104 1212 4156 est
1236 4100 1307 4155 de
1339 4100 1546 4155 ducem
1579 4100 1764 4156 nomi-

128 4193 289 4251 nibus
328 4182 432 4249 Dei
490 4191 645 4265 apud
689 4190 979 4258 Hebraeos,
1004 4194 1061 4244 et
1114 4188 1294 4244 latine
1350 4188 1764 4261 interpretatur

126 4282 497 4350 exercituum,
531 4280 651 4338 sive
679 4279 985 4345 virtutum,
1010 4277 1163 4334 sicut
1183 4278 1516 4350 frequenter
1544 4278 1604 4333 in
1635 4295 1763 4351 pro-

125 4370 301 4442 phetis
331 4370 594 4445 positum
626 4373 715 4425 est
739 4385 751 4424 :
774 4369 902 4426 Haec
937 4367 1070 4424 dicit
1109 4368 1371 4423 Dominus
1398 4369 1758 4424 exercituum.

125 4460 185 4516 Et
211 4460 266 4516 in
293 4460 529 4536 psalmo
556 4477 568 4515 :
595 4460 855 4515 Dominus
886 4459 1148 4513 virtutum
1189 4458 1303 4529 ipse
1336 4464 1415 4513 est
1452 4473 1551 4513 rea:
1574 4458 1764 4529 gloriae

125 4549 222 4619 (Ps.
253 4567 418 4616 χχιιι,
467 4548 576 4621 10).
609 4546 717 4614 Qui
764 4547 893 4605 ideo
942 4544 1246 4635 Dominus
1293 4545 1671 4635 exercituum”
1708 4549 1765 4635 et
1792 4569 1840 4635 D

123 4637 391 4695 Dominus
419 4638 706 4694 virtutum
735 4652 867 4692 vere
896 4634 1127 4702 dicitur,
1153 4633 1292 4706 quia
1331 4635 1523 4691 omnis
1553 4633 1762 4690 militia

123 4727 363 4785 ccelestis
407 4725 717 4797 exercitus,
745 4741 948 4781 omnes
999 4740 1265 4796 supernae
1297 4723 1539 4780 virtutes
1587 4728 1761 4796 atque

124 4816 382 4890 angelica
416 4818 735 4889 potestates
790 4814 919 4885 ejus
976 4812 1222 4884 imperio
1274 4812 1601 4884 subjacent,
1634 4814 1761 4885 ejus

122 4904 367 4961 serviunt
395 4904 701 4961 voluntati.

181 4995 264 5051 39.
296 4995 535 5064 (Gn.qu
569 4992 673 5048 lib.
705 5010 841 5060 xvn,
866 4997 1030 5060 Mor.,
1056 5010 1114 5046 ιι.
1143 4991 1253 5062 l9.)
1277 4990 1584 5064 Angelicos
1604 4991 1762 5046 enim

123 5083 355 5155 spiritus
381 5088 539 5139 recte
570 5081 840 5138 militiam
871 5080 1299 5153 dicimus,quia
1341 5080 1635 5135 decertare
1665 5096 1763 5136 eos

124 5178 311 5229 contra
332 5176 657 5246 potestates
677 5171 866 5228 aerias
887 5188 1000 5227 non
1023 5170 1399 5243 ignoramus:
1421 5186 1546 5241 quae
1570 5175 1765 5225 tamen

124 5262 432 5318 certamina
462 5277 580 5317 non
624 5260 844 5328 labore,
876 5260 978 5315 sed
1024 5258 1270 5331 imperio
1300 5261 1606 5330 peragunt,
1633 5256 1769 5329 quia

122 5352 260 5424 quod
291 5352 594 5427 agendum
615 5355 696 5423 (a)
718 5353 921 5406 contra
939 5348 1281 5405 immundos
1317 5345 1561 5419 spiritus
1593 5364 1768 5420 appe-

134 5446 229 5498 unt
247 5460 315 5499 ex
346 5440 644 5518 adjutorio
682 5443 892 5496 cuncta
938 5436 1196 5512 regentis
1246 5439 1519 5509 possunt.
1549 5437 1629 5494 De
1660 5437 1769 5494 hac

199 5623 275 5699 (a)
303 5621 479 5698 Apud
512 5615 857 5696 Gregorium
885 5616 1099 5694 legitur
1128 5612 1355 5689 agendo.

436 5751 718 5814 Punot.
764 5746 927 5810 XIX.
1232 5712 1241 5719 ’

1945 3300 2033 3353 42.
2057 3298 2387 3370 (νισιιλυε.)
2412 3303 2529 3355 Hoc
2552 3305 2640 3356 est
2661 3300 2817 3356 enim
2842 3303 2997 3374 quod
3028 3302 3087 3359 in
3120 3302 3347 3376 psalmo
3373 3305 3529 3362 cani-

1872 3392 1971 3442 tur
2003 3405 2016 3444 :
2053 3390 2279 3444 Domini
2307 3390 2575 3457 estsalus,
2607 3399 2659 3445 et
2687 3407 2851 3463 super
2884 3392 3145 3463 populum
3183 3400 3337 3450 tuum
3368 3394 3525 3453 bene-

1872 3476 2037 3533 dictio
2066 3486 2159 3532 tua
2188 3477 2298 3549 (Ps.
2319 3495 2403 3545 ιιι,
2429 3478 2506 3550 9).
2530 3482 2649 3534 Ηοο
2679 3480 2833 3551 quod
2866 3479 2926 3535 in
2958 3497 3185 3555 magna
3224 3482 3526 3541 devotione

1872 3565 2064 3622 laudis
2103 3565 2163 3621 in
2218 3566 2564 3640 Apocalypsi
2609 3572 2945 3624 sanctorum
2978 3568 3192 3627 chorus
3244 3575 3523 3629 resonat:

1871 3654 2035 3710 Salus
2080 3657 2186 3712 Deo
2217 3663 2419 3723 nostra,
2442 3658 2541 3727 qui
2567 3656 2712 3713 sedet
2757 3673 2922 3729 super
2968 3659 3245 3726 thronum,
3266 3668 3319 3716 et
3366 3665 3527 3733 Agna

1874 3745 1889 3817 (
1912 3750 2066 3816 4poc.
2089 3761 2190 3810 vn,
2217 3744 2325 3816 10).
2354 3745 2527 3800 Recte
2553 3761 2787 3817 quoque
2816 3746 3239 3820 subjungimus
3262 3764 3276 3805 :
3300 3750 3529 3808 Benedi-

1870 3839 1988 3886 ctus
2018 3833 2117 3903 qui
2140 3832 2285 3886 venit
2318 3832 2377 3885 in
2396 3833 2618 3888 nomine
2636 3833 2878 3903 Domini,
2894 3834 3066 3905 juxta
3086 3835 3239 3907 quod
3264 3836 3326 3893 in
3344 3837 3528 3895 Evan-

1873 3919 2022 3993 gelio
2042 3919 2261 3975 Judaeis
2290 3937 2405 3975 non
2438 3920 2814 3978 credentibus
2844 3922 3026 3978 dixit:
3050 3925 3162 3993 Ego
3188 3927 3317 3983 veni
3344 3928 3403 3982 in
3434 3941 3528 3984 no-

1870 4010 2021 4064 mine
2048 4011 2235 4064 Patris
2283 4011 2414 4076 mei,
2438 4018 2489 4064 et
2540 4026 2652 4065 non
2683 4013 2957 4082 recepistis
2987 4028 3072 4067 me
3119 4014 3294 4082 (Joan.
3324 4031 3378 4081 v,
3411 4015 3524 4087 45),

1873 4102 2186 4154 assumunt
2200 4100 2395 4153 autem
2416 4097 2770 4154 versiculum
2792 4098 2985 4155 laudis
3002 4100 3184 4157 turbae
3202 4101 3275 4158 de
3295 4101 3525 4174 psalmo

1872 4186 2188 4244 centesimo
2209 4185 2435 4243 decimo
2464 4186 2739 4259 septimo,
2765 4204 2941 4260 quem
2964 4188 3036 4244 de
3057 4189 3304 4247 Domino
3325 4195 3525 4249 cantas-

1870 4281 1998 4331 tum
2030 4291 2159 4332 esse
2190 4275 2567 4331 manifestum
2601 4280 2727 4331 est:
2764 4277 2919 4348 quod
2950 4293 3085 4333 cum
3114 4277 3298 4337 turbae
3321 4277 3528 4337 dicunt

1872 4365 2158 4433 bosanna,
2184 4364 2292 4421 hoc
2323 4368 2414 4420 est
2444 4365 2599 4437 quod
2651 4365 2732 4420 ibi
2763 4365 2979 4422 dicitur
3008 4382 3022 4422 :
3056 4366 3097 4422 0
3135 4368 3381 4426 Domine.
3412 4369 3525 4426 sal.

1872 4471 2001 4510 vum
2030 4472 2113 4510 me
2138 4454 2271 4526 fac!
2317 4470 2347 4511 o
2380 4456 2634 4523 Domine,
2668 4456 2801 4512 bene
2833 4463 3187 4528 prosperare!
3236 4460 3294 4513 et
3321 4457 3526 4516 statim

1872 4543 2254 4617 subjungitur
2282 4561 2296 4598 :
2330 4543 2651 4600 Benedictus
2681 4546 2778 4616 qui
2804 4547 2953 4601 venit
2979 4547 3040 4601 in
3066 4547 3289 4603 nomine
3308 4547 3531 4604 Domini

1870 4637 1989 4703 (Ps.
2009 4635 2305 4701 cxvn,25).
2325 4632 2487 4699 Quod
2509 4649 2641 4689 vero
2664 4632 2723 4689 in
2751 4634 3017 4705 ejusdem
3038 4633 3231 4692 laudis
3260 4652 3528 4708 persecu-

1870 4722 2029 4778 tione
2053 4721 2430 4794 subjungitur
2451 4726 2735 4789 Ilosanna,
2754 4722 2812 4778 id
2837 4727 2927 4779 est
2948 4722 3109 4780 salus
3132 4723 3249 4781 sive
3269 4722 3529 4782 salviﬁca

1872 4811 1932 4866 in
1956 4811 2218 4882 excelsis,
2239 4816 2437 4882 aperte
2459 4811 2627 4868 docet
2646 4812 2962 4869 adventum
2997 4812 3225 4868 Domini
3249 4811 3308 4868 in
3329 4827 3528 4883 carne,

1874 4917 1988 4957 non
2022 4898 2213 4954 solum
2247 4898 2489 4955 humani
2512 4900 2744 4972 generis
2776 4899 2835 4955 in
2866 4903 3038 4968 terra,
3071 4900 3174 4956 sed
3202 4904 3260 4957 et
3288 4898 3527 4973 angelo-

1874 5006 2003 5045 rum
2036 4988 2095 5042 in
2122 4986 2285 5043 cwlis
2314 5004 2444 5043 esse
2475 4987 2725 5044 salutem
2750 5004 2763 5043 :
2790 4987 2930 5059 quia
2956 4988 3097 5043 dum
3129 5004 3236 5044 nos
3264 4988 3527 5045 tendenti

1874 5079 1947 5134 ad
1979 5094 2235 5149 superna
2274 5077 2672 5149 perducimur,
2697 5093 2899 5130 eorum
2930 5075 3186 5147 profecto
3218 5093 3525 5145 numerus,

1876 5166 1975 5239 qui
2008 5167 2228 5222 Satana
2257 5167 2497 5221 cedente
2527 5169 2648 5221 erat
2680 5164 3026 5232 minoratus,
3058 5162 3356 5237 impletur.
3382 5166 3527 5223 Hinc

1876 5256 2094 5313 etenim
2125 5254 2342 5311 Paulus
2374 5255 2454 5309 ait
2477 5271 2489 5306 :
2516 5254 2829 5308 lnstaurari
2855 5254 3042 5308 omnia
3062 5252 3302 5323 Christo,
3323 5269 3450 5328 quae
3468 5257 3531 5312 in

1877 5348 2025 5402 aclis
2055 5353 2105 5402 et
2133 5359 2259 5417 qua:
2290 5345 2349 5398 in
2381 5349 2526 5397 terra
2554 5347 2682 5395 sunt
2704 5341 2761 5394 in
2790 5340 2908 5413 ipso
2936 5342 3148 5414 (Ephes.
3175 5344 3332 5413 1,10).
3358 5343 3531 5403 Recte

1877 5433 2058 5508 igitur
2084 5433 2341 5489 Hosanna
2374 5430 2432 5485 in
2460 5427 2750 5485 altissimis
2790 5426 2852 5484 in
2898 5429 3027 5503 ejus
3076 5429 3250 5489 laude
3277 5430 3530 5502 canitur,
