3896 6208
326 293 415 355 43

1436 288 1663 350 FLORI
1706 285 2020 348 DIACONI
2063 283 2638 348 LUGDUNENSIS.

3685 281 3766 338 44

338 425 509 501 cujus
537 426 661 478 tota
698 418 1121 476 incarnationis
1153 418 1511 492 dispensatio
1543 436 1645 492 pro
1690 417 1988 491 implenda
2016 417 2072 484 Α
2099 416 2313 474 habeat
2340 421 2398 471 et
2415 414 3148 472 benedicatPSacerdotum
3175 420 3265 472 est
3285 414 3439 471 enim
3466 413 3691 470 offerre
3712 416 3769 466 et

341 511 527 586 gloria
555 508 753 583 patriae
783 508 1035 565 caelestis
1064 508 1352 581 apparuit.
1387 509 1522 564 Post
1557 508 1665 563 has
1695 507 1899 563 laudes
1932 509 1988 561 et

341 600 666 675 gratiarum
699 597 978 664 actiones,
1009 615 1114 670 pro
1157 601 1321 653 tanta
1356 597 1544 670 gratia
1572 595 1989 668 redemptionis

338 693 571 756 nostris,
598 704 723 760 quas
765 686 825 741 in
856 684 955 741 illo
986 686 1181 742 divino
1214 686 1493 755 mysterio
1525 684 1718 758 agitur
1746 689 1802 740 et
1830 699 1988 739 com-

339 778 674 842 mendatur,
702 775 851 831 facto
880 773 1058 830 totius
1079 774 1348 830 Ecclesiae
1371 772 1622 838 silentio,
1645 773 1703 827 in
1727 788 1842 844 quo
1865 787 1989 827 ces-

339 870 504 924 sante
535 864 695 921 omni
725 863 975 935 strepitu
1006 863 1339 930 verborum,
1373 862 1497 919 sola
1527 862 1597 917 ad
1637 862 1819 917 Deum
1850 859 1991 915 diri-

337 959 510 1029 gatur
537 953 805 1022 intentio,
833 956 889 1007 et
918 952 1143 1008 devotio
1175 952 1460 1020 cordium,
1485 951 1719 1007 sociatis
1741 949 1850 1006 sibi
1875 966 1993 1005 om-

338 1044 504 1100 nium
525 1041 674 1098 votis
706 1046 763 1097 et
792 1040 1123 1108 desideriis,
1145 1040 1351 1112 incipit
1377 1041 1649 1096 sacerdos
1670 1038 1992 1095 orationem

336 1133 603 1197 fundere,
622 1148 741 1204 qua
761 1129 958 1203 ipsum
981 1129 1325 1202 mysterium
1348 1127 1632 1185 Dominici
1657 1127 1916 1200 corporis
1938 1132 1995 1182 et

340 1220 646 1294 sanguinis
678 1222 1074 1276 consecratur.
1100 1219 1193 1274 Sic
1236 1218 1393 1273 enim
1438 1220 1683 1290 oportet,
1709 1220 1773 1271 ut
1802 1216 1862 1271 in
1893 1215 1997 1270 illa

342 1312 489 1367 hora
516 1313 636 1365 tam
672 1325 847 1364 sacrae
878 1311 938 1363 et
958 1306 1165 1362 divinae
1188 1306 1590 1373 actionis,tota
1610 1322 1713 1378 per
1733 1304 1833 1361 Dei
1866 1321 1995 1377 gra-

342 1399 486 1455 tiam
518 1416 554 1453 a
591 1397 838 1453 terrenis
885 1395 1337 1469 cogitationibus
1395 1398 1589 1450 mente
1646 1398 1913 1467 separata
1941 1397 1998 1448 et

340 1486 601 1544 Ecclesia
629 1503 763 1542 cum
812 1485 1111 1542 sacerdote
1142 1489 1200 1540 et
1237 1486 1511 1541 sacerdos
1556 1500 1690 1539 cum
1743 1481 2000 1538 Ecclesia

345 1574 592 1648 spiritali
626 1575 914 1631 desiderio
944 1573 1122 1629 intret
1148 1573 1207 1628 in
1239 1572 1642 1630 sanctuarium
1670 1572 1770 1627 Dei
1804 1587 2002 1643 super-

347 1680 489 1720 num
521 1668 579 1720 et
608 1667 912 1719 aeternum.
938 1664 1007 1718 Et
1055 1662 1332 1735 quoniam
1379 1664 1624 1734 Spiritus
1653 1669 1731 1716 est
1759 1661 1918 1726 Deus,
1951 1668 2000 1715 et

346 1770 435 1810 eos
465 1755 562 1826 qui
590 1752 821 1809 adorant
847 1769 972 1808 eum
999 1754 1059 1807 in
1079 1754 1282 1824 spiritu
1307 1759 1357 1808 et
1386 1754 1610 1807 veritate
1638 1757 1842 1822 oportet
1869 1749 2002 1804 ado-

350 1859 477 1899 rare
505 1843 688 1914 (Joan.
724 1858 799 1908 Iv,
833 1841 946 1913 24).
980 1841 1124 1897 Nam
1158 1846 1213 1895 et
1253 1841 1421 1896 Pater
1457 1839 1605 1895 tales
1644 1839 1871 1912 quaerit,
1898 1837 2000 1910 qui

310 1976 313 1981 .
352 1933 598 1989 adorent
626 1947 783 1997 eum,
817 1930 903 1986 sic
932 1931 1206 1985 eumdem
1249 1934 1430 1985 Deum
1472 1929 1699 1985 Patrem
1732 1928 2001 2001 deprece-

351 2025 470 2088 tur,
500 2025 557 2075 et
585 2019 761 2075 dicat.

424 2110 514 2164 43.
542 2110 605 2165 Te
634 2110 827 2178 igitur,
855 2109 1276 2165 clementissime
1313 2110 1493 2175 Pater,
1529 2124 1735 2180 usque,
1769 2107 1885 2164 haec
1914 2122 2004 2161 sa-

352 2207 636 2253 crosancta
657 2199 931 2268 sacriﬁcia
953 2200 1187 2253 illibata.
1205 2197 1485 2271 Dirigitur
1499 2213 1634 2269 ergo
1653 2195 1834 2251 oratio
1857 2194 2010 2249 sicut

352 2292 414 2343 et
441 2286 678 2359 reliquae
711 2287 1004 2342 orationes
1027 2287 1201 2358 juxta
1229 2285 1490 2359 regulam
1525 2285 1681 2353 ﬁdei,
1703 2289 1760 2341 et
1786 2300 2007 2340 morem

356 2375 624 2432 Ecclesia:
647 2376 718 2432 ad
739 2374 1264 2431 clementissimum
1288 2380 1543 2441 Patrem,
1559 2375 1729 2447 cujus
1746 2390 1883 2447 erga
1904 2389 2010 2428 nos

357 2468 691 2538 peccatores
722 2469 778 2521 et
808 2464 1080 2537 indignos
1102 2468 1267 2521 tanta
1288 2463 1478 2520 extitit
1500 2448 1811 2520 clementia
1831 2467 1889 2518 et
1912 2461 2013 2518 mi-

359 2554 697 2622 sericordia,
724 2557 1004 2625 quantam
1034 2552 1351 2625 Apostolus
1374 2554 1747 2609 commendat
1768 2552 1968 2608 dicens
1997 2570 2010 2607 ;

361 2645 474 2712 Qui
498 2645 664 2698 etiam
690 2644 914 2715 proprio
946 2643 1095 2699 Filio
1122 2660 1222 2698 suo
1254 2660 1361 2698 non
1395 2645 1653 2715 pepercit,
1676 2643 1767 2697 sed
1786 2658 1887 2715 pro
1916 2657 2015 2698 no-

367 2731 451 2787 bis
480 2732 735 2788 omnibus
763 2731 993 2787 tradidit
1024 2733 1205 2799 illum,
1238 2731 1499 2803 quomodo
1544 2749 1656 2786 non
1704 2732 1869 2787 etiam
1896 2747 2019 2787 cum

371 2821 469 2876 illo
496 2822 687 2876 omnia
716 2822 872 2877 nobis
901 2820 1123 2877 donavit
1155 2822 1325 2892 (Rom.
1359 2838 1483 2888 vm,
1514 2822 1625 2888 32).
1658 2821 1729 2876 Et
1756 2821 1967 2875 iterum
2003 2838 2016 2875 :

378 2915 522 2966 Deus
553 2918 732 2965 autem
761 2912 857 2982 qui
882 2910 1030 2965 dives
1069 2918 1149 2966 est
1190 2912 1249 2965 in
1277 2910 1903 2982 misericordia,propter
1930 2911 2020 2964 ni-

372 3000 546 3054 miam
577 3000 896 3054 charitatem
922 3015 1083 3055 suam
1121 3016 1227 3071 qua
1264 2999 1460 3055 dilarit
1490 3016 1605 3067 nos,
1637 3015 1763 3054 cum
1791 3016 2024 3056 essemus

2099 507 2460 579 majestatem
2496 504 2597 560 Dei
2629 505 2924 572 invocare;
2958 505 3057 560 Dei
3089 508 3176 561 est
3208 508 3405 560 autem
3437 502 3770 577 dignanter

2099 596 2416 667 suscipere,
2436 598 2492 649 et
2521 610 2589 650 ea
2616 611 2743 666 qua:
2775 593 3098 649 offeruntur
3118 592 3483 661 benedicere,
3511 591 3676 648 sicut
3708 590 3767 646 in

2097 684 2224 757 lege
2255 684 2515 756 pracipit
2536 682 2935 739 sacerdotibus
2965 681 3164 738 dicens
3189 699 3201 737 :
3226 682 3317 737 Sic
3346 681 3687 738 benedicetis
3708 682 3773 752 ﬁ-

2101 775 2195 829 liis
2224 773 2410 838 Israel,
2446 781 2496 829 et
2524 774 2712 828 dicetis
2741 773 2840 837 eis,
2864 775 2921 828 et
2960 775 3092 843 post
3119 771 3293 825 verba
3324 770 3771 827 benedictionis

2101 861 2407 934 subjungit
2429 880 2441 918 :
2466 863 2799 917 [avocabant
2820 877 3013 918 nomen
3033 877 3215 916 meum
3233 877 3396 932 super
3417 861 3566 931 ﬁtios
3588 860 3771 916 Israel

2100 961 2150 1008 et
2177 968 2270 1023 ego
2299 951 2606 1007 benedicam
2626 952 2702 1007 eis
2726 950 2904 1022 (Num.
2927 968 3005 1019 vr,
3036 951 3126 1017 23,
3149 952 3260 1019 27).
3284 950 3429 1015 Quid
3454 949 3775 1021 apertius?

2103 1040 2192 1097 Illi
2225 1040 2580 1096 invocabunt
2621 1042 2677 1095 et
2721 1055 2826 1111 ego
2857 1039 3220 1106 benedicam,
3242 1043 3297 1094 et
3328 1042 3524 1094 tamen
3576 1055 3773 1110 supra

2103 1130 2187 1185 eis
2217 1130 2460 1196 dixerat,
2487 1127 2568 1184 sic
2619 1127 2991 1195 benedicetis,
3021 1126 3120 1183 sed
3170 1126 3253 1182 illi
3310 1128 3632 1195 exorando,
3672 1127 3774 1182 ille

2102 1219 2425 1292 largiendo.
2460 1220 2544 1271 ita
2574 1234 2710 1289 ergo
2740 1221 2797 1272 et
2840 1216 2900 1271 in
2948 1217 3237 1273 oblatione
3268 1216 3445 1271 divini
3480 1217 3774 1272 sacriﬁcii

2106 1307 2436 1363 sacerdotes
2454 1305 2726 1361 exhibent
2739 1305 3015 1361 efferendi
3035 1310 3091 1361 et
3106 1304 3476 1379 supplicandi
3496 1305 3777 1362 ministe-

2107 1396 2292 1465 rium;
2326 1396 2425 1451 sed
2458 1395 2612 1450 Deus
2659 1393 2908 1467 largitur
2936 1393 3360 1451 benedictionis
3390 1395 3618 1451 donum
3672 1412 3780 1468 per

2108 1503 2291 1541 unum
2313 1490 2369 1540 et
2386 1502 2586 1540 verum
2616 1485 2996 1555 sacerdotem,
3013 1501 3116 1556 per
3137 1501 3311 1556 quem
3333 1488 3390 1540 et
3410 1484 3614 1540 oblata
3640 1503 3780 1540 san-

2108 1575 2342 1639 ctiﬁcat,
2367 1578 2424 1628 et
2443 1573 2805 1630 sanctificata
2827 1577 3114 1646 acceptat,
3137 1574 3342 1629 dicunt
3371 1573 3590 1646 itaque.

2182 1665 2268 1718 44.
2306 1664 2392 1720 Uti
2429 1670 2644 1734 accepta
2690 1662 2888 1718 habeas
2934 1670 2986 1718 et
3033 1662 3333 1728 benedicas,
3357 1680 3423 1718 ac
3454 1662 3503 1718 si
3537 1662 3779 1736 suppli-

2110 1757 2198 1809 ter
2226 1752 2423 1808 dicant.
2450 1771 2468 1806 :
2501 1752 2762 1807 Petimus
2795 1756 2856 1807 ut
2895 1752 3016 1808 haec
3047 1752 3267 1824 Spiritu
3299 1757 3399 1808 tuo
3430 1753 3779 1809 sanctificcs

2112 1848 2288 1914 atque
2318 1858 2415 1897 ore
2438 1846 2538 1896 tuo
2567 1840 2896 1908 benedicas,
2913 1845 2978 1895 ut
2999 1841 3154 1912 quod
3178 1845 3387 1898 nostrae
3409 1840 3780 1897 humilitatis

2113 1930 2335 2004 geritur
2378 1929 2725 1997 ministerio,
2756 1933 2869 1984 tua:
2908 1928 3140 1985 virtutis
3188 1929 3504 2002 impleatur
3532 1932 3779 1986 effectu.

2114 2021 2276 2086 Quod
2322 2024 2518 2076 autem
2560 2018 2940 2091 subjungitur
2970 2035 2984 2073 :
3019 2019 3145 2075 Haec
3172 2019 3335 2081 dona.
3366 2018 3484 2077 ha'c
3510 2037 3779 2088 munera,

2115 2110 2234 2167 haec
2259 2117 2449 2165 sancta
2474 2109 2763 2180 sacrificia
2793 2108 3028 2175 illibata,
3062 2125 3176 2163 non
3210 2108 3367 2164 aliud
3399 2113 3579 2182 atque
3614 2109 3784 2167 aliud

2118 2200 2361 2266 dicitur;
2396 2199 2497 2255 sed
2532 2215 2624 2252 res
2655 2214 2774 2252 una
2821 2214 2924 2268 pro
2966 2196 3053 2251 sui
3107 2198 3512 2270 magnitudine
3540 2199 3786 2255 diversa

2120 2286 2506 2361 appellatione
2538 2285 2830 2355 laudatur,
2866 2288 2923 2340 et
2970 2283 3261 2341 laudando
3300 2288 3784 2343 commendatur.

2122 2382 2255 2445 Qua:
2278 2376 2433 2433 enim
2457 2374 2671 2431 divinis
2698 2375 3023 2430 offeruntur
3045 2373 3330 2431 altaribus
3352 2380 3407 2430 et
3422 2393 3667 2432 munera
3693 2393 3788 2448 ap—

2123 2466 2434 2540 pellantur,
2479 2465 2632 2521 sicut
2679 2462 2960 2519 Dominus
3009 2462 3066 2517 in
3127 2462 3437 2537 Evangelio
3495 2464 3696 2520 dicit:
3731 2465 3790 2520 Si

2124 2557 2283 2628 o/fers
2328 2569 2531 2609 munus
2579 2562 2735 2608 tuum
2761 2551 2831 2607 ad
2860 2552 3035 2607 altare
3061 2552 3265 2622 (Matth.
3298 2570 3352 2618 v,
3383 2554 3497 2624 23),
3532 2557 3592 2609 et
3642 2553 3788 2610 dona

2124 2645 2213 2701 vel
2236 2644 2519 2715 sacrificia
2548 2642 2848 2707 dicuntur,
2880 2640 3032 2696 sicut
3058 2641 3315 2697 ostendit
3342 2642 3786 2715 Apostolus’di-

2128 2751 2264 2791 cens
2298 2750 2310 2787 :
2348 2732 2533 2787 Omnis
2564 2746 2799 2802 namque
2827 2728 3073 2785 sacerdos
3109 2746 3179 2785 ea:
3219 2730 3535 2786 hominibus
3562 2749 3786 2788 assum-

2123 2833 2267 2897 ptus,
2290 2838 2386 2895 pro
2423 2821 2734 2877 hominibus
2775 2819 3125 2874 constituitur
3155 2820 3213 2873 in
3244 2820 3331 2874 his
3361 2835 3487 2893 quae
3535 2830 3677 2877 sunt
3722 2819 3790 2875 ad

2134 2918 2328 2980 Deum,
2353 2919 2415 2966 ut
2443 2910 2632 2982 offerat
2651 2908 2793 2964 dona
2821 2915 2871 2963 et
2898 2907 3190 2983 sacrificia
3214 2925 3316 2980 pro
3333 2911 3572 2981 peccatis
3595 2912 3787 2980 (Hebr.

2130 3021 2187 3067 ν,
2222 3003 2296 3071 1),
2318 3000 2440 3067 sed,
2475 3003 2539 3053 ut
2568 2997 2789 3053 dictum
2829 3000 2938 3064 est,
2970 2996 3099 3068 ipsa
3141 3013 3479 3053 sermonum
3511 2998 3787 3071 repetitio

373 3089 580 3143 mortui
619 3088 877 3159 peccatis.
906 3088 1303 3159 convit'iﬁcavit
1333 3104 1431 3143 nos
1476 3088 1706 3153 Christo,
1732 3104 1834 3159 per
1884 3087 2025 3142 hanc
2132 3090 2276 3147 tanti
2304 3087 2652 3146 sacramenti
2675 3090 2763 3143 est
2783 3085 3233 3155 commendatio,
3253 3091 3312 3142 et
3330 3086 3437 3159 piae
3459 3087 3789 3144 devotionis

373 3178 610 3245 gratiam
640 3177 895 3246 spiritum
924 3175 1228 3248 adoptionis
1271 3178 1574 3248 accepimus
1607 3177 1815 3247 (Ephes.
1849 3194 1910 3242 u,
1943 3176 2017 3248 4),
2051 3160 2094 3225 C
2134 3178 2420 3245 excitatio,
2448 3177 2587 3249 quia
2627 3175 2751 3230 base
2799 3178 2937 3231 sunt
2966 3191 3098 3230 vere
3142 3184 3331 3231 saneta
3360 3180 3418 3232 et
3449 3177 3700 3244 illibata,
3733 3176 3787 3232 id

374 3281 554 3337 quam
583 3265 961 3320 commendat
987 3265 1301 3337 Apostolus
1333 3265 1533 3321 dicens
1567 3282 1579 3320 :
1612 3265 1715 3321 Sed
1744 3267 2025 3337 accepistis

370 3354 644 3426 Spiritum
670 3353 974 3425 adoptionis
1002 3356 1248 3425 ﬁliorum
1276 3357 1333 3410 in
1355 3372 1460 3427 quo
1492 3356 1828 3411 clamamus:
1852 3357 2022 3421 Abba,

369 3445 536 3499 Pater
565 3443 739 3515 (Rom.
760 3457 884 3512 νιιι,
912 3444 1021 3511 15).
1044 3443 1114 3498 Et
1138 3443 1268 3499 ideo
1299 3443 1358 3498 in
1391 3443 1498 3500 hoc
1522 3443 1740 3516 Spiritu
1762 3444 2026 3517 adoptio-

371 3531 484 3600 nis,
520 3531 617 3604 qui
654 3530 913 3604 postulat
944 3548 1047 3603 pro
1075 3532 1247 3589 nobis
1278 3532 1599 3606 gemitibus
1629 3532 2030 3589 inenarrabili-

372 3621 504 3687 bus,
528 3620 667 3692 quia
710 3637 809 3676 eos
860 3637 1008 3692 quos
1058 3621 1277 3692 replere
1310 3622 1606 3695 dignatur,
1648 3622 2026 3678 inenarrabili

372 3709 663 3766 desiderio
681 3716 981 3782 gementes
999 3714 1053 3766 et
1071 3711 1434 3782 postulantes
1454 3711 1831 3777 facit,clamat
1847 3727 2031 3767 sacer-

373 3799 480 3856 dos
500 3815 636 3855 cum
658 3797 914 3854 Ecclesia
935 3815 1049 3854 non
1071 3816 1229 3868 voce,
1246 3801 1344 3856 sed
1370 3801 1540 3856 corde
1565 3800 1766 3856 dicens
1790 3817 1802 3855 :
1835 3802 1898 3856 Tc
1926 3804 2034 3871 igi-

374 3897 482 3953 tur,
506 3889 920 3943 clementissime
935 3893 1117 3956 Pater,
1133 3889 1402 3960 supplices
1423 3905 1680 3958 rogamus
1699 3897 1750 3943 et
1768 3890 2026 3960 petimus.

376 3978 510 4043 Quae
542 3976 889 4049 supplicatio
917 3980 974 4032 et
1004 3976 1306 4033 inclinatio
1339 3978 1532 4034 cordis
1556 3978 1627 4033 ad
1652 3982 1830 4033 Deum
1853 3982 2027 4035 tantae

376 4065 708 4121 reverentiae
733 4069 789 4120 et
804 4064 1162 4121 humilitatis
1178 4082 1306 4122 esse
1323 4067 1513 4133 debet,
1529 4070 1594 4122 ut
1614 4066 1829 4121 imitari
1853 4073 2030 4139 queat

374 4153 519 4210 illud
543 4154 698 4226 quod
721 4154 790 4210 de
812 4171 921 4210 sua
941 4153 1368 4227 supplicatione
1389 4155 1700 4226 Apostolus
1724 4155 1894 4211 dicit:
1919 4159 2029 4212 Hu-

374 4244 461 4314 ius
488 4245 571 4299 rei
601 4245 783 4311 gratia
813 4245 963 4313 ﬂecto
992 4260 1173 4313 genua
1198 4261 1318 4300 mea
1342 4244 1412 4298 ad
1438 4246 1677 4312 Patrem,
1700 4261 1770 4300 ex
1788 4261 1892 4315 quo
1913 4262 2026 4301 om-

372 4334 464 4387 nis
489 4333 794 4403 paternitas
824 4334 885 4387 in
914 4333 1061 4388 caalis
1087 4340 1139 4388 et
1169 4334 1229 4387 in
1257 4340 1403 4388 terra
1422 4335 1744 4388 nominatur
1763 4334 1916 4405 (Eph.
1940 4351 2025 4399 ιιι,

373 4419 483 4491 44).
518 4420 579 4474 In
614 4436 731 4492 qua
758 4420 1002 4476 ﬂexione
1031 4437 1290 4493 genuum
1331 4438 1446 4476 non
1480 4421 1739 4493 corporis
1769 4427 2024 4494 prostra-

2135 3274 2224 3326 est
2252 3266 2526 3323 inviolata
2550 3269 2608 3321 et
2636 3264 3097 3320 incontaminata
3126 3265 3431 3336 sacriﬁcia,
3462 3283 3589 3338 quae
3626 3264 3793 3321 nulla

2135 3360 2308 3431 digne
2340 3359 2589 3429 possunt
2618 3354 2792 3409 verba
2834 3352 3094 3422 laudare,
3114 3371 3241 3425 quae
3272 3353 3331 3410 in
3364 3355 3649 3428 mysterio
3681 3355 3787 3410 Do-

2136 3447 2336 3503 minici
2366 3444 2624 3516 corporis
2656 3444 2999 3509 offeruntur,
3025 3442 3084 3498 in
3110 3444 3281 3515 cujus
3300 3443 3549 3516 ﬁguram
3581 3444 3789 3500 hostia:

2136 3536 2248 3593 illa:
2278 3535 2487 3592 veteris
2510 3533 2653 3606 legis
2674 3531 3064 3587 immaculata;
3087 3548 3152 3587 ac
3177 3532 3304 3588 sine
3325 3532 3442 3589 ullo
3462 3533 3789 3604 vitiojube-

2137 3629 2351 3683 bantur
2365 3620 2778 3695 oiferri,qualis
2795 3620 2955 3677 solus
2976 3621 3248 3677 inventus
3268 3625 3357 3677 est
3374 3622 3645 3678 Christus
3664 3623 3788 3678 sine

2138 3716 2257 3773 ullo
2278 3713 2515 3771 omnino
2538 3715 2789 3784 peccato.
2812 3709 3086 3782 Sequitur
3116 3711 3386 3767 sacerdos
3420 3716 3477 3766 et
3505 3711 3672 3767 dicit.

2210 3807 2296 3860 45.
2325 3807 2387 3858 1η
2411 3803 2610 3875 primis
2640 3816 2760 3872 qua:
2787 3800 2889 3854 tibi
2910 3799 3190 3871 offerimus
3233 3817 3418 3873 usque
3459 3802 3675 3872 famulo
3700 3808 3787 3857 tuo

2132 3911 2275 3967 papa
2302 3900 2500 3949 nostro.
2523 3892 2688 3960 (AUG.
2714 3890 2776 3943 in
2793 3889 2936 3960 psal.
2960 3888 3147 3961 cxxx.)
3171 3888 3264 3944 Sic
3280 3890 3518 3945 omnino
3536 3890 3785 3963 dignum

2134 3983 2245 4039 fuit
2275 3986 2341 4037 ut
2367 3979 2649 4052 inciperet
2678 3980 2879 4032 sancta
2904 3976 3427 4044 oblatio,videlicet
3455 3994 3559 4050 pro
3590 3977 3784 4035 Eccle-

2137 4070 2224 4129 sia
2253 4071 2352 4127 Dei
2386 4072 2590 4126 sancta
2619 4065 2901 4123 catholica
2924 4070 3045 4121 toto
3074 4069 3363 4122 terrarum
3386 4067 3524 4123 orbe
3545 4066 3781 4123 diffusa.

2137 4162 2269 4234 Ipsa
2290 4164 2378 4216 est
2408 4158 2564 4215 enim
2590 4153 2940 4212 universitas
2969 4155 3256 4227 sanguine
3288 4156 3514 4212 Domini
3555 4158 3784 4214 redem-

2137 4254 2255 4322 pta.
2279 4250 2410 4321 Ipsa
2429 4251 2518 4301 est
2543 4243 2849 4300 haereditas
2879 4261 2913 4299 a
2943 4243 3109 4299 Patre
3139 4244 3191 4299 ei
3223 4246 3514 4316 promissa
3538 4249 3597 4300 et
3625 4246 3779 4311 data,

2137 4339 2290 4394 sicut
2310 4337 2432 4409 ipse
2456 4334 2623 4390 Pater
2651 4332 2914 4405 loquitur
2933 4332 2993 4387 iu
3015 4331 3243 4405 psalmo
3267 4351 3279 4389 :
3304 4335 3450 4390 Dabo
3470 4336 3573 4390 tibi
3601 4344 3782 4405 gen-tes

2135 4426 2498 4481 hereditatem
2514 4431 2685 4491 tuam,
2700 4431 2750 4478 et
2765 4424 3149 4494 possessionem
3169 4430 3318 4478 tuam
3337 4426 3600 4480 terminos
3621 4432 3783 4480 terra

372 4507 473 4577 tio,
498 4510 600 4565 sed
622 4509 867 4582 supplex
889 4511 1151 4578 affectus,
1177 4513 1235 4566 et
1254 4510 1447 4566 cordis
1468 4510 1738 4566 contritio
1758 4510 2028 4583 intelligi-
2057 4525 2104 4590 D
2137 4514 2309 4585 (Psul.
2343 4532 2403 4583 ιι,
2436 4514 2512 4581 8).
2547 4512 2677 4568 Haec
2719 4510 2914 4567 unitas
2953 4510 3212 4583 corporis
3242 4511 3455 4568 Christi
3494 4513 3778 4586 templum

373 4601 489 4653 tur.
517 4598 596 4654 De
626 4615 743 4670 qua
784 4598 1092 4655 Psalmista
1131 4598 1246 4655 ait:
1269 4598 1615 4669 Sacriﬁcium
1645 4600 1749 4655 Deo
1796 4601 2026 4671 spiritus

370 4688 794 4756 contribulatus,
824 4704 916 4743 cor
943 4690 1237 4744 contritum
1273 4696 1321 4743 et
1360 4687 1719 4743 humiliatum
1746 4689 1884 4744 Deus
1912 4706 2024 4745 non

371 4775 628 4847 despicies
659 4778 772 4848 (Ps.
809 4795 860 4844 L,
896 4776 1002 4845 19).
1039 4776 1374 4832 Secundum
1420 4775 1527 4831 hoc
1575 4792 1711 4849 ergo
1759 4775 1973 4833 dicitur
2004 4794 2017 4833 :

372 4864 651 4937 Supplices
704 4882 956 4937 rogamus
986 4882 1050 4919 ac
1088 4866 1347 4936 petimus,
1381 4869 1436 4919 et
1491 4864 1601 4920 hoc
1658 4882 1761 4937 per
1818 4866 2021 4922 Jcsum

373 4952 670 5008 Christum
686 4953 893 5008 Filium
912 4958 1078 5008 tuum
1095 4951 1409 5007 Dominum
1429 4958 1834 5026 nostrum,per
1846 4972 2021 5027 quem

373 5042 565 5096 omnis
595 5041 945 5113 supplicatio
967 5047 1022 5097 et
1052 5041 1251 5113 petitio
1284 5045 1481 5096 nostra
1512 5042 1584 5095 ad
1624 5042 1808 5098 Deum
1849 5043 2022 5117 dirigi

373 5128 560 5197 debet,
581 5134 863 5202 tanquam
895 5147 997 5202 per
1024 5146 1223 5185 verum
1260 5129 1637 5185 mediatorem
1660 5135 1712 5185 et
1740 5135 2020 5187 aeternum

372 5218 870 5289 sacerdotem,qui
905 5219 1066 5273 sedet
1089 5218 1159 5273 ad
1196 5219 1490 5273 dexteram
1526 5219 1808 5286 Patris,et
1838 5220 2022 5276 inter-

372 5305 550 5378 pellat
578 5323 681 5378 pro
714 5305 902 5361 nobis.
922 5307 1030 5361 Pro
1054 5322 1171 5377 qua
1193 5310 1388 5361 autem
1413 5324 1473 5361 re
1496 5306 1635 5362 dicit
1657 5310 1928 5366 sacerdos
1949 5311 2020 5366 ad

371 5395 559 5452 Deum
582 5398 814 5449 Patrem
842 5411 1098 5465 rogamus
1126 5402 1178 5450 et
1200 5396 1454 5467 petimus,
1468 5396 1594 5452 'nisi
1626 5414 1728 5469 pro
1759 5414 1823 5453 eo
1864 5400 2020 5471 quod

373 5480 659 5551 sequitur,
691 5479 959 5535 videlicet
1003 5485 1068 5536 ut
1096 5499 1163 5537 ea
1193 5500 1321 5555 quae
1351 5483 1462 5557 ipsi
1492 5485 1816 5541 offeruntur
1846 5488 2019 5554 dona,

373 5584 619 5630 munera
637 5571 857 5644 sancta,
883 5570 1170 5630 sacriﬁcia
1188 5578 1445 5649 accepta,
1471 5574 1528 5631 id
1551 5579 1640 5631 est
1660 5575 2024 5650 beneplacita

2137 4604 2233 4661 Dei
2282 4607 2388 4671 est,
2431 4601 2524 4658 cui
2578 4599 2889 4673 Apostolus
2920 4598 3106 4655 dicit:
3146 4601 3421 4673 Templum
3475 4604 3626 4659 enim
3682 4601 3782 4658 Dei

2129 4700 2373 4750 sanctum
2401 4699 2477 4748 est
2523 4689 2663 4762 quod
2707 4690 2835 4745 estis
2863 4705 2954 4744 vos
2976 4689 3023 4761 (Ι
3051 4689 3169 4745 Cor.
3203 4707 3285 4757 ιιι,
3313 4692 3421 4762 17),
3446 4707 3651 4748 omnes
3683 4687 3776 4762 qui

2131 4782 2375 4839 credunt
2396 4781 2454 4835 in
2481 4778 2871 4846 Christum,et
2901 4778 2985 4833 sic
3006 4779 3251 4834 credunt
3275 4783 3338 4834 ut
3362 4779 3627 4853 diligant.
3665 4780 3776 4835 Hoc

2131 4875 2221 4927 est
2257 4870 2413 4925 enim
2467 4868 2697 4923 credere
2726 4865 2787 4920 in
2819 4865 3116 4922 Christum
3165 4867 3407 4941 diligere
3459 4868 3773 4925 Christum.

2131 4960 2437 5031 Tanquam
2465 4955 2691 5028 lapides
2714 4958 2853 5010 sunt
2870 4954 3003 5021 vivi,
3032 4956 3103 5011 de
3125 4955 3340 5028 quibus
3366 4956 3656 5029 templum
3679 4961 3777 5012 Do-

2131 5047 2276 5103 mini
2301 5046 2639 5102 azdiﬁcatur.
2656 5044 2773 5099 Hoc
2795 5047 2991 5099 autem
3009 5043 3295 5117 templum
3314 5049 3402 5101 est
3424 5046 3522 5101 ubi
3546 5051 3776 5120 rogatur

2129 5136 2283 5191 Deus
2314 5139 2371 5190 et
2419 5131 2671 5189 exaudit.
2706 5132 2985 5204 Quisquis
3032 5133 3188 5189 enim
3238 5138 3445 5206 praeter
3490 5134 3773 5208 templum

2130 5223 2378 5280 oraverit
2395 5223 2599 5287 Deum,
2615 5238 2731 5276 non
2756 5222 3066 5277 exauditur
3081 5222 3153 5278 ad
3175 5221 3341 5278 illam
3362 5240 3566 5295 pacem
3585 5240 3773 5296 super-

2130 5329 2289 5381 nam,
2325 5329 2441 5368 non
2488 5309 2795 5367 exauditur
2823 5311 2895 5366 ad
2929 5311 3107 5366 vitam
3151 5316 3449 5382 aaternam,
3486 5329 3614 5385 quae
3663 5328 3771 5368 non

2130 5400 2468 5457 conceditur
2498 5399 2612 5455 nisi
2641 5398 2691 5455 ei
2726 5398 2827 5471 qui
2865 5397 2925 5453 in
2976 5399 3192 5472 templo
3222 5399 3322 5456 Dei
3349 5405 3494 5456 orat.
3519 5400 3625 5465 Qui
3657 5402 3772 5457 orat

2132 5490 2189 5545 in
2221 5507 2360 5562 pace
2391 5487 2681 5557 Ecclesiae,
2708 5488 2768 5543 in
2800 5487 3024 5544 unitate
3068 5489 3326 5562 corporis
3356 5490 3592 5560 Christi,
3623 5487 3770 5563 quod

2131 5595 2340 5656 corpus
2362 5577 2573 5636 Christi
2598 5582 2832 5636 constat
2854 5593 2923 5636 ex
2951 5577 3155 5636 multis
3181 5578 3554 5638 credentibus
3574 5578 3636 5637 in
3658 5581 3770 5639 toto
