3896 6208
104 360 171 425 45
1299 366 1400 426 DE
1442 364 1961 427 EXPOSITIONE
2007 364 2285 428 MISSIE.
3419 368 3498 427 46

105 481 561 552 οιὶιθίθιινθιιιιιι.
582 496 650 550 Et
668 494 793 551 ideo
817 497 1127 551 exauditur
1142 497 1239 568 qui
1268 502 1395 552 orat
1418 496 1472 551 in
1499 496 1713 568 templo

1900 496 2142 552 stionem
2179 498 2548 570 adjungitur:
2577 500 2693 555 Una
2722 515 2847 554 cum
2873 499 3083 571 [amulo
3114 508 3205 555 tuo
3228 516 3375 572 papa
3402 513 3504 556 πο·

106 585 230 658 quia
256 582 377 655 ipse
408 588 541 638 orat
572 583 631 639 in
664 583 865 655 spiritu
901 590 958 639 et
988 585 1226 640 veritate
1262 586 1464 640 merito
1497 586 1568 640 ab
1600 590 1745 641 eaet

111 691 202 740 pro
228 689 312 738 ea,
345 670 486 744 quia
516 672 578 726 in
608 688 676 727 ea
704 671 910 744 incipit
946 673 1143 728 divina
1192 672 1428 738 oblatio,
1459 679 1741 745 tanquam

105 761 317 816 dicatur
345 764 460 815 Deo
492 760 565 815 de
594 759 695 815 illa
723 765 779 815 et
808 761 865 814 in
901 758 1000 815 illa
1034 777 1047 814 :
1081 761 1301 816 Ecaudi
1327 777 1443 828 nos,
1479 764 1739 832 Deus,sa-

101 851 292 905 talari:
319 860 524 916 noster,
558 866 679 921 spes
708 852 951 905 omnium
996 851 1195 920 ﬁnium
1233 859 1397 906 terrae
1424 859 1474 905 et
1505 852 1565 905 in
1594 855 1742 907 mari

100 941 242 1007 longe
273 938 445 1005 (Psal.
474 955 623 1004 LXIV,
646 938 727 1009 6).
757 938 887 1009 Ipsa
907 942 996 993 est
1027 955 1280 1009 namque
1313 940 1530 1010 unitas,
1556 957 1683 1012 quae
1706 958 1740 996 a

98 1026 299 1082 finibus
322 1029 507 1093 terrae,
535 1026 592 1081 id
618 1031 706 1081 est
726 1026 798 1081 ab
820 1025 1052 1081 Oriente
1074 1030 1130 1082 et
1155 1026 1483 1094 Occidente,
1506 1030 1740 1101 Septen-

95 1116 269 1171 trione
297 1119 354 1169 ct
397 1114 641 1170 Meridie
692 1114 764 1170 ad
814 1115 1130 1170 Dominum
1180 1115 1414 1182 clamat,
1448 1122 1503 1172 et
1533 1118 1674 1173 dicit
1705 1135 1739 1174 a

97 1204 297 1259 ﬁnibus
328 1208 496 1258 terra:
530 1220 543 1258 :
575 1204 653 1259 Ad
683 1212 733 1259 te
762 1205 1018 1272 clamavi,
1079 1205 1209 1259 dum
1260 1208 1591 1261 cruciaretur
1644 1224 1738 1263 cor

95 1311 261 1350 meum
287 1294 459 1363 (Psal.
498 1311 586 1365 LX,
617 1296 693 1365 3).

160 1425 239 1479 46.
274 1425 433 1495 (lsw.
478 1424 580 1481 lib.
618 1443 716 1481 vui
752 1424 986 1497 0rigin.,
1022 1444 1069 1482 e.
1105 1427 1182 1495 l.)
1218 1428 1358 1483 llinc
1389 1433 1446 1484 et
1478 1429 1733 1486 Ecclesia

97 1514 274 1569 Graece
294 1513 529 1582 dicitur,
554 1515 707 1587 quod
732 1516 787 1570 in
810 1514 1081 1571 Latinum
1102 1517 1346 1572 vertitur
1375 1520 1727 1587 convocatio,

97 1620 155 1659 eo
182 1603 329 1675 quod
356 1620 563 1658 omnes
595 1604 664 1658 ad
698 1620 760 1658 se
792 1610 1086 1673 convocet,
1122 1610 1178 1660 et
1210 1605 1497 1661 catholica
1528 1608 1729 1680 appel-

96 1689 253 1753 latur,
276 1691 329 1746 id
355 1696 446 1747 est
468 1690 887 1747 universitatis.
906 1693 1032 1747 Non
1056 1694 1234 1761 enim,
1259 1695 1412 1751 sicut
1437 1697 1733 1752 conventi-

96 1778 213 1834 cula
240 1779 663 1847 haireticorum,
696 1780 754 1836 in
789 1779 1085 1852 aliquibus
1128 1784 1429 1856 regionum
1463 1786 1727 1857 partibus

95 1870 551 1935 coarctatur;sed
588 1887 689 1942 per
721 1875 907 1924 totum
945 1874 1230 1927 terrarum
1262 1874 1458 1928 orbem
1487 1874 1730 1932 dilatata
1758 1863 1805 1928 Β

94 1957 442 2013 diffunditur.
472 1958 613 2013 1Ιίηο
636 1963 694 2013 et
717 1958 1063 2015 universitas
1081 1961 1153 2015 ab
1177 1978 1291 2016 uno
1315 1964 1725 2035 cognominata

94 2052 191 2110 cst,
212 2063 274 2100 eo
297 2047 453 2118 quod
489 2046 547 2101 in
580 2046 863 2102 unitatem
895 2047 1207 2120 colligitur,
1233 2052 1386 2106 unde
1416 2052 1495 2106 ait
1528 2052 1722 2108 Domi-

94 2153 192 2189 nus
212 2135 268 2189 in
292 2134 629 2209 Evangelio:
656 2138 773 2204 Qui
794 2153 1001 2192 mecum
1030 2154 1141 2192 non
1159 2139 1392 2210 colligit,
1414 2143 1642 2212 spargit,
1667 2143 1722 2197 id

93 2228 170 2280 est
196 2223 289 2297 qui
322 2224 380 2279 in
405 2225 692 2281 unitatem
726 2243 915 2281 meam
947 2243 1059 2281 non
1083 2226 1396 2300 colligitur,
1420 2247 1452 2285 a
1470 2248 1562 2286 me
1583 2232 1724 2287 divi-

94 2330 183 2368 sus
211 2313 266 2367 in
298 2313 686 2386 dispersionis
725 2314 1049 2386 perditione
1101 2315 1441 2388 dissipatur.
1477 2319 1582 2375 Pro
1614 2320 1722 2377 hac

91 2402 268 2474 itaque
297 2402 558 2474 primum
592 2403 649 2457 in
682 2402 782 2459 illa
810 2403 1100 2459 oblatione
1132 2405 1483 2477 postulatur,
1514 2413 1720 2465 uteain

92 2492 228 2547 Deus
248 2496 364 2547 toto
387 2493 528 2548 orbe
549 2497 836 2548 terrarum
860 2494 1165 2565 pacilicare
1195 2494 1485 2568 dignetur,
1521 2498 1719 2553 videli-

90 2588 167 2636 cet
188 2600 253 2637 ne
274 2600 376 2655 per
404 2583 658 2637 hazrcses
681 2600 745 2637 ac
768 2582 1087 2637 schismata
1108 2585 1236 2654 ejus
1262 2585 1455 2640 unitas
1478 2586 1719 2643 dilanie-

91 2677 287 2737 tur,aut
305 2671 659 2726 adversitate
683 2672 1151 2743 persecutionum
1177 2674 1305 2743 ejus
1329 2675 1718 2747 tranquillitas

89 2760 540 2831 perturbetur.Ut
561 2760 716 2815 enim
741 2766 887 2815 hanc
911 2778 1111 2832 pacem
1136 2766 1251 2816 tam
1282 2761 1525 2817 interius
1539 2782 1716 2836 quam

88 2849 320 2905 exterius
342 2848 520 2904 faciat
542 2849 694 2904 Deus
722 2849 986 2903 Ecclesim
1011 2868 1151 2916 suae,
1178 2855 1233 2904 et
1256 2850 1376 2922 ipse
1403 2853 1717 2924 Apostolus

88 2943 198 2992 orat
227 2937 423 2993 dicens
457 2956 470 2993 :
502 2943 626 2993 Pas:
658 2941 753 2993 Dei
776 2955 901 3009 qum
918 2948 1205 3010 exsuperat
1234 2957 1447 2996 omnem
1474 2960 1714 3010 sensum,

88 3028 329 3084 custodiat
384 3027 551 3084 corda
608 3037 781 3083 vestra
841 3037 891 3083 et
944 3029 1337 3098 intelligentiae
1394 3040 1596 3087 vestras
1657 3036 1713 3089 in

90 3115 280 3172 Chr-isto
305 3118 433 3173 Jesu
465 3117 633 3187 (Phil.
668 3118 1168 3189 iv,7).Etomncm
1200 3118 1515 3176 Ecclesiam
1550 3139 1714 3179 orare

1850 593 1981 649 stre,
2019 585 2147 657 ipsa
2179 587 2372 642 unitas
2403 586 2778 643 ecclesiastici
2812 588 3071 659 corporis
3104 587 3310 645 fortius
3341 605 3499 644 com-

1850 676 2338 747 mendatur.quia
2369 677 2576 731 divina:
2608 675 2908 749 religionis
2939 676 3267 748 cultum,ut
3296 678 3503 735 beatus

1854 764 1964 818 Leo
1996 765 2217 832 scribit,
2249 783 2423 837 quem
2453 766 2511 821 in
2535 783 2737 822 omnes
2759 771 2961 839 gentes
2979 784 3300 840 omnesque
3319 768 3504 824 natio-

1850 870 1954 908 nes
1988 854 2086 908 Dei
2117 854 2299 909 voluit
2328 854 2515 927 gratia
2541 857 2957 922 coruscare,ita
2988 857 3273 912 Dominus
3304 861 3502 913 noster

1846 942 2018 997 Jesus
2039 943 2307 999 Christus
2329 943 2567 998 humani
2592 946 2822 1017 generis
2853 944 3114 1001 Salvator
3143 945 3501 1012 instituit,ut

1846 1031 2025 1101 hujus
2041 1033 2302 1088 muneris
2316 1038 2746 1089 sacramentum
2763 1034 2819 1089 in
2835 1034 3171 1091 beatissimo
3186 1036 3351 1091 Petro
3364 1053 3498 1109 apo-

1845 1120 2127 1175 stolorum
2160 1137 2395 1176 summo
2428 1121 2826 1193 principaliter
2855 1123 3179 1191 collocaret,
3214 1129 3389 1197 atque
3419 1125 3493 1182 ab

1844 1208 1991 1279 ipso,
2016 1210 2183 1280 quasi
2209 1210 2462 1280 quodam
2486 1210 2691 1281 capite,
2716 1211 2870 1267 dona
2891 1229 2998 1267 sua
3018 1213 3188 1269 vellet
3203 1212 3262 1269 in
3281 1231 3492 1287 corpus

1843 1313 2016 1351 omne
2048 1315 2306 1363 manare,
2340 1301 2404 1353 ut
2434 1304 2722 1354 exsortem
2758 1316 2819 1354 se
2848 1301 3110 1372 mysterii
3142 1300 3493 1375 intelligeret

1842 1401 1971 1441 esse
1993 1386 2195 1454 divini,
2221 1386 2319 1458 qui
2338 1404 2519 1443 ausus
2539 1392 2693 1443 esset
2714 1405 2747 1443 a
2769 1388 2918 1444 Petri
2950 1388 3242 1446 soliditate
3264 1392 3491 1447 recede-

1842 1490 1921 1529 re.
1950 1475 2113 1530 Hunc
2135 1476 2291 1530 enim
2316 1475 2373 1530 in
2398 1477 2758 1531 consortium
2792 1476 3105 1533 individua:
3136 1477 3378 1534 unitatis
3401 1495 3491 1535 as-

1840 1567 2166 1635 sumptum,
2186 1564 2239 1618 id
2260 1566 2412 1636 quod
2430 1564 3485 1637 ipseeratvoluitnominari,dicendo:

1844 1652 1917 1706 Tu
1945 1669 2000 1706 es
2031 1653 2240 1720 Petrus,
2274 1662 2325 1708 et
2354 1670 2518 1725 super
2562 1655 2705 1709 hanc
2747 1664 2961 1726 petram
3005 1656 3277 1727 aediﬁcabo
3304 1657 3486 1713 Eccle-

1834 1743 1978 1795 sium
2014 1758 2189 1797 meam
2222 1743 2430 1813 (Matth.
2464 1760 2553 1810 xv,
2588 1744 2697 1811 l8).
2733 1743 2893 1799 Unde
2923 1747 3169 1813 constat,
3199 1744 3352 1800 sicut
3379 1745 3483 1802 ite-

1836 1846 1965 1884 rum
2000 1832 2204 1886 beatus
2230 1849 2381 1903 papa
2410 1832 2677 1904 Pelagius
2706 1833 2892 1901 docet,
2931 1834 3004 1887 ab
3037 1831 3292 1888 universi
3324 1835 3484 1891 orbis

1836 1920 2247 1975 communione
2268 1925 2565 1992 separatos
2585 1938 2712 1976 esse
2739 1922 2858 1993 qui,
2879 1922 3140 1993 qualibet
3169 1922 3485 1979 dissensio-

1834 2023 1927 2075 ne,
1946 2007 2095 2063 inter
2116 2026 2283 2063 sacra
2303 2010 2581 2081 mysteria
2609 2011 2910 2082 apostolici
2942 2012 3234 2083 pontiﬁcis
3265 2029 3481 2069 memo-

1836 2095 1981 2151 riam
2015 2099 2337 2153 secundum
2386 2099 2869 2155 consuetudinem
2920 2117 3034 2155 non
3084 2102 3475 2173 frequentant.

1833 2184 2111 2256 Sequitur
2141 2186 2197 2240 in
2232 2187 2505 2259 mysterio
2540 2206 2553 2243 :

1903 2340 1936 2393 4
1979 2382 1991 2394 .
2025 2341 2088 2396 Ει
2120 2343 2367 2396 antistite
2393 2353 2595 2411 nostro,
2627 2352 2677 2398 et
2706 2344 2956 2399 omnibus
2980 2345 3290 2403 orthodoxis
3319 2354 3481 2419 atque

1830 2431 2139 2499 apostolica:
2177 2431 2307 2501 ﬁdei
2352 2432 2671 2488 cultoribus.
2726 2434 2889 2489 Sicut
2933 2434 3089 2490 enim
3141 2434 3479 2502 universali,

1831 2518 2098 2574 Ecclesiae
2122 2521 2599 2577 commemoratio
2625 2525 2859 2594 propter
2880 2522 3160 2579 unitatem
3186 2523 3480 2580 societatis

1830 2610 1888 2661 et
1902 2606 2059 2677 pacis
2073 2608 3001 2679 conjungiturcommemorationi
3025 2611 3326 2683 apostolici
3343 2630 3481 2685 pon-

1829 2695 2025 2759 tillcis,
2059 2696 2141 2750 ita
2171 2696 2415 2767 dignum
2447 2702 2504 2751 et
2533 2697 2870 2770 religiosum
2902 2705 2991 2756 est
3021 2706 3085 2756 ut
3113 2701 3357 2774 singulas
3375 2702 3475 2758 Ec-

1828 2783 2015 2839 clesia:
2046 2785 2662 2841 commemorationem
2683 2788 3045 2860 subjungant
3065 2806 3307 2845 suorum
3325 2792 3473 2846 anti-

1826 2873 2055 2940 stitum,
2080 2874 2394 2944 probantes
2415 2891 2476 2929 sc
2498 2891 2600 2946 per
2630 2875 2788 2929 illam
2813 2877 3133 2933 orationem
3165 2879 3468 2937 dominicae

1826 2962 2137 3018 oblationis
2170 2980 2396 3018 servare
2416 2980 2550 3019 cum
2572 2964 2656 3020 eis
2678 2965 2962 3022 unitatem
2995 2967 3239 3039 spiritus
3259 2967 3319 3023 in
3343 2969 3466 3025 vin-

1824 3051 1954 3108 culo
2014 3052 2191 3123 pacis.
2230 3051 2495 3116 Ὀρθόδοξοι
2531 3057 2726 3109 autem
2778 3058 2991 3125 Graece,
3053 3057 3253 3113 Latine
3307 3068 3467 3116 recte:

1822 3143 2019 3211 gloria:
2048 3142 2344 3208 dicuntur,
2372 3158 2438 3197 eo
2466 3143 2620 3214 quod
2654 3143 2813 3199 nullo
2847 3143 3116 3201 haeretica
3147 3146 3465 3219 depravati,

88 3206 357 3310 ἃξῘωοηθξι
387 3223 526 3261 cum
559 3206 687 3306 aito:
726 3207 863 3263 V010
910 3209 1084 3310 1.951.“?
1092 3224 1179 3307 ⁸Ρν
1182 3209 1288 3264 ίΜο
1320 3212 1563 3310 ονηζῖίιυη
1593 3214 1693 3283 ﬁer
1697 3214 1717 3268 ί
1746 3232 1789 3300 C
1828 3235 1993 3287 rectae
2022 3231 2156 3286 ﬁdei
2186 3230 2550 3286 confessione
2580 3232 2765 3287 Deum
2792 3232 3334 3306 glorilicent.lidem
3355 3235 3470 3310 ipsi

88 3295 485 3361 obsecrationes,
513 3297 803 3362 orationes,
831 3297 1247 3367 postulationes,
1279 3301 1587 3369 gratiarum
1620 3319 1713 3356 ac-

88 3386 255 3440 tiones.
286 3384 353 3439 Et
385 3386 519 3457 post
548 3383 853 3455 paululum
880 3402 893 3439 :
924 3386 984 3442 Ut
1014 3386 1250 3457 quietam
1278 3395 1329 3442 et
1354 3392 1717 3461 tranquillam

90 3474 235 3527 vitam
277 3490 508 3544 agamus
540 3475 598 3528 in
628 3475 781 3529 omni
822 3476 1025 3545 pietate
1054 3476 1103 3543 (I
1135 3476 1267 3529 Tim.
1301 3492 1364 3546 ιι,
1398 3477 1472 3549 l).
1510 3479 1713 3536 Postu-

83 3559 219 3616 latur
245 3567 441 3617 autem
496 3562 865 3634 omnipotens
905 3562 1077 3629 Deus,
1112 3568 1175 3619 ut
1205 3564 1364 3621 illam
1399 3569 1712 3638 custodire,

83 3647 316 3705 adunare
337 3654 395 3705 et
416 3666 615 3722 regere
638 3650 930 3721 dignetur.
957 3652 1084 3723 Ipse
1106 3657 1195 3707 est
1226 3653 1380 3709 enim
1412 3672 1581 3712 verus
1614 3674 1714 3713 cu-

80 3740 181 3791 stos
208 3737 402 3810 populi
436 3737 625 3806 sui,id
658 3742 747 3794 est
775 3738 892 3793 veri
927 3739 1124 3807 Israel,
1151 3741 1221 3795 de
1245 3759 1359 3813 quo
1395 3743 1451 3798 in
1484 3746 1713 3817 psalmo

80 3831 359 3901 cantatur;
388 3830 522 3882 Ecce
548 3844 657 3883 non
687 3828 1009 3884 dormitavit
1040 3846 1209 3900 neque
1238 3830 1467 3888 dormiet
1493 3837 1591 3905 qui
1618 3852 1713 3891 cu-

81 3915 221 3971 slodit
250 3918 419 3973 Israel
450 3917 565 3989 (Ps.
601 3934 729 3987 cxx,
754 3918 835 3986 3).
871 3918 940 3973 Et
972 3919 1186 3974 iterum
1222 3937 1234 3975 :
1286 3923 1407 3977 Nisi
1452 3924 1716 3981 Dominus

85 4006 375 4063 eustolierit
415 4008 711 4073 civitatem,
745 4008 957 4078 frustra
988 4009 1184 4077 vigilat
1213 4011 1311 4081 qui
1338 4012 1567 4069 custodit
1595 4031 1717 4070 eam

88 4094 232 4157 ;Psal.
265 4111 454 4166 cxxvl,
489 4096 561 4164 1).
598 4095 657 4150 Id
691 4095 885 4167 ipsum
937 4101 1132 4151 autem
1181 4098 1411 4154 videtur
1458 4101 1716 4158 adunare

86 4183 215 4251 quod
232 4185 561 4255 pacilicare,
586 4184 643 4239 id
662 4183 918 4256 idipsum
937 4186 1227 4242 custodire
1247 4190 1402 4259 quod
1419 4193 1474 4243 et
1486 4206 1712 4262 regere;

88 4269 201 4339 quia
226 4271 549 4328 Ecclesiam
570 4289 740 4328 suam
766 4273 920 4329 Deus
940 4278 997 4329 et
1018 4275 1378 4346 pacificando
1396 4278 1636 4347 adunat,
1661 4283 1719 4335 et

89 4359 372 4417 adunando
395 4360 689 4434 pacificat,
715 4366 773 4417 et
789 4362 1170 4418 custodiendo
1194 4364 1361 4437 regit,
1390 4369 1447 4421 et
1464 4368 1715 4440 regendo

91 4449 329 4504 custodit.
354 4450 723 4506 Pacificando
746 4468 999 4523 namque
1031 4452 1253 4507 adnuat
1284 4470 1417 4509 cum
1450 4456 1715 4512 omnium

93 4536 318 4593 fidelium
349 4539 533 4595 corda
564 4539 622 4594 in
642 4556 749 4595 sua
778 4557 917 4612 pace
950 4541 1425 4614 conjungit,eum
1448 4545 1714 4600 omnium

1827 3337 1962 3393 ergo
1994 3325 2134 3376 sunt
2164 3319 2457 3376 catholicae
2488 3324 2544 3376 et
2564 3320 2892 3392 apostolica:
2913 3322 3048 3379 ﬁdei
3070 3323 3341 3393 cultores,
3374 3342 3470 3382 ca-

1826 3409 2073 3477 tholicce,
2108 3409 2164 3464 id
2195 3414 2285 3465 est
2318 3409 2682 3479 universalis,
2717 3427 2895 3482 quam
2945 3412 3216 3469 universa
3253 3414 3471 3487 ubique

1824 3503 2015 3556 servat
2042 3497 2319 3566 Ecclesia,
2345 3499 2727 3571 ejusdemque
2753 3504 2809 3555 et
2829 3500 3179 3573 apostolicae,
3203 3520 3381 3576 quam
3409 3502 3471 3560 in

1822 3592 1942 3645 toto
1974 3587 2195 3643 mundo
2226 3586 2618 3659 apostolorum
2647 3588 2912 3646 doctrina
2938 3590 3222 3648 fundavit.

1895 3742 1983 3794 49.
2018 3738 2277 3794 Cultores
2308 3743 2501 3794 autem
2533 3739 2713 3811 hujus
2752 3740 2884 3796 fidei
2916 3759 3031 3797 non
3059 3747 3306 3814 possunt
3333 3743 3469 3814 dici,

1824 3828 1939 3884 nisi
1961 3827 2043 3883 illi
2068 3828 2169 3900 qui
2201 3832 2352 3883 recte
2383 3828 2627 3883 credunt
2656 3833 2713 3883 et
2741 3829 3019 3885 veraciter
3046 3830 3320 3905 diligunt.
3355 3832 3472 3889 Hoc

1824 3917 1977 3973 enim
2012 3916 2421 3988 unusquisque
2451 3916 2587 3971 colit
2617 3918 2769 3989 quod
2803 3919 3054 3974 maxime
3084 3920 3473 3993 diligit.Unde

1825 4011 1881 4062 et
1897 4007 1967 4062 de
1984 4006 2337 4077 quibusdam
2360 4004 2508 4077 gulae
2530 4010 2585 4060 et
2606 4005 2823 4061 ventris
2852 4007 3214 4063 amatoribus
3230 4008 3311 4064 ait
3325 4012 3472 4082 Apo-

1826 4094 2013 4151 stolus
2050 4111 2062 4148 :
2097 4111 2333 4166 quorum
2382 4098 2524 4149 Deus
2572 4102 2756 4149 venter
2799 4103 2879 4150 est
2910 4096 3075 4168 (Phil.
3109 4114 3194 4168 ιιι,
3228 4097 3336 4168 19).
3372 4097 3472 4153 Ille

1824 4199 1961 4255 ergo
1992 4181 2254 4237 veritatis
2277 4180 2483 4250 cultor,
2511 4180 2822 4255 quijungit
2842 4183 2977 4238 fidei
3009 4183 3475 4253 dilectionem,ut

1826 4277 2029 4336 Deum,
2063 4271 2133 4326 de
2165 4288 2279 4343 quo
2325 4274 2478 4326 recte
2525 4271 2727 4337 credit,
2761 4270 3056 4345 diligendo
3087 4273 3257 4344 colat,
3289 4279 3348 4331 et
3377 4291 3475 4331 co-

1826 4360 1998 4416 lendo
2021 4365 2439 4433 promereatur.
2468 4361 2598 4431 Ipsa
2619 4365 2707 4415 est
2729 4360 2873 4416 fides
2893 4379 3071 4435 quam
3102 4366 3477 4421 commendat

1826 4448 2145 4521 Apostolus
2176 4447 2375 4504 dicens
2410 4466 2422 4503 :
2454 4450 2514 4504 In
2548 4448 2757 4505 Christo
2803 4452 2952 4506 enim
2991 4453 3117 4508 Jesu
3163 4469 3335 4526 neque
3363 4456 3475 4510 cir-

1824 4538 2083 4593 cumcisio
2113 4538 2329 4609 aliquid
2358 4539 2516 4606 valet,
2548 4555 2721 4610 neque
2768 4542 3129 4612 praeputium,
3176 4542 3267 4599 sed
3320 4543 3473 4614 ﬁdes,

95 4624 321 4682 ﬁdelium
346 4633 576 4684 mente?
601 4646 703 4701 per
726 4604 1008 4685 unitatem
1033 4604 1387 4702 tideirsp'eiet
1407 4632 1719 4691 charitatis

1900 4642 1956 4682 ἅ)
1982 4643 2079 4697 per
2105 4604 2447 4683 dilectionem
2477 4604 2732 4699 operatur
2760 4604 2904 4697 (Gal:
2933 4647 3010 4698 v1,
3046 4604 3153 4700 15).
3190 4604 3387 4703 Neque
3417 4604 3475 4687 el

94 4713 240 4769 unius
283 4716 468 4772 efﬁcit
513 4716 851 4785 voluntatis,
884 4723 940 4773 et
970 4736 1073 4791 per
1109 4719 1392 4790 Spiritum
1443 4727 1712 4779 sanctum

95 4799 341 4860 charitate
363 4805 601 4879 diffusa,
630 4806 941 4879 impleatur
962 4806 1020 4861 in
1035 4824 1102 4862 ea
1118 4809 1270 4879 quod
1286 4809 1396 4863 seri
1406 4814 1571 4883 ptum
1594 4815 1716 4868 est:

92 4886 431 4949 Multitudinis
451 4894 788 4951 credentium
807 4903 987 4951 autem
1020 4904 1138 4951 erat
1158 4913 1249 4952 eor
1269 4914 1442 4952 unum
1461 4907 1513 4954 et
1528 4902 1718 4956 anima

94 4992 181 5032 una
200 4982 326 5047 (Aet.
350 5000 429 5048 IV,
449 4982 565 5053 32).
592 4984 661 5039 Et
691 4999 809 5039 ecce
837 5001 1003 5056 quam
1034 4986 1234 5040 bonum
1256 4993 1306 5041 et
1327 5003 1491 5057 quam
1511 4988 1718 5059 jucun-

94 5064 198 5121 dum
223 5069 476 5127 habitare
511 5073 714 5144 fratres
746 5074 807 5127 in
836 5089 1009 5128 unum
1040 5076 1153 5145 (Ps.
1189 5090 1376 5141 cxxx1,
1414 5078 1478 5145 ι).
1513 5080 1715 5134 Custo-

97 5152 273 5213 diendo
302 5175 540 5232 quoque
573 5159 720 5234 regit
747 5162 1012 5217 eamdem
1036 5162 1379 5234 Ecclesiam,
1403 5180 1536 5220 cum
1571 5166 1723 5222 inter

100 5245 263 5301 omnia
276 5246 540 5319 pericula
553 5247 871 5305 clementer
881 5267 1007 5306 eam
1023 5251 1313 5323 gubernat
1326 5256 1381 5308 ct
1397 5252 1566 5325 dirigi
1574 5255 1705 5310 t.Cu

103 5339 300 5393 orantes
348 5336 410 5392 in
460 5336 692 5410 psalmo
740 5338 993 5395 dicimus
1026 5358 1039 5395 :
1072 5342 1299 5395 Salvum
1338 5346 1428 5413 fac
1460 5345 1724 5414 populum

105 5425 250 5489 tuum,
275 5433 325 5480 et
356 5426 581 5481 benedic
610 5426 922 5483 htereditati
944 5436 1074 5496 tuae,
1110 5437 1159 5485 et
1184 5446 1307 5498 rege
1335 5447 1422 5486 eos
1451 5440 1502 5486 et
1528 5433 1726 5488 extollo

105 5524 172 5605 eos
197 5529 353 5585 usque
386 5516 443 5570 in
474 5523 750 5572 aeternum
774 5516 885 5589 (Ps.
920 5534 1095 5584 xxvu,
1129 5519 1203 5591 8).

162 5645 239 5705 47.
267 5647 428 5718 Quod
462 5622 598 5707 vero
631 5651 765 5725 post
788 5650 1114 5723 generalem
1136 5651 1405 5712 Ecclesiae
1437 5669 1730 5714 commen-

1832 4714 1953 4770 nim
1974 4714 2033 4770 in
2057 4715 2395 4772 confusione
2417 4734 2799 4790 paganorum,
2824 4735 3013 4791 neque
3039 4719 3098 4774 in
3128 4736 3477 4793 purgamen-

1827 4804 1904 4859 tis
1917 4803 2608 4877 haereticorummequein
2631 4805 2913 4881 languore
2936 4807 3473 4878 schismaticorum,

1829 4909 2016 4964 neque
2044 4891 2104 4947 in
2135 4894 2388 4949 cmeitate
2416 4894 2752 4951 Judaaorum
2785 4896 3096 4968 quaerenda
3126 4895 3327 4967 religio
3349 4901 3473 4966 est;

1829 4982 1927 5037 sed
1961 4982 2113 5053 apud
2142 4999 2239 5038 eos
2270 4983 2425 5039 solos
2464 4984 2564 5055 qui
2596 4983 2930 5054 Christiani,
2965 4983 3232 5039 catholici
3261 4984 3349 5040 vel
3378 5002 3478 5041 or-

1794 5054 2063 5125 ‘thodoxi
2096 5054 2500 5141 nominantur,
2529 5073 2584 5127 id
2617 5077 2705 5128 est
2736 5072 3089 5145 integritatis
3120 5073 3392 5131 custodes
3422 5078 3480 5131 et

1830 5162 1984 5215 recta
2014 5164 2323 5217 sectantes.

1903 5304 1992 5359 50.
2027 5302 2323 5376 Completa
2352 5303 2459 5359 hac
2492 5302 2771 5370 oratione,
2796 5303 2993 5375 quain
3016 5304 3224 5376 primis
3245 5306 3483 5363 univer-

1835 5390 1976 5447 salis
2008 5390 2267 5447 Ecclesia
2295 5408 2428 5446 cum
2456 5390 2773 5464 apostolico
2818 5392 3091 5465 pontifice
3122 5399 3180 5450 et
3208 5396 3482 5452 omnibus

1835 5479 2171 5535 orthodoxis
2193 5480 2308 5534 Deo
2331 5480 2795 5550 commendatur,
2810 5482 3154 5557 adjungitur
3173 5484 3231 5539 in
3256 5483 3487 5540 conclu-

1838 5568 1998 5623 sione
2021 5583 2180 5622 more
2211 5565 2379 5622 solito
2406 5583 2417 5621 :
2453 5570 2560 5624 Per
2587 5570 2865 5627 Christum
2897 5574 3191 5629 Dominum
3218 5579 3485 5631 nostrum.

1836 5655 2020 5716 Aliter
2047 5655 2203 5714 enim
2230 5670 2334 5714 nec
2360 5656 2545 5719 oratio
2574 5675 2680 5720 nec
2710 5659 2927 5723 oblatio
2956 5660 3222 5722 Ecclesiae
3253 5662 3370 5721 Deo
3400 5662 3489 5726 of.
