3896 6208
378 326 455 384 47
1478 324 1707 385 FLORI
1751 323 2067 385 DIACONI
2113 324 2681 388 LUGDUNENSIS.
3709 328 3780 389 Β

379 455 513 512 t‘erri
535 460 746 529 potest,
770 474 875 513 nec
893 455 995 512 illa
1017 456 1091 529 (a)
1105 474 1207 529 pro
1231 456 1444 529 quibus
1468 461 1617 513 Deus
1636 460 1909 513 exoratur
1925 471 2018 511 ac-
2050 462 2097 524 Α
2132 459 2495 511 cunctorum.
2522 456 2691 511 Omni
2722 457 2877 512 enim
2900 457 3166 514 Ecclesiae
3187 458 3402 514 dicitur
3422 448 3776 531 per'beatum

379 546 590 618 cipere,
613 545 725 601 nisi
749 563 852 619 per
871 564 1056 602 unum
1088 545 1465 601 mediatorem
1500 546 1597 602 Dei
1618 551 1677 602 et
1691 545 2022 612 hominum,

379 633 480 706 qui
510 633 843 707 interpellat
872 652 973 708 pro
1004 633 1192 691 nobis.
1209 635 1369 701 Quod
1393 652 1528 708 ergo
1551 637 1720 691 oll‘crt
1746 634 2023 703 Ecclesia,

378 722 547 778 otl'ert
571 740 675 795 per
702 723 898 793 illum;
924 725 1079 796 quod
1110 729 1263 780 Deus
1294 725 1560 781 eamdem
1592 723 1909 781 Ecclesiam
1925 740 2024 796 pa-

380 810 630 879 ciﬁcare,
663 811 973 881 custodire,
1021 813 1281 868 adunare
1328 812 1619 886 dignetur,
1653 817 1889 885 praestat
1927 829 2030 884 per

380 898 547 955 illum
573 917 584 953 :
609 917 714 972 per
742 901 937 972 ipsum
968 905 1168 958 nostra
1199 903 1269 957 ad
1303 902 1487 957 Deum
1518 906 1649 957 vota
1678 902 2025 969 ascendunt,

382 1005 486 1060 per
504 988 697 1061 ipsum
724 990 921 1045 divina
943 990 1014 1046 ad
1031 1007 1139 1047 nos
1159 992 1314 1047 dona
1334 992 1713 1047 descendunt.
1730 991 1848 1046 Hoc
1862 1007 2029 1045 nam-

385 1093 497 1149 que
530 1077 652 1148 ipse
680 1078 739 1132 in
768 1076 1077 1151 Evangelia
1109 1080 1479 1135 commendat
1508 1078 1736 1136 dicens:
1765 1080 1903 1147 Quia
1935 1095 2030 1147 ego

384 1166 454 1221 ad
472 1171 693 1222 Patrem
721 1168 875 1236 vado,
900 1176 952 1223 et
977 1169 1243 1240 quidquid
1266 1171 1538 1240 petieritis
1568 1171 1627 1224 in
1654 1171 1873 1225 nomine
1891 1184 2027 1234 meo,

385 1256 483 1311 hoc
509 1256 736 1326 faciam,
766 1264 827 1312 ut
857 1258 1190 1328 clariﬁcet-ur
1232 1263 1399 1314 Pater
1446 1260 1506 1314 in
1545 1259 1693 1315 Filio
1724 1259 1898 1329 (Joan.
1932 1275 2029 1324 xu,

384 1344 498 1416 23).
527 1346 712 1411 Quam
745 1345 1044 1417 petitionis
1076 1346 1324 1402 formam
1358 1347 1416 1402 in
1448 1347 1607 1402 omni
1639 1346 1895 1403 oratione
1927 1362 2035 1403 sua

389 1434 645 1490 custodit
674 1435 949 1491 Ecclesia.
984 1434 1263 1507 Sequitur
1289 1435 1347 1491 in
1379 1436 1675 1509 mysterio.

458 1523 550 1578 51.
581 1523 861 1592 Memento,
915 1527 1164 1594 Domine,
1208 1526 1547 1597 famulorum
1591 1526 2036 1597 famularumque

390 1620 630 1679 tuarum,
662 1621 713 1669 et
760 1616 1007 1669 omnium
1060 1614 1623 1681 circumadstantium,
1657 1631 1888 1686 quorum
1934 1614 2037 1669 tibi

389 1702 519 1773 ﬁdes
549 1704 765 1771 cognita
796 1711 874 1757 est
904 1711 954 1759 et
969 1711 1095 1759 nota
1118 1703 1342 1759 devotio.
1370 1705 1434 1758 In
1457 1703 1671 1775 quibus
1694 1703 1884 1760 verbis
1901 1720 2034 1758 cum

389 1790 646 1863 primum
683 1791 900 1845 dicitur
927 1808 940 1847 :
975 1791 1252 1859 Memento,
1284 1794 1540 1863 Domine,
1569 1791 1915 1863 famulorum
1944 1793 2033 1862 fa-

390 1880 774 1952 mularumque
802 1889 1042 1948 tuarum,
1073 1885 1130 1936 et
1160 1881 1242 1937 sic
1272 1880 1482 1937 deinde
1530 1882 1911 1954 subjungitur
1941 1897 1954 1934 :
1986 1889 2037 1936 et

393 1970 640 2024 omnium
694 1972 1226 2036 circumastantium,
1276 1970 1654 2026 manifestum
1716 1974 1803 2026 est
1859 1969 2035 2041 quod,

395 2058 563 2130 quasi
587 2058 825 2131 quidam
846 2058 1011 2115 locus
1033 2060 1128 2127 sit,
1147 2059 1265 2127 ubi,
1280 2059 1577 2132 aliquibus
1599 2057 1927 2131 specialiter
1943 2074 2039 2112 no-

397 2146 658 2217 minatis,
683 2147 857 2203 etiam
879 2153 1218 2205 cceterorum
1251 2149 1351 2221 qui
1383 2149 1671 2205 assistunt
1695 2148 1754 2203 in
1781 2146 2039 2203 Ecclesia

396 2230 872 2293 commemoratio
908 2237 1284 2311 adjungatur.
1316 2238 1381 2293 In
1411 2255 1526 2310 quo
1557 2237 1752 2310 itaque
1782 2236 1906 2291 loco
1940 2239 2041 2290 aut

394 2324 644 2380 liberum
674 2330 764 2381 est
793 2326 1097 2395 sacerdoti,
1132 2343 1280 2398 quos
1327 2325 1740 2382 desideraverit
1777 2325 2039 2397 particu-

392 2412 593 2468 lariter
622 2414 946 2482 nominare,
981 2419 1038 2470 et
1064 2415 1412 2471 nominatim
1443 2416 1558 2471 Deo
1589 2414 1998 2471 commendare
2023 2429 2036 2467 :

395 2506 496 2558 aut
527 2507 681 2559 certe
709 2501 854 2558 illud
885 2503 958 2559 ab
990 2504 1252 2576 antiquis
1303 2504 1672 2561 observatum
1722 2507 1829 2571 est,
1866 2505 1931 2557 ut
1960 2500 2040 2557 ibi

396 2591 762 2648 olferentium
795 2591 1034 2648 nomina
1065 2593 1467 2661 recitarentur,
1486 2593 1640 2665 quod
1665 2591 1890 2647 videtur
1910 2591 2042 2647 hea-

395 2685 493 2737 tus
514 2697 666 2753 papa
687 2681 1061 2737 Innocentius
1081 2682 1139 2737 in
1162 2683 1415 2754 quadam
1432 2681 1678 2755 epistola
1689 2680 2038 2753 signiﬁcare,

398 2770 499 2825 ubi
520 2769 637 2826 ait:
666 2792 694 2822 ‹‹
714 2770 1087 2843 Superfluum
1111 2775 1218 2838 est,
1243 2776 1306 2826 ut
1326 2772 1494 2843 cujus
1508 2770 1762 2826 hostiam
1794 2769 2042 2826 necdum

399 2864 513 2915 Deo
544 2859 772 2928 otl‘eras,
798 2860 926 2931 ejus
948 2865 1081 2916 ante
1113 2877 1325 2917 nomen
1356 2860 1639 2927 insinuas,
1675 2859 1943 2931 quamvis
1960 2857 2044 2912 illi

403 2947 767 3021 incognitum
800 2948 946 3004 nihil
976 2949 1072 3004 sit.
1115 2949 1282 3004 Prius
1338 2964 1474 3021 ergo
1531 2947 1853 3004 oblationes
1910 2949 2049 3002 sunt

404 3037 901 3107 commendanda,
918 3056 989 3094 ne
1008 3043 1148 3094 tunc
1162 3054 1364 3094 eorum
1383 3036 1897 3108 nomina,quorum
1910 3040 2049 3091 sunt

401 3127 703 3194 edicenda,
737 3131 801 3182 ut
831 3127 984 3183 inter
1013 3143 1180 3183 sacra
1210 3125 1488 3199 mysteria
1518 3124 1916 3195 nominentur,
1930 3140 2046 3180 non

402 3215 554 3273 inter
586 3215 700 3271 alia
729 3233 855 3288 quae
888 3220 1023 3272 ante
1052 3197 1483 3287 prwmittimus,
1516 3218 1582 3270 ut
1610 3213 1720 3286 ipsi
1752 3213 2044 3285 mysteriis
2075 3197 2118 3266 Ο

398 3304 554 3360 viam
578 3305 790 3362 futuris
811 3305 1081 3378 precibus
1104 3303 1491 3375 aperiamus.»
1512 3302 1597 3357 Fit
1616 3319 1752 3375 ergo
1772 3302 1893 3358 hazc
1915 3319 2044 3358 ora-

399 3393 479 3450 tio
502 3395 573 3449 ad
600 3394 782 3450 Deum
808 3394 1057 3464 Patrem,
1083 3397 1150 3448 ut
1171 3409 1395 3449 memor
1415 3408 1542 3447 esse
1564 3392 1837 3464 dignetur
1864 3392 2047 3447 famu-

402 3481 590 3539 lorum
623 3482 1098 3555 famularumque
1128 3498 1391 3549 suarum,
1425 3481 1732 3552 utriusque
1780 3479 2048 3536 videlicet

398 3589 572 3630 sexus
595 3572 706 3628 sibi
729 3571 1132 3639 servientium,
1157 3586 1273 3625 non
1297 3569 1487 3625 solum
1512 3585 1714 3625 eorum
1732 3569 1832 3640 qui
1865 3569 2049 3625 nomi-

398 3667 636 3728 nantur,
672 3661 774 3718 sed
819 3665 875 3717 et
921 3660 1186 3715 omnium
1246 3656 1813 3726 circumastantium,
1858 3675 1924 3714 ac
1976 3659 2046 3714 de

397 3751 673 3807 omnibus
704 3753 760 3806 et
789 3766 893 3823 pro
925 3748 1201 3805 omnibus
1234 3746 1411 3803 simul
1443 3747 1921 3819 dicitur,quorum
1945 3749 2048 3804 tibi

396 3840 526 3911 ﬁdes
557 3841 775 3909 cognita
804 3845 882 3894 est
911 3847 962 3894 et
992 3845 1121 3909 nota
1149 3838 1372 3905 devotio,
1407 3837 1465 3893 id
1511 3841 1618 3906 est,
1662 3854 1841 3909 quam
1895 3840 2047 3894 recte

399 3932 661 3997 credant,
685 3945 864 4001 quam
898 3927 1098 3983 devote
1127 3930 1182 3983 te
1213 3926 1480 3999 diligant,
1504 3931 1568 3982 tu
1595 3926 1757 3983 solus
1792 3927 1956 3983 vides
1984 3927 2044 3983 in

399 4017 771 4075 conscientiis
803 4014 1190 4089 singulorum.
1208 4016 1294 4071 Tu
1314 4032 1376 4071 es
1399 4016 1555 4072 enim
1586 4019 1855 4073 scrutans
1871 4017 2046 4072 corda

398 4113 453 4164 et
475 4124 664 4175 renes,
690 4111 744 4162 et
768 4104 874 4160 tibi
904 4104 1182 4161 veraciter
1210 4105 1431 4160 dictum
1462 4108 1585 4160 est:
1618 4107 1690 4160 Tu
1719 4107 1870 4162 enim
1897 4107 2045 4162 solus

396 4199 542 4253 nosti
563 4195 725 4251 corda
750 4195 995 4265 ﬁliorum
1023 4195 1326 4266 hominum,
1351 4193 1451 4265 qui
1482 4193 1541 4248 in
1571 4194 1690 4250 tuis
1719 4194 2045 4250 cultoribus

397 4286 587 4358 magis
618 4283 969 4340 oblationem
998 4283 1131 4340 ﬁdei
1160 4287 1218 4338 et
1238 4283 1558 4339 devotionis
1592 4282 2040 4355 requiris;ﬁdei,

397 4377 530 4430 eum
554 4390 657 4446 per
685 4372 1076 4445 legislatorem
1108 4375 1274 4427 tuum
1301 4372 1447 4428 dicis
1479 4389 1492 4426 :
1527 4372 1696 4439 Audi,
1722 4372 1911 4438 Israel,
1942 4376 2044 4427 Do-

394 4465 580 4519 minus
610 4464 753 4518 Deus
803 4470 929 4518 tuus
980 4466 1119 4518 Deus
1158 4478 1298 4517 unus
1326 4469 1404 4517 est
1422 4464 1598 4531 (Deut.
1632 4478 1709 4528 v1,
1744 4462 1796 4528 4)
1824 4479 1836 4529 ;
1870 4460 2040 4514 devo-

2137 544 2368 601 Petrum
2393 545 2723 618 apostolum
2749 561 2762 600 :
2790 547 2885 602 Vos
2913 555 3096 603 autem
3122 564 3291 618 genus
3318 548 3571 614 electum,
3604 551 3779 617 regale

2133 634 2498 690 sacerdotium
2521 634 2567 704 (I
2600 636 2743 691 Petr.
2778 652 2839 701 ιι,
2871 635 2947 704 9),
2983 636 3189 692 otl'erre
3232 636 3529 709 spiritales
3564 636 3781 695 hostias

2137 727 2193 778 et
2220 722 2607 796 acceptabiles
2637 728 2752 779 Deo
2785 741 2888 796 per
2935 725 3140 781 Jesum
3186 724 3506 782 Christum.
3541 725 3781 782 Omnem

2136 827 2273 885 ergo
2290 812 2609 869 Ecclesiam
2633 813 3021 869 sacerdotium
3045 818 3315 870 sanctum
3342 814 3620 887 appellat,
3636 817 3781 887 quod

2138 899 2265 955 sola
2279 901 2490 957 domus
2512 908 2704 957 Aaron
2728 901 2787 957 in
2809 901 2934 975 lege
2964 919 3176 958 nomen
3199 908 3255 958 et
3275 904 3538 960 officium
3562 903 3782 969 habuit,

2134 988 2279 1060 quia
2290 988 2571 1045 nimirum
2586 1007 2788 1046 omnes
2806 990 3005 1047 ﬁdeles
3028 992 3245 1047 summi
3271 992 3596 1049 sacerdotis
3617 1010 3787 1049 mem-

2140 1076 2245 1132 bra
2275 1077 2552 1145 existunt,
2587 1079 2782 1135 cuncti
2834 1079 2957 1135 oleo
3001 1079 3214 1135 liBtltllB
3263 1081 3602 1154 signantur,
3636 1081 3787 1137 illius

2140 1168 2363 1239 corpori
2390 1168 2562 1235 uniti,
2586 1168 2684 1241 qui
2710 1187 2807 1225 rex
2827 1187 3098 1226 summus
3120 1174 3174 1225 ct
3194 1171 3465 1227 sacerdos
3488 1175 3578 1228 est
3603 1188 3783 1226 verus.

2142 1256 2406 1329 Regnum
2457 1256 2581 1312 suis
2630 1257 2835 1313 tribuit
2880 1263 2943 1314 ut
2972 1276 3090 1327 rex,
3124 1263 3181 1313 et
3210 1263 3275 1314 ut
3300 1260 3562 1331 pontifex
3591 1276 3787 1317 eorum

2142 1350 2378 1417 peccata
2391 1345 2479 1401 sui
2503 1346 2810 1419 sanguinis
2831 1347 3023 1403 hostia
3040 1349 3356 1415 mundans,
3375 1364 3721 1421 quanquam
3740 1352 3789 1404 et

2143 1433 2203 1489 in
2230 1435 2429 1490 eadem
2463 1434 2587 1507 lege
2614 1435 2838 1492 Veteris
2865 1437 3222 1493 Testamenti
3257 1436 3436 1508 hujus
3467 1436 3789 1510 spiritualis

2142 1524 2471 1591 sacerdotii,
2506 1540 2619 1596 quo
2648 1529 2768 1579 tota
2797 1524 3053 1581 Ecclesia
3082 1530 3474 1595 consecratur,
3499 1525 3791 1582 evidenter

2145 1611 2489 1684 mysterium
2522 1614 2987 1682 commendatur,
3011 1630 3145 1670 cum
3164 1614 3260 1670 ille
3281 1631 3469 1687 agnus
3492 1615 3553 1670 in
3578 1615 3793 1689 pascha

2147 1702 2512 1769 mactandas,
2537 1702 2693 1773 quod
2715 1702 2877 1758 vobis
2901 1702 3241 1760 immolatus
3263 1708 3353 1760 est
3382 1703 3792 1773 Christus,non

2147 1806 2180 1843 a
2223 1789 2363 1845 solis
2411 1790 2831 1858 sacerdotibus,
2867 1792 2965 1846 sed
3012 1792 3085 1846 ab
3134 1790 3404 1848 universo
3451 1792 3797 1865 generaliter

2146 1878 2359 1950 populo
2373 1879 2617 1950 jubetur
2638 1879 2952 1946 immolari,
2979 1880 3203 1937 dicente
3225 1881 3470 1937 Domino
3494 1898 3507 1938 :
3545 1882 3795 1939 Immoto-

2148 1968 2223 2023 b‘it
2251 1984 2375 2024 eum
2402 1970 2580 2023 omnis
2608 1967 2901 2024 multitudo
2937 1969 3185 2041 ﬁliorum
3224 1970 3394 2027 Israel
3420 1971 3491 2027 ad
3520 1988 3796 2045 vesperam

2147 2057 2340 2129 (Exod.
2368 2074 2467 2123 x11,
2491 2058 2568 2125 6).
2594 2057 2758 2112 Hune
2788 2074 3042 2130 namque
3072 2074 3291 2131 agnum
3321 2058 3379 2115 in
3415 2058 3685 2133 paschali
3720 2078 3797 2116 so-

2145 2145 2448 2201 lemnitate
2480 2144 2849 2201 immolatum
2879 2147 3080 2202 eadem
3112 2146 3202 2202 lex
3231 2153 3287 2203 et
3304 2147 3609 2205 victimam
3634 2155 3695 2205 et
3710 2149 3799 2204 ho~

2148 2234 2322 2289 stiam
2355 2238 2412 2290 et
2442 2233 2792 2290 sacriﬁcium
2825 2251 2955 2291 esse
3003 2238 3394 2302 commendat,
3426 2237 3799 2311 praecipiente

2148 2322 2414 2391 Domino,
2445 2326 2502 2378 et
2531 2322 2757 2379 dicente
2791 2340 2802 2378 :
2836 2327 2960 2380 Non
3008 2326 3315 2381 immolabit
3342 2342 3508 2398 super
3532 2329 3799 2399 fermento

2146 2413 2472 2482 sanguinem
2525 2413 2718 2468 hostire
2772 2428 2930 2480 meae,
2978 2430 3154 2487 neque
3211 2414 3467 2471 residebit
3518 2433 3693 2473 mane
3746 2416 3803 2471 de

2148 2502 2373 2556 victima
2406 2501 2769 2556 solemnitatis
2799 2502 2972 2573 phase
3000 2502 3192 2571 (Exod.
3223 2520 3414 2571 xxxrv,
3447 2505 3560 2575 25).
3596 2505 3673 2560 Et
3703 2504 3801 2560 ite-

2149 2606 2281 2645 rum
2306 2606 2319 2645 :
2346 2589 2529 2656 Nemo,
2551 2588 2763 2661 inquit,
2786 2592 2883 2663 qui
2898 2592 3071 2662 fuerit
3092 2592 3409 2648 immundus
3426 2609 3596 2665 super
3617 2595 3803 2650 anima

2148 2695 2270 2745 sua,
2304 2680 2361 2733 in
2392 2681 2483 2734 via
2503 2680 2695 2750 procul
2726 2680 2783 2735 in
2814 2687 2969 2748 gente
3013 2689 3210 2747 vestra,
3258 2682 3435 2753 faciat
3473 2682 3656 2754 phase
3705 2687 3802 2740 Do-

2149 2769 2301 2823 mino
2346 2783 2527 2823 mense
2571 2768 2804 2823 secundo
2835 2768 3022 2839 (Num.
3055 2786 3132 2839 Ix,
3169 2771 3276 2839 10).
3308 2771 3373 2825 Et
3401 2776 3536 2842 post
3566 2788 3764 2843 pauca
3790 2788 3802 2826 :

2153 2858 2216 2913 Si
2243 2858 2366 2928 quis
2412 2863 2592 2912 autem
2635 2856 2874 2912 mundus
2925 2866 3026 2925 est,
3056 2867 3107 2914 et
3137 2861 3196 2914 in
3228 2860 3428 2916 itinere
3451 2876 3565 2916 non
3592 2863 3732 2933 fuit,
3763 2868 3809 2917 et

2156 2953 2335 3002 tamen
2364 2962 2473 3002 non
2502 2948 2634 3017 fecit
2671 2947 2865 3018 phase,
2901 2949 3361 3004 exterminabitur
3387 2951 3579 3004 anima
3616 2950 3723 3006 illa
3750 2950 3807 3006 de

2149 3037 2369 3108 populis
2387 3037 2523 3101 suis,
2548 3038 2679 3107 quia
2706 3036 3045 3106 sacriﬁcium
3063 3039 3291 3094 Domino
3319 3053 3429 3095 non
3459 3040 3669 3095 obtulit
3689 3048 3808 3096 tem-

2154 3140 2283 3198 pore
2309 3141 2408 3180 suo
2439 3124 2621 3195 (Ibid,
2652 3125 2760 3196 13).
2795 3124 3056 3181 Oﬁ‘erunt
3084 3142 3221 3198 ergo
3254 3128 3583 3183 sacerdotes
3605 3128 3806 3184 Eccle-

2157 3212 2275 3282 siae,
2309 3212 2475 3269 offert
2525 3228 2629 3284 per
2675 3211 2836 3285 ipsos
2865 3216 2923 3268 et
2950 3212 3009 3268 in
3041 3212 3187 3286 ipsis
3230 3218 3353 3271 tota
3402 3214 3665 3272 Ecclesia
3697 3217 3805 3272 Deo

2154 3299 2733 3368 sacriﬁciumlaudis,
2749 3301 2901 3373 quod
2928 3318 2962 3357 a
2981 3302 3305 3359 cultoribus
3327 3303 3453 3361 suis
3475 3303 3589 3360 sibi
3612 3305 3804 3361 oﬁ‘erri

2154 3391 2278 3463 ipse
2309 3388 2598 3463 praecepit,
2633 3389 2834 3446 dicens
2869 3407 2882 3444 ε
2916 3391 3143 3447 Immola
3174 3393 3279 3448 Deo
3309 3394 3658 3463 sacri/icium
3687 3395 3804 3450 lau-

2152 3479 2257 3546 dis,
2289 3487 2340 3534 et
2369 3478 2528 3535 redde
2555 3480 2835 3536 Altissimo
2865 3488 2985 3536 vota
3015 3488 3109 3536 tua
3137 3482 3309 3550 (Psal.
3337 3500 3489 3551 xux,
3526 3484 3643 3552 14).

2221 3569 2311 3624 53.
2345 3570 2788 3638 (Αυουετικυε.)
2810 3570 2935 3626 Non
2967 3571 3123 3642 quod
3145 3587 3180 3626 a
3201 3570 3369 3627 nobis
3399 3576 3692 3644 tanquam
3725 3572 3807 3627 in-

2154 3657 2360 3730 digens
2391 3660 2619 3730 expetat
2647 3656 2913 3726 laudem;
2938 3658 3039 3714 sed
3074 3663 3138 3714 ut
3166 3658 3225 3714 in
3249 3677 3317 3716 ea
3338 3660 3507 3717 nobis
3538 3660 3811 3717 consulat

2154 3747 2226 3801 ad
2248 3745 2686 3815 salutem,sicut
2705 3751 2762 3801 et
2790 3746 2851 3801 in
2884 3745 3088 3803 eodem
3120 3746 3347 3820 psalmo
3381 3748 3597 3804 iterum
3633 3749 3805 3805 dicit:

2152 3836 2499 3907 Sacriﬁcium
2539 3835 2720 3891 laudis
2769 3835 3151 3907 honoriﬁcavit
3198 3854 3304 3903 me,
3337 3844 3387 3893 et
3419 3837 3540 3893 illic
3588 3840 3689 3894 via
3716 3845 3807 3903 est,

2151 3925 2254 3981 ubi
2323 3924 2599 3981 ostendam
2667 3924 2910 3980 salutare
2982 3941 3165 3981 meum
3239 3925 3422 3999 (Ibid.,
3477 3926 3591 3999 33).
3663 3926 3808 3993 Quid

2153 4018 2241 4070 est
2288 4013 2445 4070 enim
2494 4012 2750 4069 salutare
2797 4012 2920 4079 Dei,
2971 4012 3084 4070 nisi
3136 4014 3319 4070 Filius
3374 4014 3497 4085 Dei,
3546 4015 3813 4072 Salvator

2153 4102 2405 4161 mundi?
2437 4103 2564 4175 Ipse
2594 4102 2775 4175 igitur
2800 4103 3068 4159 sacerdos
3099 4107 3156 4159 et
3183 4103 3421 4159 victima
3448 4104 3811 4161 sacriﬁcium

2151 4191 2933 4265 laudisimplevit,malorum
2948 4208 3189 4265 cperum
3210 4193 3478 4249 tribuens
3504 4193 3811 4267 indulgen-

2152 4284 2315 4350 tiam,
2351 4286 2409 4337 et
2455 4281 2603 4337 bene
2649 4281 2930 4353 operandi
2973 4280 3229 4355 largiens
3277 4282 3550 4355 gratiam.
3580 4284 3670 4339 Ad
3704 4283 3811 4340 hoc

2151 4371 2307 4426 enim
2332 4369 2614 4425 Dominus
2635 4368 2987 4425 sacriﬁcium
3008 4369 3200 4427 laudis
3222 4371 3295 4426 ab
3317 4372 3447 4442 ejus
3478 4371 3809 4428 cultoribus

2151 4458 2509 4524 immolatur,
2534 4461 2599 4513 ut
2617 4457 2717 4530 qui
2740 4456 3025 4531 gloriatur
3036 4457 3094 4515 in
3108 4459 3354 4515 Domino
3368 4458 3675 4533 glorietur.
3690 4464 3808 4517 Hoc

394 4552 593 4622 tionis,
617 4569 747 4606 cum
783 4550 979 4606 statim
1013 4551 1532 4623 adjungitzDiliges
1560 4550 1852 4606 Dominum
1871 4550 2043 4604 Deum
2073 4562 2118 4627 ι)
2148 4565 2285 4621 ergo
2316 4546 2667 4603 sacriﬁcium
2686 4546 2899 4615 laudis,
2925 4546 2982 4603 id
3005 4552 3094 4604 est
3110 4547 3462 4605 oblationem
3487 4549 3805 4609 Dominicae

393 4650 549 4698 tuum
595 4658 665 4697 ex
720 4649 825 4697 toto
869 4640 1026 4696 corde
1074 4648 1166 4696 tuo
1213 4639 1396 4712 (Ibid,
1427 4641 1503 4710 5).
1549 4639 1621 4693 Et
1674 4637 1827 4692 hanc
1858 4637 2036 4708 [cum]

392 4732 567 4787 ﬁdem
600 4735 656 4787 et
687 4730 1051 4785 devotionem
1107 4731 1216 4785 Deo
1267 4727 1491 4794 oﬂ'erre,
1526 4726 1636 4782 hoc
1666 4729 1755 4781 est
1781 4743 1911 4780 vere
1945 4742 2038 4779 sa-

393 4820 676 4877 criﬁcium
709 4819 984 4890 salutare,
1018 4822 1108 4874 est
1136 4818 1432 4874 attendere
1481 4814 1796 4870 mandatis.
1831 4813 2035 4886 Sequi-

390 4914 489 4965 tur
518 4910 578 4965 in
609 4909 885 4981 mysterio
920 4924 934 4963 :

458 5001 547 5053 52.
584 5000 689 5067 Qui
719 4999 820 5053 tibi
849 4998 1084 5068 offerunt
1109 4995 1206 5050 hoc
1234 4994 1568 5063 sacri/icium
1598 4990 1799 5059 laudis,
1832 4992 2038 5064 tibique

391 5088 622 5143 reddunt
655 5096 774 5142 vota
798 5103 901 5142 sua
940 5094 1145 5142 .z'terno
1177 5089 1286 5139 Deo
1316 5084 1436 5136 rivo
1466 5088 1516 5135 et
1548 5096 1688 5135 vero.
1724 5080 1787 5134 In
1820 5080 2036 5152 quibus

390 5176 578 5231 verbis
600 5174 1089 5231 considerandum
1113 5175 1221 5234 est,
1240 5169 1394 5241 quod
1416 5172 1535 5223 tota
1555 5166 1812 5224 Ecclesia
1831 5168 2036 5225 offerat

389 5265 505 5320 Deo
534 5263 678 5319 illud
711 5261 1064 5319 sacriﬁcium
1099 5258 1320 5326 laudis;
1341 5260 1398 5313 et
1427 5255 1566 5327 quia
1595 5256 1665 5311 de
1697 5257 1856 5311 omni
1886 5256 2034 5312 mul-

385 5352 637 5409 titudine
663 5347 1169 5408 circumstantium
1203 5344 1463 5400 ﬁdelium
1494 5343 1708 5399 dicitur
1742 5362 1755 5400 :
1787 5348 1900 5416 Qui
1928 5348 2034 5403 tibi

385 5443 638 5514 offerunt.
673 5439 835 5506 Quod
874 5437 1030 5491 enim
1062 5432 1416 5504 adimpletur
1445 5432 1676 5504 proprie
1704 5434 2029 5492 ministerio

385 5530 777 5593 sacerdotum,
793 5525 903 5579 hoc
915 5519 1263 5594 generaliter
1283 5520 1477 5593 agitur
1499 5520 1610 5577 ﬁde
1640 5526 1696 5577 et
1725 5523 2029 5580 devotione

394 5676 401 5682 ,
450 5616 526 5692 (a)
561 5616 623 5675 Id
641 5618 730 5674 est
747 5608 1005 5672 Ecclesia
1032 5611 1309 5667 constans
1339 5624 1408 5668 ex
1436 5610 1710 5671 omnibus
1732 5612 2022 5673 ﬁdelibus.

2149 4636 2461 4711 passionis,
2496 4635 2555 4691 in
2587 4653 2704 4709 qua
2734 4635 2897 4692 nulla
2928 4642 3130 4693 nostra
3159 4637 3369 4693 merita
3397 4639 3802 4710 agnoscimus,

2146 4727 2247 4782 sed
2269 4726 2455 4783 solam
2484 4726 2579 4781 Dei
2599 4726 2848 4799 gratiam
2873 4726 3309 4794 collaudamus;
3334 4729 3474 4800 quia
3491 4728 3551 4783 in
3573 4728 3690 4785 hoc
3713 4745 3808 4801 ap

2146 4814 2342 4888 paruit
2362 4814 2616 4870 charitas
2632 4814 2733 4871 Dei
2756 4815 2815 4869 in
2838 4814 3175 4887 nobis,quia
3194 4816 3566 4890 unigenitum
3587 4817 3807 4874 Filium

2147 4921 2321 4960 suum
2340 4903 2503 4959 misit
2532 4903 2685 4959 Deus
2710 4903 2771 4958 in
2802 4904 3116 4971 mundum,
3142 4910 3205 4961 ut
3231 4906 3497 4962 vivamus
3520 4922 3625 4978 per
3644 4924 3804 4974 eum,

2148 5010 2263 5050 non
2285 4992 2455 5065 quasi
2477 5010 2584 5048 nos
2615 4991 2991 5049 dilexerimus
3013 4996 3217 5063 Deum,
3244 4995 3346 5051 sed
3369 4995 3657 5067 quoniam
3682 4997 3805 5069 ipse

2145 5083 2305 5155 prior
2334 5081 2534 5137 dilexit
2562 5084 2762 5147 nos,et
2791 5080 2954 5137 misit
2985 5081 3197 5138 Filium
3221 5099 3396 5138 suum
3428 5083 3804 5155 propitiatio-

2143 5188 2278 5226 nem
2310 5186 2414 5244 pro
2446 5168 2697 5241 peccatis
2727 5169 2964 5226 nostris.
3000 5171 3160 5227 Hanc
3192 5171 3359 5227 oiIert
3388 5171 3617 5227 devotio
3654 5173 3802 5229 ﬁde-

2141 5259 2287 5315 lium
2310 5277 2412 5332 pro
2431 5274 2493 5314 se
2514 5257 2754 5331 suisque
2778 5259 3074 5328 omnibus,
3098 5259 3156 5315 id
3178 5264 3266 5316 est
3286 5260 3357 5316 ad
3381 5276 3442 5317 se
3464 5260 3552 5318 vel
3584 5277 3799 5334 genere

2139 5348 2227 5404 vel
2258 5347 2674 5415 familiaritate,
2707 5347 2795 5403 vel
2842 5347 3105 5422 qualibet
3148 5348 3264 5405 alia
3292 5349 3647 5419 conditione,
3686 5351 3797 5407 sub

2138 5439 2404 5509 ejusdem
2427 5437 2559 5495 ﬁdei
2585 5438 2945 5511 professione
2976 5438 3428 5510 pertinentibus,
3452 5442 3574 5495 tam
3595 5440 3794 5496 viven-

2136 5527 2295 5584 tibus
2316 5525 2580 5585 videlicet
2601 5543 2778 5602 quam
2810 5526 3077 5585 mortuis.
3101 5527 3172 5584 Et
3193 5526 3302 5585 hoc
3324 5544 3441 5603 qua
3463 5544 3567 5603 spe
3588 5527 3796 5589 ﬁdeles
