3896 6208
108 376 169 437 49
1293 369 1395 432 DE
1436 369 1965 433 EXPOSITIONE
2007 370 2288 436 MISSIE.
3410 373 3489 439 5D

105 509 292 568 faciant
317 504 869 580 subjungitur,quae
901 521 1019 562 non
1051 521 1156 579 pro
1189 503 1383 578 aliquo
1414 503 1720 576 temporali
1751 503 1805 569 Α
1835 505 1964 578 ejus
2004 504 2333 581 integritas,
2365 526 2479 566 non
2518 508 2645 582 jam
2696 508 2793 568 ille
2838 509 3076 587 Virgine
3126 515 3482 583 nasceretur,

104 600 263 669 lucro,
292 596 388 653 sed
427 594 807 652 solummodo
849 612 949 667 pro
996 593 1363 667 redemptione
1408 594 1725 649 animarum

100 704 321 752 suarum,
344 702 443 758 pro
472 701 572 758 spe
592 686 789 741 salutis
815 692 864 741 ct
895 685 1290 740 incolumitatis
1316 698 1454 751 suae,
1484 698 1586 754 pro
1620 698 1723 754 spe

100 776 337 833 videlicet
361 778 595 830 eternae
618 773 968 846 salutis.Spe
994 772 1150 828 enim
1173 771 1313 828 salvi
1336 771 1469 827 facti
1490 787 1719 827 sumus.

98 868 197 924 Nec
223 864 406 922 solum
437 881 546 936 pro
578 862 767 919 salute
797 866 1029 930 aeterna,
1064 861 1165 917 sed
1197 860 1372 917 etiam
1386 862 1722 933 protempo-

98 956 187 1012 rali
212 953 631 1015 incolumitate.
663 952 721 1006 id
754 955 840 1007 est
870 949 1155 1023 corporali
1187 949 1456 1005 sanitate.
1491 947 1721 1004 Incolu-

95 1046 253 1103 mitas
276 1043 426 1100 enim
461 1040 739 1098 sanitatis
757 1038 1346 1113 integritas.Utraque
1365 1037 1521 1094 enim
1535 1037 1717 1105 salus,

95 1135 281 1191 anima:
308 1130 536 1188 scilicet
564 1134 622 1186 et
651 1129 933 1202 corporis,
968 1129 1039 1184 ab
1096 1126 1194 1183 illo
1235 1131 1342 1193 est,
1375 1127 1444 1183 de
1493 1143 1609 1199 quo
1657 1127 1717 1183 in

92 1223 295 1297 psalmo
324 1220 560 1277 canitur
589 1237 602 1274 :
634 1220 855 1275 Domini
880 1225 958 1274 est
982 1217 1151 1273 salus.
1189 1217 1324 1282 Tibi,
1358 1214 1570 1288 inquit,
1587 1215 1715 1271 red-

89 1313 210 1368 dunt
234 1318 351 1367 vota
375 1327 482 1366 sua
509 1316 714 1367 .2me
745 1312 854 1364 Deo
881 1309 1004 1362 vivo
1028 1313 1081 1362 et
1105 1321 1249 1370 vero,
1265 1305 1436 1376 juxta
1466 1304 1621 1376 quod
1654 1304 1715 1359 in

90 1400 293 1474 psalmo
324 1399 620 1455 redditur:
643 1399 709 1453 Et
736 1396 897 1452 redde
923 1395 1199 1452 Altissimo
1220 1403 1342 1451 vota
1372 1397 1627 1460 tua,vota
1639 1392 1716 1448 vi-

87 1489 275 1546 delicet
302 1488 437 1544 ﬁdei
463 1487 637 1560 etpiae
651 1484 1102 1556 devotionis,per
1121 1500 1300 1555 quam
1322 1482 1714 1554 nosmetipsos

88 1579 187 1636 Deo
210 1577 472 1635 vovimus
502 1580 559 1632 et
586 1572 1189 1646 reddimus.Quisquis
1207 1572 1365 1628 enim
1396 1572 1541 1627 bene
1562 1571 1714 1645 cogi-

87 1672 160 1724 tat
183 1667 330 1740 quod
360 1666 481 1722 Deo
509 1668 743 1721 voverat
762 1667 818 1719 et
846 1680 972 1735 quae
999 1665 1133 1718 vota
1161 1659 1586 1733 persolvat,hac
1599 1659 1714 1715 exi-

87 1757 243 1831 gitur,
272 1755 379 1811 hac
409 1755 676 1819 debetur,
709 1756 775 1807 ut
812 1752 1075 1824 seipsum
1120 1753 1324 1806 voveat
1376 1752 1434 1805 et
1482 1748 1709 1804 reddat.

84 1846 181 1903 Sed
210 1845 358 1901 sicut
383 1843 708 1899 videndum
737 1844 826 1896 est
856 1840 998 1913 quid
1029 1838 1341 1906 offerat,ita
1370 1836 1545 1894 etiam
1575 1854 1710 1894 con-

84 1933 440 1990 siderandum
470 1934 560 1987 est
590 1929 690 1985 ubi
720 1927 1090 2000 oti‘erat;quia
1118 1925 1236 1981 veri
1269 1923 1538 1981 sacriﬁcii
1552 1928 1714 1993 extra

83 2021 408 2079 catholicam
442 2018 760 2076 Ecclesiam
806 2016 971 2073 locus
1001 2032 1117 2071 non
1151 2013 1426 2078 est,unde
1456 2011 1711 2069 multum

83 2115 490 2184 consequenter
516 2105 861 2181 adjungitur
889 2105 949 2161 in
982 2104 1282 2176 mysterio.

141 2202 224 2257 54.
266 2199 736 2257 Communicantes
782 2203 835 2253 et
885 2196 1208 2251 memoriam
1261 2200 1598 2258 venerantes,
1652 2193 1713 2247 in

81 2292 277 2362 primis,
307 2292 446 2354 ete.,
487 2304 676 2359 usque
720 2294 771 2343 et
816 2286 1063 2341 omnium
1107 2291 1421 2339 sanctorum
1471 2289 1707 2338 tuorum.

84 2382 252 2453 (Ave).
293 2381 453 2446 Quos
500 2376 643 2432 dicit
690 2374 1192 2432 communicantes
1250 2376 1307 2427 et
1366 2370 1709 2427 memoriam

80 2472 401 2526 venerantes
432 2468 614 2523 beata:
647 2463 958 2522 Genitricis
988 2462 1109 2532 Dei,
1145 2465 1201 2517 et
1230 2459 1631 2534 apostolorum
1656 2463 1712 2515 et

82 2562 405 2630 martyrum,
441 2560 499 2612 et
527 2553 790 2611 omnium
824 2556 1184 2621 sanctorum,
1218 2549 1331 2606 nisi
1363 2553 1419 2605 et
1448 2548 1709 2621 seipsum

79 2648 329 2703 sacerdos
406 2646 510 2718 qui
580 2644 766 2712 offert,
844 2646 902 2698 et
967 2658 1171 2697 omnes
1237 2640 1706 2707 circumstantes,

78 2736 167 2809 qui
192 2736 365 2792 simul
396 2734 653 2791 offerunt
684 2748 867 2788 unum
898 2730 1251 2788 sacriﬁcium
1281 2726 1514 2784 laudis?
1545 2727 1707 2793 Quod

76 2831 134 2881 ut
181 2826 290 2882 Deo
346 2824 541 2897 possit
590 2839 720 2878 esse
777 2824 1081 2892 acceptum
1142 2822 1199 2873 et
1255 2815 1709 2888 beneplacitum,

78 2931 179 2971 non
206 2914 342 2970 alibi
375 2914 488 2968 hoc
518 2912 768 2968 offerunt
797 2914 853 2966 et
884 2909 1287 2965 sacerdoteset
1304 2904 1559 2962 Ecclesia
1573 2920 1708 2960 cum

78 3003 483 3067 sacerdotibus,
515 3001 627 3056 nisi
662 3000 721 3055 in
755 2997 1166 3054 communione
1197 3000 1255 3051 ct
1285 2995 1558 3051 societate
1580 3010 1710 3049 san-

79 3092 373 3159 ctorum,in
408 3089 627 3163 quibus
655 3087 837 3145 voluit
864 3088 1017 3142 idem
1048 3084 1422 3156 omnipotens
1439 3083 1592 3139 Deus
1605 3084 1708 3138 Ec-

76 3179 244 3237 clesia:
276 3198 396 3235 sum
429 3183 698 3234 constare
729 3172 1369 3241 fundamentum,sicut
1396 3171 1711 3245 Apostolus

1835 611 2090 668 eumque
2122 596 2289 667 falso,
2325 600 2481 671 quod
2512 600 2684 667 absit,
2717 606 2921 659 natum
2952 603 3023 659 de
3052 602 3272 676 virgine
3304 602 3488 661 Maria

1832 687 1955 741 tota
1985 686 2358 744 confiteretur
2385 689 2660 759 Ecclesia,
2696 691 2787 747 cui
2828 709 2930 764 pro
2960 691 3202 748 humani
3254 693 3484 764 generis

1832 774 2020 831 salute
2049 793 2182 832 vero
2232 777 2456 833 homini
2506 779 2657 835 facto
2689 780 2973 853 singulari
3004 797 3248 837 munere
3279 783 3481 837 datum

1830 867 1921 920 est
1949 868 2032 931 ut,
2068 866 2270 921 statim
2302 884 2370 922 ex
2399 885 2514 940 quo
2556 868 2617 923 in
2650 873 2812 925 utero
2862 870 3123 942 Virginis
3171 871 3396 943 concipi
3427 876 3484 927 et

1829 952 2004 1009 homo
2035 954 2157 1010 ﬁeri
2189 955 2489 1028 inciperet,
2514 974 2687 1013 verus
2715 963 2869 1015 esset
2898 963 2954 1015 et
2996 960 3149 1015 Deus
3184 976 3196 1014 :
3231 962 3386 1016 unde
3424 965 3481 1016 et

1828 1043 2031 1098 eadem
2063 1043 2317 1115 gloriosa
2346 1062 2579 1118 semper
2606 1047 2764 1120 virgo
2795 1048 2977 1103 Maria
3008 1065 3143 1104 vera
3172 1049 3269 1104 Dei
3313 1049 3476 1121 geni-

1826 1130 1939 1185 trix
1968 1133 2257 1188 credenda
2283 1138 2373 1189 est
2401 1137 2458 1188 et
2487 1136 2978 1208 conﬁtenda.Ipsa
2997 1153 3134 1208 ergo
3157 1137 3214 1191 in
3238 1137 3347 1192 hac
3376 1154 3471 1192 ve-

1826 1219 2071 1275 nerabili
2103 1221 2515 1277 communione
2547 1227 2883 1279 sanctorum
2905 1225 3093 1296 prima
3108 1226 3474 1298 pouitur,per

1825 1324 2002 1380 quam
2035 1312 2091 1364 et
2119 1308 2205 1363 illi
2235 1313 2293 1365 et
2321 1327 2429 1365 nos
2461 1312 2787 1367 meruimus
2819 1314 3256 1369 auetoremvitze
3289 1315 3471 1370 susei-

1824 1401 2043 1468 pere,et
2071 1398 2122 1453 ei
2154 1398 2528 1472 conjungitur
2546 1401 2997 1457 communicatio
3011 1402 3311 1458 beatorum
3331 1420 3468 1475 apo:—

1823 1484 2107 1541 stolorum
2129 1491 2666 1561 etmartyrum,non
2690 1488 2882 1545 solum
2895 1490 2993 1562 qui
3008 1490 3102 1546 hic
3118 1490 3467 1546 nominatim

1822 1574 2357 1647 exprimuntur,sed
2389 1580 2445 1632 et
2472 1578 2736 1634 omnium
2755 1595 3006 1651 quorum
3024 1596 3127 1636 nec
3153 1596 3467 1636 numerum

1822 1680 1929 1719 nec
1959 1664 2199 1721 nomina
2227 1664 2374 1721 scire
2406 1683 2741 1738 possumus.
2762 1669 2832 1723 Et
2860 1672 3081 1734 tamen,
3100 1669 3149 1725 si
3172 1668 3302 1725 istis
3317 1686 3467 1741 pau-

1822 1752 1907 1807 cis
1939 1753 2257 1809 nominatis
2287 1755 2381 1827 pie
2409 1756 2795 1827 adhaeremus,
2815 1756 3120 1811 etiamillis
3133 1774 3281 1828 quos
3295 1773 3467 1812 nosse

1823 1858 1937 1897 non
1969 1859 2307 1915 possumus,
2337 1844 2397 1899 in
2424 1844 2632 1900 horum
2665 1845 3077 1901 communione
3097 1845 3351 1918 copulati
3374 1863 3468 1901 su-

1822 1947 1976 1987 mus.
2010 1932 2286 2004 Sequitur
2314 1933 2375 1987 in
2407 1934 2682 2006 mysterio
2718 1951 2731 1989 :

1888 2021 1979 2075 56.
2014 2022 2258 2089 Quorum
2282 2024 2496 2078 meritis
2531 2024 2889 2095 precibusque
2915 2023 3192 2079 concedas.
3228 2023 3467 2095 Propter

1820 2111 2030 2166 merita
2055 2126 2310 2183 namque
2345 2116 2402 2167 et
2430 2111 2879 2168 intercessiones
2908 2112 3253 2168 sublimium
3273 2113 3463 2183 justo-

1819 2215 1973 2267 rum,
1998 2215 2147 2271 quos
2166 2200 2581 2257 intercessores
2601 2205 2660 2257 et
2679 2205 2956 2273 patronos
2974 2201 3150 2274 quaeri
3160 2219 3315 2268 mus,
3330 2220 3466 2258 nos-

1820 2293 1921 2344 tres
1945 2288 2273 2344 infirmitati
2300 2290 2587 2346 Dominus
2617 2290 2931 2347 miseretur
2949 2295 3007 2346 et
3027 2290 3467 2363 propitiatur,ut

1817 2378 1877 2433 in
1906 2378 2202 2443 omnibus,
2226 2378 2345 2433 sive
2384 2379 2663 2449 adversis,
2688 2380 2808 2436 sive
2846 2379 3164 2452 prosperis.
3186 2398 3259 2437 ne
3286 2381 3372 2437 vel
3405 2382 3463 2436 in

1818 2468 1948 2525 istis
1979 2468 2341 2534 deﬁciamus,
2363 2468 2453 2525 vel
2474 2468 2535 2524 in
2556 2469 2675 2526 illis
2698 2469 3463 2542 decipiamur,protectionis

1817 2557 1946 2628 ejus
1978 2556 2319 2613 muniamur
2347 2557 2580 2614 auxilio.

1885 2648 1975 2702 57.
2010 2646 2335 2719 (νιοιιῐῠε).
2369 2647 2629 2719 Denique
2660 2649 2886 2705 defesso
2918 2650 2991 2704 ab
3022 2648 3295 2705 hostibus
3321 2650 3464 2704 Eze-

1818 2734 1960 2790 chim
1989 2738 2047 2790 et
2075 2733 2358 2790 auxilium
2389 2735 2518 2807 ejus
2554 2736 2845 2791 invocanti
2876 2735 2988 2792 ait:
3008 2739 3295 2794 Civitatem
3324 2739 3466 2793 hanc

1814 2822 2056 2890 salvabo,
2071 2830 2123 2879 et
2144 2831 2427 2895 protegam
2456 2840 2579 2879 eam
2604 2832 2824 2896 propter
2850 2841 2955 2891 me,
2976 2833 3029 2880 et
3049 2833 3271 2897 propter
3291 2826 3466 2883 David

1814 2928 2032 2968 servum
2052 2928 2237 2968 meum
2278 2913 2367 2983 (IV
2393 2914 2518 2983 Reg.
2551 2930 2705 2981 xxxx,
2737 2914 2827 2984 6);
2862 2916 2919 2968 et
2964 2913 3194 2985 Moyses
3243 2914 3325 2969 ita
3373 2916 3468 2971 de-

1816 3017 2061 3073 precans
2097 3000 2280 3056 Deum
2312 2999 2538 3073 placere
2566 3001 2846 3056 curabat:
2873 3002 3141 3070 Quiescat,
3167 3001 3464 3074 inquiens,

1818 3092 1904 3146 ira
1932 3098 2046 3157 tua,
2079 3097 2131 3146 et
2171 3097 2280 3146 esto
2321 3089 2616 3163 placabilis
2660 3107 2826 3163 super
2863 3092 3113 3162 nequitia
3139 3092 3333 3163 populi
3361 3093 3460 3146 tui.

1818 3179 2116 3235 Recordare
2143 3178 2438 3247 Abraham,
2459 3181 2612 3235 Isaac
2639 3188 2691 3236 et
2720 3180 2891 3236 Israel
2918 3196 3196 3236 servorum
3224 3189 3462 3247 tuorum,

77 3270 201 3325 dicit
230 3286 244 3325 :
275 3270 422 3324 Estis
469 3268 608 3323 cives
644 3274 955 3323 sanctorum
982 3272 1034 3320 et
1061 3263 1347 3319 domestici
1368 3263 1484 3327 Dei,
1514 3276 1705 3332 super-
1736 3246 1778 3312 C
1816 3270 2013 3342 quibus
2049 3269 2260 3340 jumsti
2297 3284 2396 3340 per
2426 3246 2786 3341 temetipsum
2830 3269 3015 3325 dicens
3046 3288 3065 3325 ,ο
3095 3246 3463 3341 Μαιιίριίεαὺῤ

74 3358 317 3429 aediﬁcati
343 3373 516 3429 super
557 3355 976 3428 fundamentum
1005 3352 1371 3425 apostolorum
1398 3358 1448 3406 et
1475 3349 1706 3422 prophe-

75 3457 239 3503 tarum
269 3448 441 3519 (Eph.
476 3462 538 3513 ιι,
574 3444 752 3512 19).Ιιι
787 3458 991 3499 eorum
1021 3458 1158 3513 ergo
1195 3437 1609 3496 communione
1652 3441 1708 3493 et

75 3536 348 3592 memoriae
378 3533 749 3591 veneratione
780 3536 1063 3604 tanquam
1094 3530 1152 3583 in
1184 3526 1404 3600 templo
1421 3543 1554 3583 vero
1582 3526 1705 3593 Dei,

72 3625 222 3680 otfert
268 3623 499 3680 devotio
546 3620 809 3678 ﬁdelium
862 3620 979 3675 Deo
1026 3622 1162 3674 vota
1209 3622 1267 3673 et
1304 3633 1549 3672 munera
1577 3633 1705 3681 sua,

73 3717 121 3767 et
144 3713 268 3770 ideo
298 3714 455 3768 ﬁunt
482 3709 987 3767 communicantes
1016 3723 1217 3764 eorum
1253 3704 1546 3761 memoriae
1577 3707 1706 3759 tan-

72 3818 231 3872 quam
259 3799 367 3856 ﬁlii
389 3803 628 3873 patrum
650 3803 707 3854 et
727 3800 1045 3854 sectatores
1069 3792 1541 3867 praecedentium.
1558 3792 1706 3858 Quid

74 3894 149 3945 est
172 3890 326 3946 enim
355 3889 841 3952 communicantes,
865 3885 978 3942 nisi
1002 3884 1435 3941 communionem
1462 3889 1512 3937 et
1537 3884 1707 3938 socie-

75 3988 221 4036 tatem
249 3982 521 4036 tenentes?
549 3978 619 4032 Et
643 3976 784 4050 quid
815 3980 905 4031 est
933 3990 1136 4030 eorum
1168 3971 1513 4029 memoriam
1538 3987 1707 4027 vene-

78 4070 195 4134 rari,
224 4069 337 4124 nisi
371 4083 510 4124 cum
542 4065 755 4139 pietate
785 4068 842 4120 et
871 4061 1202 4119 humilitate
1232 4077 1433 4117 eorum
1463 4060 1710 4143 vestigia

74 4157 254 4231 sequi?
268 4158 355 4214 Ad
390 4157 544 4213 hanc
574 4154 911 4212 societatem
942 4168 1051 4208 nos
1081 4151 1286 4206 beatus
1306 4150 1562 4206 Joannes
1574 4165 1708 4220 apo-

77 4248 238 4303 stolus
268 4247 529 4302 invitans
560 4244 643 4301 ait
674 4261 687 4299 :
723 4243 870 4312 Quod
899 4241 1136 4298 vidimus
1165 4247 1217 4295 et
1245 4238 1582 4304 audivimus,
1613 4255 1709 4293 an-

78 4337 374 4391 nuntiamus
404 4334 650 4391 vobis.Et
667 4331 834 4405 quasi
863 4331 1359 4401 interrogarcmus
1376 4326 1517 4399 quid
1538 4325 1708 4382 nobis

78 4425 357 4495 prodesset
389 4422 493 4479 illa
521 4419 913 4486 annuntiatio,
947 4418 1028 4475 ait
1061 4435 1072 4472 :
1112 4419 1173 4475 Ut
1201 4424 1252 4473 et
1282 4433 1372 4473 vos
1403 4416 1710 4471 societatem

77 4514 297 4570 habeatis
326 4514 626 4569 nobiscvm.
645 4511 710 4566 Et
740 4525 811 4565 ne
842 4509 976 4581 quis
1004 4505 1499 4564 contemnendum
1530 4509 1708 4576 puta-

79 4606 148 4657 ret
170 4602 315 4658 hanc
342 4600 687 4658 societatem
737 4602 1020 4669 tanquam
1069 4595 1398 4660 hominum,
1432 4592 1708 4649 continuo

79 4691 321 4761 adjunxit
354 4708 368 4745 :
402 4691 471 4745 Et
497 4690 725 4746 societas
753 4694 933 4743 vestra
966 4687 1043 4741 sit
1079 4701 1203 4739 cum
1249 4685 1413 4738 Patre
1457 4690 1509 4737 et
1556 4682 1708 4737 Filio

79 4781 176 4849 ejus
208 4780 346 4835 Jesu
382 4777 638 4844 Christo,
669 4774 981 4831 manifeste
1011 4772 1348 4839 ostendens,
1383 4771 1522 4843 quia
1573 4770 1709 4842 qui-

82 4882 309 4940 cumque
357 4867 700 4923 societatem
748 4868 883 4919 cum
930 4863 1046 4919 Deo
1091 4861 1306 4917 habere
1354 4860 1705 4922 desiderant,

79 4957 246 5026 primo
274 4954 549 5012 Ecclesiae
575 4952 838 5009 societati
881 4952 1097 5008 debent
1128 4948 1395 5016 adunari,
1430 4948 1710 5020 illamque

83 5044 235 5101 ﬁdem
265 5044 592 5110 addiscere,
625 5046 684 5098 et
711 5043 840 5113 ejus
869 5038 1252 5097 sacramentis
1289 5037 1497 5105 imbui,
1531 5053 1709 5108 quam

82 5134 306 5204 apostoli
338 5134 416 5189 ab
447 5133 580 5205 ipsa
608 5134 893 5203 praesente
921 5129 980 5184 in
1025 5144 1198 5184 carne
1227 5125 1481 5182 Veritate
1513 5141 1709 5196 perce-

86 5223 409 5292 perunt.Pro
438 5222 568 5293 ipsa
597 5218 754 5275 enim
785 5222 843 5274 et
871 5218 1058 5275 sancti
1078 5221 1362 5288 martyres
1374 5214 1532 5286 passi
1550 5218 1708 5281 sunt,

84 5312 273 5383 etipsa
308 5308 606 5368 catholica
652 5308 933 5364 fundatur
979 5304 1251 5371 Ecclesia,
1285 5302 1380 5359 cui
1428 5303 1607 5359 beata)
1657 5306 1715 5358 et

84 5398 326 5469 gloriosa:
387 5397 653 5471 Virginis
719 5400 923 5469 partus
976 5393 1201 5451 exstitit
1263 5391 1472 5449 salutis
1543 5408 1713 5447 exor-

85 5487 244 5544 dium.

139 5578 218 5633 55.
253 5580 474 5649 (Aec).,
505 5591 674 5632 serm.
710 5575 856 5645 186).
879 5573 1011 5637 Quae
1043 5588 1173 5627 vere
1203 5585 1433 5641 semper
1461 5570 1716 5624 creditur

88 5663 243 5737 virgo,
274 5666 419 5739 quia
448 5664 539 5721 vel
571 5664 622 5720 si
655 5662 902 5719 Domino
930 5664 1206 5718 nascente
1246 5663 1716 5729 corrumperetur

1813 3373 1995 3414 semen
2026 3365 2181 3412 tuum
2205 3358 2346 3413 sicut
2389 3357 2574 3413 stellas
2618 3358 2742 3413 cwli
2771 3358 2960 3429 (Exod.
2991 3375 3164 3425 xxxn,
3200 3360 3306 3427 13).
3346 3359 3459 3413 Nec

1815 3446 2204 3501 dubitandum
2220 3450 2307 3502 est
2319 3445 2577 3501 ﬁdelium
2592 3446 2901 3519 petitiones
2913 3464 2946 3502 a
2963 3447 3270 3519 spiritibus
3275 3447 3461 3519 justo-

1816 3552 1947 3590 rum
1960 3533 2262 3607 sciri,quia
2279 3534 2378 3607 qui
2398 3533 2559 3591 intus
2576 3535 2996 3608 omnipotentis
3016 3536 3117 3592 Dei
3136 3536 3461 3592 claritatem

1813 3622 2198 3695 vident,nullo
2230 3624 2402 3679 modo
2436 3625 2790 3681 credendum
2821 3630 2910 3681 est
2940 3625 3079 3697 quia
3106 3625 3184 3681 sit
3202 3625 3340 3680 foris
3359 3624 3463 3680 ali-

1817 3710 1957 3783 quid
1988 3712 2143 3783 quod
2176 3710 2734 3784 ignorent.Postulat
2749 3730 2884 3786 ergo
2912 3712 3166 3769 Ecclesia
3185 3713 3465 3786 suffragia

1816 3802 2153 3855 sanctorum
2186 3805 2534 3873 martyrum,
2570 3818 2676 3856 nec
2728 3806 2925 3857 tamen
2964 3801 3136 3874 erigit
3165 3802 3373 3858 altaria
3403 3803 3463 3857 in

1816 3888 2034 3960 quibus
2056 3888 2386 3944 sacrificent
2406 3890 2894 3961 martyribus,sed
2913 3891 3015 3945 uni
3035 3891 3151 3946 Deo
3174 3894 3230 3946 et
3247 3895 3463 3963 marty-

1815 3993 1949 4033 rum
1970 3981 2028 4033 et
2045 3981 2263 4032 nostro.
2297 3979 2488 4045 (AUG.,
2520 3978 2726 4035 deCiv.
2760 3980 2875 4045 Dei,
2909 3979 2949 4033 l.
2982 3996 3117 4044 χχιι,
3152 3996 3201 4033 c.
3238 3980 3348 4048 10).
3382 3980 3466 4033 Ad

1818 4066 1971 4138 quod
2003 4064 2539 4121 sacriﬁciumsicut
2554 4065 2823 4122 homines
2843 4066 3073 4137 Dei,qui
3103 4066 3465 4121 mundumin

1817 4154 1945 4225 ejus
1976 4151 2343 4208 confessione
2369 4152 2653 4219 vicerunt,
2678 4170 2786 4209 suo
2818 4154 2943 4210 loco
2973 4159 3029 4210 et
3060 4153 3262 4209 ordine
3285 4155 3467 4209 nomi-

1818 4246 2054 4308 nantur,
2088 4257 2202 4296 non
2234 4245 2428 4297 tamen
2462 4258 2497 4297 a
2526 4242 2823 4298 sacerdote
2854 4242 2952 4314 qui
2987 4241 3274 4298 sacriﬁcat
3296 4242 3462 4298 invo-

1817 4335 2044 4387 cantur.
2060 4330 2176 4386 Deo
2207 4328 2439 4403 quippe,
2455 4348 2569 4387 non
2602 4331 2747 4403 ipsis
2777 4331 3085 4398 sacriﬁcat,
3104 4331 3371 4403 quamvis
3401 4332 3462 4387 in

1816 4418 2120 4475 memoriis
2151 4418 2439 4475 sacriﬁcet
2464 4436 2687 4489 eorum,
2723 4419 2861 4492 quia
2890 4420 3006 4476 Deo
3048 4420 3321 4476 sacerdos
3351 4423 3459 4488 est,

1816 4525 1932 4565 non
1964 4507 2219 4564 illorum.
2256 4509 2455 4580 Ipsum
2501 4525 2635 4564 vero
2683 4508 3037 4565 sacriﬁcium
3089 4513 3177 4565 est
3224 4508 3460 4575 Christi,

1738 4618 1784 4682 Β
1817 4597 1973 4669 quod
2006 4614 2122 4652 non
2150 4597 2390 4652 offertur
2418 4596 2733 4669 ipsis,quia
2762 4597 2871 4653 hoc
2903 4601 3042 4653 sunt
3057 4596 3464 4670 etipsi.Sequi-

1819 4691 1915 4741 tur
1945 4686 2001 4740 in
2035 4686 2313 4757 mysterio
2348 4702 2361 4741 :

1887 4773 1978 4827 58.
2012 4774 2161 4827 Hanc
2192 4774 2364 4844 igitur
2390 4775 2721 4831 oblationem
2748 4777 3026 4831 servitutis
3073 4781 3292 4839 nostrae,
3328 4776 3461 4837 ete.,

1817 4877 2006 4932 usque
2061 4867 2172 4917 Per
2222 4861 2501 4918 Christum
2543 4865 2838 4919 Dominum
2883 4872 3153 4919 nostrum.
3185 4862 3252 4915 Et
3280 4860 3339 4914 in
3371 4860 3466 4915 his

1816 4950 2009 5006 verbis
2030 4950 2231 5006 unitas
2261 4950 2528 5007 Ecclesia:
2559 4952 2857 5008 offerentis
2877 4948 3464 5020 ostenditur,quando

1816 5038 1877 5094 in
1910 5038 2010 5094 illa
2037 5043 2408 5095 sacrosancta
2438 5037 3076 5105 oblationecommunis
3094 5037 3343 5093 servitus
3364 5052 3466 5092 ex-

1818 5127 2052 5183 hibetur
2071 5127 2187 5183 Deo
2204 5132 2324 5182 tam
2344 5144 2378 5182 a
2395 5127 2795 5183 sacerdotibus
2813 5144 2987 5199 quam
3009 5143 3043 5181 a
3060 5129 3271 5181 cuncta
3291 5126 3465 5182 fami-

1820 5216 1899 5271 lia
1915 5216 2126 5272 domus
2142 5216 2265 5271 Dei.
2291 5216 2472 5287 (Ibid,
2498 5215 2599 5271 lib.
2622 5234 2677 5283 x,
2702 5233 2828 5288 cap.
2857 5215 2967 5284 19).
2992 5215 3120 5269 Haec
3151 5218 3347 5271 autem
3380 5219 3470 5270 est

1822 5304 2073 5362 servitus
2105 5322 2232 5376 quae
2264 5303 2408 5358 nulli
2432 5304 2530 5358 alii
2562 5304 2938 5371 debetur,nec
2967 5302 3191 5358 sanctis
3220 5303 3464 5376 angelis,

1822 5410 1928 5450 nec
1958 5394 2177 5449 sanctis
2209 5392 2541 5463 animabus,
2574 5392 2688 5447 nisi
2718 5392 2819 5446 uni
2851 5393 2966 5447 Deo
2995 5392 3122 5447 vivo
3151 5396 3208 5447 et
3236 5393 3469 5459 vero,de

1823 5499 1938 5554 quo
1970 5481 2136 5537 nobis
2168 5479 2503 5551 praecipitur
2527 5499 2539 5535 :
2563 5482 2855 5536 Dominum
2891 5483 3060 5536 Deum
3088 5489 3245 5536 tuum
3272 5482 3468 5536 adora-

1824 5572 1926 5636 bis,
1957 5570 2127 5625 etilli
2160 5568 2265 5624 soli
2301 5569 2504 5623 servies
2532 5569 2739 5637 (Matth.
2774 5586 2848 5636 IV,
2880 5572 2988 5639 10).
3024 5570 3141 5627 Etsi
3189 5571 3345 5625 enim
3398 5571 3470 5625 ab

1822 5658 2059 5713 homine
2087 5657 2165 5712 sit
2196 5653 2282 5709 vel
2305 5653 2770 5727 oﬂ‘ertur,tamen
2788 5659 3142 5716 sacriﬁcium
3166 5675 3261 5715 res
3280 5658 3474 5714 divina
