3896 6208
125 314 202 381 8T
1321 321 1424 385 DE
1465 319 1994 385 EXPOSITIONE
2037 319 2321 384 MISS/E.
3444 319 3535 383 58·

124 451 454 511 οιζςείιιιάἰηίδ
482 453 830 514 obumbratio
863 457 994 530 (Jac.
1028 474 1070 524 ι,
1103 457 1208 525 47).
1236 457 1306 513 Et
1334 457 1540 513 beatus
1590 457 1762 513 Joan-
1794 455 1852 523 Α
1878 472 2051 529 neque
2078 457 2305 512 initium
2322 456 2537 513 dierum
2555 473 2728 530 neque
2756 456 2922 529 ﬁnem
2950 455 3524 526 habens,assimilatus

127 559 222 598 nes
248 546 501 599 testatur
534 562 549 600 :
590 546 854 614 Quoniam
879 552 1025 603 Deus
1055 548 1157 602 tua:
1183 554 1344 614 est,et
1370 548 1607 603 tenebar
1628 547 1687 600 in
1707 562 1767 601 eo

126 648 225 689 non
252 640 381 688 sunt
406 633 544 689 ullae
574 635 625 707 (Ι
646 637 800 692 Joan.
835 653 875 703 ι,
907 635 980 707 5).
1017 635 1126 690 Sed
1161 634 1258 707 qui
1298 652 1529 705 semper
1578 634 1635 689 in
1676 634 1764 689 lu-

129 721 274 775 mine
303 725 414 786 est,
449 725 596 779 tunc
627 741 802 796 super
832 741 938 779 nos
971 728 1301 789 serenat,ae
1332 723 1627 778 illuminat
1649 723 1769 777 vul-

127 815 244 865 tum
265 826 440 865 suum
455 813 695 883 quando
707 812 959 868 declarat
977 830 1152 884 super
1165 829 1268 867 nos
1283 812 1765 881 misericordiam,

126 898 272 954 sicut
300 898 359 953 in
392 899 626 970 psalmo
656 905 887 957 orantes
917 901 1166 956 dicimus
1198 918 1212 956 :
1245 902 1525 957 llluminet
1557 902 1771 957 vultum

122 1003 281 1041 suum
308 1004 476 1059 super
502 1005 620 1057 nos,
652 999 704 1045 et
731 992 1058 1046 misereatur
1097 992 1274 1045 nostri
1307 990 1476 1062 (Psal.
1513 1008 1658 1055 LXVI,
1689 994 1766 1057 2).

126 1076 282 1132 Sicut
309 1093 340 1132 e
369 1078 665 1134 contrario
695 1079 766 1134 de
795 1079 1277 1151 quibusdam,qui
1300 1081 1428 1150 ejus
1450 1079 1773 1135 misericor-

126 1164 218 1220 dia
236 1164 466 1239 indigni
489 1170 647 1233 sunt,
672 1167 795 1239 ipse
816 1168 959 1222 dicit
982 1183 995 1223 :
1023 1168 1357 1224 Abscondam
1384 1170 1582 1237 faciem
1595 1186 1772 1223 meam

125 1255 188 1309 ab
214 1255 294 1309 eis
324 1255 508 1326 (Deut.
542 1273 695 1323 xxx1,
716 1257 824 1324 l7).
839 1257 908 1311 Et
936 1256 1145 1312 iterum
1177 1256 1391 1329 quibus
1424 1274 1486 1313 se
1518 1256 1769 1330 placabi-

127 1341 234 1399 lem
264 1344 801 1416 praabet,promittit
824 1344 1025 1401 dicens
1048 1349 1065 1399 :‘
1088 1347 1150 1401 Et
1178 1362 1284 1401 non
1315 1354 1558 1402 avertam
1575 1348 1773 1418 faciem

126 1448 293 1488 meam
324 1449 360 1488 a
389 1434 543 1489 vobis
573 1435 798 1503 (Jerem.
832 1434 1225 1505 m,12).Unde
1255 1438 1312 1490 et
1342 1435 1549 1491 beatus
1570 1434 1772 1491 Daniel

125 1520 250 1577 istis
281 1520 432 1593 ipsis
477 1522 668 1578 verbis
715 1525 934 1588 exorat,
966 1522 1166 1579 dicens
1199 1524 1477 1593 :Exaudi,
1522 1527 1769 1591 Domine,

123 1626 299 1682 preces
325 1613 478 1666 servi
503 1613 603 1680 tui,
630 1613 891 1667 illumina
918 1615 1120 1684 faciem
1139 1619 1291 1669 tuam
1316 1631 1483 1685 super
1510 1621 1772 1669 sanctua-

129 1702 270 1754 rium
300 1708 479 1764 tuum,
494 1708 546 1755 et
570 1702 842 1772 propitius
872 1701 1091 1756 intende
1117 1700 1391 1773 populum
1422 1705 1777 1774 istum,super

124 1803 276 1861 quem
301 1789 614 1845 invocatum
639 1798 719 1845 est
745 1806 939 1845 nomen
969 1798 1126 1845 tuum
1154 1793 1315 1858 (Dan.
1349 1808 1427 1857 1x,
1452 1792 1774 1862 l7).Neque
1807 1829 1852 1893 Β

127 1877 274 1934 enim
308 1878 467 1934 Deus
494 1878 754 1934 humana
784 1880 973 1935 forma
998 1880 1202 1935 faciem
1236 1886 1339 1935 aut
1355 1880 1580 1935 vultum
1604 1881 1777 1935 babe-

126 1983 184 2022 re
210 1968 510 2039 putandus
531 1972 649 2041 est;
672 1967 830 2041 quia,
848 1973 912 2023 ut
932 1968 1217 2024 Dominus
1246 1968 1305 2024 in
1328 1969 1638 2042 Evangelia
1657 1970 1736 2024 ait
1760 1986 1772 2023 :

128 2057 363 2127 Spiritus
392 2065 475 2112 est
504 2058 664 2123 Deus,
693 2065 744 2112 et
771 2073 858 2113 eos
879 2059 977 2128 qui
1003 2057 1235 2113 adorant
1263 2074 1407 2124 eum,
1424 2060 1482 2113 in
1510 2060 1713 2131 spiritu
1728 2066 1779 2114 et

126 2147 345 2201 veritate
374 2153 580 2218 oportet
623 2145 856 2203 adorare
886 2147 1059 2218 (Joan.
1090 2163 1166 2215 Ix,
1197 2148 1309 2215 24).
1341 2148 1447 2203 Sed
1499 2148 1675 2203 facies
1723 2150 1781 2202 et

128 2233 320 2290 vultus
342 2234 449 2290 Dei
482 2234 791 2307 praesentia
820 2237 948 2305 ejus
980 2241 1089 2290 est.
1116 2235 1265 2301 Quid
1296 2240 1383 2292 est
1412 2237 1569 2291 enim
1601 2237 1779 2292 l’acies

131 2323 227 2379 Dei
256 2340 439 2395 super
460 2341 565 2379 nos
594 2323 945 2391 illuminata,
979 2324 1091 2380 nisi
1124 2325 1433 2397 praesentia
1463 2324 1775 2393 declarata,

132 2429 257 2467 cum
291 2413 761 2469 misericordiam
781 2418 838 2469 et
860 2413 1184 2469 bonitatem
1214 2414 1401 2486 ipsius
1433 2418 1778 2486 praesentem

132 2500 295 2556 nobis
324 2504 534 2557 adesse
565 2501 893 2558 sentimus?
924 2501 1016 2558 Sic
1041 2506 1098 2557 et
1129 2501 1414 2575 respicere
1442 2504 1540 2559 Dei
1580 2503 1777 2559 visita-

132 2589 207 2646 tio
239 2589 477 2662 pietatis
505 2591 635 2661 ejus
664 2595 774 2657 est,
809 2590 958 2647 sicut
990 2591 1049 2645 in
1080 2590 1307 2663 psalmo
1356 2597 1588 2648 orantes
1635 2593 1779 2648 dlci—

134 2696 262 2734 mus
293 2695 307 2733 :
349 2683 498 2734 Deus
521 2682 804 2747 virtutum,
836 2689 1083 2736 converte
1108 2697 1226 2747 nos,
1251 2682 1456 2752 respice
1482 2682 1547 2737 de
1575 2683 1780 2747 ccelo,et

132 2766 269 2835 vide,
298 2776 350 2823 et
379 2770 548 2823 visita
574 2769 793 2824 vineam
823 2769 986 2823 istam
1015 2768 1180 2839 (Psal.
1218 2787 1402 2836 LXXIX,
1429 2770 1537 2841 15).
1571 2770 1782 2825 Oratur

134 2856 325 2929 itaque
355 2857 732 2929 omnipotens
762 2857 935 2924 Deus,
970 2861 1036 2912 ut
1064 2856 1366 2928 placabilis
1396 2875 1462 2914 ac
1493 2859 1781 2931 propitius

137 2945 340 3013 factus,
371 2963 582 3002 sereno
609 2944 796 3013 vultu,
830 2946 889 3000 id
918 2950 1009 3001 est
1053 2946 1348 3002 declarata
1397 2948 1675 3003 bonitatis
1725 2953 1783 3003 et

138 3036 369 3108 pietatis
400 3052 522 3091 suae
557 3035 1160 3107 presentiamespiciat
1187 3036 1496 3110 dignanter
1517 3037 1783 3093 Ecclesiae

138 3141 251 3181 suae
282 3130 619 3192 munera,et
648 3128 883 3196 accepta
911 3129 968 3179 et
998 3125 1364 3197 beneplacita
1394 3126 1786 3193 habeat,sieut

1871 562 1971 617 per
1998 548 2186 601 omnia
2217 548 2355 601 Filio
2386 548 2501 609 Dei,
2526 549 2625 618 qui
2668 555 2848 603 manet
2889 547 3138 603 sacerdos
3168 549 3229 603 in
3255 555 3526 604 aeternum

1874 636 2418 707 (llebr.v1,3).0uod
2450 652 2583 691 vero
2618 641 2750 708 post
2781 635 2900 691 haec
2923 635 3121 692 omnia
3146 636 3527 711 subjungitur

1874 731 2119 780 sanetum
2147 726 2503 796 sacriﬁcium,
2538 726 2950 781 immaculatum
2980 726 3230 793 hostium,
3256 726 3327 781 ad
3359 743 3526 799 supe-

1878 814 2031 868 riora
2060 814 2425 869 referendum
2450 830 2577 869 esse
2606 814 2851 881 videtur,
2877 813 2974 869 ubi
3008 814 3230 870 dictum
3255 819 3345 871 est
3376 832 3389 869 :
3422 819 3527 872 Su-

1872 919 1973 974 per
2000 918 2125 973 quze
2152 905 2386 974 propitio
2413 920 2477 958 ac
2520 919 2708 959 sereno
2750 904 2905 959 vultu
2952 905 3215 975 respicere
3261 904 3523 974 digneris,

1878 995 1943 1045 ut
1972 991 2044 1045 ad
2074 990 2479 1062 complendum
2511 991 2848 1063 petitionem
2881 992 3263 1063 subjunctum
3296 992 3387 1051 sit.
3412 993 3528 1049 Hoc

1878 1083 2073 1135 autem
2106 1083 2289 1134 totum
2322 1086 2593 1135 exoratur
2623 1080 2996 1151 omnipotens
3032 1082 3281 1149 Deus,ut
3311 1081 3529 1138 sacriﬁ-

1878 1169 2036 1224 cium
2068 1167 2334 1223 Ecclesiae
2374 1168 2457 1223 ita
2486 1172 2786 1239 acceptum
2820 1168 3051 1238 habeat,
3076 1173 3140 1224 ut
3172 1170 3527 1227 sacriﬁcium

1871 1255 2019 1328 justi
2049 1254 2210 1322 Abel,
2244 1259 2300 1309 et
2329 1255 2670 1327 patriarcha:
2703 1255 2968 1323 Abrahaa,
3002 1260 3059 1311 et
3088 1258 3306 1313 summi
3336 1276 3529 1315 sacer-

1880 1344 2032 1400 dotis
2066 1343 2522 1411 Melchisedech;
2556 1344 2695 1416 quia
2724 1348 2782 1399 et
2808 1344 2867 1399 in
2898 1344 3016 1400 illis
3059 1346 3316 1419 antiquis
3344 1348 3531 1403 sacri-

1880 1433 2028 1488 ﬁciis
2054 1432 2245 1505 imago
2276 1437 2400 1488 erat
2422 1432 2599 1497 huius
2628 1431 2746 1488 veri
2780 1432 3070 1501 sacriﬁcii,
3104 1438 3161 1489 et
3189 1434 3298 1491 hoc
3332 1435 3529 1509 ipsum

1881 1521 1983 1577 uni
2014 1523 2130 1577 Deo
2163 1521 2384 1577 auctori
2416 1521 2723 1593 utriusque
2752 1522 3107 1578 Testamenti
3139 1528 3194 1580 et
3223 1523 3532 1597 utriusque

1882 1610 2150 1667 sacriﬁcii
2183 1610 2622 1665 ordinatissima
2640 1614 2969 1683 temporum
2989 1611 3371 1684 dispositione
3392 1617 3534 1670 tunc

1881 1700 2148 1772 placebat
2177 1699 2237 1755 in
2269 1698 2736 1772 praeﬁguratione
2765 1703 3023 1754 venturas
3064 1700 3346 1771 veritatis,
3377 1703 3533 1775 quod

1884 1794 1939 1845 et
1969 1806 2127 1844 nunc
2158 1788 2348 1860 placet
2376 1788 2434 1843 in
2466 1788 2890 1860 'adimpletione
2937 1789 3202 1861 ejusdem
3250 1789 3532 1846 veritatis.

1885 1880 2031 1935 Nam
2084 1884 2142 1934 et
2190 1878 2246 1933 in
2293 1878 2578 1933 sacriﬁcio
2625 1877 2786 1943 Abel,
2819 1878 2974 1950 quod
3007 1879 3077 1933 de
3126 1878 3536 1953 primogenitis

1886 1967 2080 2024 ovium
2112 1972 2169 2023 et
2199 1966 2471 2039 adipibus
2501 1983 2701 2021 earum
2748 1966 3034 2034 oblatum,
3065 1967 3352 2025 sacriﬁcio
3396 1969 3536 2025 Cain

1886 2057 2039 2128 quod
2073 2073 2140 2112 ex
2170 2060 2333 2111 terrae
2367 2055 2655 2110 fructibus
2687 2055 3055 2121 offerebatur,
3089 2056 3393 2129 praelatum
3425 2063 3534 2128 est,

1886 2144 2025 2201 Novi
2048 2143 2403 2201 Testamenti
2430 2145 2571 2199 ﬁdes
2590 2144 3094 2217 prmﬁgurabatur,
3119 2162 3236 2217 qua
3256 2146 3538 2202 innocen-

1887 2233 1966 2289 tia
1986 2235 2184 2307 gratiae
2204 2234 2386 2289 Deum
2408 2233 2677 2301 laudans,
2700 2234 2921 2289 Veteris
2942 2234 3296 2290 Testamenti
3320 2236 3535 2291 terreni

1887 2323 2160 2395 operibus
2192 2322 2584 2394 anteponitur,
2603 2326 2658 2376 et
2678 2322 2737 2376 in
2768 2321 3169 2378 immolatione
3202 2323 3359 2380 unici
3381 2328 3438 2380 et
3458 2323 3542 2380 di-

1886 2412 2019 2468 lecti
2057 2411 2155 2466 ﬁlii
2190 2411 2433 2467 Abrahae
2456 2410 2780 2465 immolatio
2810 2411 2939 2482 ejus
2961 2412 3543 2484 prmﬁgurabatur,de

1889 2518 2003 2574 quo
2033 2501 2174 2556 dicit
2195 2501 2364 2556 Pater
2395 2516 2408 2554 :
2444 2502 2539 2555 Htc
2558 2506 2639 2555 est
2666 2501 2842 2555 Filius
2866 2516 3017 2555 meus
3048 2500 3292 2566 dilectus,
3328 2503 3386 2557 in
3434 2518 3541 2575 quo

1885 2592 2029 2646 mihi
2059 2591 2189 2646 bene
2218 2590 2542 2662 complacui.
2578 2588 2785 2660 [Matt/i.
2820 2604 2958 2657 xvn,
2982 2591 3060 2658 5).
3094 2589 3257 2646 Unde
3289 2589 3371 2646 ait
3399 2593 3544 2664 Apo-

1889 2679 2076 2735 stolus
2110 2696 2123 2734 :
2163 2681 2270 2748 Qui
2293 2681 2520 2750 proprio
2551 2678 2691 2734 Filio
2736 2694 2834 2733 suo
2880 2695 2992 2734 non
3034 2681 3293 2750 pepercit,
3324 2679 3417 2735 sed
3441 2697 3543 2752 pro

1887 2769 2044 2824 nobis
2068 2770 2320 2823 omnibus
2351 2766 2578 2823 tradidit
2610 2767 2772 2821 illum
2800 2767 2972 2838 (Rom.
2996 2784 3116 2835 VIII,
3136 2767 3249 2836 32).
3268 2767 3337 2823 Et
3367 2769 3545 2824 sacri-

1890 2857 2089 2912 ﬁcium
2112 2854 2535 2912 Melchisedech
2556 2859 2675 2910 tam
2692 2871 2826 2910 vera
2856 2859 2980 2910 erat
3000 2856 3351 2927 signiﬁcatio
3369 2856 3544 2913 sacri-

1890 2946 2005 3001 ﬁcii
2039 2945 2273 3012 Christi,
2310 2949 2373 2999 ut
2400 2944 2536 2999 inde
2566 2944 2905 3016 pradictum
2939 2944 3018 2999 sit
3050 2961 3062 2999 :
3101 2950 3185 3001 Tu
3213 2961 3269 3000 es
3296 2945 3546 3002 sacerdos

1892 3038 1953 3091 in
1974 3043 2239 3093 aeternum
2269 3034 2564 3089 secundum
2592 3033 2840 3089 ordinem
2859 3033 3236 3089 Melchisedech
3252 3034 3543 3107 (Psal.c1x,

1894 3126 1967 3196 4).
2001 3123 2280 3196 Sequitur
2309 3122 2367 3177 in
2401 3121 2676 3194 mysterio
2709 3138 2722 3176 :

144 3230 389 3269 munera
420 3212 587 3286 pueri
618 3212 707 3267 sui
732 3212 881 3283 justi
912 3213 1072 3279 Abel,
1103 3214 1273 3285 cujus
1305 3215 1451 3270 ﬁdes
1480 3219 1536 3269 et
1556 3215 1792 3287 justitia
1820 3200 1862 3264 C
1964 3215 2053 3267 66.
2083 3212 2369 3284 Supplices
2427 3220 2476 3265 te
2528 3227 2804 3282 rogamus,
2837 3212 3176 3283 omnipotens
3232 3212 3389 3281 Deus,
3433 3216 3544 3269 etc.

137 3307 190 3357 et
219 3301 539 3358 oblationis
567 3302 824 3374 acceptio
854 3305 913 3356 et
942 3301 1002 3355 in
1034 3301 1160 3374 lege
1202 3304 1377 3358 veteri
1418 3307 1786 3360 commenda-

140 3394 249 3457 tur,
284 3390 386 3445 ubi
419 3388 709 3461 scriptum
734 3392 823 3444 est
852 3388 879 3443 ?
908 3390 973 3443 Et
1014 3392 1251 3461 respexit
1296 3392 1435 3446 Deus
1475 3391 1545 3446 ad
1575 3393 1708 3447 Abel
1738 3400 1788 3447 et

138 3480 203 3534 ad
230 3495 470 3534 munera
496 3478 613 3550 ejus
632 3481 790 3546 (Gen.
826 3478 997 3548 mli);
1032 3482 1089 3533 et
1118 3478 1176 3533 in
1210 3479 1516 3553 Evangelio
1550 3497 1562 3534 :
1597 3482 1635 3536 Λ
1667 3498 1788 3536 san-

136 3569 298 3635 guine
325 3569 460 3624 Abel
477 3567 616 3638 justi
644 3566 851 3634 (Matth.
874 3567 1146 3638 xxn,35);
1183 3570 1240 3622 et
1268 3567 1325 3621 in
1358 3568 1652 3640 Apostolo,
1689 3570 1790 3624 ubi

138 3655 339 3711 scribit
372 3672 386 3709 :
420 3653 551 3709 Fide
572 3654 879 3726 plurimam
898 3654 1132 3736 ILostiam
1149 3655 1279 3709 Abel
1301 3671 1465 3726 quam
1488 3657 1623 3711 Cain
1643 3658 1787 3713 obtu-

139 3744 199 3797 lit
227 3745 352 3806 Deo,
368 3759 469 3815 per
493 3759 660 3814 quam
689 3744 1062 3799 testimonium
1088 3751 1401 3798 consecutus
1429 3753 1507 3800 est
1534 3762 1647 3802 esse
1666 3747 1789 3817 jus-

142 3840 221 3887 tus
242 3834 445 3901 (Hebr,
463 3849 544 3897 x1,
578 3834 652 3901 4),
677 3849 805 3904 quae
839 3848 954 3887 non
981 3835 1166 3898 aetate,
1200 3833 1300 3888 sed
1333 3832 1706 3905 simplicitate
1735 3838 1793 3891 et

144 3920 571 3993 puritate,puer
597 3920 699 3976 Dei
729 3919 1077 3992 appellatur.
1106 3920 1264 3976 Sicut
1288 3920 1464 3977 etiam
1498 3924 1567 3979 de
1594 3924 1790 3991 David,

147 4009 239 4081 qui
293 4013 572 4066 mortuus
621 4013 711 4065 est
759 4025 957 4075 senex,
988 4008 1048 4064 in
1079 4009 1386 4082 Evangelio
1435 4011 1651 4067 dicitur
1681 4029 1695 4067 :
1728 4014 1793 4068 In

143 4096 292 4155 domo
334 4097 511 4154 David
552 4099 715 4170 pueri
754 4099 846 4153 sui
873 4099 1025 4166 (Luc.
1062 4115 1097 4163 ι,
1127 4098 1241 4165 69).
1276 4099 1363 4164 Et,
1395 4100 1537 4156 sicut
1578 4103 1790 4172 sacriﬁ-

144 4186 886 4259 cium,inquit,patriarchte
915 4189 1093 4242 nostri
1126 4187 1386 4244 Abrahae.
1404 4187 1613 4261 Utique
1634 4192 1788 4262 quod

147 4276 499 4332 sacriﬁcium
531 4276 591 4331 in
624 4275 976 4331 oblationem
1010 4275 1294 4348 unigeniti
1320 4275 1425 4330 ﬁlii
1458 4277 1617 4334 Isaac
1654 4280 1790 4335 olfe-

146 4380 271 4421 rens
300 4382 439 4421 cum
470 4365 588 4421 Deo
611 4364 1212 4435 holocaustum,quod
1241 4364 1323 4419 ita
1352 4371 1652 4438 acceptum
1685 4366 1795 4423 fuit

148 4458 205 4509 ut
230 4458 560 4511 mereretur
586 4453 790 4509 audire
822 4470 835 4508 :
864 4458 972 4508 Per
998 4455 1373 4525 memetipsum
1409 4455 1623 4526 juravi,
1651 4457 1794 4512 dicit

146 4542 572 4614 Dmninus,quia
593 4544 776 4614 fecisti
802 4558 920 4597 rem
944 4543 1104 4609 hanc,
1133 4551 1185 4597 et
1216 4559 1323 4598 non
1353 4546 1644 4614 pepercisti
1662 4547 1792 4600 uni-

144 4634 313 4701 genito
338 4641 438 4687 tuo
460 4639 682 4704 propter
706 4648 813 4702 me,
847 4630 1161 4686 benedicam
1191 4632 1296 4686 tibi
1324 4631 1474 4704 (Gen.
1508 4651 1644 4702 XXII,
1676 4634 1788 4703 42),

146 4720 369 4784 etc.Qui
401 4720 644 4793 quidem
665 4719 999 4792 patriarcha
1031 4736 1147 4775 non
1179 4724 1408 4776 tantum
1440 4726 1530 4778 est
1560 4722 1792 4779 Israeli-

144 4806 261 4864 ticae
303 4808 497 4881 plebis
544 4808 869 4864 secundum
919 4824 1177 4874 carnem,
1210 4809 1312 4864 sed
1362 4810 1539 4866 etiam
1581 4816 1791 4867 nostra:

146 4898 470 4954 secundum
504 4897 698 4953 ﬁdem.
739 4897 1094 4969 Adjungitur
1142 4897 1332 4953 adhuc
1367 4914 1380 4954 :
1412 4900 1478 4954 Et
1525 4900 1666 4972 quod
1691 4902 1793 4957 tibi

147 4986 335 5041 obtulit
381 5002 630 5041 summus
681 4985 930 5042 sacerdos
968 4992 1091 5041 tuus
1118 4986 1523 5054 Melchisedech,
1557 4989 1628 5043 de
1676 5006 1791 5061 quo

139 5066 452 5132 manifeste
481 5075 771 5146 scriptum
801 5074 946 5130 dicit
977 5091 991 5130 :
1024 5077 1100 5130 Et
1130 5075 1523 5133 Melchisedech
1554 5095 1652 5133 rea:
1688 5079 1790 5135 Sa-

149 5162 245 5217 lem
267 5164 510 5235 protulit
532 5179 704 5235 panes
733 5170 784 5219 et
810 5165 1021 5218 vinum.
1053 5164 1186 5219 Erat
1210 5166 1360 5219 enim
1403 5166 1651 5222 sacerdos
1698 5169 1795 5223 Dei

148 5251 419 5319 altissimi,
450 5260 506 5308 et
529 5251 809 5308 bencth
836 5252 1113 5308 Abraham
1140 5252 1293 5320 (Gen.
1326 5270 1443 5322 xxv,
1479 5256 1587 5326 18),
1622 5258 1793 5328 cujus

150 5341 535 5397 sacerdotium
565 5344 626 5396 et
653 5339 1007 5397 sacriﬁcium
1040 5343 1268 5394 tantum
1289 5342 1793 5414 magniﬁcatur,ut

151 5427 296 5485 dicat
319 5429 393 5485 de
421 5445 490 5485 eo
511 5428 822 5501 Apostolus
844 5445 856 5482 :
875 5429 1129 5484 Primum
1156 5429 1375 5499 quidem
1392 5432 1788 5499 Melchisedech,

151 5519 237 5587 qui
264 5520 661 5591 mterpretatur
690 5517 1058 5589 rexjustitiw,
1088 5516 1282 5574 deinde
1298 5536 1399 5575 rea:
1426 5520 1628 5591 Salem,
1652 5522 1794 5593 quod

151 5614 220 5661 est
238 5623 337 5665 rex
362 5610 541 5680 pacis,
573 5610 695 5663 sine
715 5614 897 5679 patre,
927 5607 1047 5663 sine
1091 5613 1284 5674 matre,
1314 5611 1434 5665 sine
1452 5610 1789 5680 genealogia,

1899 3302 2026 3357 Huic
2056 3301 2231 3357 verba
2260 3299 2523 3372 mysterii
2554 3303 2676 3354 tam
2711 3299 3149 3371 profunda,tam
3170 3300 3321 3355 mira
3341 3305 3397 3357 et
3421 3306 3547 3357 stu-

1896 3391 2086 3464 penda
2098 3389 2232 3462 quis
2254 3389 2743 3461 comprehendere
2761 3389 3018 3444 sufﬁciat
3034 3390 3199 3461 i’quis
3217 3389 3352 3446 inde
3373 3390 3548 3464 digne

1897 3480 2119 3552 aliquld
2152 3478 2462 3550 loquatur?
2483 3476 2673 3550 magis
2694 3478 3026 3533 veneranda
3056 3483 3194 3534 sunt
3209 3484 3266 3534 et
3288 3481 3550 3552 pavenda

1898 3586 2075 3641 quam
2129 3568 2516 3623 discutienda.
2552 3567 2762 3622 Beatus
2811 3570 3007 3623 tamen
3058 3567 3392 3641 Gregorius,
3423 3568 3550 3626 ido-

1899 3674 2046 3713 neus
2077 3655 2224 3710 tanti
2255 3654 2514 3728 mysterii
2549 3654 2857 3726 interpres,
2890 3655 2948 3710 in
2982 3656 3236 3728 quodam
3268 3656 3394 3713 loco
3441 3657 3549 3713 ali-

1899 3747 2039 3819 quid
2058 3747 2128 3801 de
2148 3745 2222 3801 iis
2241 3750 2519 3817 tanquam
2543 3745 2613 3799 de
2635 3761 2695 3800 re
2717 3744 2997 3801 ineli‘abili
3018 3762 3164 3817 pene
3180 3745 3552 3803 ineﬁ‘abiliter

1899 3837 2162 3909 loquitur
2185 3836 2413 3904 (Gai-36.,
2439 3834 2478 3889 l.
2512 3852 2568 3889 IV
2594 3835 2833 3905 Dialog.,
2866 3836 2977 3906 60).
3011 3834 3149 3900 Quis
3203 3836 3360 3891 enim
3408 3835 3550 3891 ﬁde-

1897 3925 2066 3992 lium,
2103 3924 2310 3996 inquit,
2345 3923 2556 3978 habere
2589 3922 2835 3977 dubium
2864 3922 3069 3995 possit,
3096 3923 3155 3977 in
3190 3924 3318 3995 ipsa
3347 3924 3553 3980 immo-

1900 4013 2136 4070 lationis
2165 4012 2309 4067 hora
2339 4012 2409 4065 ad
2447 4010 2767 4065 sacerdotis
2786 4026 2985 4065 vocem
3017 4010 3191 4065 cmlos
3234 4010 3468 4082 aperiri,
3490 4011 3550 4067 in

1900 4103 1999 4157 illo
2029 4102 2169 4157 Jesu
2202 4098 2416 4155 Christi
2450 4098 2724 4171 mysterio
2743 4098 3083 4171 angelorum
3103 4098 3299 4156 choris
3320 4099 3546 4168 adesse,

1901 4189 2153 4247 summis
2180 4188 2301 4243 ima
2332 4186 2781 4257 soeiari,terram
2805 4187 3138 4243 caelestibus
3161 4186 3549 4262 jungi,unum

1900 4279 2041 4353 quid
2073 4295 2141 4335 ex
2167 4277 2502 4334 visibilibus
2550 4280 2724 4348 atque
2771 4275 3166 4333 invisibilibus
3197 4276 3360 4333 ﬂeri?
3392 4277 3551 4333 Idem

1900 4369 2076 4425 etiam
2107 4368 2307 4423 doctor
2339 4366 2632 4438 quomodo
2664 4365 3066 4438 accipiendum
3101 4365 3179 4422 sit
3200 4365 3453 4423 sublime
3474 4366 3553 4423 al-

1902 4462 2025 4513 tare
2038 4456 2136 4512 Dei
2154 4457 2211 4510 in
2226 4460 2539 4527 conspectu
2562 4454 2768 4510 divina:
2792 4454 3120 4527 majestatis
3142 4456 3271 4527 ejus
3293 4456 3549 4528 quodam

1823 4566 1870 4629 ι)
1899 4547 2024 4602 loco
2056 4544 2350 4600 subtiliter
2378 4542 2651 4609 ostendit,
2676 4559 2969 4615 exponens
2998 4542 3167 4599 illum
3193 4542 3549 4600 versiculum

1900 4633 2134 4708 psalmi.
2170 4634 2489 4689 Constituite
2517 4631 2662 4688 diem
2709 4633 3002 4688 solemnem
3030 4635 3088 4688 in
3138 4635 3551 4705 confrequenta-

1899 4724 2136 4780 tionibus
2164 4737 2334 4794 usque
2361 4720 2432 4776 ad
2459 4737 2631 4777 cornu
2662 4721 2858 4777 altaris
2879 4722 3047 4794 (Psal.
3071 4722 3369 4790 cxvu,27).
3393 4721 3549 4788 Dies,

1900 4810 2407 4884 inquit,solemnis
2438 4813 2527 4865 est
2556 4809 2801 4866 Domino
2831 4809 3164 4881 conjunctio
3192 4810 3385 4865 cordis
3416 4826 3550 4866 nos-

1900 4901 2011 4969 tri;
2045 4901 2143 4955 sed
2176 4903 2317 4955 tunc
2367 4899 2424 4953 in
2476 4898 3049 4970 eonfrequentatione
3098 4897 3221 4953 dies
3271 4896 3551 4953 solemnis

1901 4987 2296 5052 constituitur,
2314 5004 2447 5042 cum
2480 4987 2539 5041 in
2567 4987 2857 5059 lacrymas
2885 4986 2980 5058 pio
3010 5001 3207 5041 amore
3234 4986 3364 5057 ejus
3397 4986 3515 5043 assi
3539 5018 3552 5029 -

1900 5078 2013 5133 due
2044 5093 2209 5132 mens
2240 5081 2522 5142 movetur,
2555 5075 2648 5130 cui
2683 5074 2841 5129 velut
2872 5073 2921 5127 si
2951 5072 3279 5130 diceremus
3314 5091 3326 5128 :
3361 5078 3553 5140 Quan-

1902 5166 2000 5221 diu
2027 5166 2141 5220 ista
2172 5164 2356 5219 acturi
2389 5162 2635 5217 sumus?
2664 5160 2928 5233 quandiu
2958 5159 3335 5219 tribulatione
3364 5162 3552 5219 affici-

1901 5254 2073 5309 mur?
2089 5252 2249 5307 Illico
2270 5251 2587 5306 terminum
2611 5266 2921 5321 quousque
2938 5249 3062 5304 ﬁeri
3084 5250 3292 5306 debeat
3308 5252 3553 5324 subjun-

1900 5342 2003 5409 xit,
2035 5341 2235 5395 dicens
2266 5356 2278 5393 :
2312 5354 2482 5409 usque
2527 5337 2597 5392 ad
2641 5353 2813 5392 cornu
2858 5339 3084 5403 altaris;
3116 5355 3297 5394 cornu
3335 5340 3551 5412 quippe

1902 5429 2103 5487 altaris
2160 5431 2250 5482 est
2294 5425 2565 5481 exultatio
2615 5425 2884 5481 sacriﬁcii
2936 5427 3249 5496 interioris,
3279 5427 3378 5484 ubi
3414 5424 3549 5484 cum

1898 5517 2249 5580 venerimus,
2274 5515 2400 5583 jam
2432 5512 2596 5568 nulla
2627 5515 2945 5572 necessitas
2981 5521 3072 5573 est
3120 5521 3186 5573 ut
3228 5517 3559 5574 solemnem

1900 5607 2054 5663 diem
2103 5601 2348 5659 Domino
2397 5602 2469 5657 de
2523 5605 2722 5657 nostra
2768 5602 3184 5661 lamentatione
3240 5605 3555 5663 faciamus;
