3896 6208
175 310 258 379 θοι
1387 313 1490 375 DE
1530 310 2053 375 EXPOSITIONE
2106 309 2386 374 MISSE.
3510 312 3591 375 62

191 466 321 523 gere
352 447 682 521 prudentiae
714 445 991 520 intelliget
1020 445 1213 503 locum
1234 444 1837 501 testamentissuisin-
1864 450 1917 512 Α
1945 461 2072 513 ergo
2102 447 2369 511 vivamus,
2403 446 2513 501 sive
2541 448 2866 513 moriamur,
2907 446 3134 503 Domini
3177 462 3368 503 sumus
3414 449 3587 517 (Rom.

192 537 504 594 terclusum
538 554 674 593 esse
705 555 807 610 pcr
834 536 1154 592 Christum.
1190 536 1296 603 Qui
1329 535 1405 591 sit
1437 535 1546 589 iste
1577 533 1834 605 quaeris?

192 626 331 684 Audi
361 626 559 699 ipsum
587 627 877 683 dicentem
913 642 924 679 :
957 626 1065 697 Ego
1083 642 1205 680 sum
1225 626 1388 697 panis
1417 625 1676 695 vitae,qui
1693 624 1838 679 venit

191 716 256 772 ad
281 731 365 772 me
386 731 500 769 non
527 717 772 783 esuriet;
805 724 855 770 et
883 716 978 786 qui
1005 713 1177 769 credit
1204 716 1259 768 in
1289 731 1374 769 me
1402 729 1512 768 non
1549 715 1697 768 sitiet
1730 729 1833 767 un-

191 821 348 877 quam
377 808 571 872 (Joan.
597 821 678 871 v1,
713 805 823 875 35).
858 825 885 854 ››
920 802 1198 875 Sequitur
1224 803 1281 857 in
1315 802 1608 874 mysterio.

256 983 342 1038 68.
375 980 638 1037 Memento
680 981 862 1049 etiam,
915 984 1163 1047 Domine,
1207 982 1551 1055 famulorum
1590 982 1834 1053 famula-

191 1088 416 1143 rumque
481 1074 732 1137 tuarum,
776 1072 873 1142 qui
920 1086 1018 1125 nos
1057 1078 1453 1142 praecesserunt
1498 1086 1623 1124 cum
1677 1071 1835 1137 signo

192 1161 483 1234 ﬁdei,etc.,
501 1177 692 1232 usque
724 1161 860 1215 lucis
889 1167 941 1216 et
963 1162 1117 1232 pacis
1148 1160 1437 1228 indulgeas
1458 1159 1832 1231 deprecamur.

192 1251 325 1307 Orat
356 1249 453 1323 pia
483 1254 673 1304 mater
705 1248 958 1304 Ecclesia
986 1249 1161 1304 etiam
1195 1265 1297 1320 pro
1345 1248 1637 1304 defunctis
1686 1248 1833 1312 suis,

192 1344 245 1396 et
267 1356 364 1395 eos
395 1356 579 1393 sacrae
627 1337 936 1393 oblationis
986 1338 1401 1393 intercessione
1441 1337 1834 1402 commendat,

197 1427 523 1485 certissime
552 1427 793 1482 credens
823 1426 963 1498 quia
991 1426 1231 1500 sanguis
1262 1425 1358 1483 ille
1392 1426 1702 1499 pretiosus,
1736 1425 1836 1498 qui

194 1535 295 1591 pro
326 1515 536 1572 multis
552 1516 773 1571 eﬁ‘usus
803 1520 893 1571 est
920 1515 980 1571 in
1010 1515 1417 1572 remissionem
1441 1520 1834 1588 peccatorum,

194 1623 303 1662 non
333 1604 530 1661 solum
562 1604 634 1659 ad
666 1602 917 1659 salutem
946 1603 1284 1671 viventium,
1318 1604 1419 1660 sed
1452 1605 1629 1661 etiam
1648 1606 1719 1660 ad
1736 1605 1836 1660 ab-

192 1692 543 1748 solutionem
556 1691 741 1748 valeat
753 1691 1185 1759 defunctorum,
1203 1693 1350 1749 sicut
1364 1694 1838 1750 beatusJoannes

191 1786 436 1838 testatur
486 1780 686 1836 dicens
721 1782 822 1837 :Et
867 1784 1097 1851 sanguis
1146 1784 1284 1838 Filii
1327 1783 1446 1854 ejus
1472 1786 1606 1839 Jesu
1638 1784 1841 1839 Christi

197 1870 454 1927 emundat
480 1886 584 1925 nos
614 1871 681 1924 ab
720 1871 873 1925 omni
912 1879 1132 1942 peccato
1164 1872 1236 1942 (Il
1260 1873 1417 1928 Joan.
1449 1889 1486 1939 ι,
1517 1874 1595 1939 7).
1633 1876 1836 1927 Proce-

199 1958 344 2015 dunt
373 1958 537 2014 enim
559 1957 758 2013 ﬁdeles
780 1958 851 2013 de
871 1975 1109 2030 corpore
1122 1964 1399 2015 exeuntes
1412 1960 1482 2015 ad
1497 1959 1835 2026 Dominum,

193 2047 289 2103 sed
320 2064 438 2101 non
468 2047 880 2119 prmeeduntur
917 2047 989 2101 ab
1032 2047 1306 2115 Ecclesia,
1340 2048 1480 2120 quia
1511 2048 1842 2121 praecedunt.

194 2151 323 2191 cum
355 2135 530 2209 signo
559 2136 689 2191 fidei
721 2140 779 2191 et
809 2135 1109 2192 dormiunt
1138 2136 1196 2191 in
1230 2154 1437 2193 somno
1468 2137 1631 2209 pacis
1658 2153 1669 2191 :
1705 2153 1838 2191 cum

195 2224 358 2299 signo
388 2225 550 2295 ﬁdei,
583 2225 723 2298 quia
772 2241 840 2280 ex
870 2243 1023 2297 aqua
1061 2229 1117 2281 et
1146 2226 1365 2298 Spiritu
1400 2232 1600 2283 sancto
1634 2228 1839 2293 renati,

196 2314 331 2386 quia
359 2313 576 2370 Christi
622 2330 792 2370 cruce
843 2319 901 2369 et
946 2315 1217 2387 passione
1265 2316 1499 2388 signati.
1534 2316 1844 2373 Dormiunt

198 2407 389 2458 autem
424 2408 709 2474 tanquam
740 2420 869 2458 vere
914 2402 971 2458 in
1020 2406 1445 2461 resurrectione
1492 2406 1839 2461 suscitandi.

197 2491 508 2547 Dormiunt
536 2508 671 2564 ergo
701 2492 761 2546 in
793 2510 999 2548 somno
1031 2495 1211 2566 pacis,
1245 2494 1383 2567 quia
1430 2495 1502 2550 ab
1536 2494 1759 2551 unitate
1790 2499 1846 2550 et

197 2581 470 2636 societate
501 2580 717 2636 Christi
745 2585 802 2637 et
834 2582 1120 2649 Ecclesiae,
1156 2600 1259 2639 nec
1301 2601 1404 2655 per
1433 2584 1702 2651 haereses,
1738 2601 1844 2639 nec

195 2687 294 2743 per
322 2670 671 2740 schismata,
706 2687 811 2725 nec
840 2688 943 2742 per
974 2672 1245 2728 mortalia
1294 2673 1540 2729 crimina
1590 2673 1841 2745 separati

196 2763 364 2815 sunt:
403 2759 463 2814 in
498 2759 715 2832 quibus
745 2762 853 2816 etsi
887 2760 1205 2834 aliquando
1239 2764 1493 2831 fuerunt,
1515 2768 1709 2818 tamen
1744 2780 1848 2836 per

198 2848 604 2920 pcenitentiam
637 2850 847 2916 sanati,
881 2856 938 2906 et
960 2867 1062 2923 per
1091 2852 1412 2908 orationem
1442 2852 1707 2909 Ecclesia:
1760 2870 1846 2908 re-

198 2937 511 3005 conciliati,
548 2941 734 3010 (AcG.)
757 2944 814 2994 et
844 2940 1205 2997 remissionis
1242 2942 1520 3014 mysterio
1562 2943 1846 3009 societati,

198 3026 395 3098 utique
428 3026 489 3082 in
519 3043 659 3098 pace
689 3027 978 3095 obierunt,
996 3030 1307 3086 miserante
1330 3030 1568 3104 illo,qui
1594 3050 1707 3086 non
1727 3031 1850 3087 vult

201 3120 449 3171 mortem
500 3117 840 3187 peccatoris,
880 3119 979 3174 sed
1032 3124 1096 3174 ut
1144 3125 1513 3176 convertatur
1570 3126 1627 3177 et
1674 3121 1846 3176 vivat.

202 3204 395 3276 Neque
428 3203 588 3259 enim
621 3205 850 3277 piorum
883 3206 1091 3262 anima:
1115 3214 1479 3264 mortuorum
1505 3214 1851 3282 separantur

205 3293 274 3349 ab
317 3293 599 3361 Ecclesia,
650 3294 909 3367 alioquin
954 3313 1059 3352 nec
1098 3298 1169 3353 ad
1212 3297 1392 3354 altare
1438 3299 1601 3355 ﬁeret
1648 3316 1851 3355 eorum

206 3383 495 3438 memoria
524 3383 582 3437 in
614 3386 1168 3442 commemoratione
1200 3387 1457 3459 corporis
1489 3387 1721 3459 Christi,
1747 3406 1853 3446 nec

208 3470 431 3543 aliquid
467 3472 789 3544 prodesset,
824 3474 895 3529 ad
927 3475 1055 3545 ejus
1086 3475 1448 3547 baptismum
1479 3476 1539 3531 in
1579 3477 1853 3548 periculis

208 3576 465 3626 currere,
496 3578 568 3616 ne
598 3561 725 3616 sine
756 3561 856 3618 illo
898 3563 1138 3619 ﬁniatur
1172 3564 1230 3619 in
1282 3565 1390 3622 hac
1436 3565 1551 3620 vita
1579 3585 1591 3634 ;
1627 3583 1731 3622 nec
1781 3568 1853 3622 ad

209 3648 764 3717 reconciliationem,
800 3651 849 3706 si
879 3653 1024 3707 forte
1066 3669 1168 3724 per
1219 3671 1455 3726 pravam
1503 3654 1591 3710 vel
1638 3655 1851 3711 malam

207 3738 628 3794 conscientiam
661 3740 910 3813 quisque
936 3742 1007 3796 ab
1040 3743 1242 3798 eodem
1275 3760 1512 3816 corpore
1537 3753 1855 3817 separatus

207 3831 310 3882 est.
344 3829 465 3883 Cur
493 3828 652 3883 enim
680 3829 796 3884 ista
824 3831 991 3895 ﬁunt,
1016 3832 1128 3888 nisi
1159 3832 1297 3903 quia
1336 3832 1535 3889 ﬁdeles
1566 3834 1740 3889 etiam
1757 3836 1853 3891 de-

206 3915 389 3972 functi
423 3917 693 3973 membra
713 3922 851 3973 sunt
880 3920 1052 3990 ejus?
1081 3921 1355 3985 Quamvis
1403 3939 1539 3994 ergo
1595 3925 1854 3980 nondum

208 4020 335 4060 cum
367 4004 500 4060 suis
513 4007 879 4077 corporihus,
888 4009 1014 4079 jam
1028 4013 1224 4065 tamen
1241 4010 1447 4066 animae
1462 4017 1708 4083 regnant
1720 4030 1852 4069 cum

206 4091 457 4148 Christo.
494 4092 658 4150 Unde
686 4099 744 4151 et
773 4095 832 4150 in
862 4097 1205 4170 Apocalypsi
1234 4098 1476 4171 legitur:
1495 4103 1647 4157 Beati
1656 4106 1858 4159 mortui

206 4183 299 4252 qui
330 4184 395 4237 in
428 4185 667 4239 Domino
703 4187 1041 4252 moriuntur,
1074 4187 1268 4243 amodo
1305 4189 1426 4259 jam
1446 4189 1580 4245 dicit
1619 4192 1856 4263 Spiritus

206 4277 264 4325 ut
308 4272 657 4343 requiescant
696 4290 730 4327 a
781 4274 986 4330 laboris
1033 4276 1171 4341 suis,
1222 4292 1386 4347 opera
1432 4279 1582 4332 enim
1629 4280 1858 4336 illorum

205 4368 511 4431 sequuntur
534 4361 660 4417 illos
690 4361 870 4434 (Apoc.
889 4380 1002 4432 xxv,
1022 4364 1107 4433 l3)
1135 4382 1147 4429 ;
1181 4369 1237 4419 et
1264 4365 1387 4436 ipse
1418 4371 1508 4422 est
1536 4384 1710 4425 verus
1728 4371 1857 4425 sab-

210 4447 501 4504 batismus
534 4448 892 4517 ﬁdelium,id
923 4456 1011 4507 est
1032 4452 1282 4525 requies,
1315 4454 1386 4509 de
1418 4472 1534 4526 qua
1565 4456 1858 4530 dicitApo-

1944 551 2058 599 xw,
2081 535 2158 602 8),

2013 621 2102 675 69.
2139 621 2363 693 (Gneo)
2392 623 2537 677 Nam
2590 622 2718 677 luce
2762 622 2976 678 clarius
3018 628 3245 679 constat
3276 624 3416 697 quia
3461 642 3590 698 per-

1945 711 2228 766 fectorum
2260 711 2560 781 justorum
2611 711 2839 779 animas,
2875 728 3008 767 mox
3057 717 3124 768 ut
3171 712 3351 784 hujus
3399 715 3592 771 carnis

1944 799 2200 855 claustra
2230 800 2535 868 exeunt,in
2567 800 2902 856 cmlestibus
2936 801 3175 858 sedibus
3206 802 3589 874 recipiuntur,

1945 890 2099 961 quod
2130 893 2185 944 et
2216 889 2342 959 ipsa
2369 889 2598 945 Veritas
2646 893 2956 945 attestatur
3002 891 3202 947 dicens
3236 908 3249 945 :
3283 893 3382 949 Ubi
3420 895 3593 964 fuerit

1943 995 2158 1051 corpus,
2191 980 2314 1034 illic
2355 981 2828 1049 congregabantur
2875 987 2927 1034 et
2968 981 3174 1051 aquila:
3205 981 3407 1052 (Matth.
3439 999 3590 1049 xxuv,

1943 1068 2055 1140 28),
2072 1068 2211 1139 quia
2243 1068 2339 1123 ubi
2370 1068 2493 1139 ipse
2516 1068 2867 1139 Redemptor
2886 1074 3185 1124 nosterest
3197 1070 3593 1142 corpore,illic

1947 1155 2148 1229 procul
2180 1156 2356 1211 dubio
2388 1156 3592 1228 colligenturetanimzejustorum.EtPau-

1944 1245 2038 1301 lus
2069 1244 2307 1299 dissolvi
2333 1244 2626 1299 desiderat
2655 1249 2871 1300 etcum
2902 1245 3132 1301 Christo
3163 1247 3435 1314 esse.Qui
3457 1264 3593 1321 ergo

1946 1334 2242 1389 Christum
2274 1334 2333 1389 in
2368 1332 2509 1389 cmlo
2543 1349 2671 1389 esse
2698 1351 2814 1388 non
2848 1334 3100 1402 dubitat,
3136 1352 3241 1391 nec
3270 1336 3429 1391 Pauli
3463 1337 3594 1393 ani-

1947 1440 2104 1479 mam
2136 1423 2194 1477 in
2227 1422 2369 1478 emlo
2403 1440 2531 1479 esse
2565 1422 2873 1495 negat,qui
2901 1423 3077 1479 etiam
3101 1424 3488 1481 dissolutione
3503 1426 3595 1482 sui

1949 1512 2207 1584 corporis
2237 1517 2413 1584 atque
2447 1511 2874 1568 inhabitatione
2896 1513 3095 1584 patriae
3118 1513 3368 1571 caelestis
3417 1514 3592 1571 dicit:

1946 1603 2169 1657 Scimus
2193 1604 2471 1674 quoniam
2484 1603 2540 1657 si
2550 1602 2841 1657 terrestris
2854 1603 3060 1657 domus
3077 1609 3282 1660 nostra
3295 1603 3401 1675 hui
3408 1621 3472 1659 us
3488 1605 3596 1661 ha-

1951 1692 2263 1748 bitationis
2278 1693 2435 1748 dicso
2445 1690 2662 1756 lvatar,
2677 1692 2833 1764 quod
2854 1690 3303 1762 aediﬁcationem
3321 1693 3600 1751 habemus

1949 1799 2024 1836 ea:
2055 1786 2169 1838 Deo
2189 1782 2428 1837 domum
2459 1797 2579 1836 nan
2607 1797 2779 1836 mauu
2808 1780 3037 1854 factam
3061 1787 3345 1839 aeternam
3366 1784 3598 1841 inca’lis

1950 1874 2031 1939 (ll
2054 1873 2184 1927 Cor.
2217 1889 2270 1939 v,
2304 1873 2385 1938 5).

2016 1961 2107 2015 70.
2140 1959 2459 2031 (νιαιιιυε.)
2484 1959 2703 2016 Verum
2745 1960 2853 2016 hoc
2885 1961 2955 2015 de
2999 1961 3298 2033 apostolis,
3325 1964 3598 2037 martyri-

1949 2049 2083 2114 bus,
2118 2048 2927 2121 cont‘essoribus,czeterisque
2944 2048 3085 2105 viris
3116 2051 3241 2106 ﬁeri
3274 2053 3598 2108 notandum

1950 2142 2058 2193 est.
2094 2138 2238 2193 Nam
2272 2142 2411 2193 sunt
2442 2139 2835 2210 quorumdam
2878 2140 3177 2210 justorum
3209 2140 3438 2209 animae;
3473 2158 3599 2213 qua:

1951 2227 2143 2282 adhuc
2174 2226 2580 2283 mansionibus
2628 2228 2999 2294 differuntur,
3038 2228 3095 2282 in
3142 2245 3258 2299 quo
3304 2229 3602 2286 dilationis

1953 2313 2171 2371 caelesti
2224 2333 2421 2389 regno,
2468 2316 2605 2372 licet
2643 2317 2701 2372 in
2754 2317 2926 2372 beata
2971 2317 3191 2389 requie,
3244 2318 3601 2389 quihusdam

1954 2405 2167 2460 damno
2199 2405 2527 2461 ostenditur
2558 2407 2709 2477 quod
2746 2406 2815 2461 de
2840 2407 3095 2478 perfecta
3118 2407 3351 2478 justitia
3380 2406 3602 2480 aliquid

1954 2493 2153 2549 minus
2176 2495 2527 2550 habuerunt.
2555 2498 2626 2550 At
2663 2512 2798 2551 vero
2848 2495 3115 2551 nonnulli
3164 2500 3401 2568 propter
3452 2496 3605 2553 bona

1955 2582 2091 2638 ﬁdei
2122 2601 2296 2656 opera
2327 2585 2397 2639 ad
2434 2584 2751 2640 electorum
2804 2589 3021 2640 sortem
3072 2584 3466 2657 praeordinati,
3501 2585 3604 2642 sed

1956 2678 2191 2745 propter
2208 2673 2364 2729 mala
2383 2674 2581 2746 aliqua
2594 2674 2811 2746 quibus
2833 2675 2904 2729 de
2933 2690 3173 2747 corpore
3195 2674 3461 2730 exierunt
3475 2678 3606 2747 post

1958 2767 2207 2817 mortem
2220 2779 2443 2831 sereno,
2460 2762 2783 2835 castigandi
2808 2763 3174 2834 recipiuntur
3185 2762 3606 2836 ﬁammisignis

1959 2851 2467 2923 purgatorii,etvel
2500 2868 2685 2924 usque
2716 2852 2786 2906 ad
2820 2851 3607 2925 diemjudieiilongaexami-

1958 2941 2193 2996 natione
2216 2959 2249 2995 a
2276 2942 2548 2996 vitiorum
2573 2941 2742 2996 sorde
2765 2940 3144 3006 mundantur,
3159 2939 3246 2996 vel
3277 2941 3608 3013 certeprius

1959 3030 2279 3084 amicorum
2305 3029 2566 3085 ﬁdelium
2592 3028 2881 3101 precibus,
2915 3028 3605 3101 eleemosynis,jejuniis,

1961 3119 2193 3174 ﬂetibus
2223 3123 2281 3174 et
2306 3118 2508 3174 hostiae
2541 3118 2819 3174 salutaris
2850 3116 3267 3185 oblationibus,
3302 3119 3490 3190 poenis
3513 3118 3609 3173 ab.

1882 3193 1925 3259 C
1964 3207 2232 3278 soluti,et
2254 3207 2363 3281 ipsi
2388 3208 2458 3263 ad
2482 3208 2787 3263 beatorum
2811 3207 3160 3279 perveniunt
3189 3205 3609 3279 requiem.lllis

1961 3316 2096 3372 ergo
2127 3315 2329 3354 eorum
2355 3314 2532 3353 sacrae
2564 3296 2811 3352 victimae
2844 3296 3092 3352 mortuis
3114 3297 3493 3368 prosunt,qui
3518 3296 3611 3352 hic

1960 3387 2201 3443 vivendo
2233 3387 2611 3442 obtinuerunt
2641 3391 2706 3442 ut
2735 3403 2833 3442 eos
2848 3385 3022 3441 etiam
3041 3389 3435 3458 postmortem
3454 3386 3607 3441 bona

1964 3477 2403 3549 adjuvent,quaz
2426 3476 2520 3531 hic
2553 3493 2655 3548 pro
2685 3474 2830 3547 ipsis
2861 3475 2933 3531 ab
2965 3474 3096 3531 aliis
3127 3475 3468 3530 ﬁunt.Inter
3491 3474 3612 3530 haec

1963 3570 2159 3621 autem
2192 3565 2558 3637 pensandum
2582 3566 2851 3637 est,quod
2874 3566 3063 3620 tutior
3078 3565 3185 3621 via
3211 3565 3611 3635 sit,utbonum

1966 3655 2122 3727 quod
2154 3654 2403 3726 quisque
2434 3659 2566 3727 post
2585 3658 2833 3709 mortem
2867 3652 3167 3727 speratagi
3183 3670 3284 3725 per
3299 3652 3464 3720 alios,
3481 3655 3616 3725 agat

1965 3746 2107 3799 dum
2138 3743 2278 3798 vivit
2305 3743 2429 3815 ipse
2459 3761 2560 3815 pro
2593 3760 2674 3798 se.
2710 3743 2942 3798 Beatius
2983 3742 3197 3815 quippe
3237 3746 3327 3798 est
3363 3741 3613 3797 liberum

1966 3833 2118 3888 exire
2147 3848 2323 3904 quam
2358 3836 2489 3902 post
2525 3831 2756 3886 vincula
2795 3831 3126 3887 libertatem
3167 3846 3445 3903 quaerere.
3480 3830 3615 3885 Pro-

1965 3927 2094 3994 pter
2123 3920 2223 3976 illa
2253 3937 2388 3994 ergo
2410 3920 2585 3975 verba
2604 3919 2820 3991 quibus
2839 3919 3073 3988 dicitur,
3086 3922 3189 3993 qui
3198 3936 3300 3975 nos
3312 3934 3615 3991 praecesse-

1964 4016 2103 4065 runt
2133 4026 2261 4064 cum
2292 4011 2464 4081 signa
2493 4007 2663 4079 ﬁdei,
2694 4013 2748 4061 et
2776 4008 3082 4062 dormiunt
3116 4010 3177 4063 in
3196 4024 3394 4062 somno
3429 4008 3613 4075 pacis,

1967 4115 2111 4155 usus
2142 4098 2252 4153 fuit
2281 4095 2851 4168 antiquorum,sicut
2880 4095 3055 4150 etiam
3090 4096 3355 4151 Romana
3384 4094 3611 4167 agitEe-

1966 4186 2162 4253 clesia,
2197 4191 2263 4242 ut
2294 4185 2492 4241 statim
2517 4185 2903 4240 recitarentur
2932 4200 3000 4239 ex
3031 4183 3415 4257 diptychis,id
3435 4186 3613 4239 estta-

1965 4274 2389 4339 bulis.nomina
2401 4275 2502 4329 def
2502 4273 3103 4346 unctorum,atqueita
3116 4277 3247 4346 post
3260 4272 3615 4329 lectitionem

1966 4366 2273 4423 nominum
2306 4365 2802 4436 subjungerentur
2828 4363 3002 4418 verba
3028 4361 3363 4435 sequentia:
3397 4363 3538 4433 Ipsis
3567 4366 3619 4416 et

1967 4456 2217 4513 omnibus
2242 4456 2301 4509 in
2336 4454 2555 4508 Christo
2585 4452 2983 4523 quiescentibus
3005 4452 3185 4508 locum
3212 4451 3517 4522 refrigerii,
3537 4449 3619 4503 lu-

208 4535 391 4626 stolus
428 4541 452 4593 ?
484 4543 676 4609 Itaque
723 4540 1059 4611 relinquitur
1103 4542 1467 4599 sabbatismus
1513 4547 1712 4616 populo
1759 4548 1859 4603 Dei
1886 4562 1933 4626 D
1964 4548 2043 4600 cis
2073 4553 2124 4601 et
2148 4545 2302 4615 pacis
2326 4549 2387 4597 ut
2418 4540 2700 4610 indulgeas
2743 4540 3118 4611 deprecamur.
3155 4537 3305 4611 Ipsis
3349 4536 3616 4626 videlicet

209 4624 386 4691 (Hebr.
422 4626 592 4695 1v,9).
612 4627 717 4691 Qui
735 4627 891 4682 enim
925 4628 1231 4701 ingressus
1253 4631 1412 4685 estin
1429 4633 1689 4705 requiem
1704 4635 1852 4705 ejus,

210 4713 496 4784 requievit
521 4714 593 4770 ab
624 4715 899 4787 operibus
931 4717 1590 4789 suis,quemadmodum
1622 4725 1859 4780 etasuis

217 4799 387 4858 Deus.
426 4803 656 4874 Regnat
683 4803 880 4876 itaque
905 4822 1039 4861 cum
1070 4805 1299 4861 Christo
1328 4825 1482 4864 nunc
1513 4809 1771 4867 Ecclesia
1800 4812 1857 4866 in

207 4889 349 4946 vivis
378 4895 438 4947 et
471 4891 740 4948 mortuis.
778 4893 1084 4966 Propterea
1123 4894 1301 4962 enim,
1336 4896 1489 4951 sicut
1518 4897 1660 4954 dicit
1703 4901 1857 4972 Apo-

211 4977 396 5035 stolus
431 4996 445 5033 :
483 4982 732 5036 Mortuus
772 4990 851 5038 est
878 4982 1140 5051 Christus,
1174 4992 1234 5038 ut
1274 4992 1324 5040 et
1360 4985 1606 5041 vivorum
1634 4996 1685 5042 et
1712 5006 1859 5045 mor-

211 5076 427 5123 tuorum
456 5068 771 5126 dominetur
797 5071 971 5144 (Rom.
1005 5090 1120 5141 xw,
1152 5073 1227 5145 9).
1263 5073 1423 5129 Unde
1459 5078 1516 5130 et
1560 5074 1697 5131 alibi
1730 5078 1810 5133 ait
1842 5096 1855 5133 :

208 5159 491 5228 Quoniam
518 5174 628 5214 non
654 5163 837 5230 posuit
862 5178 959 5217 nos
989 5164 1125 5218 Deus
1155 5163 1224 5217 ad
1256 5164 1418 5229 iram,
1445 5163 1537 5218 sed
1576 5165 1632 5219 in
1665 5170 1858 5239 acqui-

205 5245 457 5302 sitionem
485 5248 687 5304 salutis
711 5265 812 5320 per
839 5250 1137 5306 Dominum
1178 5258 1426 5307 nostrum
1470 5254 1655 5308 Iesum
1701 5256 1856 5311 Chri-

206 5341 368 5399 stum,
401 5337 505 5407 qui
526 5345 775 5393 mortuus
813 5348 892 5395 est
914 5356 1016 5412 pro
1062 5341 1238 5407 nobis,
1271 5348 1348 5405 ut,
1382 5343 1495 5396 sive
1541 5343 1854 5411 vigilemus,

207 5423 317 5477 sive
363 5422 730 5492 dormiamus,
778 5445 903 5483 cum
942 5429 1039 5484 illo
1086 5431 1340 5485 vivamus
1388 5430 1434 5501 (I
1479 5429 1652 5485 Thess.
1696 5449 1750 5496 v,
1781 5433 1855 5503 9).

210 5508 269 5563 In
301 5511 527 5582 quibus
566 5515 759 5572 verbis
804 5517 1131 5590 vigilantes,
1164 5518 1443 5585 viventes,
1478 5518 1854 5588 dormientes,

211 5603 475 5657 mortuos
527 5601 776 5676 intelligi
827 5605 1027 5678 voluit,
1062 5607 1217 5662 sicut
1267 5606 1480 5663 iterum
1525 5607 1705 5663 dicit:
1739 5609 1862 5665 Sive

1966 4650 2218 4705 quorum
2250 4629 2489 4686 nomina
2509 4631 3005 4693 memorantur,et
3029 4626 3253 4682 caeteris
3267 4622 3615 4681 omnibusin

1967 4722 2197 4778 Christo
2218 4718 2657 4792 quiescentibus
2688 4718 2865 4773 locum
2893 4717 3193 4787 refrigerii,
3221 4713 3321 4768 ubi
3350 4729 3464 4767 non
3480 4728 3614 4766 sen—

1965 4811 2123 4865 tiunt
2154 4809 2389 4865 ardores
2421 4822 2746 4879 pmnarum.
2779 4814 2831 4861 et
2856 4806 3015 4869 lucis,
3041 4803 3111 4858 de
3137 4818 3253 4874 qua
3283 4798 3612 4855 Psalmista:

1968 4902 2034 4955 Et
2054 4900 2301 4971 placeam
2330 4913 2511 4952 coram
2540 4897 2645 4951 Deo
2672 4902 2729 4949 tn
2763 4894 2972 4949 lumine
3000 4891 3297 4946 viventium
3326 4888 3500 4957 (Psal.
3526 4904 3613 4955 LV,

1968 4988 2078 5059 lli).
2111 4990 2175 5043 Et
2197 4988 2371 5059 pacis,
2405 4986 2476 5039 de
2506 5001 2622 5055 qua
2642 4984 2848 5055 justus
2885 4980 3117 5036 Simeon
3144 4996 3157 5033 :
3182 4980 3337 5034 Nunc
3382 4976 3617 5032 dimittis

1966 5094 2184 5134 servum
2233 5085 2408 5139 tuum,
2449 5074 2696 5137 Domine,
2744 5069 3049 5125 secundum
3084 5067 3308 5123 verbum
3357 5075 3514 5122 tuum
3560 5067 3619 5119 iu

1964 5167 2271 5239 pacc,(Luc.
2302 5162 2492 5228 11,59).
2526 5162 2595 5215 Et
2639 5160 2698 5213 in
2745 5175 2863 5229 qua
2903 5159 3243 5212 sanctorum
3291 5159 3616 5227 martyrum

1968 5256 2174 5310 animos
2206 5252 2537 5325 quiescunt,
2570 5248 2797 5302 dicente
2831 5244 3100 5317 Sriptura
3133 5262 3146 5299 :
3181 5246 3295 5301 Visi
3331 5252 3458 5300 sunt
3493 5258 3615 5298 ocu-

1969 5347 2039 5401 lis
2088 5340 2470 5413 insipicntium
2517 5336 2674 5402 mori,
2705 5335 2795 5389 illi
2843 5342 3023 5390 autem
3065 5342 3194 5390 sunt
3226 5336 3285 5389 in
3306 5348 3438 5404 pace
3468 5330 3615 5402 (Sep.

1969 5452 2053 5501 III,
2086 5437 2141 5497 2,
2176 5430 2228 5501 3)

2036 5521 2096 5574 7|
2116 5564 2127 5575 .
2144 5519 2301 5573 Hanc
2333 5516 2530 5567 autem
2549 5512 2709 5584 piam
2733 5515 2788 5567 et
2802 5511 3136 5584 religiosam
3162 5504 3616 5572 observantiam,

1970 5625 2147 5682 quam
2178 5622 2243 5661 ex
2258 5599 2579 5674 apostolica
2610 5599 2736 5656 sine
2763 5601 2940 5657 dubio
2958 5600 3269 5656 traditione
3282 5599 3619 5668 susceptam
