3896 6208
290 281 372 346 63
1392 288 1619 351 FLOBI
1661 286 1976 349 DlACONI
2022 288 2591 351 LUGDUNENSIS.
3620 285 3706 347 Gl

299 413 572 473 universa
601 414 660 473 in
693 417 915 474 mundo
947 416 1317 476 uniformiter
1345 423 1401 477 et
1439 417 1741 477 celebriter
1784 422 1942 475 tenet
1970 419 2024 486 Α
2055 436 2161 476 nos
2182 419 2282 475 Dei
2318 419 2505 492 pietas
2536 419 2868 477 introducat
2920 419 3215 493 petimus;
3249 424 3316 477 ut
3364 417 3537 477 nobis
3584 435 3699 476 non

297 503 569 573 Ecclesia,
589 505 765 560 etiam
796 505 1021 563 Veteris
1043 509 1400 564 Testamenti
1427 509 1725 581 Scriptura
1741 512 1941 565 etcon-
2051 510 2233 563 nostri
2268 509 2458 565 meriti
2489 509 2826 576 (estimator,
2844 511 2942 565 sed
2975 510 3154 565 veniae
3187 510 3261 565 sit
3292 509 3577 583 largitor;
3611 514 3701 576 ut,

293 593 867 651 suetudoaPatribus
881 597 1633 669 custoditadiligentissime
1651 615 1941 653 commen-
2050 597 2188 667 quia
2220 600 2552 652 sanctorum
2578 597 2838 653 societati
2856 615 2958 669 per
2971 597 3427 670 meritumjungi
3444 614 3562 653 non
3576 612 3703 669 pos-

293 683 412 738 dat.
432 683 707 757 Legimus
740 686 1069 757 namquein
1091 686 1934 759 Machabzeorumlibris,quod
2048 701 2279 751 sumus,
2314 702 2416 757 per
2457 684 2884 757 indulgentiam
2935 687 3381 760 conjungamur.
3430 685 3492 741 Si
3543 686 3697 741 enim

289 772 377 826 vir
405 772 766 828 fortissimus
797 778 853 828 et
883 775 1143 846 pontifex
1185 775 1389 841 Judas,
1424 775 1731 830 duodecim
1755 775 1939 831 millia
2047 773 2424 839 aestimemur,
2441 778 2496 829 et
2517 774 2953 846 divinojudicio
2985 773 3696 846 ponderemur,nullusad

289 861 605 927 drachmas
625 862 849 935 argenti
876 862 1017 919 nisit
1045 863 1468 936 Jerosolymam
1485 864 1672 919 oil‘erri
1692 882 1794 936 pro
1811 881 1937 936 pec-

288 950 434 1005 catis
448 955 809 1007 mortuorum
828 952 925 1025 qui
944 953 997 1007 in
1015 951 1165 1007 bello
1191 953 1539 1021 ceciderant,
1560 952 1935 1009 considerans

287 1040 444 1111 quod
476 1040 536 1095 hi
567 1041 666 1112 qui
697 1058 828 1096 cum
866 1042 1076 1113 pietate
1110 1041 1519 1097 dormitionem
1571 1047 1930 1113 acceperant,

285 1128 567 1200 optimam
598 1129 878 1185 haberent
910 1131 1222 1202 repositam
1256 1130 1534 1203 gratiam;
1566 1130 1931 1187 ubiethocin

284 1217 560 1274 laudibus
593 1218 726 1274 fidei
753 1221 878 1290 ejus
893 1219 1257 1291 adjungitur,
1274 1220 1412 1291 quia
1429 1224 1484 1274 et
1497 1225 1697 1275 sancta
1710 1224 1766 1273 et
1782 1219 1933 1275 salu-

282 1307 372 1363 bri
403 1307 753 1380 cogitatione
778 1325 880 1379 pro
911 1308 1200 1364 defunctis
1229 1310 1523 1374 exorabat,
1545 1314 1608 1363 ut
1632 1326 1665 1364 a
1696 1317 1929 1380 peccato

282 1396 664 1452 solverentur.
697 1396 973 1467 Sequitur
1000 1396 1059 1452 in
1095 1399 1369 1469 mysterio
1405 1414 1418 1452 :

349 1487 621 1543 72.Nobis
635 1502 850 1558 quoque
862 1485 1262 1557 peccatoribus
1282 1486 1532 1560 famulis
1550 1487 1928 1553 tuis,etc.,us-

280 1591 392 1648 que
418 1580 525 1632 Per
554 1575 842 1631 Christum
866 1576 1166 1631 dominum
1189 1582 1470 1632 nostrum.
1487 1575 1926 1631 Commendatio

279 1681 383 1738 pro
410 1663 714 1737 spiritibus
739 1664 1145 1720 defunctorum
1162 1682 1262 1736 per
1286 1664 1637 1721 oblationem
1667 1664 1921 1736 pietatis,

280 1757 345 1808 ut
376 1752 432 1807 in
464 1753 651 1809 beatis
682 1752 999 1809 electorum
1027 1754 1267 1809 sedibus
1306 1758 1642 1809 mereantur
1661 1753 1923 1809 obtinere

277 1839 469 1898 locum
500 1840 969 1914 refrigerii,lueis
993 1846 1050 1897 et
1079 1841 1259 1913 pacis.
1277 1844 1709 1913 Consequenter
1726 1846 1927 1897 oratur

277 1931 648 2003 omnipotens
678 1930 830 1986 Deus
864 1931 1112 1986 utetiam
1128 1936 1364 1987 caeteros
1378 1930 1596 1999 fideles,
1618 1931 1715 2002 qui
1730 1948 1927 2001 super-

277 2019 443 2076 stites
473 2024 611 2075 sunt
640 2024 697 2074 et
727 2018 944 2074 vivunt.
971 2018 1028 2074 id
1059 2025 1149 2075 est
1178 2019 1510 2075 sacerdotes
1530 2023 1586 2075 et
1615 2018 1920 2091 populum,

275 2125 378 2181 per
408 2098 680 2164 virtutem
698 2108 1013 2181 etgratiam
1029 2110 1158 2180 ejus
1182 2110 1337 2165 Deus
1366 2108 1715 2164 venerabilis
1730 2125 1922 2165 sacra-

275 2196 457 2253 menti
489 2195 703 2252 auxilio
731 2197 801 2251 ad
834 2197 1101 2252 eamdem
1150 2197 1571 2253 beatitudinem
1624 2198 1920 2269 perducat,

275 2286 479 2342 Totius
501 2302 755 2357 namque
774 2284 1040 2341 Ecclesia:
1089 2303 1196 2340 vox
1225 2290 1334 2354 est,
1365 2286 1420 2341 id
1450 2287 1921 2341 estsacerdotum

273 2380 331 2431 et
361 2374 617 2447 plebium
650 2392 784 2431 cum
815 2374 1149 2431 humilitate
1171 2380 1228 2431 et
1255 2376 1600 2432 contritione
1632 2375 1922 2432 cordisdi-

274 2462 531 2520 centium
563 2463 679 2519 Deo
714 2481 726 2519 :
764 2463 938 2520 Nobis
967 2481 1186 2537 quoque
1225 2465 1638 2536 peccatoribus
1663 2463 1921 2539 famulis

273 2553 393 2609 tuis
425 2569 438 2608 :
472 2550 628 2624 quia,
663 2551 797 2608 licet
826 2552 985 2608 omni
1016 2557 1278 2625 tempore
1311 2558 1643 2625 peccatores
1675 2571 1920 2610 nosesse

273 2656 343 2696 ex
374 2641 546 2697 corde
575 2657 922 2714 cognoscere
954 2642 1503 2709 debeamus,tamen
1536 2643 1787 2697 maxime
1810 2642 1919 2699 hoc

272 2729 549 2785 attentius
580 2730 873 2804 agendum
894 2735 950 2787 et
979 2731 1377 2787 confitendum
1411 2736 1520 2799 est,
1553 2750 1686 2788 cum
1728 2732 1785 2787 in
1819 2731 1917 2788 illo

272 2834 436 2874 sacro
466 2818 742 2892 mysterio
773 2819 1101 2875 celebratur
1126 2820 1493 2877 remissionis
1506 2820 1919 2894 gratia,indul-

270 2907 467 2980 gentia
493 2912 887 2979 peccatorum,
905 2913 1106 2965 etcum
1131 2908 1464 2965 humilitate
1486 2914 1543 2965 et
1572 2910 1918 2966 contritione

275 2995 468 3053 cordis
491 2996 805 3053 dicendum
835 2997 950 3055 Deo
985 3016 997 3053 :
1031 3000 1207 3056 Nobis
1246 3015 1463 3072 quoque
1507 3000 1917 3070 peccatoribus

268 3084 517 3161 famulis
543 3087 683 3156 tuis,
718 3086 880 3159 quia,
913 3086 1064 3142 sicut
1091 3087 1374 3159 scriptum
1409 3091 1518 3151 est.
1554 3088 1661 3143 etsi
1710 3105 1917 3161 pecca—

2046 861 2441 934 apostolornm
2475 868 2530 917 et
2563 869 2887 936 martyrum
2921 865 3256 919 societatem
3302 868 3599 935 assurget.
3634 864 3696 918 In

2047 952 2367 1006 {ineuntem
2395 951 2569 1022 hujus
2598 952 2899 1018 orationis,
2918 953 3070 1007 sicut
3089 953 3219 1008 etin
3245 953 3695 1024 cmterisprmce-

2043 1040 2318 1095 dentibus
2332 1039 2675 1112 subjungitu
2685 1058 2711 1094 r
2716 1056 2816 1112 per
2828 1040 3104 1096 Christum
3120 1042 3411 1097 Dominum
3422 1049 3692 1108 nostrum,

2043 1133 2098 1183 et
2130 1129 2328 1184 statim
2359 1128 2656 1184 conclusio
2692 1129 2872 1185 totius
2916 1131 3373 1186 consecrationis
3423 1131 3697 1202 sequitur

2040 1218 2284 1273 dicendo
2315 1235 2326 1273 :

2107 1308 2199 1362 73.
2237 1312 2340 1363 Per
2370 1323 2529 1378 quem
2556 1307 2744 1362 omnia
2781 1323 2992 1378 semper
3043 1307 3185 1363 bona
3231 1324 3403 1374 creas,
3438 1311 3553 1363 etc.
3588 1312 3696 1364 Per

2039 1395 2233 1468 ipsum
2267 1396 2423 1450 enim
2453 1395 2824 1467 omnipotens
2860 1400 3007 1451 Deus
3024 1395 3145 1451 haec
3168 1397 3323 1453 bona
3349 1396 3693 1470 omniaquae

2038 1485 2222 1540 sacris
2255 1483 2539 1540 altaribus
2571 1489 2989 1540 consecrantur
3029 1502 3144 1540 non
3189 1484 3382 1543 solum
3414 1485 3475 1540 in
3525 1502 3694 1542 exor-

2037 1574 2132 1629 dio
2165 1573 2369 1628 mundi
2401 1573 2636 1638 creavit,
2670 1574 2973 1629 condendo
3014 1575 3171 1646 quod
3223 1591 3337 1630 non
3391 1579 3555 1643 erat;
3590 1592 3695 1648 per

2035 1663 2306 1718 eumdem
2338 1661 2708 1733 unigenitum
2728 1663 2983 1718 Verbum
3015 1679 3189 1719 suum
3214 1662 3692 1732 dlxit,etl‘actum

2037 1755 2126 1806 est
2158 1767 2170 1805 :
2207 1750 2479 1807 Germinet
2517 1759 2661 1806 terra
2713 1752 2936 1806 herbam
2982 1754 3245 1807 virentem
3291 1760 3343 1807 et
3372 1752 3693 1825 afferentem

2035 1857 2235 1906 semen,
2265 1841 2588 1911 lignumque
2612 1841 2946 1911 pomiferum
2972 1842 3181 1912 faciens
3198 1842 3443 1912 fructum
3459 1841 3619 1913 (Gen.
3650 1859 3689 1908 ι,

2035 1929 2121 2000 Η)
2157 1928 2252 1984 :in
2284 1946 2402 2001 qua
2428 1929 2719 1983 creatione
2752 1928 2955 2000 utique
2987 1932 3043 1983 et
3075 1929 3255 1985 herba
3284 1929 3580 1987 {frumenti
3632 1934 3690 1986 et

2032 2017 2258 2092 lignum
2290 2018 2407 2072 vini
2430 2021 2753 2073 exortatum
2772 2022 2888 2085 est;
2914 2018 3014 2072 sed
3028 2017 3203 2073 etiam
3227 2035 3462 2091 semper
3478 2019 3689 2075 eadem

2032 2108 2186 2163 bona
2214 2110 2372 2162 creat
2404 2106 2778 2179 propagando
2809 2109 2866 2162 et
2897 2107 3241 2177 reparando,
3274 2111 3340 2162 ut
3367 2124 3473 2180 per
3501 2125 3691 2165 annos

2032 2196 2295 2269 singulos
2324 2200 2381 2253 et
2411 2213 2567 2252 nova:
2599 2200 2825 2268 segetes
2846 2200 2902 2251 et
2916 2212 3063 2251 nova
3090 2196 3227 2252 vina
3245 2202 3593 2253 nascantur.
3610 2197 3690 2254 De

2031 2288 2140 2343 hac
2182 2304 2436 2359 namque
2484 2286 2824 2359 operatione
2872 2286 3161 2357 regendae,
3192 2287 3586 2359 propaganda:
3634 2292 3695 2343 et

2030 2377 2364 2450 reparandae
2397 2379 2696 2443 creaturae,
2712 2373 2837 2446 ipse
2856 2374 3198 2447 unigenitus
3221 2374 3405 2431 Filius
3419 2373 3479 2430 in
3495 2377 3685 2432 Evan-

2029 2466 2176 2539 gelio
2208 2465 2349 2522 dicit
2377 2466 2449 2521 ad
2479 2465 2713 2519 Judaeos
2746 2463 3124 2536 indignantes
3156 2463 3311 2536 quod
3345 2464 3405 2520 in
3436 2464 3688 2521 sabbato

2027 2559 2305 2613 curaret:
2339 2560 2509 2610 Pater
2553 2569 2704 2609 meus
2754 2569 2922 2624 usque
2959 2552 3115 2609 modo
3164 2561 3441 2624 operatur,
3489 2562 3541 2609 et
3590 2570 3690 2623 ego

2027 2658 2236 2715 cperor,
2272 2647 2555 2714 tanquam
2597 2641 2846 2696 diceret:
2876 2641 3000 2697 Non
3051 2657 3152 2697 sex
3190 2646 3420 2697 tantum
3471 2642 3686 2699 diebus

2028 2731 2257 2804 primis,
2292 2734 2358 2786 ut
2386 2728 2629 2802 putatis,
2664 2729 2853 2796 Pater,
2877 2732 3151 2801 operatus
3198 2732 3306 2797 est,
3337 2731 3437 2786 sed
3490 2747 3689 2803 usque

2028 2820 2201 2876 modo
2225 2824 2519 2892 Operatur,
2554 2835 2671 2873 non
2719 2835 2934 2873 novum
2986 2822 3264 2874 creaturae
3290 2833 3480 2891 genus
3508 2818 3685 2875 insti-

2028 2909 2378 2976 t~uendo,sed
2415 2925 2541 2979 quae
2558 2907 2615 2962 in
2643 2906 2930 2979 principio
2954 2910 3267 2973 creaverat,
3284 2923 3356 2962 ne
3379 2908 3683 2977 deﬁciant,

2026 2997 2423 3071 propagando.
2462 2996 2692 3069 (VIGIL.)
2723 2998 2787 3051 Et
2816 3012 2933 3065 ego,
2964 2995 3173 3068 inquit,
3203 3012 3421 3068 aperor,
3455 2997 3684 3053 subau-

2028 3086 2186 3142 ditur
2206 3103 2391 3159 usque
2404 3086 2597 3153 modo,
2615 3102 2748 3141 cum
2773 3090 3067 3141 eocuneta
3088 3086 3428 3157 disponens,
3444 3102 3681 3159 regens,

267 3174 546 3242 verimus,
578 3174 663 3230 tui
697 3189 926 3242 sumus,
961 3176 1213 3232 scientes
1234 3177 1700 3249 magnitudinem
1727 3183 1910 3245 tuam,
1944 3163 1987 3230 C
2026 3174 2509 3232 accumulans.ln
2531 3175 2748 3246 quibus
2772 3173 3261 3247 verbisaaqualem
3296 3191 3358 3230 se
3390 3175 3507 3232 Deo
3523 3177 3682 3232 Patri

274 3280 389 3320 non
423 3264 494 3319 de
519 3262 654 3319 ullis
682 3263 901 3321 nostris
934 3264 1294 3331 meritis,sed
1317 3266 1390 3322 de
1420 3265 1798 3324 multitudine
1811 3270 1914 3323 mi-

267 3354 628 3408 serationum
658 3357 905 3408 tuarum
933 3354 1358 3424 separari/ibus,
1393 3355 1565 3409 corde
1595 3355 1654 3409 in
1686 3354 1913 3427 psalmo

270 3441 671 3497 cantamus:Et
681 3442 990 3497 secundum
1006 3442 1456 3498 multitudinem
1470 3445 1913 3500 miserationum

269 3528 516 3587 tuarum
565 3528 699 3584 dele
743 3531 1100 3603 iniquitatem
1149 3548 1336 3587 meam
1386 3531 1572 3600 (Psal.
1606 3551 1669 3603 1.,
1695 3533 1769 3600 3).
1805 3533 1913 3588 Re-

271 3618 566 3675 cordanda
607 3635 861 3691 namque
910 3624 1050 3675 sunt
1094 3618 1155 3674 in
1181 3618 1288 3675 hoc
1317 3619 1462 3687 loco,
1495 3625 1552 3676 et
1606 3621 1918 3693 diligenter

271 3706 620 3763 inculcanda
645 3707 819 3762 verba
848 3707 1128 3780 Apostoli,
1160 3708 1444 3765 dicentis:
1482 3710 1916 3780 Omnz's‘namque

269 3795 515 3861 sacerdos
544 3812 614 3851 ea:
640 3796 955 3852 hominibus
985 3806 1312 3869 assumptus,
1322 3814 1427 3869 pro
1457 3799 1771 3854 hominibus
1783 3814 1915 3855 con-

270 3886 498 3941 situitur
526 3887 587 3941 in
615 3884 703 3941 his
732 3900 859 3957 qua?
876 3894 1005 3941 sunt
1033 3886 1103 3942 ad
1130 3888 1320 3955 Deum,
1352 3895 1415 3943 ut
1454 3888 1647 3959 offerat
1697 3886 1839 3944 dona
1867 3896 1919 3944 et

270 3974 544 4045 sacriﬁcia
568 3990 670 4046 pro
694 3977 927 4045 peccatis
955 3993 974 4028 :
1004 3977 1101 4046 qui
1146 3976 1428 4032 condolere
1467 3978 1637 4048 possit
1684 3978 1772 4031 his
1818 3980 1917 4049 qui

271 4065 529 4133 ignorant
555 4070 607 4118 et
625 4071 833 4131 errant,
864 4066 1125 4137 quoniam
1166 4073 1216 4120 et
1266 4066 1379 4136 ipse
1425 4066 1798 4122 circumdatus
1841 4075 1918 4124 est

273 4152 612 4223 inﬁrmitate,
661 4160 712 4208 et
755 4159 1040 4224 propterea
1084 4152 1256 4220 debet,
1306 4153 1758 4223 quemadmodum
1814 4172 1916 4227 pro

268 4242 488 4312 papula,
522 4243 599 4296 ita
626 4243 793 4297 etiam
818 4258 919 4313 pro
947 4257 1005 4297 se
1032 4242 1226 4313 offerre
1251 4258 1352 4312 pro
1380 4246 1612 4312 peccatis
1641 4245 1825 4312 (Hebr.
1858 4262 1913 4313 v,

273 4331 346 4400 1).
364 4329 450 4385 Ad
481 4330 635 4401 quod
658 4329 862 4385 beatus
884 4328 1267 4402 Gregoriusin
1293 4330 1546 4401 quodam
1579 4330 1705 4387 loco
1717 4332 1917 4387 exhor-

273 4422 406 4474 tans
437 4417 604 4473 dicit;
627 4440 654 4467 ‹‹
689 4419 799 4474 Sed
833 4434 1069 4473 necesse
1101 4420 1192 4472 est
1219 4421 1303 4485 ut,
1339 4434 1473 4472 cum
1506 4418 1627 4473 haec
1658 4419 1913 4492 agimus,

272 4506 662 4578 nosmetipsos
691 4507 806 4562 Deo
836 4506 896 4561 in
927 4506 1118 4561 cordis
1159 4506 1506 4562 contritione
1547 4511 1872 4564 mactemus
1901 4527 1913 4577 ;
1947 4532 1993 4597 D

272 4597 411 4668 quia
432 4595 530 4667 qui
561 4593 853 4668 passionis
873 4593 1189 4650 Dominicze
1220 4594 1498 4666 mysteria
1526 4595 1912 4663 celebramus,

270 4684 554 4741 debemus
586 4682 803 4739 imitari
832 4682 985 4755 quod
1016 4682 1268 4755 agimus.
1293 4683 1457 4737 Tunc
1486 4683 1641 4738 enim
1672 4701 1917 4757 verepro

272 4773 440 4830 nobis
471 4773 586 4829 Deo
618 4771 809 4829 hostia
831 4771 960 4830 erit.
975 4787 1109 4826 cum
1125 4787 1232 4826 nos
1250 4770 1411 4842 ipsos
1428 4772 1683 4827 hostiam
1700 4773 1914 4830 fecerit.

271 4861 483 4918 Oratur
502 4861 700 4933 itaque
729 4860 1099 4932 omnipotens
1110 4860 1286 4928 Deus,
1302 4864 1495 4916 utnon
1508 4860 1699 4917 solum
1711 4862 1915 4919 defun-

270 4951 401 5018 ctis,
435 4967 684 5023 quorum
740 4966 920 5022 supra
966 4948 1444 5004 commemoratio
1490 4950 1642 5006 facta
1681 4957 1789 5023 est,
1816 4954 1917 5010 sed

269 5039 447 5095 etiam
468 5038 639 5094 nobis
670 5037 1095 5110 peccatoribus,
1112 5037 1183 5092 de
1197 5035 1577 5094 multltudine
1591 5040 1916 5099 miseratio-

272 5144 416 5183 num
448 5143 691 5181 suarum
709 5126 1101 5197 sperantibus,
1128 5129 1354 5196 partem
1384 5124 1643 5198 aliquam
1664 5134 1722 5185 et
1742 5132 1919 5189 socie-

271 5220 451 5271 tatem
482 5214 699 5270 donare
724 5215 998 5286 dignetur
1027 5229 1161 5268 cum
1185 5214 1309 5268 suis
1332 5216 1549 5272 sanctis
1571 5221 1849 5290 apostolis
1861 5226 1917 5278 et

271 5302 631 5374 martyribus
660 5306 716 5358 et
745 5302 1021 5358 omnibus
1052 5301 1271 5357 sanctis
1297 5319 1400 5375 pro
1424 5307 1659 5363 modulo
1691 5315 1910 5380 nostro;

273 5391 487 5463 quibus
519 5407 675 5444 nunc
704 5388 1592 5462 sociamurpercommunionem
1610 5396 1912 5465 ﬁdei,cum

270 5478 419 5551 ipsis
445 5477 621 5533 etiam
655 5477 992 5534 societatem
1020 5478 1148 5534 vitae
1165 5483 1221 5535 et
1251 5480 1584 5541 beatudinis
1614 5488 1913 5543 aeternaein

273 5567 471 5636 futuro
501 5566 1313 5641 accipiamus.lntraquorum
1337 5588 1443 5627 nos
1476 5576 1832 5631 consortium
1849 5580 1915 5633 ut

2008 3263 2501 3321 manifestissime
2513 3262 2845 3337 praedicavit
2859 3281 2872 3318 :
2888 3264 3027 3337 quia
3047 3280 3296 3335 quorum
3320 3265 3685 3321 unaeadem-

2024 3372 2136 3427 que
2168 3351 2663 3426 Operatio,procul
2693 3350 2869 3407 dubio
2901 3350 3144 3423 aequalis
3163 3356 3252 3409 est
3281 3358 3340 3410 et
3370 3353 3679 3424 maiestas.

2025 3444 2131 3499 Per
2161 3442 2356 3515 ipsum
2390 3441 2651 3508 enim,ut
2679 3440 2900 3496 dictum
2933 3446 3040 3505 est,
3056 3441 3212 3497 Deus
3244 3442 3683 3499 Paterhzecom-

2024 3532 2122 3587 nia
2153 3532 2305 3587 bona
2322 3547 2551 3602 semper
2566 3534 2744 3595 creat,
2759 3534 2817 3585 et
2829 3534 3021 3585 creato
3040 3546 3105 3585 ac
3119 3529 3246 3585 suis
3257 3532 3681 3603 conspectibus

2024 3620 2218 3677 oblata
2247 3618 2594 3685 sanctificat,
2629 3624 2695 3673 ut
2724 3634 2852 3690 qua:
2882 3622 3048 3675 erant
3093 3618 3342 3691 simplex
3380 3624 3676 3684 creatura.

2024 3710 2168 3765 ﬁant
2198 3711 2601 3776 sacramenta;
2632 3706 2832 3779 sicque
2862 3706 3280 3763 sanctiﬁcando
3308 3707 3579 3777 viviﬂcet,
3614 3714 3681 3765 ut

2024 3798 2144 3855 sint
2174 3796 2449 3872 mysteria
2467 3796 2621 3866 vitae,
2654 3800 2721 3851 ut
2749 3800 3019 3851 sumatur
3046 3795 3107 3851 in
3129 3795 3213 3852 eis
3241 3795 3378 3865 vita,
3413 3802 3481 3853 ut
3526 3797 3677 3854 vita-

2023 3887 2138 3944 lem
2161 3885 2550 3942 substantiam
2572 3884 2994 3956 accipientibus
3008 3884 3481 3941 subministrent.
3499 3886 3677 3944 Sanc-

2023 3977 2299 4032 tiﬁcandn
2313 3979 2508 4030 autem
2526 3972 2937 4029 etvivificando
2956 3972 3327 4030 inetl‘abiliter
3356 3974 3672 4041 benedicit,

2025 4063 2162 4137 quia
2191 4079 2260 4119 ea
2288 4062 2447 4118 omni
2467 4061 2871 4118 benedictione
2887 4060 3104 4117 caelesti
3131 4066 3188 4117 et
3199 4062 3678 4135 gratiaaccumu-

2023 4153 2125 4209 lat.
2160 4153 2246 4209 Ita
2272 4168 2406 4208 vero
2439 4150 2818 4217 sanctiﬁcata,
2854 4154 2912 4206 et
2939 4150 3249 4219 viviﬁcata,
3280 4155 3338 4206 et
3368 4152 3678 4211 benedicta

2025 4245 2263 4315 praestat
2294 4239 2463 4295 nobis
2495 4256 2598 4311 per
2617 4239 2889 4295 eumdem
2919 4255 3117 4295 secum
3151 4239 3369 4311 pariter
3411 4242 3677 4297 sanctiﬁ-

2024 4334 2275 4396 cantem,
2299 4326 2689 4383 vivificantem
2716 4332 2772 4384 et
2802 4328 3379 4400 benedicentem,qui
3412 4331 3583 4387 nobis
3604 4331 3677 4388 de

2024 4433 2264 4489 corpore
2293 4420 2351 4473 et
2379 4416 2665 4489 sanguine
2694 4433 2800 4472 suo
2828 4416 2989 4472 dedit
3018 4422 3140 4472 tam
3184 4418 3486 4474 salubrem
3530 4420 3675 4475 refe-

2024 4507 2296 4562 ctionem.
2332 4505 2889 4574 (Auc.)Manducent
2917 4521 3054 4578 ergo
3084 4505 3186 4577 qui
3219 4507 3677 4576 manducant,et

2025 4596 2228 4651 bibant
2259 4593 2358 4666 qui
2391 4593 2623 4663 bibunt,
2638 4594 2901 4650 esuriant
2918 4598 2976 4649 et
2998 4593 3220 4662 sitiant,
3234 4595 3416 4661 vitam
3434 4596 3678 4651 mandu-

2026 4687 2177 4753 cent,
2210 4683 2388 4739 vitam
2420 4682 2643 4739 bibant.
2668 4682 2815 4737 lllud
2848 4682 3224 4751 manducare,
3249 4684 3407 4739 reﬁci
3439 4689 3546 4741 est.
3562 4686 3673 4741 Sed

2027 4774 2113 4829 sic
2162 4771 2439 4840 reﬁceris,
2470 4774 2537 4827 ut
2577 4788 2693 4827 nou
2735 4771 2970 4827 deﬁciat
3016 4772 3171 4827 unde
3212 4772 3487 4828 reﬁccris.
3522 4772 3673 4830 Illud

2026 4862 2222 4918 bibere
2254 4860 2395 4934 quid
2427 4863 2534 4928 est,
2567 4859 2682 4916 nisi
2713 4858 2940 4916 vivere?
2972 4860 3264 4917 Manduca
3305 4860 3511 4931 vitam,
3543 4861 3676 4917 bibe

2025 4952 2227 5018 vitam,
2261 4949 2505 5004 habebis
2534 4948 2734 5016 vitam,
2767 4952 2824 5003 et
2844 4948 3071 5021 integra
3096 4952 3185 5004 est
3213 4948 3349 5004 vita.
3374 4950 3541 5006 Tunc
3569 4967 3674 5006 au-

2025 5044 2145 5096 tem
2186 5039 2295 5094 hoc
2345 5037 2473 5105 erit,
2503 5036 2561 5091 id
2612 5039 2701 5091 est
2748 5035 2868 5092 vita
2898 5036 3217 5109 unicuique
3241 5037 3352 5094 erit
3380 5054 3596 5111 corpus
3616 5042 3673 5095 et

2025 5127 2269 5201 sanguis
2299 5123 2536 5191 Christi,
2563 5123 2612 5178 si
2644 5124 2798 5195 quod
2846 5123 2907 5179 in
2958 5130 3322 5182 sacramento
3366 5126 3674 5183 visibiliter

2024 5217 2298 5281 sumitur,
2326 5212 2385 5267 in
2418 5212 2549 5283 ipsa
2569 5212 2808 5269 veritate
2839 5212 3223 5286 spiritualiter
3260 5216 3671 5285 manducetur,

2024 5302 2369 5378 spiritaliter
2399 5299 2653 5356 bibatur:

2091 5396 2181 5448 74.
2220 5392 2324 5447 Per
2368 5389 2564 5462 ipsum
2613 5408 2769 5464 ergo,
2802 5396 2869 5447 ut
2917 5391 3138 5447 dictum
3181 5397 3290 5459 est,
3320 5392 3478 5449 Deus
3508 5393 3675 5449 Pater

2023 5485 2145 5540 haec
2171 5478 2369 5537 omnia
2397 5479 2549 5534 bona
2578 5480 2997 5536 sanctiﬁcando
3027 5484 3085 5536 et
3111 5480 3672 5537 ﬁvificandoinetl'a-

2022 5572 2217 5630 biliter
2247 5566 2558 5635 benedicit,
2577 5566 2716 5640 quia
2744 5585 2813 5624 ea
2844 5567 3003 5624 omni
3033 5568 3437 5627 benedictienc
3450 5569 3670 5629 caelesti
