3896 6208
118 316 191 397 ζῖ3
1156 320 1565 383 OPUSCULA
1608 321 2020 383 ADVERSUS
2066 320 2564 384 AMALARIUM.
3464 330 3541 386 74

118 464 263 516 eres,
287 448 531 506 Domini
564 456 660 508 est
688 469 861 509 causa
883 469 1061 525 quam
1086 451 1378 524 loquitur:
1407 452 1584 526 digna
1605 458 1780 520 certe,
1812 453 1863 527 Α
1896 453 2161 525 gravitati
2185 454 2575 525 fastidiosum,
2590 460 2646 511 et
2668 474 2805 513 meae
2823 457 3265 529 supplicationis
3286 460 3541 515 sermoni

120 553 248 610 quae
269 555 303 593 a
324 538 681 597 melioribus
703 546 1131 614 suggereretur,
1146 545 1202 596 et
1221 540 1431 596 idonea
1449 557 1575 612 quae
1599 542 1669 596 ad
1694 558 1784 597 ve-

114 630 307 683 strum
332 628 463 700 jam
492 629 639 685 olim
664 629 957 701 judicium
980 629 1368 685 examinanda
1397 631 1778 702 perferretur;

113 716 220 771 sed
252 716 538 788 quoniam
592 717 804 775 fortius
842 717 1098 774 clamare
1144 716 1335 774 solent
1382 718 1480 790 qui
1526 719 1781 774 atrocius

106 804 419 877 vapulant,
444 811 504 861 et
529 805 635 879 qui
665 807 922 863 maxima
945 811 1187 880 cogente
1219 806 1543 879 indigentia
1567 807 1781 880 impor-

106 893 322 949 tunius
345 894 672 967 postulant,
698 895 1073 952 miseratione
1098 895 1292 968 potius
1314 913 1494 969 quam
1518 896 1782 969 indigna-

105 980 276 1037 tione
307 983 471 1056 digni
502 983 833 1041 habentur:
859 986 937 1040 sit
972 990 1030 1040 et
1061 984 1206 1040 mihi
1238 985 1484 1041 minimo
1518 986 1630 1041 sub
1653 1003 1778 1042 ves-

104 1075 205 1127 tra
236 1072 450 1143 pietate
480 1078 679 1129 tutum
708 1090 774 1130 ac
805 1074 1054 1130 liberum
1075 1074 1228 1129 inter
1253 1074 1483 1147 ﬂagella
1504 1075 1780 1147 vapulan-

107 1157 191 1214 tis
223 1160 494 1216 Ecclesiae
532 1161 762 1219 tristius
798 1162 1125 1229 vociferari,
1148 1163 1218 1217 de
1249 1161 1515 1219 cladibus
1553 1166 1681 1233 ejus
1713 1181 1779 1219 ac

109 1249 379 1307 miseriis
400 1252 698 1323 conqueri,
720 1255 777 1307 et
801 1269 836 1308 a
856 1251 1019 1309 vobis
1052 1257 1304 1324 paternae
1335 1251 1462 1325 opis
1492 1253 1776 1308 auxilium

108 1337 445 1411 deprecari.

182 1431 242 1482 2.
269 1428 491 1485 Idcirco
516 1429 673 1485 enim
697 1430 768 1485 ad
800 1446 922 1499 vos,
948 1447 980 1486 ο
1012 1430 1235 1486 domini
1258 1434 1315 1486 et
1335 1435 1537 1486 Patres
1567 1431 1778 1487 beatis-

107 1513 279 1584 simi,
314 1518 417 1589 qui
448 1522 508 1573 et
537 1518 840 1591 dignitatis
869 1519 1149 1585 culmine,
1172 1526 1230 1575 et
1259 1519 1393 1576 lidei
1421 1519 1775 1586 sinceritate,

102 1610 159 1661 et
196 1606 305 1662 Dei
342 1606 570 1675 timore,
602 1612 660 1663 et
708 1607 964 1664 scientia:
1017 1609 1307 1680 probitate
1338 1608 1690 1680 praecellitis,
1720 1613 1779 1664 et

106 1696 505 1769 Lugdunensi
546 1695 815 1752 Ecclesia:
858 1696 1096 1769 quidem
1139 1698 1487 1753 familiarius
1512 1698 1775 1754 obstricti

100 1784 277 1853 estis,
305 1784 607 1857 querelam
638 1785 790 1841 hanc
829 1786 1209 1858 potissimum
1249 1786 1472 1842 credidi
1511 1787 1773 1842 deferen-
1805 1824 1851 1889 Β

104 1875 300 1931 dam:
340 1880 402 1929 ut
451 1879 670 1947 quanto
718 1873 918 1947 plures
964 1874 1141 1930 divini
1191 1876 1455 1932 muneris
1502 1875 1775 1946 largitate

106 1963 360 2037 praeitis,
396 1968 557 2019 tanto
596 1963 914 2019 instantius
944 1968 1001 2020 et
1032 1964 1364 2037 religiosius
1413 1983 1516 2037 pro
1567 1965 1775 2020 divinae

109 2054 252 2109 ﬁdei
283 2057 346 2108 et
369 2053 630 2109 veritatis
658 2053 904 2109 tuitione
924 2055 1184 2121 certetis;
1210 2070 1500 2110 memores
1521 2054 1779 2126 Spiritus

109 2142 311 2205 sancti
346 2159 449 2214 per
478 2141 851 2198 Salomonem
895 2141 1135 2210 talibus,
1158 2143 1362 2215 quales
1392 2143 1607 2199 Christi
1636 2144 1780 2199 estis

112 2232 333 2304 gratia,
369 2230 783 2303 prsclamantis
830 2248 843 2287 :
896 2234 1041 2288 Erue
1095 2249 1182 2288 eos
1240 2234 1339 2304 qui
1392 2232 1668 2288 ducuntur
1713 2232 1782 2287 ait

111 2329 375 2383 mortem,
406 2328 457 2376 ct
484 2322 581 2392 qui
620 2321 914 2377 trahuntur
959 2320 1029 2376 ad
1077 2323 1359 2378 interitum
1407 2323 1641 2379 liberare
1686 2338 1784 2378 ne—

123 2426 273 2466 cesse
300 2418 383 2465 est
420 2410 602 2480 (Prov.
634 2427 788 2477 xxxv,
815 2409 923 2481 11).
949 2409 1008 2465 Si
1038 2410 1275 2481 dixeris,
1298 2411 1449 2466 vires
1490 2429 1605 2466 non
1645 2429 1784 2482 sup-

124 2503 364 2571 petunt,
390 2498 490 2571 qui
523 2497 819 2572 inspector
862 2503 953 2554 est
999 2499 1193 2554 cordis
1244 2499 1369 2571 ipse
1416 2498 1709 2571 intelligit,
1733 2504 1790 2555 et

124 2592 489 2646 servatorem
514 2589 723 2645 animae
749 2592 861 2644 tuae
887 2586 1027 2643 nihil
1054 2587 1543 2660 fallil,rcddetque
1564 2587 1789 2644 homini

115 2678 296 2749 juxta
327 2693 509 2750 opera
540 2694 667 2733 sua.
704 2676 1004 2733 Praecessit
1044 2677 1200 2732 enim
1235 2677 1292 2731 in
1338 2678 1577 2749 praefata
1608 2693 1793 2750 nuper

124 2766 397 2823 Ecclesia
424 2783 528 2839 per
556 2765 861 2838 praslatum
893 2766 1021 2837 ejus
1050 2765 1411 2821 Amalarium
1445 2782 1606 2822 error
1634 2767 1788 2821 insa-

125 2874 241 2912 nus
274 2860 338 2911 et
368 2872 576 2926 vanus,
599 2855 735 2911 ﬁdei
757 2860 814 2911 et
837 2856 1098 2911 veritatis
1129 2854 1427 2922 inimicus,
1451 2854 1713 2927 religioni
1737 2860 1794 2909 et

123 2944 307 3001 saluti
331 2945 687 3012 contrarius,
712 2961 887 3017 quem
913 2943 1171 3016 primum
1194 2944 1454 3016 quidem,
1477 2948 1792 3016 aggregata

122 3035 609 3106 presbyterorum
638 3034 880 3105 synodo,
903 3032 1472 3088 circumsedentibus
1494 3031 1790 3099 omnibus,

123 3128 181 3179 et
211 3122 379 3179 velut
410 3127 822 3195 praeceptorem
860 3121 1261 3187 audientibus,
1291 3122 1420 3177 viva
1451 3138 1586 3176 voce
1622 3138 1793 3176 cona-

1891 542 2118 597 videtur
2147 544 2558 615 incongruum,
2577 562 2751 616 quem
2783 551 2980 602 metuo
3007 548 3183 603 rebus
3214 547 3436 603 frivolis
3460 550 3543 605 l'a-

1892 647 2018 685 cere
2051 630 2443 702 prolixiorem,
2476 651 2547 689 ne
2581 634 2637 688 in
2673 634 2840 690 seriis
2870 652 2936 690 ac
2969 636 3315 692 necessariis
3346 654 3546 693 onero-

1891 719 2010 775 sior
2033 721 2320 776 videatur.
2346 721 2503 777 Cerie
2534 722 2668 778 libri
2716 723 2827 795 ipsi
2861 725 2977 780 fere
3027 725 3242 797 ubique
3272 725 3543 798 dispersi,

1892 808 2009 865 fere
2039 811 2317 867 omnibus
2368 811 2488 867 noti
2548 818 2705 880 sunt,
2740 831 2928 886 neque
2967 814 3259 871 ullatenus
3308 815 3544 888 ambigo

1890 899 2031 970 quin
2062 900 2329 971 gravium
2353 917 2420 955 ac
2450 902 2829 972 prudentium
2852 904 3110 959 virorum
3133 905 3359 975 judicio
3384 922 3544 962 seve-

1888 986 2015 1042 rius
2056 988 2581 1059 reprehendantur,
2628 1008 2807 1062 quam
2855 992 3187 1065 exiguitatis
3244 1011 3385 1050 mea:
3442 998 3546 1050 aut

1889 1076 2307 1147 comprehendi
2330 1076 2707 1151 ingenio,aut
2728 1081 3062 1152 exaggerari
3086 1081 3537 1155 possiteloquio.

1886 1165 2178 1231 Attamen,
2204 1183 2274 1220 ne
2327 1166 2546 1222 frustra
2589 1184 2756 1237 opem
2796 1169 3064 1226 sanitatis
3094 1171 3293 1228 videar
3334 1171 3543 1243 implo-

1888 1269 2036 1322 rare,
2053 1254 2101 1308 si
2127 1253 2439 1309 dissimulo
2462 1260 2561 1311 aut
2588 1257 2832 1331 formido
2855 1257 3067 1314 vulnus
3090 1261 3374 1333 detegere,
3393 1278 3537 1316 non-

1887 1340 2053 1396 nulla
2081 1343 2169 1397 vel
2202 1343 2454 1399 breviter
2483 1344 2797 1417 replicabo.
2823 1346 2937 1401 Vos
2970 1351 3035 1402 ut
3062 1348 3313 1404 caelestis
3343 1366 3541 1422 coope-

1886 1435 2107 1486 ratores
2136 1432 2371 1503 medici,
2391 1433 2510 1488 sive
2532 1433 2791 1491 antidoto
2815 1436 2969 1503 ﬁdei,
2994 1436 3114 1491 sive
3143 1436 3415 1507 scapello,
3440 1442 3543 1493 aut

1886 1520 2142 1575 cauterio
2175 1521 2585 1578 sincerissima:
2616 1524 2874 1579 veritatis
2896 1528 3097 1580 curate
3126 1524 3428 1598 languida,
3450 1543 3540 1582 re-

1885 1612 2077 1664 secate
2097 1609 2352 1680 putrida,
2379 1611 2530 1667 urite
2559 1611 2786 1682 vitiosa,
2810 1617 2867 1668 et
2895 1612 3072 1669 saluti
3098 1615 3357 1687 corporis
3377 1614 3541 1670 Chri-

1885 1698 1959 1753 sti
1990 1697 2049 1752 in
2082 1715 2395 1755 commune
2445 1701 2779 1773 prospicite.
2816 1702 3003 1771 Absit,
3038 1703 3192 1759 absit
3250 1722 3285 1759 a
3339 1707 3543 1761 vestris

1882 1787 2186 1855 gravitatis
2225 1805 2495 1856 censura,
2530 1794 2593 1844 ut
2643 1790 2700 1845 in
2753 1790 3096 1863 hujusmodi
3157 1793 3455 1850 erroribus
3485 1798 3545 1851 et

1882 1875 2118 1948 ineptiis
2144 1878 2539 1944 confutandis,
2561 1884 2663 1934 aut
2685 1897 2943 1952 persona:
2972 1886 3262 1953 respectu,
3281 1887 3383 1938 aut
3401 1884 3546 1939 adu-

1883 1960 2121 2020 lationis
2154 1965 2304 2033 fuco,
2331 1970 2431 2020 aut
2452 1966 2722 2021 humanae
2755 1968 3093 2026 olfensionis
3123 1987 3223 2025 seu
3257 1970 3544 2027 discrimi-

1887 2052 1981 2107 nis
1998 2057 2158 2108 metu
2175 2054 2526 2127 cujusquam
2551 2055 2630 2126 pii
2653 2062 2709 2111 et
2730 2056 2917 2113 ﬁdelis
2939 2058 3172 2114 animus
3194 2060 3542 2115 retardetur.

1889 2144 2030 2196 Cum
2062 2157 2153 2196 res
2186 2142 2339 2209 ﬁdei,
2366 2160 2501 2198 cum
2535 2162 2713 2200 causa
2758 2146 3046 2213 Ecclesiaa,
3070 2164 3205 2202 cum
3246 2148 3544 2219 negotium

1890 2229 2103 2285 Christi
2137 2231 2355 2302 agitur,
2378 2232 2503 2287 sola
2533 2234 2699 2300 ﬁdes,
2726 2233 2852 2290 sola
2882 2240 3067 2291 mater
3086 2236 3359 2305 Ecclesia,
3384 2237 3547 2293 solus

1892 2324 2119 2375 amator
2147 2320 2429 2389 veritatis,
2461 2322 2579 2378 imo
2615 2323 2856 2389 Veritas,
2879 2324 3146 2381 Christus
3193 2343 3310 2397 prie
3358 2326 3546 2383 oculis

1892 2408 2199 2464 habeatur.

1966 2497 2020 2551 [ι.
2055 2502 2229 2553 Docet
2269 2503 2584 2571 praeceptor
2616 2500 2739 2572 ipse
2776 2502 3109 2558 Anialarius
3149 2505 3440 2577 egregius,
3466 2505 3550 2561 ita

1898 2603 2110 2658 corpus
2140 2586 2352 2642 Christi
2386 2606 2513 2644 esse
2546 2589 2806 2645 triforme
2838 2596 2894 2645 et
2930 2592 3311 2664 tripartitum,
3345 2600 3409 2649 ut
3438 2595 3550 2650 tria

1898 2675 2110 2731 Christi
2136 2693 2408 2747 corpora:
2431 2677 2687 2748 primum
2710 2681 2866 2750 quod
2893 2680 3015 2752 ipse
3036 2682 3314 2755 suscepit,
3341 2700 3548 2739 secun-

1900 2765 2041 2819 dum
2065 2766 2123 2819 in
2145 2765 2441 2836 nobis,qui
2461 2784 2638 2837 super
2657 2773 2866 2823 terram
2888 2770 3292 2839 ambulamus;
3311 2772 3550 2827 tertium

1900 2854 1960 2908 in
1990 2853 2105 2908 illis
2135 2854 2233 2924 qui
2266 2853 2477 2925 sepulti
2503 2856 2722 2925 jacent.
2747 2858 2963 2911 Asserit
2996 2859 3053 2913 in
3076 2861 3351 2926 mysterio
3373 2862 3550 2916 sacri-

1902 2942 2017 2998 ficii
2040 2942 2147 2996 hac
2170 2943 2239 2997 de
2262 2960 2438 2997 causa
2460 2948 2578 2998 tres
2603 2944 2812 3000 debere
2836 2946 2961 3000 ﬁeri
2982 2953 3174 3018 partes
3199 2965 3212 3002 :
3246 2966 3424 3004 unam
3457 2966 3551 3005 ca-

1901 3032 2032 3087 licis
2056 3049 2156 3103 pro
2174 3030 2424 3095 Christo,
2441 3032 2684 3087 alteram
2701 3032 2759 3087 in
2784 3038 2994 3105 patena
3014 3052 3117 3108 pro
3137 3037 3303 3107 vivis,
3318 3039 3553 3093 tertiam

1902 3120 1959 3174 in
1983 3120 2148 3175 altari
2177 3138 2279 3191 pro
2304 3121 2570 3176 mortuis.
2588 3122 2740 3178 Dicit
2763 3140 2971 3194 panem
2990 3124 3154 3179 illum
3173 3142 3300 3181 esse
3317 3143 3553 3182 carnem

124 3218 225 3269 tus
256 3216 353 3268 est
381 3228 594 3278 serere,
629 3210 747 3265 imo
801 3215 922 3265 tota
970 3211 1291 3266 intentione
1339 3217 1396 3267 et
1442 3211 1635 3265 studio
1686 3226 1787 3281 per
1817 3195 1858 3261 C
1893 3209 2127 3275 Christi,
2154 3210 2502 3281 sanguinem
2545 3211 2827 3277 animam,
2856 3216 2920 3266 ut
2959 3212 3034 3267 sit
3078 3218 3235 3269 totus
3264 3214 3552 3273 Christus.

124 3307 321 3358 totum
357 3300 621 3355 triduum
658 3300 1054 3371 proponendo,
1087 3300 1447 3373 exponendo,
1480 3298 1780 3372 exigendo,

124 3391 413 3447 omnibus
461 3387 776 3446 inculcavit
805 3396 861 3445 et
893 3389 1152 3458 tradidit,
1177 3390 1346 3462 quasi
1395 3389 1535 3445 Novi
1582 3390 1784 3445 Testa-

125 3479 313 3536 menti
364 3476 635 3533 minister
679 3477 898 3534 tabulis
937 3478 1130 3533 cordis
1188 3477 1521 3534 carnalibus
1578 3482 1788 3533 cuncta

123 3586 255 3641 quae
274 3567 603 3633 asserebat,
620 3566 1185 3623 indelebilitervellet
1200 3567 1556 3639 imprimere.
1576 3567 1790 3623 Deinde

121 3655 307 3711 etiam
342 3670 629 3727 magnum
658 3655 973 3727 quemdam
1002 3654 1260 3711 codicem
1285 3659 1537 3726 quatuor
1553 3654 1793 3710 volumi-

123 3744 307 3801 nibus
339 3744 653 3812 dilfusum,
684 3761 718 3798 a
747 3760 811 3800 se
849 3744 1239 3816 compositum
1272 3749 1447 3815 atque
1472 3744 1572 3817 dig
1592 3750 1789 3814 :stum,

121 3833 449 3908 legendum
469 3832 1098 3905 transcribendumque
1114 3831 1346 3888 tradidit
1358 3848 1647 3901 ,asserens
1659 3850 1793 3888 eum

123 3921 461 3980 Ofﬁcialem
503 3922 856 3994 nuncupari,
888 3925 1169 3994 tanquam
1222 3922 1291 3977 de
1350 3921 1532 3977 sacris
1588 3921 1797 3977 ofﬁciis

123 4010 603 4085 prudentissime
633 4016 689 4067 et
718 4009 1220 4067 sufﬁcientissime
1248 4010 1671 4082 disputantem,
1696 4010 1797 4083 qui

123 4101 311 4157 tantis
343 4099 603 4156 vesaniis
644 4103 703 4155 et
748 4098 1047 4156 erroribus
1094 4100 1391 4155 confertus
1440 4104 1551 4168 est,
1572 4104 1637 4155 ut
1667 4101 1796 4172 qui-

127 4189 395 4246 buslibet
423 4188 603 4246 etiam
632 4187 924 4261 imperitis
956 4187 1149 4261 palam
1174 4188 1454 4244 ridendus
1476 4204 1800 4262 conspuen-

124 4280 366 4352 dusque
404 4278 693 4334 videatur.
728 4278 978 4334 Protulit
1023 4293 1255 4350 quoque
1303 4276 1796 4349 Antiphonarium

125 4367 290 4424 velut
320 4386 358 4425 a
390 4384 454 4423 se
493 4366 787 4440 digestum
836 4370 1012 4440 atque
1061 4369 1410 4436 correctum,
1433 4366 1527 4421 cui
1560 4365 1703 4421 talia
1733 4382 1802 4423 ex

126 4475 236 4513 suo
272 4474 456 4514 sensu
489 4456 760 4522 inseruit,
798 4460 864 4511 ut
896 4472 999 4528 pro
1031 4456 1161 4527 ejus
1192 4454 1522 4527 impudenti
1555 4455 1803 4511 audacia

1895 3299 2298 3356 Haesitandum
2333 3299 2497 3364 dicit,
2530 3305 2727 3355 utrum
2762 3318 2974 3372 corpus
3005 3302 3213 3356 Christi
3265 3304 3336 3359 de
3382 3304 3556 3365 altari

1896 3393 2222 3460 sumptum,
2250 3388 2307 3442 in
2340 3406 2579 3460 corpore
2611 3394 2809 3444 nostro
2834 3397 3067 3445 maneat
3089 3409 3276 3463 usque
3305 3391 3365 3447 in
3398 3394 3556 3449 diem

1896 3477 2235 3550 sepulturae,
2266 3495 2339 3532 an
2373 3477 2685 3549 recipiatur
2726 3479 3092 3535 invisibiliter
3118 3481 3179 3535 in
3209 3480 3442 3549 coelum,
3468 3499 3542 3537 an

1899 3567 2134 3640 quando
2161 3581 2369 3621 venam
2416 3566 2751 3634 incidimus,
2777 3586 2910 3622 cum
2954 3569 3239 3641 sanguine
3270 3571 3542 3643 profluat,

1901 3673 1975 3713 an
1997 3673 2129 3711 cum
2156 3654 2377 3711 caeteris
2399 3673 2525 3727 quae
2547 3655 2606 3710 in
2629 3674 2695 3741 os
2724 3657 2965 3726 intrant,
2991 3659 3048 3713 in
3070 3676 3365 3716 secessum
3387 3659 3547 3715 laba-

1901 3751 2017 3801 tur.
2044 3744 2305 3817 Epistola
2324 3746 2451 3816 ejus
2474 3752 2561 3799 est
2587 3745 2645 3802 in
2676 3763 2782 3801 suo
2806 3747 3051 3802 Ofﬁciali
3082 3748 3250 3816 libro,
3276 3749 3349 3803 ad
3382 3750 3549 3819 juve-

1903 3852 2037 3891 nem
2061 3835 2256 3890 nescio
2279 3850 2452 3905 quem
2475 3834 2814 3907 episcopum
2836 3837 3072 3908 scripta,
3088 3854 3216 3909 quas
3243 3837 3352 3893 hoc
3372 3836 3554 3892 conti-

1905 3929 2039 3980 net:
2063 3923 2170 3979 Ubi
2194 3922 2369 3978 etiam
2392 3923 2463 3977 de
2483 3923 2675 3995 sputis
2697 3928 2753 3978 et
2772 3924 3145 3996 ﬂegmatibus
3175 3926 3554 3998 spurcissime

1906 4014 2190 4085 disputat,
2215 4016 2272 4067 et
2299 4028 2434 4066 cum
2462 4010 2538 4066 sit
2563 4017 2681 4065 tam
2713 4013 2947 4068 sordide
2979 4014 3194 4069 mentis
3224 4014 3557 4085 putidaeque

1908 4101 2205 4164 doctrinae,
2224 4116 2286 4154 se
2308 4096 2631 4170 spiritalem
2648 4100 2957 4170 jactat,qui
2976 4100 3175 4156 omnia
3193 4101 3559 4173 diiudicet,et

1909 4191 2053 4247 alios
2079 4188 2342 4243 carnales
2371 4192 2427 4242 ct
2473 4186 2757 4243 animales
2805 4193 2988 4244 vocat.
3024 4189 3274 4245 Calicem
3329 4190 3558 4246 Domini

1906 4284 2075 4337 vocat
2095 4277 2451 4350 sepulcrum,
2466 4277 2869 4349 presbyterum
2886 4278 3104 4351 Joseph
3123 4281 3195 4337 ab
3210 4280 3555 4348 Arimathia,

1909 4366 2385 4424 archidiaconum
2442 4365 2825 4421 Nicodemum
2892 4372 3174 4441 tanquam
3234 4369 3558 4442 sepultores

1909 4457 2152 4523 Christi;
2173 4456 2448 4510 diaconos
2476 4458 2627 4511 retro
2656 4456 2909 4513 acclines
2930 4458 3321 4530 apostolos,se
3341 4458 3398 4514 in
3424 4474 3557 4532 pas-

122 4548 293 4603 frons
322 4544 576 4619 legentis
605 4546 827 4617 pudore
849 4562 915 4601 ac
942 4545 1152 4600 rubore
1186 4544 1447 4600 feriatur.
1471 4543 1799 4600 Novissime
1830 4561 1875 4627 ι)
1907 4548 2068 4603 sione
2090 4544 2319 4601 Domini
2342 4543 2500 4600 velut
2524 4545 2937 4604 contrahentes
2968 4552 3025 4603 et
3053 4549 3343 4604 occultare
3362 4547 3557 4604 volen-

122 4653 265 4692 vero
299 4652 521 4691 novum
553 4634 799 4707 digessit
835 4633 1130 4698 volumen,
1154 4638 1211 4688 et
1240 4633 1397 4705 apud
1442 4633 1797 4706 Lugdunum

124 4729 337 4780 ornate
361 4722 554 4790 indui,
581 4739 647 4779 ac
677 4723 838 4778 vittis
868 4722 1103 4778 sericeis
1124 4721 1411 4795 distingui
1443 4721 1575 4777 fecit
1600 4739 1612 4775 :
1640 4722 1794 4794 quod

121 4815 195 4870 ad
231 4812 526 4886 palatium
558 4812 771 4880 ferens,
801 4813 891 4867 vel
920 4810 1192 4884 principi,
1219 4810 1307 4865 vel
1341 4810 1623 4883 magistro
1654 4828 1798 4866 con-

126 4902 247 4958 silii
282 4901 509 4958 dicitur
540 4900 866 4957 oblaturus.
897 4900 960 4956 In
992 4917 1105 4973 quo
1140 4916 1270 4954 vere
1303 4903 1421 4954 tam
1456 4898 1649 4971 inepto
1679 4898 1795 4954 elo-

123 4992 295 5062 quia,
320 4994 445 5046 tam
471 4989 747 5045 absurdis
773 4989 1061 5058 sensibus,
1085 4992 1207 5043 tam
1236 4986 1541 5059 exquisitis
1561 4991 1618 5042 et
1638 4986 1801 5042 inau-

124 5079 270 5135 ditis
306 5077 640 5151 phantasiis
662 5077 991 5145 involvitur,
1010 5082 1072 5133 ut
1092 5080 1262 5148 putes
1286 5091 1422 5131 eum
1445 5075 1802 5147 lymphatico

124 5184 293 5225 more
321 5165 623 5224 bacchari.
640 5165 823 5222 Vocat
842 5166 1024 5238 hujus
1055 5164 1468 5221 insnlsissimaa
1491 5162 1801 5236 garrulita-

126 5259 206 5314 tis
234 5258 490 5323 librum,
515 5256 791 5312 Embolim
819 5256 1203 5327 opusculorum
1240 5270 1485 5319 suorum,
1511 5256 1570 5307 et
1598 5252 1800 5308 rectis-

123 5346 276 5402 sime
309 5344 592 5412 omnino;
633 5348 722 5400 est
745 5344 904 5400 enim
934 5342 1353 5415 multiplicium
1381 5357 1643 5397 errorum
1674 5340 1803 5411 ejus

122 5434 289 5491 velut
322 5431 535 5489 cameli
587 5432 801 5506 gibbus
844 5448 1219 5504 procrescens
1250 5448 1316 5486 ac
1348 5428 1683 5484 redundans
1712 5444 1801 5483 ar-

126 5527 493 5599 gumentum
533 5523 655 5591 [al.,
684 5520 1113 5595 augmentum].

193 5616 252 5673 3.
276 5613 366 5674 De
402 5609 668 5685 singulis
700 5614 895 5686 autem
934 5626 1122 5686 pauca
1151 5622 1491 5687 proponere,
1517 5610 1574 5664 ct
1603 5608 1803 5663 vestra:

464 5739 738 5807 Parnm.
787 5738 995 5806 CXIX.

1906 4639 2021 4704 tes;
2058 4634 2450 4690 subdiaconos
2482 4635 2553 4689 ad
2588 4634 2794 4690 faciem
2821 4642 3063 4703 erectos,
3088 4637 3361 4693 mulieres
3382 4637 3561 4693 libere

1910 4721 2387 4779 astantes.Aliam
2423 4728 2647 4793 partem
2680 4725 2937 4795 mysticae
2966 4726 3263 4792 orationis,
3289 4742 3405 4797 qua
3435 4742 3559 4780 cor-

1905 4829 2018 4884 pus
2047 4811 2280 4867 Domini
2326 4816 2720 4880 consecratur,
2749 4812 2980 4869 Christo
3030 4814 3236 4869 tribuit
3280 4814 3467 4868 oranti
3500 4813 3559 4868 in

1906 4906 2105 4957 monte
2137 4899 2379 4966 Oliveti;
2427 4899 2598 4956 aliam
2652 4901 2710 4956 in
2771 4919 2943 4958 cruce
2999 4903 3293 4974 pendenti,
3318 4907 3376 4957 et
3432 4907 3564 4974 post

1908 4989 2104 5044 nescio
2138 5005 2289 5060 quas
2322 4990 2514 5044 fatuas
2534 4989 2871 5055 divisiones,
2895 4989 3069 5044 aliam
3105 4988 3393 5045 morienti.
3418 4990 3561 5045 Cum

1909 5093 2042 5132 vero
2077 5078 2379 5150 presbyter
2406 5077 2744 5143 inclinatur,
2770 5077 2877 5132 hoc
2907 5094 3034 5133 esse
3059 5095 3071 5133 :
3094 5080 3159 5133 Et
3188 5079 3451 5134 inclinato
3478 5094 3566 5134 ca-

1906 5167 2020 5237 pite
2050 5165 2284 5220 tradidit
2304 5167 2563 5237 spiritum
2594 5168 2769 5235 (Joan.
2802 5184 2913 5233 xux,
2941 5167 3051 5237 30).

1977 5253 2033 5309 5.
2071 5253 2135 5308 In
2169 5270 2324 5308 anno
2357 5253 2620 5325 legitima
2649 5254 2877 5323 jejunia
2906 5255 2977 5310 ad
3010 5260 3263 5327 quatuor
3290 5257 3568 5314 humores

1910 5342 2346 5414 refert,quibus
2394 5358 2607 5412 corpus
2650 5347 2953 5413 vegetatur
2999 5345 3347 5415 humanum,
3381 5352 3438 5403 et
3465 5364 3568 5419 pro

1912 5429 2006 5486 his
2038 5430 2165 5484 ﬁeri
2218 5429 2431 5485 asserit
2461 5430 2519 5482 in
2552 5429 2773 5484 eisdem
2798 5430 3065 5501 jejuniis.
3090 5434 3247 5492 Duas
3292 5435 3570 5490 lectiones

1917 5521 2126 5589 quarta
2151 5518 2298 5572 feria
2319 5518 2389 5571 ad
2414 5517 2657 5572 missam
2682 5516 2815 5590 legi,
2839 5526 3074 5593 propter
3100 5523 3213 5579 άιο
3233 5524 3424 5581 sidera
3443 5522 3572 5595 ipso

1915 5605 2006 5663 die
2041 5605 2298 5673 condita,
2316 5609 2382 5662 ut
2411 5607 2658 5681 paganis
2679 5607 2809 5681 ejus
2829 5609 3021 5668 verbis
3040 5616 3190 5683 utar,
3216 5612 3496 5671 Phezbum
3516 5613 3589 5672 οι»

3217 5741 3252 5809 3
