3896 6208
348 309 425 366 7s
1464 303 1691 365 FLORI
1744 302 2060 366 [IIACONI
2106 303 2678 367 LUGDUNENSIS.
3564 270 3571 275 ’
3697 305 3766 370 76

348 455 607 495 sororem
632 440 761 511 ejus
783 437 1080 494 Phoabam.
1105 437 1254 492 Nam
1276 440 1332 491 et
1358 453 1629 504 sanctum
1654 436 1833 492 David
1860 453 2008 491 scm-
2034 436 2091 503 Α
2121 434 2259 491 tiam
2283 437 2645 509 sequitur,ac
2663 437 2822 493 velut
2837 436 3068 493 cceleste
3083 436 3386 494 oraculum
3409 437 3759 510 sequendam

348 545 451 599 per
480 527 540 582 in
572 527 820 583 Domino
850 529 1057 583 fortem
1090 530 1147 582 et
1178 525 1542 592 bellicosum,
1569 531 1753 581 morte
1775 526 2006 581 cthnico

347 615 562 672 arsisse
593 615 736 671 dicit
765 616 823 671 in
859 617 1063 682 Marte,
1094 632 1268 686 quem
1301 620 1625 669 daemonem
1658 631 1785 669 esse
1819 614 2004 686 pessi-

347 721 510 759 mum
530 703 887 759 inventorem
905 705 1026 775 [al.,
1043 703 1425 773 incentoremj
1447 702 1809 757 tumultuum
1832 708 2006 773 atque

346 790 635 848 bellorum
677 791 1003 863 proclamat.
1032 793 1205 847 etiam
1254 796 1425 863 poeta
1471 791 1705 863 gentilis
1753 792 2001 846 dicens:

345 880 516 937 Saevit
544 889 646 937 toto
687 882 832 937 Mars
877 883 1081 953 impius
1131 881 1275 936 orbc.
1313 880 1374 935 In
1410 879 1717 949 Evangelia
1766 880 2006 948 nmjoris

348 968 608 1037 Litaniae,
633 987 736 1041 per
759 986 968 1041 panem
998 968 1273 1039 intelligit
1296 970 1494 1040 fruges
1526 973 1722 1035 terrae;
1759 969 1814 1022 in
1851 968 2007 1040 pisce

347 1056 543 1130 genita
572 1074 641 1113 ex
676 1058 877 1130 aquis;
910 1059 968 1112 in
1020 1076 1123 1113 ovo
1174 1058 1452 1112 animalia
1485 1075 1611 1128 quae
1662 1074 1731 1110 ex
1764 1062 2009 1123 utroque

349 1163 489 1203 sexu
510 1146 835 1219 gignuntur
855 1148 913 1202 in
938 1148 1137 1215 terris;
1161 1146 1455 1218 talemque
1480 1146 1854 1217 phantasiam
1881 1163 2011 1200 scn-

349 1252 452 1292 sus
482 1236 575 1291 sui
598 1236 928 1307 evangelico
961 1237 1271 1307 praeferens
1298 1233 1520 1301 sensui,
1544 1233 1755 1289 asserit
1784 1251 1887 1305 pro
1921 1238 2009 1288 ta-

348 1323 498 1379 lium
532 1340 727 1379 rerum
750 1322 1187 1379 conservatione
1209 1328 1348 1378 tunc
1367 1341 1401 1378 a
1422 1322 1619 1378 ﬁdelib
1631 1340 1697 1377 us
1729 1321 2009 1377 celebrari

349 1411 606 1468 litanias.
631 1412 777 1467 Nam
800 1415 856 1468 et
877 1429 1102 1467 messes
1126 1417 1264 1467 tunc
1290 1411 1347 1465 in
1379 1411 1707 1482 profectum
1735 1413 1894 1477 sunt,
1925 1409 2011 1463 in-

350 1500 562 1573 quit,et
582 1499 770 1573 pisces
793 1504 933 1556 tunc
950 1501 1272 1567 veniunt,ct
1292 1499 1437 1571 pulli
1464 1516 1705 1571 campos
1730 1498 2005 1554 tundunt.

348 1588 523 1644 Addit
542 1587 785 1660 insuper
805 1593 861 1644 et
881 1589 1164 1660 quasdam
1188 1587 1649 1660 signiﬁcationes
1673 1591 2007 1641 monstruo-

349 1682 542 1746 sas,et
572 1677 760 1732 instar
790 1677 1204 1749 antipodarum
1228 1677 1418 1748 capite
1438 1678 1740 1743 deorsum,
1766 1675 2010 1747 pedibus

349 1783 585 1822 sursum
608 1767 813 1833 versis,
836 1767 916 1821 ita
947 1771 1012 1821 ut
1043 1767 1099 1821 in
1125 1766 1217 1821 his
1239 1767 1527 1838 praecedat
1550 1783 1641 1820 res
1667 1764 1813 1836 ipsa,
1832 1770 1885 1819 et
1918 1783 2005 1819 se-
2040 1804 2088 1867 Β

350 1858 565 1926 quatur
592 1854 808 1927 ﬁgura;
842 1871 978 1910 cum
1009 1873 1040 1910 c
1070 1854 1363 1910 contrario
1397 1854 1616 1908 umbra:
1651 1854 1817 1925 legis,
1837 1854 2009 1923 juxta

347 1942 714 2015 Apostolum,
737 1960 829 2000 res
851 1942 1159 2015 designent
1183 1943 1511 1999 futurorum
1538 1943 1847 1998 bonorum.
1862 1946 2005 1997 Cum

349 2032 422 2088 ab
453 2030 623 2087 altari
655 2031 911 2088 sumitur
950 2031 1348 2105 Evangelium,
1385 2032 1578 2103 ipsum
1609 2030 1792 2087 altare
1823 2031 2005 2103 signi-

351 2121 487 2176 ficat
517 2120 866 2187 Jerusalem,
891 2122 1044 2176 unde
1075 2121 1450 2192 Evangelium
1489 2121 1794 2193 processit.
1822 2121 2008 2175 Locus

350 2208 775 2287 altaris‘locum
819 2209 987 2264 illum
1020 2209 1331 2283 signiﬁcat,
1359 2210 1457 2265 ubi
1501 2210 1681 2264 Jacob
1712 2208 2008 2265 dormiens

352 2297 592 2371 angelos
626 2297 785 2352 vidit.
806 2288 1120 2354 Romanus
1144 2299 1575 2370 pontifex,cum
1600 2298 1843 2353 sabbato
1874 2303 2008 2352 ante

353 2386 580 2442 Palmas
611 2386 1043 2459 eleemosynam
1077 2388 1195 2455 dat,
1228 2388 1531 2443 mulierem
1567 2386 1859 2460 signiﬁcat
1881 2404 2008 2458 quae

352 2475 671 2532 Dominum
706 2474 890 2531 unxit.

421 2566 475 2619 6.
498 2568 631 2620 Jam
662 2565 735 2620 de
765 2566 1133 2621 sacerdotum
1159 2571 1215 2621 et
1249 2566 1653 2620 ministrorum
1681 2565 1862 2619 sacris
1885 2583 2006 2618 vcs-

354 2654 535 2724 tibus,
558 2654 628 2709 de
658 2653 811 2709 vasis
838 2654 1017 2710 divini
1050 2654 1387 2722 ministerii,
1412 2655 1484 2710 de
1514 2658 1818 2709 cantorum
1845 2654 2010 2709 tabu-

353 2740 533 2811 lis,de
553 2742 739 2815 signis
769 2744 953 2812 aareis,
979 2744 1050 2799 de
1080 2743 1225 2816 ipsis
1250 2743 1423 2799 etiam
1450 2744 1930 2798 indumentorum
1954 2745 2011 2797 et

352 2830 880 2887 calceamentorum
905 2832 1172 2900 ﬁmbriis,
1191 2832 1486 2889 coloribus
1506 2836 1563 2887 et
1588 2831 1915 2903 speciebus,
1939 2832 2009 2886 de

352 2919 561 2977 ofﬁciis
602 2937 835 2992 quoque
866 2922 1069 2988 sacris,
1097 2927 1154 2976 et
1183 2921 1548 2993 psalmorum
1581 2918 2007 2975 distributioni-

352 3008 484 3080 bus,
499 3026 677 3081 quam
700 3008 899 3082 inepta
917 3016 975 3066 et
995 3011 1157 3065 fatua
1178 3016 1235 3065 et
1254 3010 1415 3066 omni
1437 3011 1560 3065 risu
1584 3009 1762 3081 digna
1784 3008 2009 3064 contin-

352 3096 455 3170 git,
484 3098 652 3169 quasi
681 3099 732 3153 ei
763 3097 869 3153 soli
901 3098 1134 3154 licuerit
1181 3104 1316 3171 post
1361 3098 1549 3170 legem
1581 3103 1637 3153 et
1667 3097 2005 3169 prophetas,

2117 526 2406 597 proponit,
2424 544 2600 599 quam
2620 526 2807 582 cidem
2829 526 3130 598 respondit
3146 528 3216 582 de
3235 526 3454 583 talibus
3474 528 3763 583 consulen-

2117 614 2160 668 ti
2178 630 2228 667 :u
2242 615 2324 669 Ad
2346 633 2779 687 quamcunque,
2797 616 3096 687 inquiens,
3110 614 3427 671 Ecclesiam
3447 616 3758 683 deveneris,

2116 702 2243 770 ejus
2269 720 2490 758 morem
2513 721 2697 771 serva,
2719 704 2767 759 si
2791 722 2905 760 non
2928 703 3014 759 vis
3043 703 3209 759 alteri
3241 721 3369 760 esse
3403 704 3759 773 scandalum,

2117 807 2220 844 nec
2245 807 2601 862 quemquam
2625 792 2784 847 tibi.»
2803 793 2863 847 1n
2886 793 3105 848 eisdem
3128 794 3197 847 ad
3212 792 3565 849 Januarium
3590 791 3760 849 libris.

2117 902 2144 927 ‹‹
2172 880 2464 951 Quidquid
2499 880 2761 936 humana
2789 883 3135 937 auctoritate
3178 882 3477 950 statuitur,
3503 898 3571 937 ac
3603 880 3762 936 veluti

2117 974 2548 1023 sacramentum
2576 975 2631 1023 et
2659 970 3003 1041 mysterium
3033 974 3284 1035 tenetur,
3307 969 3647 1025 nullatenus
3679 987 3764 1042 ap-

2118 1056 2509 1127 probandum,
2543 1058 2660 1113 imo
2684 1062 2740 1113 et
2764 1058 3003 1113 indubie
3026 1058 3255 1129 asserit,
3281 1059 3689 1114 resccandum.
3709 1080 3733 1107 π

2187 1148 2242 1198 7.
2264 1145 2410 1210 Quid
2436 1145 2614 1218 igitur
2636 1145 2897 1201 novellus
2918 1146 3030 1201 iste
3051 1151 3370 1218 prmceptor
3389 1147 3459 1201 de
3481 1146 3763 1219 mysteriis

2120 1233 2244 1288 suis
2269 1234 2473 1289 faciet?
2496 1252 2611 1306 qua
2634 1235 2853 1290 ratione
2877 1240 2959 1290 tot
2989 1235 3317 1291 vanitatum
3352 1252 3597 1291 suarum
3620 1252 3762 1291 com-

2121 1326 2317 1378 menta
2337 1322 2644 1378 defendet?
2666 1324 2979 1395 Scriptura:
3004 1328 3216 1379 sanctae
3245 1324 3572 1380 auctoritas
3594 1325 3761 1389 deest,

2119 1410 2384 1465 Ecclesia:
2409 1410 2465 1465 in
2489 1411 2705 1467 talibus
2727 1412 3015 1484 generalis
3037 1412 3293 1479 traditio,
3309 1417 3366 1468 et
3391 1412 3597 1486 regula
3618 1412 3766 1469 nulla

2118 1505 2226 1564 est,
2254 1500 2519 1556 doctrina
2550 1500 2789 1556 Patrum
2839 1505 3148 1574 repugnat,
3185 1500 3476 1557 Libellum
3528 1502 3762 1558 Romani

2120 1588 2341 1643 ordinis
2373 1593 2545 1643 tantae
2587 1589 2951 1645 auctoritatis
3001 1589 3195 1655 habet,
3221 1594 3286 1644 ut
3335 1606 3472 1646 cum
3504 1606 3658 1661 pene
3704 1590 3765 1644 ad

2118 1677 2356 1732 verbum
2382 1678 2607 1732 nitatur
2631 1695 2949 1748 exponere;
2982 1682 3035 1733 et
3060 1682 3255 1735 tamen
3280 1679 3480 1734 statim
3507 1679 3625 1734 sibi
3658 1680 3766 1751 ipse

2119 1765 2445 1820 contrarius
2467 1766 2675 1820 asserit
2699 1766 2854 1821 hunc
2879 1767 3139 1822 Romano
3158 1767 3596 1834 archidiacono,
3612 1769 3767 1839 cujus

2116 1853 2530 1910 traditionibus
2550 1855 2853 1927 gloriatur,
2874 1855 3160 1928 ignotum.
3178 1857 3341 1922 Quod
3367 1856 3416 1912 si
3440 1856 3767 1928 Scriptura-

2117 1959 2246 1997 rum
2272 1959 2480 1997 sensus
2502 1944 2571 1996 ad
2608 1960 2746 1999 suas
2770 1942 3002 2000 fabulas
3032 1944 3301 2010 trahit,ot
3322 1950 3665 2001 commenta
3685 1962 3768 2000 er-

2116 2031 2263 2086 roris
2296 2030 2386 2085 sui
2420 2048 2486 2086 ex
2519 2031 2613 2086 his
2663 2031 2867 2088 fulcire
2899 2037 3163 2097 conatur,
3188 2032 3322 2104 quis
3372 2031 3523 2088 hanc
3557 2033 3769 2089 nesciat

2118 2119 2519 2175 hmreticorum
2545 2120 2838 2192 propriam
2862 2138 2991 2176 esse
3016 2121 3303 2176 insaniam
3329 2126 3391 2175 ut
3415 2138 3524 2176 sua
3546 2137 3770 2194 semper

2118 2209 2421 2263 mendacia
2448 2210 2706 2264 veritatis
2749 2209 2940 2281 specie
2973 2209 3233 2282 pallient,
3265 2214 3583 2277 vertentes,
3611 2211 3770 2282 juxta

2120 2297 2351 2363 Isaiam,
2380 2302 2686 2369 argentum
2723 2299 2779 2353 in
2811 2298 3083 2361 scoriam,
3115 2304 3174 2353 et
3213 2298 3466 2354 cmlestis
3513 2299 3769 2372 vigorem

2117 2386 2232 2440 vini
2265 2390 2504 2441 terrenm
2556 2387 2843 2442 fatuitatis
2890 2405 3055 2458 aquae
3106 2387 3459 2443 miscentes?
3508 2388 3772 2461 Ignoscat

2118 2475 2262 2529 mihi
2296 2475 2536 2546 indigno
2567 2479 2624 2530 et
2646 2475 2857 2548 exiguo
2878 2480 3072 2531 vestra
3091 2475 3433 2547 paternitas,
3457 2476 3508 2530 si
3534 2493 3667 2532 rem
3687 2493 3772 2531 ne-

2117 2563 2429 2618 cessariam
2457 2564 2587 2619 ﬁdei
2615 2569 2672 2618 et
2703 2564 2999 2620 salubrem
3024 2564 3291 2620 Ecclesiae
3317 2565 3526 2620 devota
3547 2565 3769 2637 suppli-

2118 2654 2342 2707 catione
2364 2652 3115 2725 suggessero.Claudendus
3135 2657 3226 2709 est
3250 2652 3420 2725 plane
3433 2655 3615 2725 juxta
3635 2653 3772 2726 legis

2117 2746 2470 2813 praeceptum
2521 2742 2625 2796 bos
2675 2741 2993 2813 cornipeta,
3029 2746 3086 2798 et
3133 2758 3200 2797 os
3248 2743 3377 2813 ejus
3427 2741 3771 2815 sempiterni

2117 2832 2277 2885 freno
2309 2829 2526 2885 silentii
2551 2830 3096 2903 constringendum,
3121 2830 3240 2885 imo
3262 2831 3399 2903 quia
3423 2833 3550 2903 jam
3580 2832 3775 2887 autvi-

2116 2936 2247 2974 rum
2270 2922 2372 2973 aut
2403 2917 2707 2973 mulierem
2741 2918 3007 2974 fortassis
3054 2918 3289 2986 invasit,
3313 2919 3372 2975 id
3414 2924 3524 2985 est,
3548 2919 3647 2976 vel
3680 2920 3772 2992 qui

2116 3007 2226 3063 sibi
2261 3007 2425 3063 fortis
2454 3006 2703 3074 videtur,
2719 3006 2805 3063 vel
2832 3008 2930 3080 qui
2963 3025 3092 3063 vere
3118 3008 3392 3064 inﬁrmus
3425 3008 3486 3064 in
3516 3009 3640 3065 ﬁde
3669 3014 3769 3077 est,

2116 3095 2549 3167 scandalizavit,
2601 3096 2933 3152 divinarum
2985 3097 3411 3153 sententiarum
3464 3098 3773 3171 capidibus

355 3169 486 3258 post
514 3187 826 3259 Evangelia
851 3193 909 3242 et
939 3169 1255 3259 apostolos,
1281 3205 1372 3242 res
1403 3169 1625 3258 tjpicas
1647 3190 1705 3241 et
1728 3185 2004 3258 mysticus
2034 3169 2079 3239 (ἶ
2119 3188 2181 3257 [Γ.
2211 3184 2551 3258 cuspidibus
2582 3186 2664 3241 vel
2693 3184 3008 3258 lapidibus]
3039 3186 3401 3255 obruendus,
3427 3169 3771 3244 necicarnes

356 3274 415 3329 in
437 3273 695 3331 Ecclesia
711 3280 986 3342 statuere,
1012 3276 1093 3330 ita
1116 3281 1180 3330 ut
1203 3274 1611 3347 mysteriorum
1637 3276 1765 3345 ejus
1792 3291 2009 3346 praeva-

356 3362 570 3418 ricator
598 3363 901 3431 habeatur,
926 3364 1027 3435 qui
1070 3382 1181 3419 usu
1211 3370 1268 3419 et
1299 3364 1723 3419 consuetudine
1754 3362 2006 3434 simplici

355 3451 515 3507 aliud
534 3451 673 3526 quid
692 3452 982 3508 celebrare
1000 3452 1455 3525 praesumpserit.
1473 3452 1623 3508 Dicit
1639 3470 1701 3508 sc
1723 3453 1781 3507 in
1799 3451 2007 3507 talium

352 3540 800 3613 phantasiarum
819 3541 1329 3598 adinventionibus
1348 3542 1532 3598 sancti
1550 3541 1861 3614 Augustini
1877 3557 2008 3596 auc-

351 3629 646 3685 toritatem
670 3630 932 3701 scqui,eo
951 3631 1103 3701 quod
1128 3631 1376 3686 obscura
1392 3648 1636 3702 quaeque
1658 3635 1713 3685 et
1730 3631 2009 3703 ambigua

348 3717 553 3772 tandiu
576 3717 671 3773 ille
695 3719 1154 3790 tractarijubeat
1176 3725 1349 3791 atque
1370 3719 1796 3787 versari,donec
1820 3719 1893 3773 ad
1919 3719 2005 3774 di-

348 3804 655 3862 lectionem
683 3807 776 3861 Dei
800 3806 885 3862 vel
918 3808 1164 3879 proximi
1199 3808 1583 3880 intelligentia
1608 3808 1961 3879 perducatur
1989 3825 2003 3862 ι

348 3894 409 3950 in
440 3895 654 3968 quibus
686 3896 916 3952 duobus
948 3896 1243 3951 mandatis
1278 3901 1396 3952 tota
1425 3896 1513 3951 lex
1545 3896 1758 3968 pendet
1787 3899 1843 3949 et
1875 3913 2004 3968 pro-

348 3982 558 4057 phetat.
591 3984 706 4040 Nec
737 3984 1088 4050 considerat,
1113 3986 1297 4041 nimia
1329 3985 1654 4041 novitatum
1687 3984 2005 4056 cupiditate

348 4077 615 4139 caecatus,
638 4073 759 4129 haec
790 4073 957 4129 illum
996 4075 1067 4130 de
1111 4092 1409 4130 sacrarum
1445 4074 1880 4146 Scripturarum
1915 4074 2004 4130 in-

348 4161 636 4233 dagandis
654 4162 926 4218 sensibus
950 4163 1293 4218 tradidisse:
1316 4180 1526 4235 nempe
1549 4163 1679 4218 libri
1706 4162 1765 4217 in
1789 4163 2004 4235 quibus

348 4249 470 4305 haec
500 4250 783 4321 loquitur,
809 4251 878 4305 de
911 4251 1185 4307 Doctrina
1215 4251 1549 4307 Christiana
1580 4250 1908 4320 titulantur,
1936 4253 2007 4307 de

350 4337 474 4394 sola
500 4338 560 4394 in
584 4338 676 4394 his
699 4340 1013 4411 Scripturm
1046 4357 1221 4395 sacra:
1249 4340 1635 4411 intelligentia
1656 4341 1866 4411 regula:
1888 4347 2003 4397 tra-

349 4427 589 4491 duntur,
607 4426 791 4482 multa
818 4429 892 4482 ibi
913 4430 982 4484 de
1000 4430 1196 4494 rebus,
1215 4428 1402 4483 multa
1418 4429 1489 4482 dc
1508 4428 1691 4494 signis
1710 4429 2007 4483 disserun.

350 4520 473 4584 tur;
503 4520 558 4569 et
592 4521 782 4571 tamen
818 4518 889 4571 de
921 4517 1258 4588 hujusmodi
1296 4516 1825 4587 signiﬁcationibus
1854 4534 2003 4589 quas
2033 4537 2082 4602 D

347 4603 457 4658 iste
486 4604 797 4676 perquirit,
822 4605 967 4659 nihil
1002 4606 1238 4677 penitus
1261 4604 1493 4672 dicitur,
1518 4604 1635 4659 imo
1663 4604 1720 4659 in
1744 4605 1910 4662 libris
1933 4608 2004 4661 ad

344 4692 959 4762 Januarium,omnem
980 4693 1510 4749 ecclesiasticarum
1529 4693 1891 4748 observation
1902 4713 2000 4750 um

344 4781 685 4837 varietatem
711 4781 927 4852 triplici
951 4798 1160 4853 genere
1182 4780 1821 4854 distinguit,universas
1844 4783 1999 4837 vide-

344 4867 480 4924 licet
511 4874 612 4924 aut
642 4888 709 4925 ex
741 4870 1054 4941 Scripturae
1085 4886 1262 4925 saera:
1298 4868 1659 4936 auctoritate,
1684 4874 1786 4924 aut
1815 4887 1881 4925 ex
1906 4888 2000 4943 ge-

351 4957 530 5012 nerali
565 4958 831 5013 Ecclesia)
867 4957 1199 5023 traditione,
1225 4962 1327 5012 aut
1356 4974 1421 5011 ex
1454 4957 1815 5013 diversorum
1844 4959 1999 5015 loco-

349 5062 481 5100 rum
514 5046 862 5102 multiformi
898 5046 1320 5101 cunsuetuiine
1350 5063 1447 5100 eas
1486 5062 1753 5101 asserens
1790 5064 1998 5121 propa-

344 5139 512 5207 gatas
538 5152 550 5191 :
575 5139 631 5191 et
652 5135 873 5207 primas
897 5134 1133 5206 quidem
1162 5133 1416 5187 ostendit
1443 5150 1682 5188 numero
1704 5152 1831 5190 esse
1855 5154 1995 5207 pau-

343 5224 633 5290 cissimas,
660 5225 759 5279 sed
793 5222 1193 5278 observatione
1220 5221 1547 5283 facillimae,
1573 5222 1998 5294 signiﬁcatione

342 5311 884 5383 praestantissimae;
909 5313 1199 5365 secundas
1218 5326 1447 5379 quoque
1474 5307 1596 5378 pari
1621 5309 1894 5383 religione
1911 5332 1998 5368 as-

340 5399 482 5456 serit
509 5397 903 5464 venerandae;
936 5397 993 5450 in
1019 5396 1204 5451 tertiis
1228 5413 1359 5451 vero
1394 5394 1614 5451 nullam
1648 5398 1884 5455 omnino
1916 5402 1996 5457 si-

339 5487 800 5560 gniﬁcationem,
822 5483 1049 5538 nullum
1080 5484 1386 5555 requirens
1408 5486 1774 5557 mysterium,
1801 5489 1992 5546 since-

334 5573 630 5643 rissimam
658 5577 833 5651 atque
873 5570 1283 5647 gravissimam
1316 5574 1379 5633 Β.
1413 5574 1703 5634 Ambrosii
1739 5584 1978 5637 senicu-

2116 3277 2266 3347 ejus,
2290 3276 2347 3329 id
2382 3278 2470 3330 est
2501 3275 2768 3330 doctrina
2798 3280 2854 3330 ct
2884 3292 3115 3342 sensus,
3143 3274 3438 3332 ullatenus
3459 3278 3772 3333 comeden-

2116 3366 2222 3420 da).
2240 3365 2383 3419 Nam
2407 3364 2634 3435 quoties
2654 3364 2724 3420 de
2740 3363 2833 3419 his
2856 3365 3124 3437 arguitur
3139 3364 3226 3421 vel
3249 3369 3543 3433 monetur,
3562 3383 3774 3439 nequa-

2117 3470 2316 3527 quam,
2347 3457 2413 3509 ut
2443 3452 2674 3525 piorum
2724 3453 2906 3510 moris
2937 3457 3047 3519 est,
3073 3452 3320 3509 libenter
3365 3458 3424 3509 et
3471 3453 3775 3510 humiliter

2116 3541 2454 3613 acquiescit,
2479 3543 2577 3597 sed
2602 3548 2740 3598 tunc
2754 3543 3081 3614 jactantius
3102 3546 3160 3597 et
3181 3542 3536 3599 insolentius
3559 3560 3776 3600 cornua

2116 3628 2365 3701 erigens,
2397 3628 2752 3701 multiplicat
2771 3630 3095 3695 vesaniam,
3118 3647 3287 3685 suam
3312 3631 3395 3686 sic
3427 3631 3651 3687 sentire
3673 3631 3776 3687 cla-

2118 3734 2286 3773 mans
2307 3735 2539 3773 omnem
2566 3717 2959 3785 Germaniam,
2982 3718 3066 3775 sic
3087 3723 3271 3775 totam
3296 3720 3551 3790 Italiam,
3575 3722 3662 3778 sic
3694 3723 3772 3795 ip-

2116 3823 2239 3862 sam
2275 3807 2538 3875 Romam,
2566 3823 2627 3862 se
2660 3806 2841 3863 fuisse
2864 3796 3390 3879 Constantinopoli,
3417 3827 3480 3865 se
3511 3811 3673 3882 apud
3698 3811 3772 3866 ls-

2116 3896 2285 3951 triam
2310 3896 2425 3951 sive
2451 3896 2789 3963 Lucaniam,
2808 3901 2864 3951 et
2886 3895 3101 3952 idcirco
3125 3897 3181 3951 in
3214 3897 3431 3953 talibus
3456 3898 3775 3973 singularis

2115 3983 2476 4041 auctoritatis
2499 3984 2765 4040 existere.
2790 3983 2903 4040 Nec
2924 3984 2973 4041 ei
3006 3989 3098 4040 sat
3127 3990 3216 4042 est
3248 3987 3403 4057 quod
3438 3985 3567 4058 ipse
3599 3988 3774 4044 tantis

2113 4072 2450 4145 implicatur
2470 4073 2764 4128 erroribus
2788 4078 2960 4145 atque
2983 4073 3332 4145 phantasiis.
3358 4076 3471 4130 nisi
3504 4081 3565 4131 et
3586 4081 3773 4132 totum

2114 4178 2259 4233 pene
2289 4163 2487 4217 orbem
2518 4162 2608 4217 sui
2642 4162 2986 4234 complicem
3019 4161 3283 4219 infamet.
3311 4163 3579 4220 Persistit
3611 4181 3774 4221 nam-

2113 4267 2245 4321 que,
2282 4251 2391 4306 sub
2444 4249 2765 4305 multorum
2812 4251 3158 4323 pontificum
3212 4252 3345 4307 ﬁcta
3400 4253 3773 4318 auctoritate,

2112 4356 2287 4393 suum
2322 4338 2391 4393 de
2424 4344 2808 4395 sacrosanctae
2830 4339 3195 4396 eucharistia":
3217 4340 3507 4397 divisione
3531 4341 3774 4415 ineptis-

2112 4425 2474 4491 Slluum,llllO
2493 4426 3283 4497 blasphemum,conﬁrmare
3303 4430 3773 4501 sensum.Neque

2113 4514 2267 4568 enim
2302 4532 2406 4569 nos
2440 4517 2795 4586 cujusquam
2826 4533 3049 4571 morem
3093 4517 3358 4571 Ecclesiae
3390 4518 3774 4590 reprehendi-

2116 4620 2270 4670 mus,
2306 4620 2409 4657 nec
2438 4602 2683 4658 alteram
2719 4603 2881 4659 alteri
2921 4605 3171 4677 superbe
3213 4606 3605 4678 praeferimus,
3630 4623 3774 4680 quas

2111 4710 2315 4748 omnes
2347 4692 2404 4746 in
2436 4692 2663 4748 Christo
2710 4697 2938 4748 constat
2970 4694 3201 4749 vinculo
3248 4695 3414 4767 pacis
3464 4696 3690 4761 unitas,
3720 4699 3773 4751 et

2111 4782 2295 4836 sancti
2328 4781 2584 4853 Spiritus
2615 4781 3032 4838 distributione
3054 4783 3382 4849 distinctas,
3402 4784 3505 4840 sed
3526 4800 3770 4840 sensum

2112 4871 2420 4942 profanum
2477 4869 2909 4942 redarguimus,
2933 4887 3108 4942 quem
3169 4871 3657 4928 manifestissime
3716 4876 3770 4927 et

2110 4958 2422 5030 Scriptura:
2446 4962 2753 5024 sanctzs,et
2773 4957 2905 5014 fidei
2931 4960 3249 5027 catholicae,
3265 4965 3321 5015 et
3343 4960 3556 5016 unitati
3580 4960 3769 5017 Eccle-

2110 5047 2207 5103 siae
2239 5046 2719 5102 inimicissimum
2754 5052 3000 5104 constat.
3025 5048 3171 5105 Vere
3215 5047 3364 5104 nulli
3398 5066 3668 5122 unquam
3699 5049 3767 5105 li-

2106 5138 2227 5192 cuit
2255 5152 2468 5208 corpus
2500 5134 2715 5189 Christi
2749 5135 2941 5191 dicere
2974 5138 3238 5193 triforme
3257 5137 3345 5193 vel
3376 5138 3763 5211 tripartitum,

2106 5226 2259 5297 quod
2278 5222 2591 5295 Apostolus
2614 5240 2796 5278 unum
2816 5241 3049 5298 semper
3067 5231 3126 5282 et
3145 5226 3388 5282 unicum
3415 5227 3764 5299 proclamat,

2105 5314 2305 5369 dicens
2331 5330 2343 5367 :
2373 5314 2518 5368 Unus
2545 5313 2729 5382 panis,
2754 5330 2931 5368 unum
2962 5331 3157 5387 corpus
3182 5316 3347 5371 multi
3364 5332 3555 5371 sumus
3577 5318 3627 5389 (ι
3644 5318 3764 5373 Cor.

2100 5421 2156 5471 χ,
2184 5404 2289 5470 17).
2320 5402 2390 5457 Et
2412 5401 2627 5457 iterum
2652 5419 2664 5456 :
2689 5401 2847 5457 Multi
2876 5419 3050 5458 unum
3077 5420 3273 5477 corpus
3303 5421 3492 5460 sumus
3523 5406 3584 5461 in
3607 5406 3765 5462 Chri-

2102 5502 2181 5548 sto
2211 5494 2385 5559 (Item.
2410 5507 2511 5556 xu,
2534 5490 2610 5561 5).
2645 5490 2713 5545 Et
2742 5489 2877 5546 alibi
2915 5508 2928 5547 :
2967 5492 3144 5549 Unum
3171 5509 3386 5565 corpus,
3409 5500 3461 5548 et
3487 5510 3636 5551 unus
3653 5497 3763 5567 spi-

2104 5585 2265 5653 ritus,
2297 5583 2437 5638 sicut
2466 5580 2639 5638 vocati
2665 5581 2793 5638 estis
2836 5581 2897 5638 in
2926 5597 3038 5640 una
3083 5598 3176 5658 spe
3226 5583 3528 5642 vocationis
3569 5593 3765 5646 vestra!
