3896 6208
181 337 254 408 81

1197 336 1608 410 OPUSCULA
1646 340 2063 407 ADVERSUS
2108 342 2605 419 AMALARIUM.

3524 346 3604 411 82

188 470 330 529 dum
361 467 791 545 opusculorum
816 487 1056 528 suorum
1075 471 1331 528 codicem
1364 472 1522 529 omni
1556 474 1840 547 parochiaa
1872 477 1926 543 Α
1954 481 2263 549 praesente;
2290 482 2346 535 et
2368 497 2459 537 res
2479 479 2857 555 blasphemas
2878 477 3191 557 religiosus
3219 476 3483 540 horreret
3496 496 3602 540 au-

186 568 398 619 nostraa
420 560 580 617 velut
597 560 912 635 legendum
927 561 1553 636 transcribendumque
1566 563 1840 637 ingessit;

186 652 291 709 sed
311 657 367 708 et
384 655 518 707 ante
538 667 761 723 paucos
782 650 904 706 dies
926 667 1057 705 cum
1081 649 1261 705 alium
1294 650 1511 707 librum
1534 670 1707 708 suum
1729 653 1842 710 huc

182 740 399 798 detulit
462 739 968 807 dementissimus,
1043 739 1520 797 adinventionum
1596 759 1840 798 suarum

182 828 705 903 phantasmatibus
729 827 988 900 plenum.
1016 829 1147 895 Quae
1176 828 1391 896 omnia,
1418 830 1610 901 magis
1631 829 1761 885 odio
1785 835 1842 886 et

183 919 478 976 oblivione
498 935 681 989 quam
705 916 886 972 relatu
919 917 1116 990 digna,
1140 917 1390 974 libenter
1421 935 1575 973 nunc
1607 918 1838 975 silentio

181 1005 823 1083 prazteriremmisihzec
845 1006 932 1061 vel
957 1005 1115 1061 tenui
1138 1007 1687 1064 commemoratione
1700 1026 1841 1080 prae-

182 1098 494 1170 stringere,
514 1095 593 1151 rei
616 1099 792 1168 gestae
823 1110 997 1166 quam
1028 1094 1431 1167 explicandam
1450 1097 1678 1168 suscepi
1697 1099 1837 1153 ordo

181 1192 245 1244 et
275 1203 458 1242 causa
485 1186 839 1256 deposceret.
874 1183 1071 1256 Neque
1119 1183 1273 1240 enim
1324 1184 1458 1240 ﬁnis
1497 1186 1837 1257 quaestionis

180 1279 383 1349 potest
413 1273 518 1329 rite
540 1272 799 1347 agnosci,
823 1271 935 1328 nisi
959 1276 1092 1329 ante
1112 1273 1348 1328 initium
1373 1273 1682 1330 sollicitius
1696 1293 1835 1348 pra:-

179 1368 485 1422 noscatur.

253 1455 312 1509 5.
348 1451 569 1508 Asserit
599 1450 794 1523 itaque
820 1450 1021 1505 doctor
1051 1451 1345 1523 praefatus.
1372 1451 1524 1506 inter
1553 1451 1684 1520 alia,
1710 1469 1836 1509 cor-

177 1559 301 1616 pus
327 1541 537 1597 Christi
577 1540 840 1595 triforme
884 1543 942 1595 et
988 1538 1346 1612 tripartitum
1395 1556 1545 1608 esse,
1575 1540 1693 1598 imo
1723 1543 1837 1599 tria

174 1647 312 1688 esse
344 1628 559 1686 Christi
586 1645 846 1701 corpora.
881 1627 1102 1700 Corpus
1133 1629 1342 1684 Christi
1378 1630 1532 1701 quod
1554 1629 1612 1684 in
1636 1648 1833 1687 sacra-

176 1723 383 1776 mento
408 1737 444 1774 a
460 1717 729 1773 ﬁdelibus
749 1717 1025 1786 sumitur,
1045 1716 1131 1773 vel
1158 1718 1214 1772 in
1237 1718 1444 1773 cmlum
1467 1718 1836 1777 invisibiliter

175 1807 384 1880 recipi,
405 1807 493 1862 vel
523 1806 582 1861 in
615 1805 955 1879 corporibus
987 1806 1347 1862 sumentium
1381 1824 1615 1863 manere
1650 1826 1832 1882 usque

175 1897 238 1952 in
271 1896 433 1952 diem
465 1894 801 1968 sepulturae,
832 1894 920 1950 vel
952 1912 1021 1951 ex
1051 1894 1333 1952 incisione
1379 1914 1658 1953 venarum
1699 1915 1833 1954 cum

174 1985 472 2059 sanguine
505 1985 702 2051 ﬂuere,
724 1982 808 2040 vel
834 1985 892 2040 in
918 2000 1212 2041 secessum
1234 1984 1352 2041 labi
1384 1987 1675 2058 opinatur.
1698 1988 1836 2045 Dia-

173 2092 384 2140 conos,
406 2072 574 2129 altari
598 2090 731 2129 cum
755 2073 1046 2128 assistunt
1075 2074 1342 2140 inclines,
1375 2076 1586 2131 asserit
1614 2076 1835 2149 signiﬁ-

173 2180 313 2221 care
344 2161 642 2235 apostolos
666 2162 723 2216 in
746 2161 1020 2233 passione
1052 2160 1279 2217 Domini
1308 2168 1633 2220 metuentes
1660 2170 1835 2237 atque

173 2250 939 2317 latitantes;subdiaeonos,
965 2249 1240 2306 mulieres
1266 2252 1423 2307 cruci
1447 2252 1732 2326 intrepide
1749 2272 1836 2310 as-

172 2341 460 2399 sistentes
476 2357 489 2408 ;
504 2340 931 2413 presbyterum,
954 2338 1168 2411 Joseph
1182 2339 1254 2395 ab
1274 2340 1624 2410 Arimatbia;
1650 2341 1836 2398 archi-

173 2428 952 2497 diaconum,Nicodemum;
987 2426 1246 2496 calicem,
1280 2429 1611 2501 sepulcrum
1641 2449 1653 2499 ;
1679 2431 1835 2487 obla-

169 2521 398 2577 tionem
430 2517 718 2574 Dominici
769 2516 1026 2589 corporis
1076 2516 1217 2572 dicit
1255 2518 1727 2587 eruciﬁxionem;
1763 2520 1835 2575 li-

171 2624 361 2683 gnum
393 2607 592 2680 ipsum
627 2606 931 2677 designare
954 2604 1095 2660 dicit
1125 2605 1659 2679 doctores;lignum
1682 2609 1835 2663 unde

173 2698 414 2772 pendet,
449 2711 682 2751 crucem
710 2712 723 2760 ;
762 2695 955 2749 funem
989 2710 1103 2766 quo
1134 2696 1836 2764 attrahitur,ﬁdem;tin-

171 2785 558 2843 tinnabulum
583 2801 696 2856 quo
728 2783 1299 2856 resonat,linguam;
1333 2801 1574 2839 manum
1607 2786 1838 2841 trahen-

173 2876 251 2933 tis
271 2892 411 2931 eum
448 2873 691 2937 levatur,
713 2873 889 2927 vitam
923 2872 1463 2945 contemplativam;
1500 2890 1632 2929 cum
1665 2876 1838 2947 depo—

174 2966 362 3033 nitur,
416 2962 684 3019 activam.
740 2959 1105 3017 Exorcismos
1153 2961 1728 3031 catechumenorum,
1762 2965 1835 3020 ad

175 3052 507 3127 spiritalem
531 3050 968 3107 emundationis
989 3050 1262 3106 affectum
1277 3050 1838 3125 simpliciterdepro—

174 3143 450 3209 mendos,
468 3140 541 3196 ad
560 3138 816 3212 quinque
834 3155 1043 3195 sensus
1060 3156 1367 3212 corporeos
1381 3139 1564 3195 nimia
1585 3142 1835 3197 carnali-

173 3237 298 3289 tate
330 3229 634 3286 convertit.

246 3322 309 3376 6.
346 3319 586 3374 Hisdem
617 3316 782 3390 ipsis,
808 3316 957 3373 sicut
988 3334 1159 3375 aures
1191 3322 1246 3373 et
1278 3334 1469 3384 nares,
1503 3319 1585 3375 ita
1612 3324 1671 3375 et
1701 3336 1834 3376 ocu-

173 3409 267 3466 los
279 3407 612 3481 tangendos
626 3406 834 3462 melius
850 3406 1578 3479 indicat.Antiphonarium
1591 3409 1835 3466 Joannis

172 3495 531 3575 Apocalypsi
563 3500 882 3568 comparat.
914 3498 1101 3568 Atque
1130 3496 1236 3551 has
1263 3513 1465 3551 omnes
1492 3502 1550 3552 et
1571 3497 1838 3555 innume-

175 3586 401 3643 rabiles
422 3584 569 3641 alias
589 3585 807 3639 nenias
828 3602 932 3657 per
959 3589 1225 3640 sanctum
1257 3585 1400 3640 dicit
1431 3585 1714 3658 Spiritum
1747 3605 1836 3643 re-

174 3673 514 3742 velari,sibi
548 3691 840 3746 usurpans
875 3674 1273 3730 testimonium
1307 3674 1455 3729 Petri
1487 3676 1733 3747 apostoli
1755 3677 1838 3732 di-

176 3764 373 3822 centis
404 3781 420 3820 :
452 3768 571 3821 Non
620 3765 771 3819 enim
816 3764 1091 3819 voluntate
1137 3763 1381 3818 humana
1419 3764 1592 3819 allata
1619 3773 1699 3821 est
1726 3766 1837 3821 ali-

174 3854 402 3928 quando
427 3854 731 3925 prOphetia,
760 3851 852 3907 sed
878 3852 1093 3924 Spiritu
1137 3860 1321 3907 sancto
1368 3854 1627 3924 inspirati
1674 3856 1840 3911 locuti

175 3953 309 4001 sunt
338 3944 521 3999 sancti
543 3944 644 3997 Dei
661 3942 905 3998 homines
922 3942 994 4013 (II
1015 3947 1155 3997 Petr.
1180 3942 1339 4010 1,2l).
1355 3942 1437 3996 Ex
1458 3959 1571 4014 quo
1596 3943 1837 4000 manife-

178 4040 271 4089 ste
312 4036 373 4089 et
415 4047 481 4086 se
532 4030 897 4104 prophetam,
930 4035 987 4086 et
1017 4030 1341 4086 doctrinam
1374 4030 1755 4088 vanissimam
1784 4038 1842 4090 et

179 4122 303 4179 risu
336 4119 603 4194 dignam,
628 4118 769 4176 heu!
795 4118 1208 4176 miserabiliter
1228 4120 1663 4191 deceptus,vu1t
1682 4121 1838 4177 credi

180 4209 578 4285 prophetiam.
610 4207 848 4275 Verum,
883 4214 948 4263 ut
978 4208 1134 4279 quod
1183 4214 1435 4280 cccptum
1474 4213 1563 4265 est
1594 4210 1844 4267 breviter

179 4299 528 4373 explicetur,
563 4297 663 4353 ubi
691 4297 966 4354 doctrinae
1010 4297 1348 4368 hujusmodi
1402 4299 1736 4371 contagium
1770 4301 1843 4356 ad

180 4389 631 4447 subversionem
653 4385 1013 4459 simplicium
1028 4387 1085 4441 in
1102 4386 1209 4442 hac
1222 4385 1477 4442 Ecclesia
1494 4387 1843 4443 dissemina-

182 4478 232 4534 ri
253 4476 455 4549 coepit,
471 4479 672 4548 pastor
690 4475 761 4530 de
784 4474 1084 4529 commissi
1105 4476 1302 4546 gregis
1323 4474 1512 4532 salute
1534 4475 1843 4543 sollicitus,

183 4582 319 4622 cum
352 4562 531 4619 multi
564 4562 831 4619 mmroris
859 4562 1253 4617 amaritudine
1289 4562 1560 4635 religioso
1591 4564 1839 4637 principi

184 4669 427 4709 causam
463 4651 738 4719 innotuit,
763 4668 1129 4722 conquerens
1152 4668 1218 4706 ac
1241 4651 1551 4725 deplorans
1568 4669 1851 4726 magnum

184 4740 461 4799 Ecclesize
482 4738 717 4808 vulnus,
737 4743 793 4794 et
816 4741 1228 4796 exsecrandam
1257 4739 1390 4795 ﬁdei
1416 4742 1846 4809 maeulam,sub

183 4826 531 4890 istiusmodi
552 4828 873 4883 novitatum
896 4829 1351 4901 praesumptione
1371 4830 1596 4897 nutriti,
1623 4831 1735 4886 nisi
1759 4848 1849 4887 ve-

183 4918 375 4975 locius
408 4917 528 4972 Deo
559 4916 755 4972 debita
783 4918 912 4988 ejus
962 4916 1327 4989 providentia
1376 4918 1726 4974 subveniret.
1762 4920 1847 4974 Pii

185 5004 478 5079 principis
510 5021 652 5060 cura
681 5005 951 5060 ardenter
980 5022 1048 5060 ac
1072 5004 1441 5061 laudabiliter
1469 5006 1527 5060 in
1553 5009 1648 5063 Dei
1674 5009 1851 5066 rebus

188 5092 466 5159 sollicita,
501 5107 635 5147 cum
664 5092 737 5147 ob
767 5091 1045 5165 pleraque
1066 5091 1333 5147 Ecclesia:
1357 5092 1587 5164 negotia
1618 5093 1675 5147 in
1700 5111 1844 5166 prae-

187 5182 413 5239 dictum
446 5178 649 5253 palatii
684 5178 876 5236 locum
908 5181 1254 5237 reverendos
1303 5181 1500 5237 Patres
1543 5181 1847 5255 episcopos

188 5268 503 5327 convenire
526 5268 833 5340 jussisset,
868 5288 1107 5326 causam
1140 5271 1211 5325 ad
1246 5271 1637 5342 cognitionem
1675 5278 1850 5344 atque

190 5374 437 5416 examen
462 5356 697 5413 concilii
721 5375 921 5414 eorum
944 5359 1184 5431 proferri
1222 5359 1376 5427 fecit,
1397 5375 1650 5430 cumque
1673 5360 1729 5413 in
1754 5378 1854 5417 eo-

188 5463 322 5503 rum
354 5445 631 5511 auribus,
660 5451 777 5502 tam
807 5447 1002 5520 inepta
1024 5451 1079 5502 et
1103 5448 1347 5519 profana
1376 5464 1657 5502 novarum
1691 5450 1854 5503 adin-

188 5536 534 5593 ventionum
565 5540 903 5592 commenta
929 5535 1333 5604 recitarentur,
1354 5536 1482 5608 ipso
1506 5553 1737 5608 quoque
1762 5545 1860 5609 qui

192 5626 359 5683 eade
399 5623 603 5681 cordis
656 5624 748 5679 sui
796 5624 1186 5681 audacissima
1233 5624 1486 5679 vanitate
1538 5620 1866 5695 protulerat

1863 1850 1913 1916 B

1953 568 2149 636 ditus;
2184 569 2424 643 exigunt
2452 570 2524 626 ab
2556 587 2643 640 eo,
2679 572 2727 628 si
2777 588 2910 629 vere
2958 589 3066 629 sua
3112 576 3269 629 esset
3314 569 3600 629 doctrina.

1951 657 2172 729 Negare
2203 676 2317 714 non
2350 659 2775 733 potuit,utpote
2799 679 2923 734 qua:
2957 662 3015 717 in
3046 661 3212 718 libris
3241 660 3606 734 quampluri-

1950 748 2063 802 mis
2096 748 2165 803 ab
2199 748 2324 820 ipso
2355 748 2527 804 editis
2558 749 2674 805 fere
2709 750 2924 822 ubique
2956 749 3193 824 vulgata
3221 749 3315 806 sit.
3350 752 3602 807 Interro-

1949 840 2089 909 gant
2138 837 2238 891 ubi
2287 836 2407 891 haec
2456 837 2678 909 legerit.
2713 840 2876 894 Tunc
2918 838 3034 905 ille,
3067 838 3324 895 maxime
3354 838 3602 896 constri-

1948 931 2078 982 ctus
2110 926 2373 993 articulo,
2393 944 2516 982 rem
2544 945 2669 998 qua:
2704 944 2889 999 neque
2922 929 2990 984 de
3015 928 3333 1000 Scripturis
3365 932 3603 1002 sumpta

1947 1018 2054 1082 est,
2080 1032 2269 1087 neque
2290 1017 2361 1071 de
2383 1015 2803 1072 catholicorum
2829 1017 3064 1072 Patrum
3087 1017 3466 1090 dogmatibus
3488 1021 3602 1073 tra-

1948 1107 2060 1168 cta,
2094 1105 2194 1159 sed
2228 1121 2329 1159 nec
2360 1104 2432 1160 ab
2478 1104 2624 1176 ipsis
2672 1104 2848 1159 etiam
2900 1105 3188 1161 haereticis
3242 1109 3601 1178 praesumpta

1945 1193 2107 1264 (quia
2120 1192 2275 1248 aliud
2303 1194 2459 1264 quod
2482 1193 2697 1248 diceret
2717 1194 2953 1264 penitus
2974 1211 3088 1250 non
3111 1194 3386 1264 habebat)
3409 1194 3464 1249 in
3490 1211 3597 1251 suo

1946 1281 2153 1353 spiritu
2187 1298 2248 1338 se
2279 1281 2490 1355 legisse
2519 1281 2835 1354 respondit.
2853 1281 2963 1337 Sed
2984 1299 3118 1338 mox
3136 1286 3255 1338 tam
3279 1283 3594 1355 superbam

1945 1373 2003 1426 ct
2044 1371 2265 1426 fatuam
2311 1371 2749 1443 responsionem
2782 1372 3112 1427 veneranda
3141 1372 3401 1444 synodus
3431 1388 3594 1428 exse-

1944 1475 2134 1528 crans,
2154 1458 2325 1515 dixit:
2354 1463 2541 1514 «Vere
2563 1457 2660 1514 ille
2682 1458 2789 1513 fuit
2809 1458 3056 1531 spiritus
3078 1459 3596 1516 erroris.Memine-

1944 1552 2076 1603 rant
2102 1548 2258 1604 enim
2303 1548 2541 1604 beatum
2590 1548 2807 1603 dixisse
2854 1547 3199 1621 Apostolum
3230 1564 3246 1603 :
3275 1549 3594 1605 Novissimis

1943 1638 2274 1708 temporibus
2303 1637 2574 1692 discedent
2605 1636 2829 1708 quidam
2852 1654 2885 1693 a
2905 1636 3028 1707 ﬁde,
3062 1636 3395 1699 attendentes
3422 1638 3592 1709 spiri-

1941 1726 2090 1781 tibus
2119 1729 2321 1783 erroris
2350 1735 2399 1783 et
2428 1725 2690 1781 doctrinis
2714 1725 3112 1783 dg‘cmoniorzm
3134 1727 3188 1781 in
3219 1727 3498 1798 hypocrisi
3517 1726 3594 1782 lo-

1942 1818 2224 1887 quentium
2268 1814 2614 1871 mendacium
2643 1816 2692 1884 (l
2725 1816 2857 1869 Tim.
2891 1832 2964 1879 IV,
3003 1816 3073 1883 1).
3110 1818 3187 1869 De
3230 1813 3506 1886 qualibus
3535 1818 3595 1871 et

1942 1904 2203 1960 Ezechiel
2235 1904 2421 1960 dicit:
2463 1906 2550 1961 Va:
2594 1903 2873 1975 prophetis
2934 1903 3321 1975 insipientibus
3365 1905 3466 1975 qui
3508 1919 3590 1959 se-

1943 2001 2189 2065 quuntur
2216 1994 2478 2065 spiritum
2507 2010 2688 2061 suum,
2712 2000 2763 2048 et
2797 1993 2943 2048 nihil
2973 1992 3196 2048 vident!
3228 1991 3437 2064 (Ezech.
3464 2006 3588 2059 xm,

1942 2084 2020 2154 3.)
2035 2084 2103 2138 Et
2125 2082 2365 2138 iterum:
2386 2082 2627 2137 Vzdentes
2649 2098 2789 2136 vana
2818 2088 2868 2137 et
2895 2081 3203 2136 divinantes
3221 2080 3587 2149 mendacium,

1941 2171 2182 2227 dicentes
2215 2187 2228 2224 :
2264 2175 2401 2227 Haec
2445 2171 2579 2225 dicit
2622 2172 2902 2241 Dominus,
2932 2180 3057 2225 cum
3092 2170 3353 2225 Dominus
3378 2184 3493 2226 non
3517 2171 3594 2227 sit

1944 2262 2152 2317 locutus
2179 2260 2392 2329 (Επειδὴ.
2424 2276 2563 2323 xxn,
2594 2259 2707 2329 28).
2740 2258 2903 2314 Unde
2952 2262 3010 2313 et
3057 2257 3391 2314 istiusmodi
3442 2274 3589 2331 pra-

1942 2353 2275 2421 sumptores
2306 2349 2460 2404 Deus
2493 2365 2596 2420 per
2622 2348 2893 2403 eumdem
2925 2346 3271 2420 prophetam
3301 2354 3408 2404 ‘suo
3429 2347 3593 2405 dece-

1944 2443 2072 2511 ptos
2103 2455 2232 2494 esse
2253 2437 2478 2509 judicio
2510 2440 2773 2506 testatur,
2808 2436 3009 2491 dicens
3043 2452 3055 2491 :
3088 2437 3152 2490 Et
3179 2436 3441 2507 propheta
3467 2452 3593 2492 cum

1941 2529 2205 2584 erraverit
2235 2545 2267 2582 (ι
2296 2544 2401 2593 me,
2430 2536 2482 2583 et
2522 2527 2729 2583 locutus
2772 2518 2945 2597 fuerit
2993 2525 3215 2581 verbum
3266 2525 3326 2580 in
3370 2525 3595 2583 nomine

1942 2634 2059 2673 meo
2100 2617 2240 2688 quod
2286 2633 2395 2671 non
2434 2617 2676 2688 pra’cepi
2701 2616 2771 2681 ei,
2805 2631 2901 2683 ego
2943 2615 3205 2668 Dominus
3254 2613 3439 2686 decepi
3461 2630 3594 2685 pro-

1937 2707 2161 2779 phetam
2210 2707 2371 2761 illum
2414 2705 2624 2777 (Ezech.
2660 2703 2879 2770 x1v,~9).
2914 2705 3069 2768 Quos
3119 2718 3323 2757 omnes
3373 2702 3596 2775 Spiritu

1946 2793 2044 2849 Dei
2064 2811 2297 2861 vacuos,
2313 2797 2369 2849 et
2385 2792 2592 2865 spiritu
2618 2792 2852 2864 proprio
2877 2790 3477 2859 inﬁatos,alienandos
3496 2807 3596 2864 pe-

1946 2885 2104 2939 nitus
2133 2900 2168 2938 a
2198 2887 2535 2938 sanctorum
2568 2885 2720 2936 cmtu
2768 2879 3107 2936 terribiliter
3150 2879 3504 2937 denuntians
3534 2881 3595 2936 in

1945 2972 2208 3039 concilio,
2248 2971 2359 3026 ait:
2395 2970 2594 3042 Populi
2623 2971 2734 3024 mei
2761 2985 2871 3024 non
2903 2975 3082 3035 erunt,
3116 2975 3168 3022 et
3195 2970 3255 3023 in
3284 2968 3597 3040 Scripturas

1943 3062 2132 3118 domus
2188 3062 2357 3117 Israel
2411 3076 2522 3115 non
2577 3059 2904 3125 scribentur,
2939 3073 3036 3112 nec
3073 3065 3277 3112 terram
3305 3058 3473 3112 Israel
3506 3059 3594 3113 in-

1946 3150 2262 3221 gredientur
2291 3150 2498 3221 (Ezech.
2527 3166 2588 3216 ιι,
2618 3147 2703 3218 10)
2731 3166 2744 3215 ;
2780 3163 3054 3218 cumque,
3090 3144 3189 3200 illo
3221 3146 3495 3201 reticente
3527 3162 3595 3202 ac

1864 3217 1908 3285 (ἶ
1947 3241 2016 3296 de
2048 3238 2484 3295 mendaciorum
2517 3217 2760 3293 suorum
2791 3217 3171 3308 deprehensis
3194 3232 3442 3290 fallaciis
3458 3250 3596 3291 con-

1944 3330 2094 3400 fuso,
2116 3328 2444 3384 veneranda
2464 3327 2724 3400 synodus
2746 3325 3002 3398 plurima
3020 3322 3596 3396 loqueretur,delihe-

1945 3422 2136 3473 ratum
2161 3421 2250 3472 est
2272 3415 2597 3471 doctrinam
2610 3414 2762 3471 hanc
2776 3431 2903 3470 csse
2915 3411 3152 3469 omnino
3173 3409 3591 3480 damnabilem,

1943 3506 2087 3563 etab
2110 3502 2383 3559 omnibus
2404 3502 2699 3558 catholicae
2722 3501 2853 3557 ﬁdei
2876 3500 3198 3557 cultoribus
3219 3499 3486 3556 funditus
3507 3514 3593 3556 re-

1945 3593 2290 3666 spuendum,
2326 3591 2692 3664 praecipiente
2723 3590 2891 3645 nobis
2923 3589 3295 3662 Apostolo,ac
3325 3586 3592 3645 dicente:

1945 3682 2217 3739 Doctrinis
2276 3681 2451 3735 variis
2509 3688 2560 3735 et
2599 3681 2909 3751 peregrinis
2964 3679 3132 3734 nolite
3188 3677 3386 3733 abduci
3413 3676 3596 3748 (Hebr.

1945 3787 2069 3839 xm,
2102 3770 2177 3836 9).
2213 3768 2510 3824 Diversam
2544 3784 2672 3823 esse
2704 3768 2874 3823 istam
2925 3767 3252 3823 doctrinam
3290 3784 3326 3821 a
3355 3765 3599 3822 sinceri-

1946 3865 2063 3915 tate
2091 3875 2237 3913 veraz
2270 3858 2424 3921 ﬁdei,
2458 3862 2515 3911 et
2545 3857 2784 3911 omnino
2814 3857 2887 3911 ab
2919 3856 3175 3912 Ecclesia
3203 3853 3593 3928 peregrinam,

1949 3949 2166 4020 quippe
2214 3962 2390 4018 quam
2441 3962 2611 4000 nemo
2660 3945 3112 4000 orthodoxorum
3145 3944 3381 3999 Patrum
3412 3942 3592 4013 novit,

1949 4035 2113 4092 nulla
2141 4034 2401 4091 veritatis
2440 4032 2585 4088 ratio
2619 4032 2804 4097 fulcit,
2839 4033 2939 4087 sed
2987 4032 3239 4087 novitius
3290 4035 3466 4102 atque
3496 4031 3601 4087 ad-

1950 4124 2227 4181 ventitius
2256 4138 2418 4178 error
2448 4120 2701 4188 induxit;
2726 4120 2966 4175 umbras
3000 4124 3057 4175 et
3087 4120 3305 4190 ﬁguras
3337 4116 3396 4173 in
3424 4134 3601 4174 caere-

1953 4211 2165 4269 moniis
2204 4209 2565 4266 Testamenti
2616 4208 2841 4264 Veteris
2891 4208 3222 4275 exstitisse;
3257 4220 3473 4262 novum
3502 4206 3604 4261 ad-

1950 4307 2189 4359 ventum
2219 4298 2427 4356 Christi
2459 4297 2697 4353 veritate
2729 4297 2967 4369 fulgere,
2992 4302 3049 4352 et
3078 4296 3208 4351 ﬁdei
3243 4294 3496 4367 puritate
3518 4296 3604 4350 at-

1954 4408 2065 4465 que
2116 4387 2494 4447 observantiae
2554 4386 2927 4459 simplicitate
2986 4385 3323 4452 consistere,
3356 4386 3607 4439 testante

1953 4478 2227 4553 Apostolo
2262 4496 2274 4533 :
2314 4479 2500 4534 l'ctcra
2532 4478 2888 4539 transierunt,
2920 4492 3036 4531 ecce
3072 4478 3222 4547 facta
3265 4481 3395 4529 sunt
3440 4488 3603 4528 nova.

1877 4589 1925 4654 D
1956 4570 2153 4624 Omnia
2197 4575 2379 4620 autem
2426 4583 2496 4619 ea:
2546 4554 2792 4631 Domino,
2826 4568 2925 4637 qui
2969 4564 3346 4619 reconciliavit
3370 4576 3470 4616 nos
3497 4560 3609 4616 sibi

1960 4674 2059 4730 per
2096 4656 2371 4712 Christum
2396 4655 2471 4725 (Il
2505 4655 2624 4710 Cor.
2652 4672 2709 4721 v,
2737 4655 2845 4721 18).
2874 4653 3083 4711 Omnia
3123 4652 3324 4726 igitur,
3346 4649 3406 4706 id
3435 4652 3526 4705 est
3548 4650 3610 4705 et

1957 4748 2150 4800 vetera
2181 4747 2236 4799 et
2267 4758 2433 4810 nova,
2476 4745 2534 4797 et
2563 4746 2765 4813 typum
2807 4743 2953 4816 legis
2985 4746 3041 4797 et
3069 4737 3364 4812 Evangelii
3395 4735 3611 4791 verita-

1957 4839 2095 4903 tem,
2120 4832 2296 4887 unius
2318 4834 2375 4886 et
2395 4829 2577 4885 solius
2600 4830 2717 4898 Dei,
2733 4848 2847 4885 non
2869 4831 3219 4901 cujusquam
3233 4824 3612 4882 hominisaut

1959 4922 2171 4995 angeli,
2206 4919 2550 4975 auctoritate
2582 4923 2865 4975 constare.
2901 4919 3061 4974 Unde
3094 4915 3314 4973 nemini
3344 4912 3609 4980 omnino,

1960 5016 2092 5085 post
2115 5011 2424 5080 utriusque
2446 5008 2806 5062 Testamenti
2839 5005 3140 5061 ministros
3171 5002 3367 5058 divino
3398 4999 3612 5072 spiritu

1960 5099 2303 5163 illustratos,
2328 5094 2523 5151 divina
2554 5094 2897 5149 auctoritate
2917 5091 3216 5157 subnixos,
3243 5091 3301 5144 in
3324 5088 3542 5160 quibus
3557 5091 3617 5144 et

1958 5206 2061 5261 per
2080 5203 2227 5258 quos
2249 5202 2317 5241 ea
2337 5200 2464 5255 quae
2486 5181 2731 5237 diversis
2758 5180 3121 5252 temporibus
3144 5180 3216 5234 ad
3242 5176 3493 5233 salutem
3518 5192 3617 5247 po-

1962 5275 2082 5348 puli
2101 5274 2193 5329 sui
2215 5288 2475 5343 congrua
2499 5269 2807 5340 judicavit,
2833 5268 3128 5322 evidenter
3158 5267 3313 5322 Deus
3335 5268 3393 5321 et
3411 5280 3617 5335 opera-

1964 5370 2060 5420 tus
2091 5367 2179 5419 est
2207 5366 2261 5416 et
2284 5360 2535 5423 locutus,
2559 5355 2796 5411 licuisse
2818 5355 3105 5410 autlicere
3125 5371 3272 5409 nova
3292 5353 3617 5425 ﬁgurarum

1969 5467 2182 5525 genera
2202 5447 2286 5501 vel
2315 5444 2721 5517 mysteriorum
2748 5448 3117 5499 sacramenta
3139 5441 3387 5506 sancire,
3409 5445 3467 5494 et
3488 5440 3617 5495 ideo

1972 5534 2315 5595 rationabile
2345 5531 2691 5602 obsequium
2742 5531 3009 5588 Ecclesia:
3042 5532 3162 5587 sive
3191 5531 3250 5586 in
3281 5531 3491 5585 ornatu
3517 5543 3620 5583 ve-

1976 5628 2176 5690 stium,
2210 5623 2329 5677 sive
2379 5619 2437 5674 in
2491 5618 2799 5691 multiplici
2848 5639 3121 5678 vasorum
3178 5616 3525 5683 ministerio,
3556 5614 3619 5672 in
