3896 6208
263 291 342 357 83
1359 297 1587 360 FLOllI
1631 293 1951 358 DIACONI
1996 291 2569 356 LUGDUNENSIS.

3590 285 3684 347 84

263 428 639 504 simplicitate
666 429 924 488 veritatis
957 433 1014 488 et
1043 430 1175 488 ﬁdei
1209 431 1484 504 puritate,
1515 429 1715 502 procul
1743 429 1902 486 omni
1933 429 1986 496 Α
2013 429 2261 484 scientim
2289 435 2522 482 vestram
2551 426 2617 482 ab
2647 425 2899 498 operibus
2941 424 3192 490 mortuis,
3225 421 3297 478 ad
3322 419 3679 504 serviendum

266 519 700 592 superstitionis
732 520 1162 593 phantasmate,
1198 526 1420 576 remota
1449 519 1607 576 omni
1642 517 1910 576 nebulosi

265 609 556 682 dogmatis
583 610 1018 682 vanitate,pure
1049 611 1164 666 Deo
1193 609 1614 682 etsimpliciter
1643 609 1914 664 exhiben-

267 699 408 754 dum
440 715 568 755 esse
593 716 606 766 ;
636 699 693 753 in
727 698 820 754 his
851 699 1130 755 honorem
1177 697 1492 772 religionis,
1529 699 1911 754 reverentiam

267 788 448 846 divini
479 787 692 856 cultus,
727 787 986 843 laetitiam
1030 787 1368 843 Christiana:
1418 787 1762 851 devotionis,
1796 802 1912 840 non

267 879 490 951 figuras
521 877 747 949 aliquas
776 876 864 932 vel
896 877 1173 949 mysteria
1197 876 1493 931 vanitatis.
1526 877 1658 932 Jam
1683 891 1816 930 vero
1844 874 1914 928 il-

269 967 370 1023 lud
397 965 552 1038 quod
585 982 796 1038 corpus
829 965 1043 1020 Christi
1073 965 1331 1020 triforme
1353 969 1407 1020 et
1436 963 1794 1036 tripartitum
1827 962 1916 1018 di-

271 1072 420 1122 cere,
456 1055 574 1110 imo
606 1054 719 1109 tria
748 1053 958 1108 Christi
991 1070 1232 1126 corpora
1266 1053 1539 1107 inauditae
1570 1051 1918 1107 temeritatis

273 1143 516 1201 audacia
547 1160 805 1200 asserere
835 1141 1228 1214 praesumpsit,
1249 1141 1308 1196 in
1334 1145 1564 1196 tantum
1587 1141 1917 1196 sacerdotes

273 1232 506 1290 Domini
527 1229 805 1288 exsecrati
829 1248 895 1286 su
907 1235 1068 1294 nt,ut
1085 1230 1213 1295 hoc,
1238 1229 1390 1284 sicut
1413 1246 1591 1300 supra
1615 1233 1916 1284 ostensum

273 1327 383 1392 est,
411 1323 481 1378 de
511 1319 820 1394 spiritibus
850 1319 1155 1386 erroris,et
1187 1317 1467 1373 doctrinis
1497 1317 1918 1372 daemoniorum

275 1415 579 1483 sumptum
611 1409 802 1464 dicere
831 1408 1074 1462 minime
1105 1406 1449 1472 dubitarint,
1473 1411 1753 1478 tanquam
1785 1421 1919 1460 cum

274 1499 480 1572 angelo
525 1496 756 1554 Domini
788 1497 1143 1552 detestantes
1173 1498 1370 1562 Satan,
1405 1496 1500 1568 qui
1533 1496 1750 1551 dextris
1779 1495 1918 1551 Jesu

275 1587 473 1662 magni
493 1592 550 1644 et
569 1587 684 1642 veri
708 1585 1027 1642 sacerdotis
1057 1585 1350 1640 adversari
1385 1584 1921 1650 conatur,etexsut-

277 1679 483 1734 ﬂantes
513 1677 771 1732 dicerent
803 1668 1086 1746 :'Increpet
1140 1676 1404 1730 Dominus
1447 1675 1506 1728 in
1553 1681 1620 1739 te,
1653 1674 1844 1740 Satan,
1873 1679 1924 1728 et

275 1769 516 1838 increpet
541 1767 600 1820 in
632 1773 682 1820 te
708 1766 807 1835 qui
833 1763 1004 1832 elegit
1032 1763 1336 1818 Jerusalem
1369 1763 1550 1834 (Zach.
1586 1779 1666 1818 ιιι.
1701 1767 1777 1829 2).

345 1858 400 1911 7.
425 1857 644 1927 Corpus
667 1859 862 1908 autem
893 1851 1145 1918 Domini,
1166 1851 1318 1923 quod
1347 1851 1404 1905 in
1428 1851 1702 1923 mysterio
1725 1869 1758 1906 a
1785 1850 1926 1904 ﬁde-

277 1946 435 2002 libus
457 1942 733 2010 sumitur,
748 1940 902 1998 absit
918 1944 1114 1996 uttam
1135 1940 1370 1996 sordida
1397 1939 1484 1995 vel
1516 1939 1927 2010 superstitiosa

279 2038 474 2090 mente
505 2032 639 2105 quis
669 2034 923 2102 appetat,
943 2033 1007 2084 ut
1024 2027 1244 2100 aliquid
1275 2028 1486 2084 horum
1519 2046 1644 2101 quae
1675 2027 1928 2083 immun-

282 2121 524 2180 dissime
555 2123 760 2176 auctor
789 2117 1066 2174 doctrinae
1097 2117 1394 2185 conﬁnxit,
1430 2117 1490 2172 in
1517 2135 1624 2173 suo
1654 2117 1850 2172 animo
1872 2120 1928 2172 et

283 2209 736 2284 cogitationibus
772 2205 991 2262 versari
1035 2205 1367 2278 permittat!
1404 2208 1765 2278 Quapropter
1792 2222 1926 2262 cum

283 2300 442 2358 omni
457 2297 746 2355 desiderio
767 2301 825 2352 et
840 2293 1262 2368 supplicatione
1287 2295 1517 2367 pietatis
1539 2295 1794 2350 divinam
1817 2294 1926 2350 mi-

283 2387 660 2446 scricordiam
675 2384 1131 2458 implorandum,
1147 2389 1336 2440 utnon
1357 2385 1545 2439 solum
1571 2385 1641 2440 ab
1663 2401 1734 2440 au
1745 2384 1924 2450 ribus,

281 2495 486 2535 verum
507 2475 683 2532 etiam
706 2491 740 2530 a
760 2473 1033 2529 cordibus
1063 2472 1300 2541 nostris,
1327 2473 1533 2528 talium
1557 2473 1930 2545 phantasma-

282 2572 410 2624 tum
425 2583 490 2622 ac
505 2564 767 2621 sordium
789 2563 920 2618 labe
943 2566 1230 2617 remota...
1248 2562 1668 2634 sempiternum
1693 2563 1927 2618 mundi-

281 2657 373 2713 tia:
387 2673 527 2720 sua,
544 2656 768 2708 mentes
780 2655 1012 2707 nostras
1033 2651 1330 2711 emundet,
1345 2655 1636 2722 quatenus
1651 2654 1768 2706 tam
1790 2652 1930 2708 divi-

281 2761 423 2800 num
445 2741 881 2816 gloriosumque
914 2739 1254 2812 mysterium
1290 2755 1436 2810 puro
1469 2756 1643 2795 sensu
1677 2741 1932 2812 cogitan-

282 2838 390 2897 tes,
423 2849 571 2904 pura
601 2829 810 2902 pietate
839 2833 1162 2892 sumentes,
1195 2827 1542 2900 incorrupta:
1573 2828 1930 2900 puriﬁcatio-

282 2923 375 2978 nis
423 2920 670 2994 gratiam
729 2933 1180 2989 consequamur.
1234 2916 1380 2971 Cum
1439 2917 1594 2972 enim
1645 2917 1930 2974 Dominus

285 3009 484 3065 dicat:
519 3010 630 3076 Ego
673 3023 797 3061 sum
845 3007 971 3060 vitis
1015 3021 1141 3060 vera
1187 3005 1366 3072 (Joan.
1395 3023 1484 3071 xv,
1525 3005 1574 3072 Ι)
1599 3023 1612 3072 ;
1642 3010 1736 3061 et:
1775 3013 1934 3064 Pater

285 3115 436 3154 meus
465 3097 560 3152 dat
588 3097 736 3152 vobis
763 3110 965 3165 panem
1014 3093 1078 3148 de
1107 3093 1236 3148 coelo
1271 3109 1454 3148 verum
1485 3095 1659 3164 (Joan.
1689 3112 1767 3158 vr,
1799 3098 1890 3165 32)
1916 3115 1929 3164 ;

291 3191 382 3242 et:
418 3187 554 3241 Caro
587 3199 708 3238 mea
737 3198 860 3238 vere
887 3189 962 3236 est
991 3182 1162 3248 cibus,
1196 3190 1248 3236 et
1274 3184 1501 3251 sanguis
1528 3200 1678 3239 meus
1707 3201 1828 3240 vere
1855 3195 1934 3242 est
1963 3162 2006 3230 CI

288 3281 446 3348 potus
475 3271 659 3340 (Ibid.,
690 3271 821 3337 56);
873 3273 976 3323 et:
1037 3271 1153 3340 Qui
1205 3269 1501 3325 mandarat
1552 3287 1656 3337 me,
1717 3281 1768 3328 et
1825 3275 1939 3344 ipse

292 3365 435 3419 vivet
457 3367 679 3434 propter
711 3375 800 3413 me
821 3356 1010 3430 -(Ibid.,
1043 3359 1173 3426 58);
1209 3356 1360 3412 sicut
1407 3357 1553 3413 nihil
1598 3361 1725 3416 vita:
1773 3366 1936 3417 aeter-

294 3469 381 3507 nae
412 3449 540 3506 cibo
573 3447 688 3502 nisi
718 3463 854 3502 vera
911 3446 1120 3500 animae
1179 3446 1412 3501 reiectio
1471 3451 1796 3520 appetenda
1825 3457 1935 3518 est,

293 3537 377 3593 ita
432 3534 577 3590 nihil
636 3533 868 3606 penitus
928 3533 1325 3604 cogitandum,
1382 3533 1492 3590 nisi
1553 3538 1708 3607 quod
1767 3539 1935 3610 spiri-

291 3625 409 3682 tale
439 3628 496 3680 et
523 3621 854 3679 immortale
885 3627 992 3678 est.
1027 3623 1172 3688 Quid
1218 3629 1414 3678 autem
1450 3625 1662 3680 mirum
1697 3627 1768 3690 si,
1802 3629 1934 3684 ﬁdei

291 3713 483 3788 gratia
509 3715 566 3768 et
594 3711 806 3767 virtute
836 3711 1049 3778 divina,
1085 3709 1218 3767 talis
1266 3712 1432 3768 cibus
1477 3714 1560 3769 sic
1591 3716 1848 3771 sumitur
1873 3722 1938 3774 ut

291 3803 676 3860 absorbeatur
726 3801 882 3872 quod
941 3799 1185 3856 mortale
1229 3804 1318 3856 est
1349 3819 1381 3856 a
1409 3802 1529 3857 vita
1549 3803 1577 3858 ‘I
1605 3806 1705 3859 llic
1729 3813 1824 3872 est,
1856 3807 1938 3862 ait

289 3891 596 3956 Dominus,
615 3891 779 3962 panis
800 3889 864 3944 de
883 3890 1012 3944 caelo
1035 3889 1355 3946 descendens
1376 3911 1396 3951 :
1420 3900 1478 3946 ut
1504 3894 1556 3947 si
1583 3894 1706 3964 quis
1725 3911 1794 3949 ex
1824 3897 1936 3966 ipso

289 3981 719 4043 manducauerit,
770 3996 882 4035 non
934 3981 1206 4034 moriatur
1263 3979 1444 4049 (Ibid.,
1478 3981 1590 4053 50).
1633 3983 1743 4038 Sed
1795 3985 1934 4056 quid

290 4069 542 4142 pertinet
569 4069 642 4124 ad
671 4068 947 4124 virtutem
995 4068 1364 4135 sacramenti,
1398 4069 1554 4140 quod
1584 4072 1832 4143 pertinet
1861 4075 1933 4130 ad

288 4157 520 4213 visibile
550 4160 982 4212 sacramentum
1004 4157 1032 4212 ?
1061 4156 1166 4220 Qui
1193 4159 1508 4212 manducet
1529 4159 1838 4226 intus,non
1860 4164 1936 4219 fo-

292 4246 402 4313 ris;
432 4247 532 4318 qui
565 4246 878 4301 manducat
906 4245 966 4300 in
997 4247 1189 4312 corde,
1225 4263 1340 4301 non
1373 4247 1473 4318 qui
1497 4249 1710 4319 premit
1741 4251 1931 4308 dente.

291 4335 537 4392 Credere
567 4334 723 4389 enim
755 4334 812 4389 in
845 4352 1000 4400 eum,
1033 4335 1142 4390 hoc
1185 4338 1274 4390 est
1320 4336 1672 4391 manducare
1721 4355 1932 4409 panem

288 4423 487 4478 vivum
517 4441 530 4489 ;
565 4422 666 4495 qui
695 4423 1230 4489 credit,manducat
1255 4441 1268 4490 ;
1303 4422 1674 4480 invisibiliter
1703 4427 1932 4498 sagina-

1955 1797 2004 1862 B

2019 519 2124 573 Deo
2152 519 2360 572 viventi
2386 517 2567 584 (Hebr.
2601 533 2676 581 ιχ,
2715 516 2820 587 lli).
2855 515 2966 570 Sed
2994 517 3053 570 et
3083 513 3358 586 princeps
3387 501 3682 584 apoStolo-

2021 623 2149 662 rum
2183 607 2384 661 Petrus
2418 623 2430 660 :
2457 607 2717 668 Scientes,
2751 605 2852 672 ait,
2886 603 3028 676 quod
3064 619 3178 658 non
3223 601 3684 673 corruptibilibus

2021 713 2157 751 auro
2187 703 2238 750 ct
2265 703 2485 766 argento
2525 695 2789 766 redempti
2827 695 2959 749 estis
3001 692 3067 748 de
3093 709 3239 748 vana
3268 691 3686 748 conversatione

2018 793 2268 857 paterna:
2307 783 2639 850 traditionis,
2671 783 2763 838 sed
2804 784 3041 854 pretioso
3097 782 3370 850 sanguine
3417 788 3686 850 tanquam

2023 875 2166 942 Agni
2194 874 2613 929 incontaminati
2640 880 2690 928 et
2713 873 2968 927 inviolati
2995 873 3206 928 Christi
3233 870 3284 942 (Ι
3307 875 3460 926 Petr.
3492 887 3534 935 ι,
3567 871 3680 927 18).

2025 963 2148 1018 Non
2178 979 2313 1032 ergo
2345 959 2710 1034 corruptibili
2755 959 3043 1032 redempti
3075 977 3304 1016 sumus.
3335 960 3454 1016 Hoc
3490 959 3687 1015 ﬁdelis

2026 1051 2209 1106 sumit
2238 1051 2309 1106 ad
2335 1049 2536 1116 vitam,
2569 1049 2848 1122 indignus
2877 1049 2950 1104 ad
2983 1066 3247 1121 pmnam;
3281 1048 3391 1104 hoc
3422 1049 3686 1120 pretium

2027 1139 2444 1211 redemptionis
2467 1144 2522 1194 et
2551 1137 2827 1194 viaticum
2861 1137 3069 1194 salutis
3100 1137 3514 1210 unusquisque
3549 1137 3692 1192 fide-

2028 1228 2171 1283 lium
2204 1228 2314 1284 sub
2344 1228 2489 1284 hora
2518 1228 2724 1283 mortis
2755 1227 2912 1283 ﬁdeli
2943 1227 3158 1300 pietate
3187 1227 3468 1299 exposcit.
3489 1227 3607 1282 lloc
3626 1243 3690 1282 se

2030 1321 2400 1390 peccatorum
2431 1317 2659 1372 veniam
2692 1317 3122 1388 adepturum,a
3152 1313 3550 1388 malignorum
3571 1315 3695 1387 spi-

2030 1407 2249 1460 rituum
2273 1406 2514 1460 incursu
2537 1406 2596 1460 in
2619 1407 2747 1478 ipsa
2771 1410 2956 1461 morte
2977 1406 3287 1472 tuendum,
3317 1405 3392 1460 ad
3421 1403 3689 1478 paradisi

2031 1511 2260 1550 amoena
2291 1495 2593 1566 praesumit
2621 1495 3076 1550 admittendum.
3101 1493 3364 1566 Cumque
3384 1494 3581 1568 pulvis
3608 1511 3696 1550 re-

2029 1583 2274 1639 vertitur
2304 1585 2363 1639 in
2396 1589 2612 1640 terram
2646 1601 2818 1639 suam
2845 1583 3004 1639 unde
3031 1588 3175 1651 erat,
3193 1583 3439 1656 spiritus
3461 1588 3693 1652 tamen,

2033 1672 2213 1744 hujus
2245 1672 2504 1728 muneris
2537 1671 2744 1728 solatio
2767 1673 2972 1738 frctus,
2997 1671 3174 1744 hujus
3193 1672 3393 1744 gratiae
3417 1671 3696 1744 praesidio

2035 1761 2320 1828 munitus,
2354 1761 2504 1815 redit
2535 1761 2606 1816 ad
2645 1761 2955 1816 Dominum
2978 1761 3076 1832 qui
3099 1761 3256 1817 dedit
3283 1761 3472 1828 illum,
3499 1777 3614 1817 nec
3634 1761 3696 1816 in

2033 1850 2395 1922 depositione
2425 1849 2823 1921 corruptibilis
2853 1849 3112 1922 corporis
3155 1850 3246 1905 sui
3287 1850 3570 1905 amittens
3602 1850 3692 1904 in-

2034 1939 2471 2012 corruptibilem
2501 1939 2751 2011 gratiam
2783 1939 3043 2012 corporis
3068 1939 3302 1995 Christi.
3327 1939 3478 2010 Haec,
3515 1942 3697 2011 prout

2035 2033 2148 2082 Deo
2179 2032 2473 2083 annuente
2503 2027 2685 2099 potui,
2711 2029 2782 2083 de
2813 2027 3059 2084 concilio
3084 2028 3505 2084 venerabilium
3540 2027 3700 2102 epis-

2035 2133 2332 2189 coporum,
2367 2117 2438 2172 ad
2471 2116 2912 2172 aediﬁcationem
2941 2116 3206 2173 Ecclesiae
3237 2117 3361 2182 Dei,
3393 2121 3451 2173 et
3479 2119 3700 2173 conﬁr-

2037 2206 2354 2262 mationem
2385 2205 2681 2262 catholicae
2717 2205 2850 2261 ﬁdei
2882 2223 3070 2278 nuper
3100 2207 3498 2274 habito,brevi
3535 2207 3702 2280 pagi-

2038 2293 2177 2350 nula
2207 2298 2487 2350 annotare
2517 2295 2734 2361 curavi,
2748 2296 2926 2350 verba
2943 2313 3145 2352 eorum
3162 2300 3220 2351 et
3235 2311 3450 2352 sensus
3471 2297 3700 2369 quibus

2035 2384 2190 2440 valui
2214 2385 2495 2464 verbis,et
2517 2385 2952 2457 Scripturarum
2983 2385 3336 2442 testimoniis
3368 2385 3696 2459 explicans,

2036 2479 2095 2529 et
2115 2474 2310 2546 cxcogi
2321 2473 2421 2528 tati
2454 2491 2638 2545 nuper
2657 2479 2714 2530 et
2735 2475 3070 2531 exsecrandi
3098 2473 3313 2532 erroris
3342 2476 3702 2532 confutatio—

2037 2580 2194 2618 nem.
2219 2563 2281 2618 In
2305 2562 2566 2618 omnium
2591 2563 2688 2635 qui
2715 2564 2833 2619 haec
2854 2563 3044 2638 legere
3065 2563 3150 2619 vel
3174 2564 3380 2620 audire
3397 2563 3700 2620 voluerint

2039 2653 2308 2707 notitiam
2357 2652 2670 2724 perferens,
2707 2657 2789 2720 ut,
2833 2670 2971 2724 repu
2991 2651 3137 2708 iiata
3187 2657 3362 2725 atque
3410 2653 3701 2709 damnata

2039 2741 2265 2814 profani
2316 2741 2608 2811 dogmatis
2667 2741 3103 2797 fobulosissima
3130 2741 3385 2797 vanitate
3408 2746 3468 2797 et
3496 2742 3700 2798 vanis-

2041 2829 2192 2884 sima
2221 2828 2614 2895 fabulositate,
2633 2829 2830 2902 procul
2863 2830 3108 2901 abjectis
3137 2835 3194 2886 et
3225 2829 3394 2887 libris
3423 2836 3482 2887 et.
3503 2833 3702 2886 verbis

2041 2917 2510 2973 mendaeissimis
2567 2917 2862 2990 vaniloqui
2915 2919 3190 2984 doctoris,
3242 2919 3312 2974 de
3369 2919 3700 2992 purissimo

2041 3007 2475 3078 Scripturarum
2509 3008 2686 3076 fonte,
2721 3007 2790 3062 de
2839 3007 3242 3064 sincerissima
3288 3010 3530 3064 Patrum
3588 3011 3701 3064 do-

2043 3095 2249 3160 ctrina,
2284 3095 2355 3150 dc
2398 3095 2742 3150 venerabilis
2791 3095 3019 3152 concilii
3067 3097 3434 3165 auctoritate,
3467 3098 3613 3154 ﬁdei
3644 3101 3704 3153 et

2045 3183 2300 3239 scientia:
2313 3183 2658 3240 hauriemus
2680 3185 2918 3251 fluenta,
2932 3190 3230 3242 servantes
3251 3186 3498 3242 sollicite
3512 3185 3702 3243 semel

2045 3273 2324 3328 traditum
2358 3273 2526 3328 nobis
2555 3272 2689 3328 ﬁdei
2719 3273 3085 3343 thesaurum,
3108 3280 3166 3331 et
3194 3275 3487 3348 fugientes
3519 3293 3703 3351 oppo-

2045 3360 2285 3416 sitiones
2316 3361 2568 3416 scientiae
2603 3361 2732 3418 falsi
2765 3363 3041 3431 nominis,
3074 3368 3132 3420 et
3159 3364 3436 3436 profanas
3483 3382 3700 3422 vocum

2046 3449 2350 3516 novitates,
2385 3451 2454 3504 de
2485 3451 2700 3522 quibus
2731 3451 3046 3524 Apostolus
3077 3452 3233 3508 fideli
3264 3452 3562 3526 discipulo
3595 3455 3700 3510 ait:

2043 3543 2090 3598 0
2141 3540 2424 3604 Timet/aee,
2483 3539 2782 3612 depositum
2836 3543 3066 3609 custodi,
3125 3541 3374 3598 devitans
3427 3546 3702 3616 profanas

2044 3644 2232 3684 vocum
2261 3629 2612 3699 novitates,et
2630 3631 2988 3702 oppositiones
3014 3632 3148 3701 falsi
3175 3633 3419 3688 nominis
3445 3635 3702 3690 scientia

2044 3733 2210 3788 quam
2257 3716 2477 3788 quidam
2519 3720 2895 3789 promittentes
2951 3721 3100 3775 circa
3153 3720 3316 3791 ﬁdem
3371 3721 3702 3776 exciderunt

2045 3806 2092 3878 (Ι
2127 3807 2260 3861 Tim.
2295 3823 2368 3872 νι,
2399 3807 2510 3877 20),
2543 3823 2677 3861 cum
2709 3823 2845 3880 ergo
2894 3806 3228 3864 istiusmodi
3277 3808 3700 3882 pseudoscien-

2045 3895 2127 3949 tia
2157 3899 2213 3949 et
2255 3894 2498 3966 profana
2551 3912 2760 3952 vocum
2820 3895 3043 3953 novitas
3102 3897 3238 3954 ﬁdei
3297 3899 3595 3954 excidium
3641 3902 3700 3955 et

2045 3983 2416 4056 naufragium
2473 3983 2666 4055 faciat,
2724 3985 2881 4040 velut
2937 3984 3178 4060 scyllam
3262 3987 3587 4058 quamdam
3641 3991 3699 4043 et

2043 4072 2384 4145 charybdim
2417 4089 2544 4129 eam
2577 4073 2848 4140 vitemus,
2873 4079 3324 4148 metuamusque
3344 4075 3561 4133 intima
3574 4094 3698 4132 cor-

2044 4159 2136 4216 dis
2167 4161 2498 4230 formidine,
2529 4179 2600 4217 ne
2631 4162 2775 4218 forte
2817 4164 2942 4234 jam
2995 4164 3052 4218 in
3085 4163 3183 4220 illo
3243 4169 3506 4238 tempore
3567 4181 3698 4222 esse

2043 4267 2221 4321 cmpel
2237 4250 2394 4306 imus
2418 4252 2488 4306 de
2519 4269 2634 4323 quo
2665 4251 2822 4307 idem
2847 4252 3093 4308 terribili
3119 4253 3564 4310 denuntiatione
3584 4253 3699 4310 cla-

2044 4342 2166 4392 mat
2193 4338 2505 4409 Apostolus
2537 4356 2549 4394 :
2583 4341 2701 4396 Erit
2739 4343 2890 4397 enim
2937 4348 3144 4413 tempus
3189 4359 3314 4398 cum
3357 4360 3555 4399 sanam
3599 4343 3696 4400 do-

2041 4427 2279 4482 ctrinam
2307 4443 2419 4482 non
2445 4429 2825 4497 sustinebunt;
2853 4429 2946 4486 sed
2972 4431 3043 4486 ad
3089 4447 3190 4487 sua
3245 4431 3518 4488 desideria
3565 4449 3695 4489 coa-

290 4515 406 4579 tur,
454 4511 594 4584 quia
639 4516 696 4567 et
742 4511 1118 4568 invisibiliter
1164 4511 1508 4568 renascitur.
1562 4513 1938 4572 Sacramenta
1967 4528 2014 4592 D
2043 4519 2337 4570 cervabunt
2409 4517 2520 4572 sibi
2590 4521 2900 4588 magistros,
2957 4521 3266 4591 prurientes
3329 4520 3586 4586 auribus,
3645 4529 3694 4578 et

292 4605 430 4659 sunt
448 4600 561 4658 ista
585 4619 598 4670 ;
625 4600 753 4656 ideo
775 4604 968 4656 autem
993 4599 1271 4656 dicuntur
1300 4606 1684 4671 sacramenta,
1717 4604 1856 4674 quia
1876 4605 1935 4661 in

289 4689 372 4747 eis
401 4689 558 4746 aliud
594 4689 838 4756 videtur,
869 4687 1026 4744 aliud
1055 4687 1422 4760 intelligitur.
1476 4691 1635 4754 Quod
1682 4691 1934 4761 videtur,

288 4779 540 4852 speciem
554 4778 729 4834 habet
741 4776 1122 4848 corporalem;
1139 4777 1290 4847 quod
1305 4776 1932 4850 intelligitur,fructum

285 4867 461 4924 habet
482 4867 827 4940 spiritalem.
847 4865 1041 4920 Manet
1067 4865 1244 4937 igitur
1263 4865 1318 4918 ir.
1347 4869 1538 4920 mente
1557 4866 1819 4924 fidelium
1843 4869 1931 4926 in-

285 4959 560 5028 corrupta
577 4953 925 5012 venerabilis
945 4952 1202 5026 mysterii
1225 4953 1432 5020 virtus,
1451 4958 1507 5008 et
1527 4955 1933 5016 efficacissima

284 5043 564 5118 potentia,
597 5059 856 5114 purgans
889 5041 1120 5106 delicta,
1155 5041 1483 5096 emundans
1523 5043 1930 5116 conscientias,

285 5129 591 5204 perﬁciens
621 5129 870 5200 gratiam
896 5125 1312 5199 redemptionis
1334 5131 1390 5181 et
1411 5127 1638 5185 salutis.
1670 5131 1830 5188 Unde
1853 5135 1934 5191 ait

284 5215 664 5276 beatissimus
709 5216 1010 5272 Joannes:
1045 5217 1109 5272 Et
1161 5218 1390 5284 sanguis
1445 5219 1584 5274 Filii
1636 5221 1752 5292 ejus
1805 5224 1934 5280 Iesu

287 5306 492 5366 Christi
541 5303 798 5358 emundat
844 5321 940 5358 nos
987 5307 1055 5358 ab
1099 5305 1252 5358 omni
1276 5315 1490 5375 peccato
1525 5308 1569 5379 (l
1594 5309 1746 5364 Joan.
1783 5327 1820 5378 ι,
1851 5314 1930 5379 7),

284 5397 400 5452 Vas
442 5407 676 5465 quoque
724 5390 1022 5447 electionis
1075 5391 1289 5448 Paulus
1323 5409 1336 5448 :
1371 5396 1578 5464 Quanto
1607 5401 1803 5468 magis,
1840 5400 1934 5456 in-

287 5485 433 5557 quit,
465 5482 695 5547 sanguis
723 5479 946 5546 Christi,
980 5483 1076 5552 qui
1106 5497 1200 5551 per
1245 5483 1516 5554 Spiritum
1560 5496 1809 5544 sanctum
1849 5506 1932 5545 se-

286 5573 577 5644 metipsum
619 5568 812 5624 obtulit
857 5570 1266 5626 immaculatum
1301 5577 1426 5643 Deo,
1461 5575 1784 5634 emunduvit
1805 5595 1930 5634 con-

2045 4621 2080 4658 a
2138 4606 2362 4660 veritate
2419 4607 2636 4678 quidem
2707 4607 2958 4663 auditum
3029 4616 3288 4674 avertent,
3347 4607 3418 4663 ad
3471 4609 3694 4682 fabulas

2043 4699 2226 4747 autem
2253 4703 2628 4750 convertentur
2657 4697 2727 4768 (II
2759 4698 2892 4752 Tim.
2927 4713 3010 4765 ιιι,
3043 4698 3119 4764 4),
3173 4696 3492 4769 statimque
3551 4699 3690 4754 sub-

2034 4781 2236 4852 jungit
2265 4797 2276 4836 :
2316 4788 2400 4838 Tu
2431 4799 2552 4840 vero
2581 4785 2772 4854 vigila,
2807 4784 3078 4842 videlicet
3123 4801 3214 4852 ne,
3260 4785 3690 4841 dormientibus

2041 4869 2461 4941 patrisfamiliae
2493 4872 2694 4939 servis,
2728 4872 3007 4930 inimicus
3052 4874 3228 4930 homo
3259 4873 3690 4947 superseminet

2040 4957 2260 5014 zizania
2279 4959 2334 5014 in
2363 4961 2554 5016 medio
2572 4961 2766 5016 tritici.
2791 4962 3114 5019 Audiamus
3144 4963 3418 5020 eumdem
3447 4965 3690 5036 Aposto-

2039 5045 2159 5100 lum
2176 5047 2338 5102 alteri
2353 5049 2698 5106 charissimo
2719 5050 3007 5124 discipulo
3027 5053 3315 5108 dicentem
3331 5068 3344 5108 :
3359 5053 3566 5108 Stultus
3586 5069 3687 5107 au-

2040 5142 2144 5190 tem
2173 5139 2516 5207 quaestiones,
2549 5148 2600 5194 et
2626 5140 2987 5210 genealogias,
3019 5149 3070 5198 et
3088 5143 3474 5210 contentiones,
3507 5150 3560 5196 et
3579 5157 3688 5214 pu-

2039 5241 2176 5293 gnas
2207 5225 2341 5294 legis
2370 5226 2549 5282 devita
2574 5245 2586 5296 ;
2617 5237 2745 5284 sunt
2771 5231 2922 5285 enim
2949 5231 3171 5286 inutiles
3196 5237 3248 5288 et
3273 5246 3435 5288 vanae
3450 5231 3578 5300 (Tit.
3603 5247 3684 5298 ιιι,

2039 5312 2116 5381 9).
2150 5313 2219 5368 Et
2249 5315 2519 5384 protinus
2547 5317 2815 5389 adjuugit
2848 5335 2860 5372 :
2895 5321 3234 5375 Hmreticum
3269 5321 3544 5376 hominem
3569 5325 3690 5392 post

2039 5418 2208 5457 unum
2235 5412 2284 5458 et
2317 5406 2609 5461 secundum
2655 5409 3046 5478 correptionem
3097 5408 3320 5476 devita;
3349 5411 3526 5465 sciens
3556 5410 3687 5481 quia

2039 5492 2326 5547 subversas
2353 5501 2430 5549 est
2459 5495 2742 5564 ejusmodi,
2774 5503 2825 5551 et
2850 5505 3034 5567 peccat
3058 5499 3284 5570 proprio
3316 5495 3530 5570 judicio
3558 5513 3685 5554 con-

2041 5579 2326 5636 demnatus
2356 5583 2540 5652 (lbid.,
2578 5585 2664 5652 lO,
2700 5585 2808 5654 11).
2845 5585 2956 5640 Sed
2987 5589 3042 5641 et
3072 5585 3184 5642 alio
3232 5584 3356 5643 loco
3406 5585 3548 5642 dicit
3579 5602 3593 5642 :
3625 5583 3688 5641 Si
