3896 6208
78 310 163 375 93
1102 316 1512 380 OPUSCULA
1556 313 1967 380 ADVERSUS
2011 316 2514 383 AMALARIUM.
3423 321 3505 385 94

76 446 1744 545 IteznlfleHlierqn-gm‘indﬁAminigrorumxet‘sgffr-
1774 453 1828 518 Α
1856 456 1967 525 85).
1990 459 2176 529 Atque
2197 457 2597 532 intelligamus
2619 480 2797 536 quam
2818 481 3019 521 verum
3044 466 3121 524 sit
3145 458 3299 541 quOd
3327 471 3502 545 Spiri-

151 520 593 647 ornatu,
625 537 696 577 ea:
726 520 905 577 libris
926 521 1273 591 dialogorum
1313 523 1475 576 Attici
1502 532 1551 576 et
1582 522 1745 576 Chri-

152 609 182 646 s
209 608 240 647 o
278 608 308 647 o
338 609 377 647 ι.

152 608 377 648 διουοιι.

150 716 248 770 20.
281 714 576 788 Adjungis
615 715 862 789 gloriam
904 717 1152 771 vestium
1182 719 1238 771 et
1267 719 1743 771 ornamentorum

72 806 202 859 Deo
256 821 388 860 esse
432 806 819 861 contrarium.
853 806 991 869 Qua
1037 810 1197 871 sunt,
1232 822 1389 878 rogo,
1424 804 1743 860 inimicitia

71 896 293 948 contra
322 893 530 955 Deum,
556 894 605 949 si
650 893 911 950 tunicam
963 894 1221 949 habuero
1251 893 1665 950 mundiorem?
1694 893 1743 950 si

70 980 370 1053 episcopi,
397 980 443 1036 si
494 982 837 1055 presbyteri,
861 982 910 1039 si
960 983 1190 1039 diaconi
1222 988 1280 1038 et
1308 982 1573 1055 reliquus
1602 983 1743 1038 ordo

68 1070 524 1127 ecclesiasticus
554 1071 613 1126 in
644 1072 1158 1128 administratione
1172 1072 1591 1128 sacrificiorum
1615 1088 1746 1127 can-

70 1158 223 1214 dida
241 1164 406 1216 veste
428 1159 812 1233 processerit?
833 1160 1058 1228 Cavete,
1075 1161 1288 1226 clerici,
1305 1166 1517 1227 cavete,
1550 1178 1746 1217 mona-

66 1247 196 1314 chi,
230 1247 426 1303 vidua
457 1254 515 1304 et
552 1249 828 1321 virgines,
862 1249 1272 1321 periclitamini
1316 1250 1431 1304 nisi
1476 1249 1743 1306 sordidas

66 1353 179 1393 vos
210 1341 397 1408 atque
427 1354 722 1410 pannosas
753 1338 964 1411 vulgus
995 1339 1302 1411 aspexerit.
1326 1340 1511 1395 Taceo
1538 1339 1609 1394 de
1640 1338 1742 1392 hoc

70 1424 352 1480 minibus
384 1424 603 1493 saculi,
632 1426 848 1497 quibus
893 1432 1089 1498 aperte
1120 1427 1337 1483 bellum
1367 1426 1662 1493 indicitur,
1687 1429 1744 1481 et

71 1513 415 1569 inimicitia
447 1520 649 1570 contra
686 1514 894 1578 Deum,
926 1516 976 1571 si
1009 1515 1281 1588 pretiosis
1329 1522 1505 1588 atque
1554 1515 1743 1571 niten-

68 1602 245 1659 tibus
290 1608 543 1658 utuntur
583 1603 828 1659 exuviis.
865 1606 926 1659 In
957 1604 1280 1661 sacerdotio
1330 1604 1593 1660 Ecclesia
1625 1621 1741 1660 non

69 1690 407 1762 mysticum
438 1690 692 1748 vestium
731 1696 1024 1759 ornatum,
1049 1694 1151 1749 sed
1182 1693 1553 1765 splendorem
1585 1710 1740 1765 qua-

69 1780 336 1838 rendum
370 1780 727 1851 animarum,
754 1780 885 1853 ipsa
906 1782 1265 1838 consecratio
1293 1787 1583 1837 monstrat
1605 1798 1743 1853 pon-

68 1869 281 1937 tificis,
318 1870 401 1925 ita
432 1886 494 1926 se
527 1870 749 1926 habens
781 1888 830 1924 ;‹‹
866 1871 1019 1926 Deus
1050 1870 1149 1942 qui
1181 1872 1415 1944 Moysen
1452 1870 1737 1925 famulum

68 1965 252 2015 tuum
285 1958 498 2016 secreti
526 1958 833 2015 familiaris
854 1961 1053 2024 affatu,
1076 1959 1230 2015 inter
1253 1966 1460 2015 caetera
1491 1959 1740 2014 cmlcstis

69 2049 444 2104 documenta
487 2046 753 2116 cultura,
777 2049 851 2104 de
898 2048 1100 2105 habitu
1134 2065 1367 2121 quoque
1410 2048 1739 2104 indumenti

69 2136 468 2193 sacerdotalis
488 2136 828 2205 instituens,
841 2137 1093 2193 electum
1114 2139 1302 2193 Aaron
1330 2137 1572 2209 mystico
1595 2136 1742 2192 ami-

69 2232 170 2282 ctu
198 2225 408 2281 vestiri
438 2224 591 2282 inter
620 2242 789 2282 sacra
810 2226 1067 2297 jussisti,
1096 2231 1160 2282 ut
1189 2225 1588 2299 intelligentia
1615 2242 1744 2281 sen-

71 2330 214 2370 sum
241 2314 319 2369 de
341 2312 625 2386 exemplis
648 2314 908 2386 priorum
938 2318 1168 2387 caperet
1189 2321 1465 2370 secutura
1493 2314 1741 2387 posteri-

69 2409 186 2470 tas,
211 2419 289 2458 ne
322 2402 576 2459 eruditio
600 2402 878 2459 doctrina
898 2408 1012 2458 tua
1036 2401 1139 2458 ulli
1163 2403 1393 2459 deesset
1412 2402 1588 2471 atati,
1607 2420 1741 2458 cum

69 2498 128 2547 et
158 2492 332 2564 apud
384 2496 606 2547 veteres
635 2492 1017 2548 reverentiam
1068 2492 1194 2564 ipsa
1243 2491 1741 2566 significationum

70 2580 308 2653 species
332 2580 652 2647 obtineret;
686 2584 742 2636 et
771 2581 925 2653 apud
958 2597 1066 2636 nos
1087 2581 1333 2636 certiora
1354 2585 1549 2637 essent
1578 2597 1745 2655 expc-

69 2671 340 2724 rimenta
368 2685 585 2736 rerum,
620 2686 799 2741 quam
848 2669 1161 2742 anigmata
1203 2670 1545 2742 figurarum.
1582 2669 1745 2727 Illius

72 2775 344 2830 namque
365 2757 677 2814 sacerdotii
704 2759 1012 2814 anterioris
1042 2757 1277 2813 habitus
1299 2763 1509 2814 nostra
1532 2759 1745 2815 mentis

72 2852 330 2901 ornatus
364 2851 475 2910 est,
499 2851 556 2901 et
584 2844 979 2917 pontificalem
1005 2844 1249 2916 gloriam
1278 2863 1392 2900 non
1416 2848 1543 2917 jam
1576 2846 1744 2902 nobis

73 2935 273 2990 honor
292 2936 674 2991 commendat
690 2934 1065 2999 vestium,sed
1089 2932 1367 3006 splendor
1388 2936 1740 2990 animarum.

74 3024 227 3088 Quia
242 3028 306 3080 et
328 3023 432 3079 illa
448 3039 577 3095 qua
601 3026 741 3079 tunc
757 3022 1092 3079 carnalibus
1113 3021 1570 3079 blandiebantur
1583 3024 1747 3079 obtu-

74 3113 265 3179 tibus,
290 3129 368 3168 εει
387 3112 585 3184 potius
606 3129 732 3184 qua
756 3113 813 3167 in
839 3111 984 3184 ipsis
1006 3117 1173 3168 erant
1197 3110 1594 3185 intelligenda,
1618 3130 1746 3185 pos-

1854 550 1950 601 tus
1972 552 2209 603 sanctus
2231 548 2562 607 Salomonis
2583 570 2681 609 ore
2710 557 3061 626 pracecinit,
3086 558 3286 617 dicens
3310 578 3323 616 :
3347 561 3504 618 Multi

1852 636 1965 690 sibi
1993 637 2054 690 in
2080 639 2367 695 novalibus
2390 650 2616 711 patrum
2636 651 2687 699 et
2713 645 2844 700 aliis
2872 657 3273 719 congregantur
3301 652 3502 723 absque

1842 725 2056 796 judicio
2084 730 2270 792 (Prov.
2294 746 2414 795 xm,
2438 732 2549 798 23),
2578 748 2763 805 neque
2794 734 2949 790 enim
2991 737 3074 792 sic
3119 743 3318 795 nostra
3347 740 3499 796 cala-

1855 814 2058 871 mitate
2089 820 2145 871 et
2183 816 2514 875 humilitate
2552 821 2711 877 abuti
2744 823 2933 889 debet,
2956 830 3022 879 ut
3052 826 3314 883 imitator
3340 829 3499 886 inso-

1851 901 2191 960 lentissima
2227 906 2523 976 jactautia
2556 910 2707 967 Naas
2738 913 2891 986 regis
2939 914 3193 972 filiorum
3223 920 3495 988 Ammon,

1853 992 1953 1064 qui
1985 995 2403 1066 interpretatur
2420 1014 2659 1069 serpens,
2686 1001 2875 1058 dicere
2899 1004 3257 1072 nobis,velut
3278 1008 3501 1064 habita-

1852 1082 2079 1138 toribus
2104 1083 2134 1137 ,Ι
2142 1085 2279 1139 abes
2300 1086 2538 1155 Galaad,
2564 1095 2931 1161 oppugnatur
2948 1094 3208 1150 veritatis
3230 1096 3340 1153 iste
3362 1116 3499 1170 pra-

1853 1173 2076 1225 sumat:
2092 1173 2153 1225 In
2169 1173 2267 1227 hoc
2279 1176 2480 1243 feriam
2494 1178 2768 1232 vobtscum
2779 1180 2956 1251 [Ledus
2972 1190 3031 1238 ut
3045 1201 3237 1241 eruam
3253 1188 3501 1243 omnium

1850 1267 2087 1314 vestrum
2137 1262 2318 1318 oculos
2371 1264 2607 1330 dextros,
2643 1283 2947 1341 ponamque
3002 1288 3092 1328 vos
3149 1278 3501 1347 opprobrium

1850 1350 2018 1404 Israel
2066 1349 2113 1421 (I
2152 1351 2275 1419 Reg.
2308 1369 2385 1419 xi,
2418 1354 2494 1424 2).
2527 1354 2671 1410 Vere
2729 1357 2883 1412 cnim
2944 1359 3212 1417 dextrum
3264 1365 3499 1422 oculum

1852 1442 2097 1493 conatur
2125 1455 2346 1507 eruere,
2381 1443 2480 1513 qui
2532 1443 2730 1499 lumen
2772 1450 2936 1501 recta
2970 1449 3101 1505 fidei
3148 1450 3375 1508 laborat
3404 1471 3498 1510 ex-

1852 1527 2169 1599 stinguere.
2206 1529 2414 1586 Utilius
2451 1530 2535 1586 illi
2576 1549 2610 1587 a
2649 1534 2817 1590 nobis
2856 1540 3180 1608 optandum
3211 1545 3319 1607 est,
3346 1544 3501 1615 quod

1852 1618 2180 1690 parabolice
2204 1636 2307 1690 per
2326 1620 2696 1678 Salomonem
2719 1623 2968 1681 dicitur:
2992 1626 3221 1685 Oculum
3247 1634 3346 1702 qui
3371 1634 3501 1687 sub-

1849 1714 2048 1761 sannat
2073 1715 2302 1779 patrem,
2324 1716 2376 1763 et
2395 1708 2621 1781 despicit
2636 1720 2855 1782 partum
2874 1718 3067 1771 matris
3086 1733 3223 1786 sua,
3242 1720 3502 1792 eﬂ‘odiant

1771 1820 1819 1885 Β
1850 1812 1974 1851 eum
2002 1798 2152 1851 corvi
2170 1797 2235 1851 de
2262 1798 2609 1867 torrentibus,
2638 1808 2689 1855 et
2711 1803 2991 1860 comedant
3013 1822 3138 1861 eum
3157 1809 3268 1877 ﬁlii
3295 1812 3504 1883 aquila:

1851 1890 2035 1952 (Prov.
2059 1903 2188 1952 xxx,
2216 1887 2324 1953 17).
2344 1886 2489 1943 Vere
2518 1889 2736 1945 etenim
2768 1892 3096 1949 subsannat
3127 1895 3373 1964 Patrem,
3399 1899 3501 1971 qui

1852 1973 1980 2031 Filii
2011 1974 2216 2030 dividit
2245 1975 2553 2041 unitatem,
2576 1981 2829 2034 testante
2869 1980 2996 2054 ipso
3032 1999 3044 2036 :
3077 1986 3175 2055 qui
3202 2001 3310 2040 non
3333 1988 3500 2044 hono-

1850 2065 2033 2135 riﬁcat
2083 2065 2315 2133 Filium,
2369 2082 2481 2120 non
2537 2068 2859 2139 honoriﬁeat
2913 2076 3155 2141 Patrem,
3203 2076 3301 2146 qui
3354 2079 3508 2149 misi;

1852 2156 2014 2211 illum
2045 2155 2220 2227 (Joan.
2254 2171 2309 2214 v,
2339 2154 2451 2225 23),
2476 2159 2533 2210 et
2556 2172 2797 2227 prorsus
2829 2158 3074 2231 despicit
3105 2167 3337 2233 partum
3378 2181 3502 2221 ma-

1852 2245 1959 2300 tris
1992 2262 2110 2299 sua
2137 2242 2542 2315 Ecclesia,qui
2567 2246 2909 2317 mysterium
2941 2249 3502 2326 redemptionis,quo

1851 2350 1920 2389 ex
1950 2334 2078 2405 ejus
2126 2337 2289 2387 utero
2331 2333 2401 2387 ad
2433 2332 2609 2388 vitam
2659 2334 2941 2407 gignitur,
2975 2338 3229 2409 puritate
3278 2342 3505 2400 sincera

1850 2421 2112 2477 venerari
2141 2421 2481 2477 contemnit.
2508 2422 2751 2494 Expedit
2772 2424 2940 2480 nobis
2960 2425 3019 2480 in
3045 2427 3220 2485 talem
3242 2431 3499 2501 oculum,

1852 2511 1951 2583 qui
1984 2512 2260 2566 ducatum
2294 2510 2580 2582 promittit
2609 2510 2872 2580 luminis,
2896 2518 2954 2569 et
2984 2532 3014 2570 e
3037 2519 3327 2575 contrario
3347 2525 3503 2577 tene-

1851 2601 1973 2657 bris
2016 2600 2226 2671 caligat
2272 2599 2504 2667 erroris,
2558 2607 2911 2673 praceptum
2963 2607 3361 2678 evangelicum
3396 2626 3409 2663 :
3442 2610 3505 2666 Si

1851 2693 2039 2747 oculus
2071 2698 2191 2745 tuas
2223 2689 2411 2744 dexter
2455 2689 2798 2746 scandalizat
2822 2699 2890 2758 te,
2923 2709 3053 2749 erue
3098 2712 3244 2764 eum,
3274 2706 3326 2753 et
3367 2716 3501 2771 pro-

1844 2781 1956 2850 jicc
1985 2781 2078 2835 abs
2109 2787 2158 2834 te
2188 2779 2401 2847 (Matth.
2435 2796 2489 2845 v,
2513 2779 2623 2844 29).
2650 2779 2822 2851 Cupit
2853 2797 3105 2853 nequam
3154 2783 3265 2841 iste
3295 2787 3501 2844 oculus

1852 2868 2249 2923 hareditatem
2283 2870 2513 2939 patrum
2550 2868 2776 2923 auferre
2804 2885 2816 2923 :
2852 2868 3060 2925 nititur
3085 2872 3313 2929 vineam
3345 2875 3500 2948 ipso-

1854 2975 1985 3013 rum
2019 2957 2077 3011 in
2101 2957 2334 3011 hortum
2358 2955 2581 3010 olerum
2616 2961 2997 3025 commutare,
3022 2960 3079 3015 id
3111 2965 3219 3027 est,
3244 2963 3415 3020 fortia
3446 2968 3504 3021 et

1856 3047 2154 3102 fructuosa
2174 3062 2238 3101 ac
2260 3044 2664 3100 meracissima
2683 3061 2886 3101 eorum
2910 3047 3064 3104 dicta
3077 3049 3291 3107 vilibus
3313 3057 3369 3108 et
3388 3052 3500 3109 cito

1854 3136 2254 3192 arescentibus
2279 3151 2344 3189 ac
2375 3134 2779 3191 decidentibus
2813 3135 3025 3193 fabulis
3062 3154 3363 3210 enervare;
3398 3143 3500 3198 sed

72 3202 317 3258 cebant.
346 3202 417 3257 Et
440 3201 656 3257 idcirco
683 3200 819 3257 huic
844 3200 1065 3257 famulo
1090 3208 1212 3266 tuo,
1231 3217 1405 3273 quem
1428 3202 1498 3256 ad
1524 3218 1711 3257 summ

1923 3186 2264 3296 ἷίῖιὶῌέὲξτιῖίὲ
2282 3186 2539 3295 ipsa
2553 3186 3035 3295 enituisse;
3064 3186 3198 3283 ἑίᾆέιὶ
3214 3186 3497 3285 satis”:

72 3289 401 3345 sacerdotii
453 3289 845 3346 ministerium
892 3288 1136 3363 elegisti,
1180 3289 1330 3345 hanc
1379 3306 1738 3362 quasumus,

72 3378 358 3444 Domine,
376 3378 628 3450 gratiam
677 3378 946 3451 largiaris
996 3383 1078 3445 ut,
1102 3377 1389 3450 quidquid
1438 3377 1537 3434 illa
1583 3378 1741 3434 vela-

71 3467 237 3523 mina
268 3465 335 3522 in
371 3466 595 3540 fulgore
625 3469 774 3535 auri,
798 3467 858 3522 in
889 3466 1073 3523 nitore
1104 3484 1493 3539 gemmarum,
1520 3468 1576 3522 in
1596 3468 1743 3524 mul-

69 3555 286 3613 timodi
321 3555 522 3629 operis
550 3557 829 3613 varietate
859 3556 1194 3629 signabant,
1228 3555 1337 3611 hoc
1368 3556 1426 3611 in
1460 3558 1587 3629 ejus
1616 3574 1740 3613 mo-

69 3646 238 3702 ribus
270 3645 632 3718 actibusque
661 3644 962 3701 clarescat.
991 3668 1019 3693 ››

68 3769 261 3828 Falsas
290 3771 526 3836 codices,
549 3778 601 3826 et
630 3788 663 3824 a
692 3769 829 3840 ﬁdei
850 3771 1162 3825 sinceritate
1179 3768 1470 3834 discordes,
1498 3772 1557 3825 in
1586 3772 1741 3827 nullo

137 3861 243 3899 usu
273 3844 534 3899 Lectionis
562 3841 831 3896 habendos
861 3860 880 3895 :
909 3842 1046 3913 quin
1069 3842 1250 3913 potius
1280 3843 1403 3911 igni
1429 3843 1736 3908 tradendos,

136 3932 210 3997 ea
235 3914 484 3987 epistola
529 3913 708 3969 sancti
743 3912 933 3969 Leonis
956 3912 1120 3984 papae
1147 3912 1218 3967 ad
1252 3914 1534 3969 Turibium
1579 3914 1740 3970 Astu-

138 4001 439 4042 metu.

137 4094 230 4148 21.
265 4091 615 4149 Curandum
647 4106 782 4164 ergo
825 4095 935 4158 est,
959 4094 1017 4146 et
1046 4090 1391 4147 sacerdotali
1422 4090 1738 4165 diligentia

72 4181 332 4238 maxime
365 4180 813 4252 providendum,
840 4183 904 4234 ut
932 4178 1063 4235 falsi
1089 4179 1337 4250 codices,
1361 4186 1418 4235 et
1448 4196 1482 4235 a
1513 4181 1740 4237 sincera

69 4270 314 4328 veritate
342 4269 669 4340 discordes,
686 4268 746 4324 in
769 4268 930 4324 nullo
962 4286 1074 4324 usu
1103 4267 1369 4324 lectionis
1387 4268 1733 4325 habeantur.

70 4359 434 4433 Apocrypha
451 4362 653 4414 autem
666 4359 969 4430 scriptura
984 4374 1111 4430 qua
1125 4357 1236 4413 sub
1256 4357 1593 4414 nominibus
1607 4376 1740 4432 apo-

72 4450 365 4505 stolarum
398 4446 720 4503 multarum
743 4447 962 4503 habent
982 4446 1364 4503 seminarium
1387 4446 1732 4518 falsitatum,

1856 3316 2130 3386 Pr0pitius
2156 3312 2298 3367 mihi
2325 3313 2398 3366 sit
2438 3313 2721 3379 Dominus,
2756 3329 2825 3367 ne
2852 3313 2974 3368 dem
3002 3315 3372 3374 haereditatem
3397 3336 3500 3391 pa-

1854 3412 2002 3459 trum
2030 3418 2273 3458 meorum
2304 3402 2402 3468 (III
2430 3402 2555 3469 Reg.
2590 3418 2706 3466 xxx,
2739 3403 2814 3473 3).
2849 3401 2907 3457 Si
2940 3404 3011 3458 ob
3052 3403 3231 3477 hujus
3263 3424 3501 3480 respon-

1853 3492 2036 3549 sionis
2094 3491 2402 3546 honestam
2462 3488 2790 3545 libertatem
2822 3489 2909 3546 vel
2954 3490 3279 3550 infamandi
3340 3496 3504 3553 falsis

1852 3581 2121 3643 testibus,
2145 3579 2230 3635 vel
2262 3578 2437 3634 etiam
2472 3576 2767 3650 lapidibus
2790 3579 3071 3638 obruendi
3094 3599 3379 3655 essemus,
3402 3585 3505 3642 ho-

1852 3672 2096 3727 beamus
2116 3669 2300 3724 Deum
2322 3666 2848 3724 clementissimum
2871 3669 3294 3728 consolatorem
3326 3677 3503 3747 atque

1852 3759 2099 3814 ultorem
2145 3757 2473 3812 dicentem:
2508 3756 2701 3812 Sinon
2744 3774 2845 3828 pro
2890 3762 3162 3830 sanguine
3209 3762 3421 3818 Naboth
3450 3773 3502 3819 et

1847 3849 2091 3919 ﬁliorum
2120 3847 2236 3918 ejus
2281 3860 2442 3916 quem
2472 3844 2589 3899 vidi
2615 3844 2754 3912 heri,
2786 3844 2920 3900 dicit
2954 3848 3237 3915 Dominus,
3279 3849 3502 3907 reddam

1849 3937 1951 3993 tibi
1981 3938 2041 3991 in
2070 3951 2204 4006 agro
2236 3935 2356 3999 isto,
2384 3932 2520 3987 dicit
2546 3934 2827 3989 Dominus.

2586 4056 2759 4095 FINIT-

1844 4353 2124 4446 Epfstola
2180 4357 2362 4446 Ιςξιτοιιι
2417 4351 2825 4446 Lugdunensis
2882 4352 3139 4446 diaconi
3172 4355 3257 4417 ad
3307 4356 3493 4446 Πιθο-

1923 4436 2091 4497 donis
2144 4434 2300 4496 villa
2356 4432 2670 4495 concilium
2732 4432 3011 4496 adversus
3070 4435 3247 4498 libros
3302 4440 3491 4500 Ama-

71 4557 179 4594 non
201 4538 410 4594 solum
432 4536 845 4593 interdicenda
869 4540 1027 4603 sunt,
1054 4536 1155 4592 sed
1177 4536 1353 4591 etiam
1386 4537 1620 4610 penitus
1640 4517 1738 4595 au-
1768 4556 1813 4620 D
1927 4517 2091 4578 ίανίί·

72 4628 323 4684 ferenda
346 4630 528 4699 atque
560 4626 795 4700 ignibus
827 4626 1734 4699 concremanda,quia,quamvis

71 4716 183 4772 sint
212 4718 275 4773 in
310 4714 438 4771 illis
458 4715 727 4788 quadam
748 4731 875 4787 qua
897 4714 1205 4771 videantur
1234 4713 1488 4787 speciem
1520 4716 1732 4775 habere

70 4805 324 4878 pietatis,
348 4820 661 4876 nunquam
692 4808 886 4859 tamen
914 4820 1096 4859 vacua
1124 4810 1264 4860 sunt
1292 4805 1550 4862 venenis.

132 4899 222 4950 22.
258 4895 422 4962 Hac,
454 4891 680 4949 domini
714 4891 1096 4961 venerabiles,
1140 4897 1261 4947 tam
1302 4893 1372 4948 de
1413 4893 1730 4966 Scripturis

72 4982 269 5051 sacris,
306 4998 498 5055 quam
542 4982 615 5037 de
663 4981 1099 5053 Scripturarum
1149 4985 1487 5037 sanctarum
1535 4983 1727 5052 dictis,

72 5070 271 5127 sedula
300 5070 637 5127 intentione
668 5068 893 5143 collegi,
928 5086 994 5126 ac
1025 5069 1355 5125 reverentia
1392 5074 1593 5126 vestra
1625 5089 1729 5128 au-

74 5159 278 5215 dienda
309 5176 423 5215 seu
444 5163 503 5215 et
526 5158 774 5231 legenda
803 5158 1104 5231 proposui,
1125 5162 1435 5229 quatenus,
1460 5176 1529 5215 ea
1550 5164 1606 5215 et
1628 5160 1730 5216 hu-

65 5247 321 5318 jusmodi
346 5246 731 5313 meditantes,
754 5251 955 5302 contra
988 5246 1222 5303 novella
1253 5248 1727 5319 praesumptionis

73 5336 591 5409 auctorem,qui,in
611 5334 1058 5391 similitudinem
1080 5333 1287 5391 harioli
1308 5340 1362 5391 et
1380 5337 1727 5406 conjectoris

74 5425 313 5481 aestimat
335 5442 471 5497 qua
500 5426 756 5498 ignorat,
780 5425 912 5480 fidei
935 5430 991 5481 et
1012 5424 1271 5481 veritatis
1300 5425 1573 5481 firmitate
1596 5444 1724 5482 iuu-

76 5513 182 5569 nita
200 5515 485 5571 dicamus
506 5531 645 5570 cum
669 5512 925 5570 Ecclesia
946 5532 959 5570 :
985 5517 1365 5570 Narraverunt
1381 5516 1524 5569 mihi
1544 5517 1727 5587 iniqui

77 5603 454 5672 tabulationes,
476 5603 575 5660 sed
606 5618 712 5659 non
746 5610 807 5657 ut
838 5604 926 5658 lea:
953 5611 1068 5670 tua,
1095 5604 1317 5658 Domine
1338 5603 1506 5673 (Psal.
1530 5618 1720 5673 cxvru,

1915 4632 2126 4688 Sancto
2184 4634 2242 4686 et
2288 4627 2600 4685 venerabili
2633 4629 2899 4699 concilio,
2952 4632 3107 4703 apud
3159 4632 3492 4691 Theodonis

1840 4720 2038 4777 villam
2068 4718 2287 4776 habito.

1910 4809 2140 4878 Audite,
2164 4809 2357 4864 Patres
2378 4806 2704 4863 beatissimi
2726 4810 2783 4862 et
2803 4808 3297 4874 revereudissimi,
3318 4826 3353 4863 a
3373 4813 3488 4866 Deo

1841 4896 2136 4954 convocati
2169 4902 2227 4951 et
2255 4895 2314 4950 in
2348 4896 2463 4951 Deo
2496 4896 2667 4961 uniti,
2691 4899 2927 4967 propter
2956 4896 3140 4951 Deum
3174 4896 3488 4954 auxiliante

1840 4986 1968 5059 ipso
1986 4985 2317 5041 laborantes
2332 4989 2388 5039 et
2410 4983 2748 5050 laboraturi,
2764 4989 2938 5055 atque
2954 4984 3012 5037 in
3032 4983 3129 5039 illo
3152 4988 3210 5040 et
3224 5000 3358 5039 cum
3386 4984 3486 5041 illo

1840 5080 1973 5147 post
1990 5076 2227 5130 beatum
2250 5072 2509 5128 laborem
2529 5071 2867 5144 requieturi,
2887 5072 3082 5127 audite
3100 5072 3182 5127 ita
3203 5077 3266 5127 ut
3283 5074 3487 5129 audiat

1836 5181 1939 5220 vos
1962 5163 2134 5227 Deus,
2152 5178 2217 5217 ac
2241 5165 2592 5217 mementote
2611 5158 2891 5231 Apostoli,
2916 5167 3168 5216 rectores
3192 5160 3481 5232 Ecclesia,

1836 5250 2197 5308 exhortantis
2229 5255 2285 5306 et
2316 5248 2562 5304 dicentis
2596 5265 2607 5303 :
2642 5248 2907 5304 Attendite
2935 5249 3083 5304 vobis
3130 5259 3182 5305 et
3228 5252 3484 5309 universo

1834 5343 1991 5411 gregi
2020 5343 2080 5396 in
2111 5356 2213 5412 quo
2242 5355 2331 5395 vos
2362 5339 2602 5407 Spiritus
2629 5346 2849 5393 sanctus
2888 5340 3070 5410 posuit
3093 5342 3366 5413 episcopos
3396 5358 3482 5397 re-

1834 5446 1958 5499 gere
1981 5430 2275 5484 Ecclesiam
2300 5427 2522 5481 Domini
2556 5443 2720 5497 quam
2757 5429 3049 5498 acquisivit
3083 5431 3355 5498 sanguine
3382 5446 3481 5485 suo

1834 5521 1968 5586 (Act.
1991 5534 2084 5577 xx,
2108 5515 2216 5584 28).
2242 5516 2443 5569 Sermo
2485 5514 2556 5569 de
2596 5514 2708 5569 fide
2749 5516 2962 5588 agitur,
2986 5520 3043 5572 et
3071 5517 3358 5573 catholica
3384 5535 3477 5574 ve-

1833 5606 2020 5667 ritate,
2041 5619 2214 5674 quam
2248 5599 2522 5672 pralatus
2551 5601 2806 5658 ecclesia
2842 5604 3249 5677 Lugdunensis
3278 5605 3483 5677 depra-
