3896 6208
432 341 509 400 95
1532 341 1761 403 FLORI
1806 339 2122 402 DIACONI
2169 341 2739 408 LUGDUNENSIS.
3757 363 3819 423 £76

427 492 563 533 vare
593 477 649 531 et
678 471 1014 531 subvertere
1051 470 1253 545 lingua
1290 476 1343 529 et
1384 472 1607 530 calamo
1657 491 1771 529 non
1822 472 2071 541 desistit,
2108 478 2159 544 Α
2190 473 2486 531 insaniora
2516 476 2794 550 tegeritis,
2816 484 2997 539 testes
3018 487 3157 541 sunt
3183 483 3393 543 horum
3418 486 3814 567 cborepiscopi,

428 565 761 637 errorisque
786 580 853 619 ac
885 563 1323 619 mendaciorum
1346 581 1588 619 suorum
1611 582 1713 619 vos
1740 564 1897 636 ipsos
1924 580 2091 619 vere-

427 655 643 712 rabiles
676 652 938 708 Ecclesiae
972 652 1185 707 Christi
1231 652 1429 707 oculos
1482 655 1773 709 intantum
1809 653 1997 707 socios
2027 658 2086 707 et

427 743 741 817 complices
789 758 918 798 esse
965 742 1293 807 confirmat,
1328 746 1390 796 ut
1425 742 1482 796 in
1529 742 1763 815 publico
1818 742 2084 797 Ecclesia:

425 838 636 890 nostra:
669 835 954 888 conventu
977 832 1202 902 jactare
1236 848 1419 886 ausus
1452 831 1545 898 sit,
1574 832 1643 885 ad
1682 831 1787 885 hoc
1821 848 1921 885 vos
1954 830 2081 885 suis

423 921 905 998 persuasionibus
928 919 982 974 in
1010 919 1264 991 generali
1295 920 1516 992 synodo
1541 919 1718 975 fuisse
1748 921 2080 1012 perductos,

422 1018 489 1069 ut
505 1029 709 1068 omnes
732 1026 908 1064 manu
938 1009 1172 1082 propria
1195 1010 1319 1064 suis
1346 1009 1733 1081 ineptissimis
1757 1008 1922 1063 libris
1947 1008 2084 1065 sub;

421 1100 693 1168 scribere,
719 1104 774 1154 et
805 1099 887 1154 sic
928 1099 1287 1154 unanimiter
1318 1099 1534 1153 sentire
1570 1104 1743 1170 atque
1776 1098 2081 1153 observare

417 1189 665 1246 velletis.
691 1188 793 1244 Cui
828 1203 933 1261 ego
991 1204 1094 1260 per
1124 1189 1378 1258 majores
1435 1192 1571 1242 natu
1633 1188 1928 1259 respondi,
1963 1206 2079 1242 non

418 1279 609 1336 solum
633 1279 808 1335 mede
834 1277 1015 1333 tantis
1031 1276 1168 1332 viris
1192 1276 1245 1331 id
1266 1277 1499 1331 credere
1518 1276 1853 1331 nullatenus
1878 1294 2075 1348 posse;

417 1369 517 1424 sed
550 1368 726 1423 etiam
765 1366 908 1422 mihi
941 1366 1200 1438 indigno,
1229 1365 1323 1437 qui
1356 1382 1487 1420 sum
1512 1366 1673 1420 canis
1707 1371 1996 1434 mortuus,
2024 1371 2079 1420 et

417 1456 589 1531 pulex
623 1455 889 1529 exiguus,
919 1460 1035 1507 tres
1077 1454 1238 1526 prius
1270 1453 1481 1527 digitos
1514 1455 1742 1550 quibus
1760 1455 2075 1550 scribimus

416 1545 702 1601 radicitus
731 1543 1021 1617 amputari
1049 1542 1464 1614 vellem,quam
1483 1561 1707 1598 errores
1730 1542 2071 1613 hujusmodi

415 1651 627 1690 manus
685 1634 936 1706 propriae
995 1632 1426 1704 subscriptione
1486 1633 1801 1687 firmarem.
1860 1634 2071 1687 Addidi

415 1723 589 1779 etiam
606 1723 763 1795 quod
782 1722 828 1777 si
852 1721 983 1776 libri
1006 1721 1087 1776 illi
1104 1721 1163 1775 in
1185 1721 1334 1775 bono
1353 1720 1597 1775 concilio
1619 1721 1833 1776 fuerint
1854 1720 2075 1777 discus-

414 1811 459 1866 si
484 1815 538 1866 et
562 1810 1078 1881 dijudicati,erunt
1110 1808 1307 1880 procul
1338 1808 1515 1863 dubio
1549 1809 2062 1865 anathematizati:

413 1917 561 1974 quos
582 1900 758 1955 etiam
781 1898 1195 1971 chorepiscopo
1215 1898 1477 1953 Ecclesiae
1505 1904 1711 1952 nostras
1730 1898 1886 1953 velut
1902 1897 2066 1953 valde

414 1987 585 2044 utiles
607 1987 1080 2058 omnibusjussit
1101 1986 1516 2052 transcribere;
1547 2004 1692 2058 quos
1714 2004 1847 2041 cum
1872 2003 1976 2058 ego
1998 2005 2066 2041 ex

411 2083 574 2152 parte
595 2077 792 2150 aliqua
815 2076 1248 2148 relegissem,et
1280 2076 1599 2130 mendaciis
1630 2075 1832 2148 plenos
1855 2076 2063 2131 delira-

414 2166 745 2238 mentisque
769 2164 1068 2231 vidissem,
1092 2165 1431 2220 dehortatus
1454 2182 1583 2218 sum
1609 2183 1678 2220 ne
1702 2165 1807 2219 hoc
1833 2165 2063 2236 penitus

414 2255 593 2323 fieret,
611 2254 907 2326 librosque
930 2272 1035 2310 suo
1058 2255 1410 2326 quantocius
1430 2254 1651 2308 auctori
1676 2254 2063 2308 restituendos

414 2344 713 2411 admonui,
741 2348 1006 2399 metuens
1037 2344 1301 2398 videlicet
1341 2360 1410 2397 ne
1451 2360 1583 2397 oves
1614 2342 1852 2408 Christi,
1885 2342 1942 2396 id
1977 2347 2065 2397 est

413 2432 710 2507 simplices
744 2450 1027 2506 quosque,
1062 2450 1131 2488 ex
1159 2450 1359 2487 eorum
1389 2432 1633 2487 lectione
1665 2432 1929 2504 quaedam
1963 2449 2058 2485 va-

413 2523 663 2578 nissima
685 2522 1041 2579 curiositatis
1071 2522 1295 2578 scabies
1327 2525 1677 2594 aspergeret,
1701 2526 1758 2576 et
1787 2522 2059 2575 ardentes

411 2609 641 2683 papulas
668 2610 780 2665 diri
812 2610 1025 2666 erroris
1055 2616 1380 2666 exurerent.
1398 2610 1609 2681 Collegi
1632 2614 1826 2665 autem
1848 2608 1973 2680 ipse
1993 2626 2059 2664 ac

411 2697 627 2771 digessi
666 2698 725 2754 in
756 2699 1041 2765 ordinem,
1065 2699 1432 2771 propriisque
1474 2698 1843 2754 sermonibus
1874 2696 2058 2796 expli-

410 2788 530 2843 cavi
565 2787 847 2843 nonnulla
869 2806 993 2861 qure
1017 2788 1071 2843 in
1096 2788 1348 2861 generali
1376 2789 1847 2861 presbyterorum
1871 2787 2061 2841 conci-

408 2875 485 2931 lio
507 2877 1133 2951 proposuit,disseruit,
1152 2876 1600 2942 commendavit,
1616 2895 1683 2931 ex
1701 2875 1913 2947 quibus
1932 2876 2058 2946 ejus

408 2966 633 3022 vanitas
664 2966 1043 3038 contemptui,
1068 2967 1186 3023 imo
1216 2966 1591 3023 exsecratiuni
1615 2969 1827 3038 pateat.
1854 2965 1963 3019 Sed
1986 2981 2057 3019 ne

406 3054 541 3127 quis
578 3072 671 3110 me
725 3055 873 3111 falsa
932 3060 1098 3128 putet
1146 3072 1423 3122 asserere,
1449 3055 1640 3110 veniat
1698 3054 1845 3109 liber
1899 3052 2057 3108 illius

407 3144 463 3199 in
497 3145 781 3207 medium,
814 3148 870 3199 et
919 3145 1235 3198 foeditatem
1288 3144 1375 3199 sui
1439 3142 1669 3214 publice
1728 3141 2056 3212 legentibus

2195 569 2376 621 testes
2409 567 2823 643 archidiaconi,
2844 576 3021 629 testes
3045 591 3248 631 omnes
3270 578 3369 649 qui
3406 579 3651 636 aderant
3679 598 3813 654 pres-

2195 654 2377 727 byteri
2414 657 2853 728 Lugdunenses,
2884 679 2917 716 a
2949 664 3163 734 quibus
3214 664 3335 721 hrec
3365 670 3647 725 continuo
3679 671 3814 729 ll‘l‘l:&

2194 761 2259 800 ac
2293 745 2615 817 repudiata,
2640 748 2756 803 imo
2789 749 3022 821 plancta
3051 759 3107 808 et
3135 754 3361 825 plorata
3395 760 3660 831 cognovi,
3683 778 3811 829 cum,

2192 832 2403 888 divinls
2434 836 2651 890 assueti
2687 837 2938 907 fluentis,
2968 841 3038 895 de
3079 840 3291 900 lacuna
3322 844 3618 903 lutulenta
3646 848 3816 906 bibere

2191 926 2553 993 cogerentur,
2580 932 3015 983 murmurantes
3061 930 3117 985 in
3165 932 3530 1004 nequissimo
3560 953 3709 1009 pane
3734 940 3815 995 do-

2191 1009 2495 1080 ctrinae,de
2525 1029 2639 1083 quo
2670 1013 3114 1073 Ecclesiasticus
3153 1019 3415 1093 loquitur
3449 1023 3639 1081 liber:
3664 1029 3718 1082 In
3745 1046 3816 1083 ne-

2188 1100 2454 1169 quissimo
2507 1118 2651 1172 pane
2696 1107 3065 1163 murmurabz’t
3099 1111 3292 1165 civitas
3320 1114 3518 1182 (Eccti.
3540 1132 3692 1182 XXXI,
3720 1118 3812 1187 29).

2188 1186 2257 1241 Et
2288 1188 2689 1246 testimonium
2721 1194 2990 1266 nequitiae
3021 1196 3177 1253 illius
3207 1217 3407 1257 verum
3441 1209 3552 1270 est,
3579 1221 3682 1260 nec
3707 1224 3814 1263 vero

2189 1275 2282 1331 ille
2313 1277 2507 1333 divina
2555 1281 2740 1348 docet,
2763 1284 2864 1338 sed
2898 1302 3005 1340 sua
3034 1288 3349 1345 concinnat
3386 1296 3444 1347 et
3484 1292 3744 1361 fabricat,
3771 1305 3814 1352 et

2177 1364 2350 1435 juxta
2374 1366 2762 1437 Salomonem,
2789 1374 2846 1426 in
2873 1376 3291 1433 similitudinem
3319 1380 3531 1436 harioli
3568 1392 3620 1439 et
3656 1388 3814 1456 conje-

2183 1456 2347 1508 ctoris
2376 1458 2613 1513 anstimut
2651 1460 2793 1529 quod
2823 1462 3040 1529 ignorat
3068 1467 3255 1534 (Prov.
3288 1476 3467 1537 xxiii).
3503 1470 3813 1529 SuccurriLe

2185 1541 2381 1613 igitur,
2408 1545 2604 1602 Patres
2630 1548 2903 1618 piissimi,
2929 1555 3253 1611 succurrite
3284 1557 3603 1615 animabus
3625 1564 3811 1619 nostris

2183 1631 2446 1688 Modicum
2475 1637 2622 1690 enim
2658 1639 2988 1708 fermentum
3032 1650 3201 1699 totam
3250 1662 3488 1703 massam
3537 1655 3814 1725 corrumpit

2182 1720 2231 1787 (1
2258 1721 2377 1776 Cor.
2404 1741 2456 1791 v,
2488 1725 2564 1795 ὃ),
2590 1730 2664 1791 et,
2690 1727 2859 1796 juxta
2891 1733 3205 1801 quemdam
3240 1740 3464 1806 patrem
3497 1720 3807 1812 antiquuin,

2184 1808 2232 1863 si
2264 1812 2405 1880 quid
2438 1810 2495 1866 in
2524 1814 2637 1868 ﬁde
2660 1816 2787 1870 t'alsi
2814 1818 3359 1889 admittitur,intrat
3381 1829 3634 1897 putredo
3649 1808 3722 1885 de
3743 1808 3812 1888 ve-

2176 1914 2323 1954 neno
2356 1902 2665 1971 serpentis,
2694 1912 3020 1962 nascuntur
3059 1925 3287 1967 vermes
3325 1918 3742 1989 corruptionis,
3768 1925 3810 1976 et

2174 1986 2319 2042 nihil
2353 1988 2644 2061 integrum
2679 1996 3022 2051 remanebit.
3046 1998 3238 2055 Testis
3268 2006 3357 2057 est
3390 1986 3535 2061 mihi
3572 2010 3810 2081 omnipo-

2176 2079 2303 2131 tens
2334 2077 2667 2151 Deus,quia
2699 2081 2816 2137 haec
2866 2101 2980 2140 non
3024 2086 3281 2159 impulsu
3332 2091 3656 2152 iracundiae
3706 2104 3809 2153 tan-

2174 2181 2348 2235 quam
2383 2165 2555 2221 lzesus
2588 2186 2891 2244 exaggera,
2917 2192 3045 2245 qua:
3072 2177 3146 2232 ab
3177 2178 3304 2251 ipso
3336 2183 3540 2239 statim
3573 2188 3808 2252 exordio,

2172 2253 2314 2308 dum
2346 2255 2537 2310 adhuc
2561 2274 2619 2312 se
2649 2260 2792 2315 mihi
2816 2266 3116 2335 utcunque
3138 2266 3486 2327 blandulum
3507 2274 3808 2342 exhiberet,

2172 2342 2367 2397 dolere
2398 2361 2462 2399 ac
2495 2346 2767 2403 detestari
2791 2350 2957 2423 coepi,
2982 2370 3086 2408 nec
3112 2354 3318 2411 divinas
3341 2360 3703 2420 ordinationi
3724 2382 3809 2421 seu

2171 2430 2459 2501 imperiali
2494 2433 2599 2504 pia:
2649 2437 2985 2509 provisioui,
3019 2444 3173 2513 quod
3205 2444 3302 2502 ille
3351 2448 3550 2506 forsan
3595 2454 3810 2524 jactitat

2168 2519 2326 2574 velut
2375 2521 2606 2577 rebellis
2639 2525 2913 2594 existens,
2939 2545 3075 2584 cum
3130 2532 3188 2587 id
3242 2551 3370 2592 mea
3400 2519 3696 2611 exiguitas
3724 2560 3808 2597 nec

2169 2609 2423 2681 cogitare
2454 2628 2716 2683 unquam
2750 2616 2979 2685 poterit,
2998 2620 3097 2674 sed
3125 2623 3339 2678 erroris
3368 2609 3522 2693 odio,
3538 2633 3602 2683 et
3634 2647 3809 2687 amore

2168 2698 2449 2759 veritatis,
2475 2699 2741 2755 Ecclesia:
2781 2720 3015 2777 quoque
3056 2710 3262 2767 matris
3301 2729 3442 2769 meae
3481 2716 3808 2776 vulneribus

2168 2785 2501 2853 condolens,
2518 2790 2688 2857 cujus
2711 2791 2988 2849 uberibus
3009 2797 3081 2851 ab
3111 2798 3359 2856 infantia
3379 2802 3560 2861 alitus
3585 2824 3737 2873 sum,
3760 2810 3805 2865 in

2168 2890 2285 2940 qua
2314 2879 2368 2929 et
2400 2876 2927 2938 administrationis
2958 2883 3173 2953 locum,
3194 2892 3250 2943 et
3276 2890 3555 2949 doctrinae
3591 2914 3659 2952 ac
3688 2916 3809 2971 pra:-

2168 2963 2473 3020 dicationis
2505 2966 2765 3023 officium
2812 2969 3092 3045 indignus
3137 2979 3391 3034 exercui.
3426 2982 3598 3041 Certe
3646 2963 3806 3043 vitam

2166 3069 2271 3124 ego
2302 3055 2737 3126 egentissimus,
2762 3059 2848 3114 vel
2877 3062 3054 3117 etiam
3088 3066 3324 3136 moriar,
3359 3069 3409 3125 si
3442 3072 3640 3143 placet
3668 3082 3808 3132 :tan-

2164 3147 2289 3197 tum
2314 3148 2508 3215 pateat
2527 3144 2759 3213 vulnus,
2785 3150 3106 3219 putridum,
3124 3159 3320 3226 pateat
3336 3159 3532 3216 sanies
3550 3166 3803 3235 putridaf;

407 3236 581 3306 atque
613 3231 989 3287 audientibus
1021 3231 1357 3298 denudabit,
1394 3248 1461 3284 ex
1493 3248 1606 3302 quo
1654 3236 1708 3326 et
1764 3230 1896 3326 ista,
1930 3248 2055 3301 qua:
2089 3231 2130 3296 C
2164 3234 2221 3326 et
2248 3249 2450 3326 omnes
2467 3233 2579 3326 qui
2612 3234 2732 3326 hoc,
2751 3237 3074 3326 tabescunt
3103 3246 3391 3319 contagio,
3418 3230 3585 3307 vobis
3622 3230 3803 3326 opitu;

407 3319 804 3376 sincerissimo
837 3319 1089 3375 examini
1111 3324 1300 3374 vestro
1325 3320 1715 3390 adjudicanda
1745 3320 1941 3385 offero,
1966 3336 2055 3373 ve-

407 3408 640 3465 rissime
670 3409 743 3464 ab
774 3409 873 3463 illo
918 3407 1143 3481 prolata
1182 3407 1526 3481 probabitis,
1550 3425 1682 3462 cum
1716 3408 1835 3463 illic
1869 3407 2055 3462 multa

2162 3319 2318 3376 lante
2350 3321 2577 3378 Christo
2608 3324 3058 3397 medicantibus,
3086 3333 3246 3404 gravi
3279 3342 3512 3395 veterno
3544 3319 3801 3415 depulso,

2162 3413 2359 3479 optata
2388 3411 2681 3481 gaudeant
2709 3415 2977 3473 sanitate.

410 3540 3804 3578 __._.___________.__________________.__________________________

1189 3657 1497 3806 Flltllll
1592 3655 2020 3804 DIACONI
2112 3656 3021 3814 MARTYROLOGIUM

604 3872 783 3954 (γωδ
815 3872 1702 3974 Martyrolqﬂpm'pancrabfgs
1737 3872 1933 3974 βιαίως,
1966 3872 2211 3965 hujusce
2255 3873 2622 3974 Patrologia'
2667 3881 3071 3974 tom.n{YL:1_V,
3100 3905 3246 3966 pag.
3281 3890 3424 3974 798,
3458 3904 3516 3954 el
3544 3895 3633 3956 ad

875 3953 1097 4016 omium
1127 3953 1265 4031 876,
1307 3955 1572 4018 Usuardi
1597 3953 2127 4033 Martyrologium,
2162 3954 2221 4012 in
2253 3954 2466 4034 quibus
2496 3953 2754 4017 eduntur
2782 3959 2961 4022 Fieri
2983 3953 3347 4050 AUeTAva).

2859 4112 3807 4142 Ἥ

1412 4215 1930 4317 FLOR!
1972 4213 2003 4252 ³
2102 4213 2801 4318 υιΑαοπι

1073 4422 1508 4528 SERMO
1605 4422 1763 4523 DE
1858 4395 3151 4532 PBZEDESTINATIONEb

1824 4585 1995 4657 (Bibl.
2027 4586 2181 4640 Patr.
2215 4588 2394 4659 max.)

470 4819 851 4892 Omnipotens
880 4822 1055 4888 Deus,
1089 4822 1228 4893 quia
1265 4821 1567 4879 verissime
1597 4841 1767 4881 verus
1805 4829 1863 4883 et
1890 4826 2051 4882 solus
2080 4827 2129 4891 D
2160 4816 2818 4910 ξξςξρξιξςξψφεῐᾷψῐδει
2847 4823 3049 4909 dicens
3081 4844 3095 4883 :
3136 4830 3276 4910 Deus
3330 4842 3558 4910 aeterne,
3610 4843 3706 4910 qui
3755 4854 3802 4895 es

400 4906 554 4964 Deus
583 4915 694 4978 est,
722 4910 961 4965 omnino
1012 4911 1071 4965 in
1102 4928 1209 4966 sua
1254 4916 1467 4968 aeterna
1497 4918 1554 4969 et
1583 4915 2067 4993 incommutabili

399 4996 643 5052 scientia
690 4998 979 5069 praescivit
1030 5000 1227 5054 omnia
1275 5004 1590 5073 antequam
1643 5006 1865 5074 flerent,
1899 5008 2055 5090 sicut

472 5152 556 5231 (a)_
581 5153 1124 5231 De_Floro_ejusque
1150 5178 1416 5219 sermone
1439 5164 1557 5222 haec
1587 5168 1761 5226 habet
1782 5171 2052 5231 Hincma-

402 5222 501 5277 rus
543 5222 600 5279 in
648 5226 795 5282 libro
844 5222 927 5283 εἶθ’
964 5222 1475 5293 Ρινὶρὰθδιὶηειιὶοηο
1522 5222 1758 5312 capita,

402 5293 572 5372 illoc
595 5297 941 5372 capitulum,
968 5299 1121 5356 sicut
1150 5306 1510 5364 conferentes
1536 5329 1601 5366 ex
1635 5314 1850 5372 scripto
1867 5264 2046 5372 glori.

407 5312 443 5386 τ’
457 5293 572 5386 Hpc
595 5297 941 5386 capitulum,
968 5299 1121 5383 sicut
1150 5306 1510 5386 conferentes
1536 5293 1850 5386 exiisciri'pio
1867 5293 2046 5386 ῬἾοῐ-ἰ,

400 5362 852 5451 Ecclesiae'Lugd
864 5362 1104 5451 unensis
1121 5362 1558 5451 m_ini_stri,quod
1568 5362 1718 5439 61ft};
1731 5362 2050 5444 ἰῖίὲὁηόἷιᾍ

402 5452 436 5528 2.
462 5436 808 5491 veneranda?
829 5443 1121 5519 memoriae
1144 5436 1454 5528 Heriboldb
1480 5436 1750 5528 episcopo
1770 5460 2052 5515 Antissio-
2088 5484 2091 5485 ν

401 5505 647 5584 dorense
669 5510 1372 5601 aesepimus‘mxcerptum
1396 5505 1464 5578 cx
1486 5505 1740 5601 maxinia
1767 5536 1931 5601 parte
1962 5531 2049 5586 in-
2078 5570 2083 5573 -

400 5574 688 5633 venimus.
714 5574 1078 5659 Quapropter
1110 5574 1406 5665 utcunque
1436 5613 1470 5652 a
1502 5599 1724 5654 ratione
1755 5574 1870 5655 rion
1901 5601 2051 5657 inve-

2158 4888 2599 4992 qbsc'om'tjitorum
2639 4888 2903 4992 capp—i105,
2951 4901 3049 4979 qui
3085 4905 3238 4992 nosti
3280 4888 3477 4987 martial
3526 4888 3802 4992 aut?an

2158 4960 2295 5030 ﬁant
2341 4962 2500 5032 (Dan.
2535 4980 2655 5030 x111,
2691 4960 2797 5030 42).
2834 4960 3126 5026 Ρὲίεὲοὶνὶι
3172 4989 3307 5046 ergo
3357 4960 3486 5033 sine
3528 4960 3803 5037 Eiiiiiiﬁi

2160 5116 2319 5199 nitur
2349 5117 2580 5199 perlitus
2612 5118 2890 5199 alienum.
2922 5129 3389 5199 Deipraescientia
3414 5135 3574 5194 enim
3605 5140 3703 5196 Dei
3722 5156 3800 5195 ca-

2159 5187 2385 5270 thol‘icae
2416 5188 2825 5270 fidei‘adversa
2855 5212 2971 5252 non
3001 5187 3279 5270 loquitur,
3308 5226 3336 5253 ››
3361 5187 3479 5263 etei.

2234 5258 2389 5354 idem
2430 5258 2489 5312 in
2535 5260 2874 5354 Prmfatione
2919 5258 3185 5351 ejusdem
3235 5258 3512 5354 otperisigg
3530 5280 3604 5354 In
3627 5282 3798 5354 capite

2160 5327 2553 5385 indiculorum
2573 5337 2873 5404 sequentis
2888 5327 3080 5411 operis
3098 5327 3430 5404 sermordem
3455 5327 3797 5425 Harii-nvem

2231 5468 2305 5549 (ὁ)
2340 5469 2582 5549 Υξάθίάθ
2613 5473 2722 5549 hoc
2749 5493 2923 5549 opere
2955 5481 3016 5536 L.
3050 5482 3360 5543 Cellotium
3393 5489 3450 5545 S.
3484 5491 3521 5547 l.
3558 5494 3620 5549 P.
3646 5494 3701 5549 in
3723 5492 3802 5549 Hi-

2161 5541 2344 5596 storia
2375 5541 2966 5616 Gotteschalciflibro
2998 5568 3039 5621 ι,
3070 5572 3197 5628 cap.
3231 5541 3319 5612 26.
