3896 6208
127 310 193 365 ‘J'l
1202 311 1466 372 SERMO
1509 311 1610 370 DE
1657 311 2443 371 PllrElHCS'l‘INATlONE.
3446 320 3527 379 98

127 442 272 496 bona
290 456 418 511 quae
442 439 584 496 boni
609 447 778 497 erant
801 441 1027 511 facturi,
1050 446 1107 498 et
1130 442 1283 499 mala
1299 460 1427 515 quae
1446 443 1581 499 mali
1606 449 1773 501 erant
1798 448 1855 513 Α
1886 461 2001 517 qua
2030 444 2088 499 in
2121 445 2324 500 eodem
2357 444 2584 518 psalmo
2618 449 2949 519 subjunxit:
2982 450 3278 508 Deleantur
3305 451 3369 508 de
3390 454 3529 510 libro

126 530 352 601 gesturi.
389 529 504 586 Sed
539 531 600 587 in
636 532 806 588 bonis
854 532 978 604 ipse
1022 532 1156 588 fecit
1186 549 1292 588 sua
1322 532 1509 605 gratia
1538 538 1595 587 ut
1631 534 1768 589 boni

124 622 333 685 essent;
357 618 417 674 in
446 619 629 676 malis
659 638 788 677 vero
820 638 932 676 non
964 621 1089 693 ipse.
1123 622 1255 677 fecit
1284 626 1348 677 ut
1377 625 1572 677 essent
1605 622 1767 688 mali,

126 708 267 779 quod
283 707 466 776 absit;
483 710 590 764 sed
614 714 847 766 tantum
870 711 1157 783 praescivit
1176 728 1274 766 eos
1288 710 1517 783 proprio
1530 711 1766 766 vitiota-

123 796 461 853 lesl‘uturos.
477 798 682 872 Neque
700 799 852 854 enim
878 799 1241 871 praescientia
1262 799 1362 855 Dei
1385 800 1663 872 imposuit
1684 800 1768 857 eis

124 887 523 943 necessitatem
551 892 617 943 ut
638 889 796 943 aliud
829 906 956 944 esse
987 906 1100 944 non
1134 893 1391 962 possent,
1414 890 1511 944 sed
1539 894 1767 945 tantum

125 976 266 1048 quod
300 975 384 1030 illi
422 977 607 1032 futuri
658 982 823 1033 erant
864 994 931 1033 ex
961 978 1198 1051 propria
1225 977 1543 1045 voluntate,
1577 978 1674 1033 ille
1709 982 1770 1033 ut

122 1065 268 1120 Deus
298 1065 568 1136 praevidit
592 1083 660 1121 ex
689 1084 798 1121 sua
826 1067 1213 1138 omnipotenti
1246 1068 1570 1138 majestate.
1606 1067 1769 1122 Unde

121 1154 415 1226 Scriptura
462 1153 1043 1210 incontaminabilcm
1092 1156 1387 1228 justitiam
1437 1157 1565 1226 ejus
1601 1157 1769 1211 nobis

125 1243 447 1310 insinuans,
475 1244 555 1297 ait
586 1244 657 1299 de
689 1243 815 1300 illo:
842 1247 1066 1302 Nemini
1092 1244 1374 1300 mandavit
1401 1247 1569 1316 impie
1588 1262 1766 1315 agere,

118 1342 163 1387 et
193 1334 403 1387 nemini
441 1332 592 1388 dedit
637 1336 878 1405 spatium
919 1334 1197 1406 peccandi.
1231 1335 1391 1397 Quod
1425 1351 1561 1406 ergo
1594 1334 1769 1406 impie

121 1426 295 1493 agunt
324 1421 491 1493 impii
525 1426 581 1477 et
611 1421 820 1494 iniqui,
840 1427 891 1477 et
909 1424 1165 1495 spatium
1199 1423 1481 1495 temporis
1511 1424 1637 1477 vita:
1662 1424 1768 1477 liu-

116 1511 232 1580 jus,
264 1511 419 1580 quod
454 1510 542 1566 eis
573 1511 727 1566 Deus
785 1511 945 1566 dedit
998 1513 1066 1566 ad
1120 1512 1266 1567 bene
1311 1512 1624 1584 agendum,
1657 1512 1768 1583 ipsi

122 1598 456 1655 econtrario
489 1603 835 1655 convertunt
865 1600 935 1656 ad
971 1599 1194 1655 malum
1229 1601 1767 1668 exercendum,non

123 1687 237 1753 Dei,
260 1688 359 1743 sed
383 1688 649 1760 ipsorum
682 1694 772 1743 est
793 1687 984 1761 culpa,
1000 1694 1057 1743 et
1081 1690 1206 1745 ideo
1235 1694 1388 1744 recte
1415 1690 1772 1744 damnantur

122 1776 299 1848 ipsius
321 1777 579 1847 justitia.
608 1777 905 1833 Praescivit
951 1782 1149 1834 autem
1195 1779 1348 1832 idem
1398 1779 1767 1850 omnipotens

122 1865 269 1921 Deus
293 1866 475 1921 etiam
507 1870 783 1922 aeternam
816 1867 1049 1923 illorum
1074 1868 1535 1937 damnationem,
1570 1869 1669 1923 sed
1703 1885 1771 1924 ex

124 1954 319 2013 merito
348 1953 802 2029 ipsorum,quos
834 1955 892 2011 in
925 1957 1160 2029 propria
1192 1956 1417 2013 malitia
1448 1974 1771 2030 persevera-

121 2049 275 2099 turos
306 2043 592 2115 praevidit,
623 2061 738 2100 non
768 2062 837 2101 ex
868 2062 996 2115 sua,
1029 2047 1185 2118 quod
1230 2046 1404 2113 absit,
1438 2046 1766 2117 iniquitate,

122 2133 211 2204 qui
244 2132 387 2187 nihil
416 2134 643 2205 injuste
684 2134 1012 2200 constituit,
1045 2142 1103 2190 et
1131 2137 1231 2206 qui
1260 2135 1440 2190 reddet
1470 2137 1770 2207 unicuique

120 2221 405 2276 secundum
434 2238 601 2294 opera
619 2239 721 2278 sua
753 2227 928 2292 (Rom.
954 2240 1015 2292 ιι,
1039 2224 1116 2295 6),
1143 2223 1197 2277 id
1225 2228 1334 2289 est,
1359 2227 1411 2278 et
1435 2224 1579 2279 bene
1604 2240 1772 2293 argen-

122 2310 270 2365 tibus
292 2310 761 2379 bonaaeterna,et
782 2310 935 2367 male
958 2312 1267 2383 agentibus
1291 2311 1444 2366 mala
1466 2316 1765 2384 perpetua.

123 2399 261 2471 Ergo
292 2400 479 2455 bonos
512 2400 799 2472 praescivit
828 2400 1088 2467 omnino,
1112 2404 1168 2455 et
1189 2417 1291 2471 per
1318 2401 1566 2471 gratiam
1600 2418 1767 2455 suam

124 2487 298 2542 bonos
321 2488 573 2555 futuros,
596 2493 652 2544 et
680 2506 784 2561 per
812 2489 1077 2545 eamdem
1110 2489 1359 2562 gratiam
1391 2494 1605 2544 aeterna
1626 2507 1770 2561 prae-

125 2577 231 2631 mia
260 2581 626 2649 accepturos,
664 2577 721 2631 id
754 2582 862 2639 est.
898 2583 955 2632 et
984 2578 1041 2633 in
1074 2578 1343 2649 praesenti
1382 2577 1593 2633 sarculo
1626 2578 1772 2631 bene

122 2665 388 2734 victuros,
408 2670 467 2722 et
489 2666 547 2720 in
573 2667 769 2722 futuro
794 2666 1032 2722 feliciter
1056 2666 1534 2731 remunerandos,
1552 2671 1772 2720 utrum-

128 2771 230 2826 que
259 2760 457 2811 tameu
507 2772 576 2811 ex
615 2755 767 2811 dono
816 2755 1223 2812 misericordiae
1268 2756 1389 2811 Dei.
1426 2755 1587 2811 Unde
1615 2758 1771 2827 Apo-

128 2842 351 2898 stolus:
393 2848 541 2899 Vasa
582 2844 976 2899 misericordiae
1021 2845 1149 2915 ejus
1196 2843 1469 2915 appellat,
1519 2844 1718 2899 dicens
1754 2860 1765 2897 :

124 2940 177 2986 ut
192 2932 486 2987 ostenderet
503 2932 727 2987 divitias
754 2934 955 3002 gratia:
982 2948 1100 2989 suae
1124 2935 1181 2987 in
1205 2949 1335 2987 vasa.
1352 2933 1766 2999 misericordim,

124 3036 239 3091 qua?
264 3023 610 3093 praeparavit
640 3023 697 3076 in
730 3022 968 3091 gloriam
1000 3024 1174 3091 (Rom.
1212 3038 1284 3087 IX,
1318 3022 1428 3092 23).
1463 3022 1502 3076 E
1535 3024 1768 3077 contra-

129 3110 433 3177 rioautem,
454 3110 643 3166 malos
665 3115 720 3166 et
735 3110 1024 3182 praescivit
1046 3128 1148 3182 per
1162 3111 1458 3182 propriam
1482 3110 1768 3165 malitiam

1880 536 2194 600 viventium,
2228 544 2278 589 et
2322 551 2445 589 cum
2487 538 2655 607 justis
2702 555 2813 593 non
2857 540 3171 595 scribant-ur
3202 541 3381 610 (Ibid,
3414 544 3524 611 29).

1878 622 1987 677 Sed
2018 622 2076 677 in
2117 622 2242 678 istis
2274 627 2330 678 et
2361 623 2419 678 in
2451 625 2730 681 omnibus
2783 626 3003 699 iniquis
3050 627 3197 684 illud
3247 629 3410 701 prius
3462 649 3530 687 ex

1878 712 2112 783 propria
2141 715 2229 767 est
2251 712 2725 784 pravitate,istud
2756 733 3010 788 sequens
3041 734 3107 773 ex
3130 717 3327 773 divina
3349 718 3527 791 aequi-

1877 804 2013 856 tate.
2050 801 2165 856 Hoc
2197 802 2371 857 modo
2403 807 2461 858 et
2490 804 2560 858 de
2591 805 3097 875 praedestinatione
3155 807 3253 862 Dei
3288 808 3528 864 omnino

1878 890 2250 945 sentiendum
2301 896 2410 955 est,
2447 892 2587 964 quia
2634 893 2694 947 in
2756 894 2926 949 bonis
2988 896 3441 968 praedestinavit,
3475 901 3531 952 et

1875 977 2067 1051 ipsam
2115 996 2317 1035 eorum
2369 981 2691 1037 bonitatem
2744 984 3000 1039 futuram
3048 1001 3115 1040 ex
3147 986 3297 1041 dono
3332 986 3529 1058 gratiae

1879 1086 2017 1135 suae,
2044 1073 2101 1122 et
2119 1086 2221 1139 pro
2244 1071 2445 1124 eadem
2470 1071 2726 1126 bonitate
2749 1077 3021 1127 aeternam
3056 1074 3317 1145 ipsorum
3346 1091 3533 1131 remu-

1878 1157 2262 1223 nerationem,
2281 1162 2343 1211 ut
2368 1158 2555 1228 ipsius
2581 1160 2731 1213 dono
2765 1160 2969 1215 tierent
3001 1161 3155 1229 boni,
3175 1161 3360 1234 ipsius
3380 1164 3530 1218 dono

1877 1250 2072 1301 essent
2104 1247 2480 1301 remunerati.
2514 1246 2675 1303 Unde
2709 1248 2790 1303 ait
2822 1249 3157 1320 Apostolus:
3193 1252 3299 1318 Qui
3324 1252 3531 1322 praede-

1876 1337 2102 1389 stinavit
2130 1352 2225 1389 nos
2259 1337 2312 1389 in
2346 1336 2687 1407 adoptionem
2719 1338 2965 1407 ﬁliorum
3013 1355 3111 1409 per
3156 1340 3339 1395 Iesum
3370 1340 3531 1395 Chri-

1876 1431 2020 1478 stum
2050 1426 2106 1477 in
2142 1426 2319 1495 ipsum
2352 1426 2565 1496 (Ep/aes.
2601 1444 2635 1493 ι,
2669 1426 2743 1497 5).
2786 1427 2855 1480 Et
2904 1427 2960 1481 in
3009 1426 3121 1482 alio
3169 1427 3294 1483 loco
3324 1445 3336 1481 :
3386 1433 3533 1498 Quos

1873 1516 2155 1584 praesciuit
2182 1522 2233 1568 et
2271 1514 2685 1585 przzrdestinavit
2740 1517 3039 1586 conformes
3096 1517 3222 1586 ﬁeri
3268 1517 3534 1585 imaginis

1876 1603 2015 1657 Filii
2046 1604 2137 1657 sui
2165 1607 2337 1673 (Rom.
2372 1621 2490 1671 vui,
2522 1604 2634 1674 '29).
2671 1603 3107 1659 Praedestinavit
3160 1605 3358 1677 itaque
3414 1603 3531 1660 ele-

1878 1696 2001 1744 ctos
2035 1708 2195 1755 suos,
2229 1695 2293 1745 ut
2326 1696 2383 1746 et
2414 1708 2570 1746 nunc
2594 1698 3037 1748 assumerentur
3066 1693 3125 1748 in
3154 1693 3531 1766 adoptionem

1882 1780 2134 1835 ﬁliorum
2169 1779 2266 1834 Dei
2300 1796 2401 1851 per
2431 1781 2675 1853 gratiam
2711 1780 3009 1852 baptismi,
3036 1782 3171 1836 etin
3196 1782 3391 1837 futuro
3414 1782 3534 1839 efﬁ-

1883 1869 2115 1925 c’antur
2144 1871 2473 1924 eonf‘ormcs
2512 1869 2787 1942 imaginis
2821 1870 2946 1924 Filii
2985 1871 3099 1937 Dei,
3133 1885 3235 1942 per
3266 1871 3532 1929 eamdem

1879 1958 1976 2013 Dei
2010 1960 2259 2031 gratiam
2310 1960 2637 2014 secundum
2676 1958 2993 2029 imaginem
3025 1961 3152 2031 ejus
3185 1958 3445 2015 renovati
3477 1964 3534 2015 et

1879 2046 2207 2117 glorificati.
2244 2046 2678 2102 Praedestinavit
2726 2047 2966 2101 omnino
3015 2051 3080 2101 ut
3117 2051 3174 2102 et
3213 2046 3308 2102 hic
3338 2050 3535 2102 essent

1880 2135 2037 2201 boni,
2065 2153 2177 2189 non
2197 2153 2264 2188 ex
2283 2152 2362 2200 se,
2381 2135 2479 2189 sed
2505 2151 2572 2189 ex
2605 2133 2733 2201 illo;
2768 2140 2824 2189 et
2846 2134 2963 2190 illic
2995 2135 3146 2190 beati
3177 2152 3291 2190 non
3317 2152 3419 2207 per
3447 2152 3530 2200 se,

1881 2225 1979 2277 sed
2017 2241 2118 2294 per
2145 2223 2332 2277 illum.
2355 2226 2414 2278 ln
2450 2228 2698 2295 utroque
2730 2240 2865 2296 ergo
2894 2224 3045 2279 bona
3068 2241 3174 2279 sua
3203 2224 3261 2278 in
3287 2224 3370 2279 eis
3388 2229 3445 2279 et
3463 2224 3534 2279 de

1880 2313 1962 2367 eis
1980 2314 2175 2367 futura
2197 2311 2485 2383 praescivit
2502 2317 2557 2367 et
2575 2312 3023 2383 praedestinavit.
3050 2312 3110 2367 In
3138 2311 3311 2367 malis
3329 2328 3461 2367 vero
3478 2318 3535 2367 et

1881 2402 2079 2472 impiis
2104 2418 2214 2455 non
2242 2401 3056 2473 praedestinavitomuipotens
3071 2401 3226 2456 Deus
3249 2400 3531 2456 malitiam

1881 2498 1936 2544 ct
1957 2490 2340 2562 impietatem,
2366 2490 2422 2543 id
2440 2494 2529 2545 est
2548 2494 2611 2544 ut
2632 2489 2769 2544 mali
2791 2494 2849 2544 et
2870 2490 3034 2561 impii
3058 2495 3273 2559 essent,
3298 2495 3355 2545 et
3372 2488 3532 2544 aliud

1880 2596 2006 2634 esse
2053 2596 2167 2633 non
2220 2585 2476 2650 possent.
2531 2579 2641 2632 Sed
2696 2595 2843 2649 quos
2886 2577 3172 2650 praeseivit
3214 2578 3348 2644 food.
3381 2581 3529 2645 Ηθν..

1881 2669 1981 2723 sed
2005 2669 2141 2739 quia
2172 2686 2268 2723 eos
2292 2667 2594 2739 pI-anscivit]
2621 2671 2675 2723 et
2700 2667 3131 2739 praedestinavit
3154 2667 3337 2724 malos
3359 2672 3534 2739 atque

1880 2758 2093 2829 impios
2126 2758 2354 2811 futuros
2383 2756 2617 2827 proprio
2648 2755 2804 2822 vitio,
2832 2757 2953 2826 ipse
2974 2772 3073 2810 eos
3102 2756 3536 2827 praedestinavit

1881 2846 1951 2900 ad
1986 2852 2259 2899 aeternam
2293 2845 2731 2898 damnationem
2756 2845 2919 2914 justo
2943 2844 3204 2915 judicio:
3242 2862 3357 2899 non
3390 2845 3537 2917 quia

1881 2933 2038 2988 aliud
2072 2950 2198 2987 esse
2229 2950 2344 2987 non
2376 2932 2826 3003 potuerunt,sed
2847 2932 2985 3003 quia
3007 2931 3162 2986 aliud
3188 2949 3314 2988 esse
3336 2933 3532 2989 nolue-

1884 3026 2035 3077 runt.
2058 3021 2169 3092 ipsi
2199 3021 2377 3093 igitur
2406 3020 2793 3093 sibimetipsis
2824 3019 3174 3077 exstiterunt
3206 3037 3383 3079 causa
3406 3038 3532 3094 per-

1882 3111 2139 3165 ditionis.
2157 3111 2309 3165 Deus
2329 3110 2931 3181 autemjudexjustus
2948 3115 3003 3165 et
3023 3110 3530 3181 ordinatorjustus

124 3199 297 3254 malos
317 3200 633 3265 futuros,et
647 3200 933 3272 praescivit
947 3218 1049 3272 per
1063 3200 1537 3270 suamjustitiam
1554 3205 1769 3256 aeterna
1798 3191 1840 3256 C
1879 3201 2066 3272 ipsius
2088 3198 2481 3253 damnationis
2499 3216 2512 3253 :
2530 3216 2641 3253 non
2661 3199 2817 3253 enim
2842 3198 3270 3270 praedestinavit
3286 3199 3527 3270 injusta,

124 3286 332 3343 ultione
363 3288 758 3344 damnandos.
794 3288 953 3344 Sicut
986 3288 1327 3361 praesciebat
1356 3289 1427 3344 de
1457 3288 1608 3344 Juda
1639 3305 1769 3360 pro-

122 3375 316 3444 ditore,
348 3376 497 3449 quod
526 3393 649 3433 eum
683 3384 818 3433 esset
849 3376 1173 3444 traditurus,
1210 3376 1365 3433 sicut
1392 3376 1770 3450 Evangelium

124 3464 273 3532 dicit,
321 3481 454 3520 eum
500 3475 635 3522 esset
692 3483 835 3521 unus
891 3484 961 3522 ea:
1006 3466 1286 3522 duodecim
1345 3466 1514 3539 (Joan.
1546 3484 1623 3537 va,
1654 3467 1766 3537 72).

122 3552 460 3610 Praesciebat
489 3555 662 3610 etiam
696 3562 973 3611 aeternam
1006 3556 1133 3626 ejus
1163 3556 1600 3610 damnationem
1634 3572 1769 3610 cum

122 3642 325 3699 diceret
357 3660 371 3698 :
414 3644 507 3701 Vae
529 3652 713 3700 autem
740 3645 953 3699 homini
982 3645 1071 3699 illi
1096 3661 1196 3716 per
1242 3660 1402 3715 quem
1431 3646 1605 3699 Filius
1654 3653 1768 3699 tra-

122 3731 283 3788 detur.
316 3738 540 3788 Bonum
584 3742 703 3790 erat
739 3720 803 3789 ei.
836 3735 888 3789 si
932 3742 1097 3789 natus
1134 3749 1240 3789 non
1272 3735 1463 3805 fuisset
1491 3734 1642 3789 homo
1674 3735 1770 3789 ille

124 3819 291 3891 (Marc.
314 3839 432 3887 xw,
456 3822 572 3893 21).
606 3822 700 3877 Sic
729 3825 787 3877 et
817 3822 888 3877 de
916 3821 1115 3894 impiis
1158 3822 1379 3877 Judaeis
1428 3822 1769 3894 praesciobat

125 3909 237 3964 sine
256 3909 441 3965 dubio
472 3927 676 3966 eorum
709 3910 1071 3984 impietatem
1095 3911 1374 3974 futuram,
1394 3912 1465 3965 de
1487 3929 1603 3983 qua
1624 3929 1765 3983 prae-

125 3997 259 4053 dixit
284 3998 344 4053 in
377 3998 611 4071 psalmo
646 4016 658 4053 :
693 4000 968 4056 Dederunt
1000 4002 1056 4055 in
1088 4016 1263 4054 escam
1292 4016 1471 4055 meam
1499 3999 1599 4069 fel,
1632 4001 1767 4055 etin

125 4088 211 4141 :iti
237 4104 352 4143 mea
378 4096 710 4161 potaverunt
757 4104 840 4144 me
885 4097 1029 4145 aceto
1075 4088 1184 4160 (Ps.
1222 4103 1409 4157 vam,
1460 4092 1571 4156 22).
1619 4089 1763 4142 Prae-

128 4175 333 4233 sciebat
353 4180 413 4232 et
434 4177 899 4250 subsequentem
928 4177 1190 4250 ipsorum
1214 4176 1673 4243 damnationem,
1696 4177 1767 4232 de

129 4287 422 4338 mutuante
438 4282 750 4339 Heribeldo
766 4283 1663 4355 quondamAntissiodorensium
1679 4300 1768 4338 ve-

129 4355 356 4436 perabili
380 4356 661 4436 episcopo
683 4355 742 4409 in
766 4355 1025 4436 synodali
1060 4360 1343 4436 conventu
1379 4357 1530 4436 apud
1569 4355 1768 4436 Bon‘oi-

132 4422 237 4498 tum
255 4422 768 4498 transcripsimus,
783 4422 985 4497 etpost
1008 4427 1393 4498 reversionem
1417 4422 1487 4481 de
1509 4426 1765 4481 tumultu

133 4494 444 4569 Brioneusi,
470 4494 726 4569 quodam
753 4494 1028 4554 offerente
1050 4497 1277 4554 clerico.
1302 4514 1368 4552 ex
1389 4498 1603 4569 scrinio
1626 4498 1766 4552 Ebo-

1881 3290 1979 3344 sed
1996 3291 2189 3360 justa;
2217 3288 2649 3359 praedestinavit
2678 3293 2874 3342 tamen
2908 3292 2965 3343 et
2994 3304 3237 3343 coronas
3259 3288 3441 3359 justis
3473 3293 3532 3344 et

1878 3396 2081 3450 pcenas
2123 3377 2382 3448 injustis,
2415 3377 2555 3449 quia
2601 3381 2918 3448 utrumque
2948 3381 3037 3433 est
3057 3376 3307 3448 justum.
3342 3377 3527 3440 Quam

1868 3468 2165 3539 justitiam
2199 3467 2328 3536 ejus
2362 3466 2782 3521 commendans
2814 3466 2985 3522 nobis
3030 3465 3362 3538 Apostolus.
3395 3466 3477 3521 ait
3509 3482 3521 3521 :

1876 3556 2135 3627 Nunquid
2175 3557 2398 3625 iniquus
2449 3560 2588 3610 Deus
2618 3557 2717 3625 qui
2744 3556 2910 3625 infert
2940 3557 3080 3610 iram
3105 3559 3133 3609 ?
3162 3555 3312 3609 Absit
3338 3556 3367 3626 (
3374 3556 3523 3610 Rom.

1876 3662 1961 3709 Ill,
1983 3645 2056 3715 5).
2082 3645 2149 3699 Et
2172 3643 2310 3716 quia
2334 3644 2505 3698 modo
2537 3643 2815 3698 omnibus
2846 3646 3132 3715 praerogat
3160 3644 3522 3714 patientiam,

1877 3737 1940 3789 ut
1970 3736 2379 3789 convertantur
2409 3732 2479 3787 ad
2512 3732 2917 3804 paenitentiam
2949 3748 2960 3787 :
2996 3737 3051 3787 et
3105 3733 3204 3804 qui
3261 3738 3524 3805 pereunt,

1875 3840 1981 3880 suo
2004 3826 2341 3893 contemptu
2361 3821 2645 3876 etduritia
2664 3825 2934 3892 pereunt;
2961 3821 3102 3892 quia
3122 3825 3346 3877 tantam
3372 3821 3529 3878 boni-

1877 3913 2055 3965 tatem
2090 3908 2189 3963 Dei
2220 3915 2719 3980 contempserunt,
2753 3910 2965 3963 iterum
3016 3908 3129 3963 alio
3179 3909 3304 3965 loco
3334 3909 3477 3965 dicit
3511 3927 3523 3965 :

1874 4004 1956 4055 An
1970 3999 2193 4052 divitias
2226 3999 2478 4052 bonitatis
2507 4004 2557 4052 et
2580 3998 3528 4069 patientiae,etlonganimitatisejus

1872 4088 2193 4153 contemnis,
2218 4088 2479 4155 ignorans
2508 4088 2769 4157 quoniam
2800 4087 3109 4154 benignitas
3137 4087 3235 4141 Dei
3262 4085 3332 4140 ad
3357 4088 3530 4158 paeni-

1873 4178 2103 4234 tentiam
2136 4182 2185 4229 te
2214 4175 2477 4231 adducit?
2506 4175 2811 4230 Secundum
2858 4175 3122 4230 duritiam
3164 4183 3346 4230 autem
3376 4183 3529 4230 tuam

1864 4287 2015 4356 justo
2037 4281 2250 4356 judicio
2275 4298 2288 4347 ;
2317 4282 2371 4335 in
2408 4279 2507 4356 illa
2535 4280 2723 4335 rotula
2745 4280 3037 4356 scriptum
3069 4281 3319 4337 habetur
3348 4298 3525 4356 quam

1874 4358 1945 4411 de
1975 4352 2287 4408 Ileribolalo
2320 4353 2651 4423 accepimus
2686 4370 2698 4407 :
2730 4353 2832 4407 Sed
2876 4352 3011 4424 quia
3055 4369 3145 4408 eos
3170 4352 3452 4424 praesciuit
3478 4361 3531 4409 et

1869 4426 2131 4499 praecidit
2157 4426 2329 4479 malos
2370 4434 2542 4499 atque
2590 4426 2782 4499 impios
2828 4427 3043 4499 futuros
3078 4426 3313 4499 proprio
3364 4427 3524 4489 vitio,

1873 4496 2287 4571 pra’destinavit
2314 4496 2382 4571 ad
2410 4504 2676 4571 ademtam
2703 4496 3130 4571 damnationem,
3152 4512 3261 4571 qua
3294 4498 3402 4571 ipsi
3425 4514 3527 4567 pu-

130 4566 229 4641 nis.
260 4569 412 4641 sicut
435 4561 569 4641 ipse
600 4569 841 4637 dixerat,
870 4569 1219 4641 venerabilis
1246 4568 1763 4641 Gratianopolitani
1797 4561 1841 4623 D
1872 4561 2130 4626 iiirentur
2150 4570 2297 4639 justo
2318 4568 2549 4641 judicio.
2584 4567 2655 4641 Et
2706 4568 2762 4621 in
2822 4584 2888 4622 eo
2939 4566 3064 4641 loco
3108 4561 3207 4641 ubi
3242 4561 3523 4641 scriptum

132 4637 367 4721 episcopi
400 4637 758 4721 accepimus.
794 4641 1082 4721 integram
1126 4640 1220 4721 hic
1263 4656 1475 4711 ponere
1519 4637 1762 4721 dignum

132 4708 412 4774 duximus,
445 4708 590 4774 quia
616 4716 674 4766 et
703 4708 1134 4767 constructione
1165 4717 1221 4766 et
1262 4708 1472 4766 sensus
1527 4708 1766 4766 veritate

131 4787 279 4853 caute
309 4782 552 4847 incedit,
572 4782 826 4853 exceptis
857 4783 1088 4838 duobus
1117 4783 1357 4845 locis.in
1387 4782 1603 4853 quibus
1633 4800 1763 4837 eum

131 4848 199 4904 ita
219 4851 432 4909 dixisse
456 4871 574 4909 non
604 4848 919 4919 credimus,
946 4855 1099 4909 sicut
1121 4854 1177 4908 in
1201 4870 1266 4909 eo
1299 4848 1517 4924 scripto
1546 4854 1766 4909 inveni-
1816 4868 1819 4877 λ

133 4937 463 4996 mus,quem
484 4926 556 4980 de
578 4925 795 4979 scrinio
813 4924 1157 4996 venerabilis
1172 4923 1388 4979 Ebonis
1410 4923 1762 4996 accepimus,

131 5007 247 5068 cum
268 4995 327 5050 in
351 4995 591 5068 aliissic
614 4996 893 5068 catholice
914 4995 1142 5063 dixerit,
1172 4996 1324 5050 sicut
1341 4995 1561 5067 patebit
1580 4995 1768 5068 legen-

130 5064 272 5121 tibus
304 5083 317 5121 :
351 5067 612 5139 maxime
658 5067 813 5139 quia,
840 5068 899 5139 in
950 5068 1154 5123 eodem
1186 5064 1767 5139 scripto,rquem'per

132 5138 566 5219 manusprmt‘ati
587 5137 880 5219 Heriboldi
899 5139 1051 5219 sicut
1072 5139 1225 5219 ad_se
1249 5156 1282 5193 a
1302 5137 1574 5219 praedicto
1600 5137 1765 5193 Floro

132 5209 535 5282 transmissum
568 5210 923 5282 accepimus,
955 5209 1124 5265 aliter
1151 5209 1566 5282 invenerimus,
1586 5226 1762 5282 quam

142 5276 188 5330 in
207 5277 313 5353 isto
346 5297 523 5352 quem
560 5276 769 5353 postea
789 5276 1120 5353 accepimus
1150 5281 1530 5353 reperiamus.
1552 5276 1673 5345 Qua
1696 5281 1766 5335 de

138 5363 186 5401 re
204 5349 579 5406 immutatum
606 5352 679 5407 ab
699 5352 895 5424 aliquo
916 5349 1454 5424 suspicamurﬁuae
1471 5351 1597 5406 loca
1609 5358 1766 5424 ante-

134 5434 289 5493 quam
312 5439 650 5478 sermonem
672 5422 840 5478 illum
868 5422 1123 5478 scribere
1152 5422 1487 5478 adoriamur
1506 5422 1766 5493 speciali-

130 5492 520 5565 terdesignare
534 5493 1008 5553 curabimus.Ubi
1021 5494 1176 5553 enim
1188 5494 1357 5549 dicit:
1373 5493 1474 5549 Sed
1486 5492 1615 5564 quos
1623 5508 1767 5565 pra)-

129 5563 299 5640 εςιξίιξὶι,⁸
319 5575 371 5623 et
391 5567 862 5640 prwt'idit_malos
891 5574 1050 5640 atque
1081 5567 1276 5638 impios
1303 5563 1518 5640 futuros
1541 5563 1764 5640 proprio

130 5635 500 5715 vitio,tpse'cos
523 5636 939 5715 praedestinavit
961 5635 1039 5697 'ad
1065 5635 1332 5698 sternam
1359 5635 1766 5697 damnationem

1876 4647 1964 4698 est
1997 4658 2008 4695 :
2045 4645 2157 4697 Non
2196 4642 2342 4693 enim
2395 4639 2488 4692 ille
2538 4639 2778 4709 aliquem
2820 4639 3228 4709 prardcstinavit
3256 4646 3317 4692 ut
3343 4639 3525 4692 malus

1874 4722 2028 4781 esset,
2062 4711 2152 4770 sed
2182 4727 2302 4765 rere
2328 4726 2540 4781 omnem
2567 4710 2776 4781 malum
2802 4710 3235 4781 praedestimwit,
3267 4718 3329 4763 ut
3352 4710 3525 4779 impu-

1874 4780 2023 4841 nitus
2054 4798 2157 4840 non
2191 4789 2366 4847 esset;
2398 4780 2727 4835 invenimus
2760 4781 2816 4834 in
2863 4780 3072 4845 rotula,
3106 4796 3283 4850 quam
3317 4795 3349 4833 a
3377 4796 3522 4849 prae-

1878 4857 2031 4911 dicto
2066 4853 2373 4913 Herilioldo
2405 4852 2738 4921 accepimus
2771 4868 2783 4904 :
2817 4851 2919 4905 Sed
2948 4866 3068 4905 vere
3111 4849 3525 4921 praedestinavit

1871 4945 2107 4999 plenam,
2142 4926 2433 4999 uthemnis
2484 4920 2664 4999 malus
2704 4923 3006 4999 impunitus
3036 4920 3145 4975 non
3171 4928 3321 4974 esset.
3357 4920 3519 4983 Quod

1876 4991 1933 5053 in
1970 4991 2351 5071 sequentibus
2384 4994 2508 5071 ipse
2539 4991 3126 5071 demonstratdicenis
3151 5006 3409 5071 :Jpa’nam
3437 5007 3521 5071 eo-

1874 5087 1998 5125 rum
2016 5062 2379 5142 etpra35eisse,
2406 5062 2721 5142 quidqu
2748 5070 2917 5142 est.let
2944 5062 3521 5142 praedestinassequia

1866 5142 2053 5212 justus
2078 5132 2183 5212 'est.
2217 5132 2433 5212 Caetera
2459 5133 2725 5212 catholici
2757 5132 2989 5189 lectoris
3011 5132 3518 5212 judicioderelin-

1876 5204 2262 5284 quinius.Sed
2286 5206 2501 5284 idcirco
2531 5205 2685 5284 hunc
2717 5219 3044 5284 sermonem
3077 5220 3145 5259 ex
3175 5204 3401 5284 integro
3426 5221 3519 5284 p_o-

1874 5274 2009 5338 nere
2041 5278 2434 5337 necessarium
2470 5275 2766 5339 duximus,
2802 5274 2939 5344 quia
2968 5292 3034 5330 ex
3064 5292 3130 5330 eo
3165 5274 3517 5331 confictorin

1875 5355 2135 5425 proximo
2161 5344 3232 5425 subsequendam_capitulorum_duo
3263 5345 3519 5425 capitula

1875 5416 1945 5480 de
1970 5418 2338 5479 Praescientia
2359 5416 2414 5469 et
2429 5416 2939 5489 Praedestinatione
2963 5420 3204 5473 confuso
3226 5422 3284 5472 et
3303 5416 3520 5489 praepo-

1874 5501 2028 5551 stero
2042 5493 2262 5554 ordine,
2283 5504 2347 5560 ac
2362 5502 2535 5560 sensu
2549 5486 2887 5560 falsissimo,
2902 5488 2960 5543 in
2983 5489 3239 5560 secundo
3260 5486 3516 5560 capitulo

1874 5565 2100 5639 studuit
2119 5555 2609 5639 compilare,sicut
2626 5557 2724 5634 qui
2744 5557 2901 5617 hunc
2922 5559 3090 5618 etilla
3107 5558 3310 5639 legerit
3321 5555 3518 5637 aperte

1871 5635 2176 5713 intelliget.
2214 5653 2235 5682 ι
