3896 6208
126 332 248 393 1Ο9

1106 334 1339 394 LIBER
1383 332 1798 395 ADVERSUS
1840 329 2215 395 JOANNEM
2258 330 2596 394 SCOTUM.

3443 339 3559 397 HO

121 465 420 538 sapientia
467 470 527 523 et
554 465 793 534 veritas,
822 465 904 523 ita
930 465 1052 523 sint
1097 466 1157 520 in
1207 469 1344 532 Duo,
1403 471 1467 521 ut
1524 464 1789 521 absolute
1816 462 1875 532 Α
1903 469 1961 520 et
1992 464 2204 520 usitate
2236 465 2463 520 dicatur
2490 480 2617 520 esse
2647 464 3073 536 praascicntiam
3096 470 3152 521 ct
3180 468 3557 539 praedestina-

120 554 444 611 ostendant
474 560 753 612 naturam
785 555 918 623 Dei,
953 555 1054 626 qui
1085 559 1174 611 est
1215 571 1454 611 summa
1501 553 1793 622 voluntas,

120 660 364 700 summa
378 643 674 717 sapientia
693 649 751 701 et
764 644 998 711 veritas,
1015 660 1251 699 omnem
1284 643 1509 699 habens
1539 647 1794 715 potesta-

119 736 268 800 tem,
287 748 525 789 omnem
543 749 904 806 exsuperans
928 731 1308 796 intellectum,
1324 735 1383 787 et
1399 747 1577 803 super
1596 731 1794 787 omnia

121 820 639 878 incommutabilis
656 837 922 889 manens,
941 820 1254 877 manifesta
1264 824 1355 877 est
1375 820 1476 876 Dei
1494 819 1714 892 regula,
1729 824 1795 875 ut

120 908 602 966 substantialiter
629 911 701 966 de
725 910 841 966 Deo
862 909 974 965 dici
993 908 1420 983 intelligantur.
1446 912 1524 966 De
1547 909 1794 965 scientia

119 1015 363 1071 quoque
406 997 791 1056 manifestum
835 1002 925 1055 est
974 999 1113 1070 quia
1143 998 1204 1054 in
1235 998 1353 1054 Deo
1403 997 1794 1054 essentialiter

120 1086 304 1144 debet
331 1086 616 1160 intelligi,
648 1086 789 1159 quia
817 1104 933 1144 non
963 1092 1053 1143 est
1082 1086 1166 1142 illi
1198 1085 1357 1142 aliud
1391 1103 1519 1144 esse
1547 1091 1604 1142 et
1631 1086 1790 1143 aliud

120 1176 315 1245 scire;
338 1176 443 1232 sed
475 1177 631 1248 quod
661 1175 748 1232 illi
773 1180 863 1233 est
891 1192 1054 1244 esse,
1085 1176 1192 1232 hoc
1225 1175 1529 1231 scireznec
1556 1174 1715 1231 aliud
1735 1176 1789 1231 ei

120 1264 345 1321 habere
370 1264 676 1321 scientiam
694 1307 707 1333 ,
734 1263 849 1322 nisi
880 1264 1078 1337 ipsum
1107 1281 1236 1321 esse
1268 1262 1572 1321 scientiam
1598 1281 1610 1319 :
1636 1264 1791 1320 sicut

118 1352 391 1427 idipsum
421 1358 513 1409 est
527 1353 579 1409 ei
612 1353 976 1426 sapientiaem
1006 1353 1243 1421 habere,
1260 1354 1415 1426 quod
1438 1352 1787 1426 sapientiam

117 1458 279 1498 esse.
313 1441 521 1499 Utrum
543 1458 676 1498 vero
706 1440 860 1499 sicut
888 1441 1104 1498 dicitur
1138 1446 1290 1497 Deus
1321 1441 1791 1499 substantialiter

118 1531 395 1599 scientia,
429 1530 514 1587 ita
554 1532 732 1587 etiam
772 1530 1242 1587 substantialiter
1280 1530 1395 1587 dici
1427 1531 1614 1603 possit
1641 1548 1787 1603 prte-

118 1618 628 1691 scientia,judicet
649 1620 975 1676 secundum
990 1620 1272 1677 rationem
1288 1623 1346 1676 et
1366 1618 1630 1692 regulam
1654 1619 1787 1675 ﬁdei

120 1706 227 1779 qui
250 1711 471 1780 potest;
498 1707 666 1763 nobis
678 1712 877 1764 tamen
909 1707 1139 1763 videtur
1161 1708 1318 1779 quod
1337 1707 1489 1763 sicut
1510 1708 1789 1764 veraciter

118 1795 344 1852 dicitur
373 1796 444 1851 de
466 1795 582 1852 Deo
606 1795 764 1851 :Non
783 1801 873 1852 est
889 1795 1048 1851 aliud
1074 1795 1157 1851 illi
1187 1812 1317 1852 esse
1348 1800 1404 1852 et
1432 1795 1590 1851 aliud
1617 1796 1784 1864 scire,

121 1901 244 1941 non
276 1884 362 1941 ita
391 1884 701 1957 possitdici
715 1885 787 1941 de
816 1884 916 1940 illo
947 1884 1059 1940 nisi
1084 1884 1169 1940 vel
1187 1885 1572 1953 mendaciter,
1593 1884 1677 1941 vel
1700 1886 1785 1940 ni-

124 1973 245 2028 mis
279 1973 523 2030 usitate:
543 1972 667 2030 Non
689 1979 779 2030 est
808 1972 966 2029 aliud
999 1973 1085 2029 illi
1101 1990 1230 2031 esse
1246 1973 1472 2030 etaliud
1497 1974 1785 2046 praescire.

116 2063 289 2128 Quod
320 2062 477 2119 enim
507 2066 660 2119 recte
687 2067 744 2119 et
776 2063 989 2119 usitate
1018 2062 1206 2136 possit
1235 2062 1380 2119 dici:
1416 2062 1569 2119 Deus
1601 2063 1788 2119 scien-

116 2152 207 2207 tia
228 2155 341 2220 est,
365 2149 518 2207 sicut
543 2155 694 2208 recte
715 2155 771 2207 et
800 2152 1011 2208 usitate
1028 2152 1278 2208 dicitur:
1318 2153 1467 2208 Deus
1501 2151 1790 2224 sapientia

113 2245 232 2307 est,
256 2239 408 2296 nulli
438 2243 528 2297 est
547 2240 817 2297 dubium.
852 2240 925 2297 Ut
951 2245 1146 2297 autem
1169 2241 1427 2297 dicatur:
1456 2244 1608 2297 Deus
1637 2258 1787 2313 pra:-

118 2329 376 2386 scientia
405 2334 515 2397 est,
545 2330 842 2403 sicutjam
868 2330 1144 2397 diximus,
1164 2334 1267 2386 aut
1291 2347 1406 2385 non
1440 2334 1529 2386 est
1562 2346 1786 2396 verum,

120 2422 233 2475 aut
264 2417 448 2475 nimis
478 2418 847 2475 inusitatum.

191 2507 420 2564 Similis
441 2507 589 2564 ratio
619 2516 703 2564 est
732 2507 823 2564 vel
843 2506 1020 2593 etiam
1046 2507 1249 2564 durior
1272 2508 1342 2564 de
1371 2524 1437 2564 eo
1466 2508 1621 2580 quod
1645 2508 1785 2564 deﬁ-

118 2596 294 2664 nivit,
323 2599 457 2670 quia
475 2598 617 2654 Deus
643 2597 1086 2653 substantialiter
1096 2596 1509 2669 prwdestinatio
1528 2604 1623 2653 est.
1645 2597 1786 2663 Quis

117 2685 288 2741 enim
322 2702 588 2759 unquam
612 2686 686 2741 de
715 2685 831 2742 Deo
863 2684 978 2741 dici
1010 2685 1231 2742 audivit
1258 2687 1414 2758 quod
1446 2703 1561 2741 non
1592 2686 1668 2742 sit
1700 2685 1785 2741 illi

117 2773 285 2831 aliud
312 2791 465 2844 esse,
483 2780 539 2831 et
568 2774 727 2831 aliud
761 2774 1207 2847 praedestinare;
1241 2775 1343 2831 sed
1375 2775 1531 2847 quod
1565 2775 1781 2848 praede-

116 2862 368 2931 stinare,
403 2863 514 2920 hoc
543 2880 700 2929 esse,
729 2862 881 2919 sicut
906 2880 1037 2919 vere
1068 2864 1139 2919 de
1164 2878 1230 2919 eo
1262 2863 1513 2919 dicitur:
1543 2864 1668 2918 Non
1695 2867 1785 2920 est

116 2951 203 3008 illi
224 2951 387 3008 aliud
412 2968 541 3009 esse
571 2958 629 3009 et
659 2951 818 3010 aliud
849 2968 965 3008 non
995 2968 1157 3020 esse;
1191 2952 1291 3009 sed
1315 2953 1471 3024 quod
1493 2970 1650 3019 esse,
1672 2953 1781 3009 hoc

115 3058 319 3098 nosse.
358 3041 432 3098 Ut
459 3041 636 3098 etiam
664 3042 775 3098 hoc
804 3041 1142 3098 istiusmodi
1179 3057 1386 3096 vocum
1429 3040 1781 3098 novitatibus

111 3129 317 3186 dicere
354 3129 798 3203 compellamur,
831 3129 971 3202 quia
1013 3129 1166 3185 sicut
1199 3130 1349 3185 Deus
1398 3129 1645 3186 scientia
1669 3134 1776 3199 est,

1904 553 2126 609 tionem
2156 554 2280 624 Dei,
2313 553 2466 609 sicut
2495 552 2759 608 omnium
2787 554 3102 610 conditoris
3133 559 3190 611 et
3212 557 3452 628 judicis,
3487 559 3558 614 ad

1905 658 2081 713 opera
2111 659 2221 697 sua
2256 659 2268 695 :
2306 645 2460 697 recte
2490 641 2665 697 etiam
2698 646 2755 697 et
2785 642 2998 698 usitate
3020 643 3249 699 dicatur
3269 662 3397 701 esse
3418 663 3560 718 pra:-

1904 729 2209 786 scientiam
2260 736 2318 787 et
2363 729 2931 802 praedestinationem
2980 732 3039 787 in
3089 733 3225 800 Deo,
3270 733 3326 789 id
3375 740 3468 791 est
3497 736 3558 791 in

1903 822 2138 888 aeterna,
2173 820 2430 891 perfecta
2475 823 2532 874 et
2588 819 3055 875 incommutabili
3100 821 3343 877 scicntia
3392 825 3553 895 ejus;

1901 923 2019 963 non
2050 912 2244 963 autem
2276 908 2574 973 inusitate,
2606 906 2693 963 vel
2744 926 2859 963 non
2904 908 3081 964 etiam
3122 914 3297 978 recte,
3329 911 3559 967 dicatur

1900 996 2084 1052 Deum
2109 996 2536 1068 praescientiam
2552 996 2638 1051 vel
2657 996 3226 1069 praedestinationem
3256 1001 3556 1064 esse.Quia

1897 1085 2169 1141 videlicet
2198 1085 2443 1142 scientia
2458 1086 2508 1157 ej
2519 1102 2587 1141 us
2608 1086 2677 1140 ad
2701 1102 2760 1140 se
2777 1086 3019 1156 dicitur;
3045 1088 3551 1159 praescientiavero

1898 1178 1957 1230 et
1986 1173 2416 1247 praedestinatio
2451 1174 2523 1229 ad
2556 1177 2853 1229 creaturas
2884 1175 3150 1232 refertur.
3175 1176 3338 1233 Unde
3367 1178 3427 1233 in
3459 1178 3552 1236 his

1900 1262 2089 1335 magis
2120 1263 2248 1334 ejus
2287 1262 2563 1335 operatio,
2598 1279 2724 1333 quae
2778 1262 2836 1317 in
2882 1262 3025 1335 ipsis
3070 1264 3157 1319 vel
3207 1282 3343 1338 erga
3391 1266 3551 1339 ipsas

1898 1355 2194 1407 creaturas
2226 1350 2621 1424 agitur,quam
2645 1351 2772 1421 ejus
2797 1350 3051 1407 essentia
3080 1352 3167 1408 vel
3190 1355 3548 1421 substantia,

1897 1440 2355 1496 demonstratur.
2390 1440 2482 1495 Sic
2523 1456 2777 1510 namque
2825 1439 3041 1494 dicitur
3087 1441 3449 1512 praascientia
3496 1448 3552 1499 et

1898 1528 2331 1600 praedestinatio
2362 1528 2461 1583 Dei
2496 1528 2582 1583 vcl
2614 1526 2671 1582 in
2706 1528 2841 1597 Deo,
2874 1528 3027 1584 sicut
3053 1528 3228 1584 etiam
3261 1530 3551 1587 ordinatio

1897 1616 1984 1673 vel
2015 1618 2320 1690 dispositio
2355 1617 2449 1674 Dei
2481 1616 2569 1673 vel
2596 1618 2655 1673 in
2686 1617 2798 1673 Deo
2831 1635 2844 1672 :
2881 1619 3176 1674 neminem
3212 1623 3407 1676 tamen
3428 1624 3552 1677 tam

1897 1707 2149 1763 absurde
2179 1707 2263 1762 vel
2286 1706 2644 1763 contentiose
2666 1706 2927 1762 locutum
2944 1706 3370 1776 audivimus,ut
3398 1709 3551 1766 dice-

1900 1798 2002 1864 ret,
2034 1796 2187 1852 sicut
2218 1796 2648 1853 ordinationem
2692 1800 2748 1852 et
2798 1796 3240 1868 dispositionem
3273 1797 3373 1853 Dei
3401 1814 3549 1864 esse,

1899 1885 1979 1941 ita
2038 1886 2230 1958 ipsum
2289 1890 2473 1941 Deum
2523 1885 2949 1941 ordinationem
2997 1890 3054 1941 et
3102 1885 3549 1957 dispositionem

1897 1990 2045 2043 esse,
2078 1973 2166 2030 vel
2198 1974 2277 2030 ita
2302 1975 2415 2030 dici
2449 1979 2505 2029 et
2526 1973 2754 2029 deﬁniri
2785 1974 3012 2030 debere.

1967 2061 2131 2118 Unde
2161 2067 2357 2119 autem
2380 2067 2499 2119 tota
2517 2062 2637 2118 haec
2662 2068 2783 2118 tam
2807 2080 2953 2119 nova
2984 2067 3041 2120 et
3070 2064 3433 2121 contentiosa
3456 2067 3555 2121 de-

1897 2151 2083 2208 ﬁnitio
2116 2152 2481 2208 occasionem
2505 2152 2822 2224 sumpserit
2843 2152 3218 2208 manifestum
3250 2154 3552 2210 est.Timet

1896 2241 2052 2295 enim
2083 2257 2155 2296 ne
2187 2241 2236 2296 si
2267 2240 2631 2314 prazscientia
2660 2246 2717 2296 et
2737 2241 3346 2314 prmdestinatio,sicut
3364 2246 3423 2298 et
3446 2259 3549 2314 gu-

1895 2328 2159 2385 bernatio
2191 2329 2436 2398 Dei,non
2469 2329 2939 2387 substantialiter
2959 2330 3029 2387 de
3058 2330 3175 2386 Deo
3208 2330 3548 2404 accipiatur,

1895 2418 1997 2473 sed
2028 2419 2100 2473 ad
2133 2417 2563 2475 ordinationem
2585 2422 2984 2475 creaturarum
2999 2420 3127 2491 ejus
3145 2420 3447 2476 referenda
3467 2419 3553 2475 in-

1892 2505 2212 2580 telligatur,
2245 2524 2361 2563 non
2392 2507 2579 2579 possit
2608 2525 2735 2564 eam
2767 2509 2958 2564 dicere
2988 2508 3395 2581 duplicem,vel
3427 2509 3552 2580 plu-

1894 2594 2035 2652 ralis
2065 2597 2297 2653 numeri
2325 2614 2454 2653 esse
2482 2614 2597 2652 non
2628 2614 2819 2669 posse.
2857 2597 3016 2653 Unde
3042 2599 3197 2670 apud
3247 2615 3355 2654 nos
3384 2598 3552 2655 nulla

1893 2686 2185 2742 contentio
2207 2687 2441 2754 est,sive
2466 2685 2688 2743 scilicet
2708 2687 2935 2758 possint
2956 2686 3068 2742 dici
3088 2686 3391 2759 pluraliter
3413 2705 3554 2760 pra:-

1892 2773 2458 2841 destinationes,sive
2482 2792 2598 2831 non
2620 2774 2866 2846 possint,
2902 2776 3222 2832 dummodo
3245 2776 3389 2832 illud
3413 2777 3550 2832 ﬁde-

1890 2861 2024 2919 liter
2052 2867 2111 2919 et
2139 2863 2385 2919 ﬁrmiter
2414 2868 2864 2934 teneamus,uno
2895 2868 3071 2936 atque
3102 2865 3305 2921 eodem
3336 2865 3542 2921 divinae

1892 2951 2269 3023 prasscientiaa
2291 2957 2349 3008 et
2368 2952 3129 3024 przsdestinationisjudicio
3155 2957 3330 3025 atque
3352 2954 3543 3009 conci-

1892 3039 1968 3096 lio
2000 3041 2114 3097 duo
2147 3041 2414 3112 quaedam
2447 3041 2772 3098 certissime
2813 3039 3209 3114 adimplenda,
3241 3041 3298 3096 id
3347 3046 3455 3108 est,
3488 3045 3547 3097 et

1885 3129 2081 3200 justos
2126 3133 2352 3185 aeternas
2401 3130 2598 3203 gloriae
2646 3129 3087 3201 praeordinatos,
3121 3133 3178 3185 et
3219 3129 3454 3202 iniquos
3484 3129 3543 3185 in

113 3224 278 3276 Deus
301 3219 596 3293 sapientia
617 3224 724 3286 est,
742 3219 899 3275 Deus
927 3218 1141 3274 veritas
1160 3223 1270 3285 est,
1287 3218 1369 3273 ita
1400 3223 1551 3274 Deus
1567 3219 1784 3291 praede-
1815 3204 1863 3275 α
1894 3217 2295 3291 impietatibus
2326 3217 2451 3275 suis
2485 3235 2670 3291 usque
2718 3220 2789 3275 ad
2837 3223 3083 3274 mortem
3115 3223 3547 3291 perseverantes

112 3308 368 3365 stinatio
398 3314 510 3365 est.
534 3308 645 3364 Sed
678 3308 848 3364 nobis
871 3306 1084 3363 melius
1105 3311 1161 3363 et
1173 3307 1614 3364 convenientius
1635 3325 1786 3365 vera:

116 3398 260 3453 ﬁdei
300 3402 361 3454 et
388 3396 795 3454 ecclesiastica:
827 3395 1105 3454 doctrinm
1135 3395 1384 3468 videtur,
1418 3401 1482 3452 ut
1509 3397 1644 3453 licet
1665 3396 1787 3454 haec

114 3487 281 3561 apud
313 3503 425 3543 nos
468 3486 579 3542 tria
606 3503 733 3543 esse
762 3486 1089 3551 videantur,
1120 3484 1179 3540 id
1211 3488 1301 3541 est
1330 3484 1602 3554 scientia,
1637 3502 1786 3558 prie-

114 3575 375 3634 scientia
403 3579 463 3631 et
491 3573 945 3649 praedestinatio,
968 3578 1027 3631 et
1054 3591 1124 3630 ea
1153 3573 1510 3647 quibusdam
1533 3574 1789 3647 pr0prie-

114 3665 352 3721 tatibus
378 3664 783 3720 discernamus
812 3681 825 3720 :
859 3668 927 3720 ut
951 3662 1221 3719 videlicet
1251 3661 1494 3719 scientia
1525 3660 1789 3719 absolute

116 3752 741 3826 dicatur,prescientia
768 3769 902 3809 vero
934 3756 992 3808 et
1021 3750 1454 3825 praedestinatio
1477 3751 1546 3806 ad
1570 3750 1792 3807 futuro-

117 3860 260 3899 rum
293 3841 723 3915 providentiam
754 3842 1082 3898 referantur
1127 3858 1140 3895 :
1195 3843 1252 3897 et
1296 3839 1355 3895 in
1386 3839 1530 3912 ipsis
1559 3840 1789 3897 duobus

117 3929 501 4004 prmscientia
524 3929 814 3987 scilicetin
831 3929 1001 3987 bonis
1014 3934 1071 3986 et
1094 3929 1152 3985 in
1169 3928 1340 3986 malis
1355 3946 1473 4001 pra:
1482 3930 1790 3987 noscendis

118 4018 526 4092 intelligatur:
546 4017 977 4092 praedestinatio
1007 4021 1203 4074 autem
1230 4018 1290 4072 in
1311 4016 1454 4073 solis
1485 4017 1654 4074 bonis
1679 4022 1792 4075 sla-

120 4106 370 4164 tuendis
398 4111 577 4179 atque
607 4106 970 4174 ordiuandis,
995 4124 1122 4179 qua:
1153 4110 1460 4179 propterea
1488 4105 1572 4163 sic
1602 4106 1715 4162 dici
1736 4111 1793 4163 et

120 4194 418 4269 distingui
452 4195 849 4253 necessarium
881 4195 1012 4263 fuit,
1045 4200 1111 4251 ut
1141 4193 1332 4263 nobis,
1364 4193 1466 4266 qui
1495 4198 1791 4267 tempora-

126 4285 215 4343 les
248 4289 308 4342 et
329 4283 612 4341 mortales
631 4287 924 4351 sumus,et
941 4282 1283 4356 plenissima
1302 4283 1547 4339 scientia
1568 4283 1627 4338 in
1652 4284 1789 4353 Deo,

120 4380 179 4430 et
208 4372 568 4448 gubernatio
597 4373 726 4445 ejus
747 4373 818 4429 ad
852 4375 1148 4429 creaturas
1169 4372 1482 4428 distinctus
1512 4373 1793 4444 quodam-

121 4463 303 4519 modo
315 4460 422 4518 tali
435 4460 813 4518 distinctione
827 4460 993 4530 vel,si
1006 4454 1120 4517 dici
1138 4459 1789 4534 potest,distributione,

1895 3307 2125 3363 aeternis
2155 3306 2462 3379 suppliciis
2491 3308 2834 3363 destinatos.
2867 3306 3192 3379 Utrumque
3222 3307 3379 3363 enim
3401 3308 3551 3364 Scri-

1895 3400 2070 3469 ptura
2103 3395 2469 3469 apertissime
2513 3395 2655 3452 dicit
2703 3397 2773 3452 de
2813 3396 2995 3467 justis
3048 3413 3059 3451 :
3113 3398 3175 3461 E1
3204 3397 3553 3454 crediderunt

1895 3492 2149 3558 quotquot
2197 3493 2353 3541 erant
2389 3485 2760 3557 praeordinati
2787 3485 2857 3540 ad
2886 3487 3058 3540 vitam
3103 3494 3372 3541 aeternam
3409 3487 3548 3555 (Act.

1895 3592 2017 3643 xm,
2062 3574 2181 3642 48);
2233 3574 2304 3630 de
2350 3573 2549 3646 impiis
2590 3575 2752 3645 juste
2798 3574 3151 3629 damnandis
3204 3592 3217 3629 :
3272 3574 3552 3633 Sustinuit

1898 3666 2036 3720 Deus
2068 3666 2124 3719 in
2155 3664 2333 3719 multa
2350 3666 2621 3736 patientia
2644 3681 2772 3720 vasa
2804 3666 2909 3721 ira:
2935 3672 3121 3736 aptata
3166 3666 3225 3721 in
3265 3667 3552 3722 interitum

1898 3753 2069 3825 (Rom.
2103 3753 2295 3824 1x,22).
2331 3753 2419 3808 Ita
2442 3752 2598 3809 enim
2631 3753 2739 3808 hoc
2768 3757 3083 3825 utrumque
3135 3754 3193 3809 in
3244 3753 3464 3822 electis,
3496 3759 3554 3810 et

1898 3841 2160 3915 reprobis
2193 3859 2309 3898 uno
2341 3842 2665 3914 eodemque
2690 3841 2895 3897 divina:
2928 3842 3553 3914 praedestinationis,et

1890 3930 2101 4004 judicii
2127 3932 2331 3986 eﬂ‘ectu
2365 3930 2662 4003 peragitur
2693 3947 2706 3984 :
2741 3929 2893 3986 sicut
2924 3947 3039 3985 uno
3068 3931 3389 4003 eodemque
3410 3929 3553 3988 solis

1901 4019 2063 4075 radio
2116 4023 2173 4074 et
2215 4019 2341 4076 sani
2373 4018 2525 4074 oculi
2556 4022 2899 4091 vegetantur
2928 4023 2984 4074 et
3013 4018 3275 4090 languidi
3307 4035 3552 4092 exaspe-

1900 4112 2105 4165 rantur
2137 4124 2149 4162 :
2185 4107 2338 4163 sicut
2366 4105 2543 4162 etiam
2568 4123 2682 4162 uno
2714 4107 3035 4178 eodemque
3067 4106 3186 4179 igni
3212 4110 3271 4162 et
3297 4106 3475 4162 limus
3498 4105 3551 4162 ei

1899 4195 2204 4270 appositus
2235 4194 2576 4264 durescit,et
2604 4212 2736 4251 cera
2764 4195 3035 4267 liquescit
3055 4213 3066 4251 :
3088 4196 3362 4268 dignetur
3377 4195 3552 4252 etiam

1900 4285 2325 4358 agnoscere,ita
2352 4285 2423 4340 de
2454 4283 2963 4356 praedestinatione
2998 4283 3117 4352 Dei,
3151 4284 3303 4340 sicut
3331 4285 3402 4340 de
3423 4285 3552 4357 ejus

1892 4374 2132 4446 justitia
2160 4373 2688 4445 sentiendum,quas
2720 4373 3160 4442 cumsituna,et
3188 4390 3419 4446 semper
3439 4391 3554 4430 uno

1900 4462 2222 4534 eodemque
2254 4461 2426 4519 modo
2459 4478 2519 4517 se
2552 4461 3107 4529 habens,manil‘esie
3136 4462 3428 4535 duplicem
3461 4478 3556 4518 re-

121 4552 534 4608 insinuaretur
551 4554 607 4607 et
622 4549 1552 4607 commendaretur:commodius
1590 4555 1788 4606 tamen
1818 4574 1869 4641 D
1901 4552 2043 4625 cipit
2070 4550 2567 4620 distributionem,
2599 4552 2740 4607 dum
2773 4568 2876 4624 per
2897 4568 3027 4607 eam
3059 4551 3146 4608 vel
3178 4551 3376 4625 dignis
3405 4568 3557 4624 prae-

122 4640 247 4697 bac
276 4640 396 4696 tria
422 4640 485 4694 in
516 4639 633 4696 Deo
662 4639 774 4696 sub
804 4656 921 4696 uno
952 4639 1190 4695 nomine
1222 4638 1478 4694 scientiae
1509 4638 1794 4712 intelliga-

121 4729 445 4802 mus,quia
476 4728 762 4802 quidquid
794 4728 855 4783 in
885 4727 980 4785 his
1000 4727 1194 4784 tribus
1225 4745 1259 4782 a
1287 4727 1457 4784 nobis
1497 4731 1794 4801 utcunque

123 4818 547 4892 intelligituret
558 4816 827 4874 distincte
838 4818 1173 4891 cognoscitu
1182 4815 1293 4883 r,in
1308 4816 1409 4873 illa
1419 4817 1547 4889 ejus
1559 4834 1796 4874 summa

121 4911 180 4962 et
208 4924 333 4962 una
363 4911 423 4962 et
453 4904 707 4979 simplici
728 4904 971 4962 scientia
987 4904 1165 4963 simul
1182 4905 1455 4961 est.Scire
1484 4905 1638 4961 enim
1663 4907 1793 4978 ejus

122 4998 457 5068 perfectum
489 4999 549 5051 et
577 4994 815 5067 plenum
846 4999 955 5063 est,
988 5011 1095 5051 nec
1124 4999 1259 5067 post
1300 4993 1509 5063 minui,
1549 4994 1638 5051 vel
1681 5012 1789 5051 au-

120 5084 382 5158 geri,aut
413 5082 614 5157 aliqua
644 5100 838 5140 rerum
868 5084 1145 5140 varietate
1178 5083 1521 5156 permutari.
1557 5083 1625 5139 Et
1660 5084 1789 5141 ideo

123 5174 286 5247 quod
312 5190 424 5229 nos
437 5172 511 5228 de
524 5170 810 5228 scientias
828 5170 1192 5244 praescientia
1211 5175 1268 5228 et
1286 5171 1796 5244 praedestinatione

127 5264 262 5334 ejus
290 5261 455 5320 velut
484 5261 870 5318 discernendo
901 5276 1248 5334 cognoscere
1278 5261 1646 5329 conamur,in
1668 5262 1796 5333 ejus

128 5351 396 5423 perfecta
407 5348 945 5407 etincommutabili
972 5348 1216 5406 scientia
1232 5366 1348 5406 non
1370 5349 1528 5405 aliud
1544 5349 1795 5421 etaliud,

124 5444 223 5496 aut
256 5438 436 5495 aliter
463 5436 557 5495 vel
604 5437 793 5508 aliter,
822 5439 922 5495 sed
973 5455 1091 5493 uno
1144 5442 1321 5510 atque
1368 5439 1572 5494 eodem
1622 5440 1794 5496 modo

124 5526 487 5586 eternaliter
507 5525 788 5583 est.Unde
815 5530 873 5583 et
902 5531 1058 5583 recta
1088 5526 1487 5584 moderatione
1517 5526 1794 5584 ecclesia-

127 5617 291 5680 stica
308 5613 645 5695 disciplinae
665 5613 1071 5677 observantum
1085 5632 1213 5678 esse
1230 5615 1618 5690 credimus,ut
1639 5621 1794 5678 recte

1902 4641 2044 4707 mia,
2065 4639 2155 4696 vel
2186 4639 2448 4714 indignis
2479 4637 2771 4712 supplicia
2804 4640 3158 4712 irrogantur.

1974 4730 2137 4786 Certe
2170 4729 2296 4802 ipse
2327 4728 2536 4786 asserit
2567 4727 2925 4784 voluntatem
2958 4728 3057 4784 Dei
3086 4727 3173 4783 vel
3204 4728 3264 4783 in
3302 4727 3556 4797 Deo,sic-

1902 4822 1968 4874 ut
2016 4818 2383 4891 sapientiam,
2420 4816 2571 4873 sicut
2614 4817 2938 4884 veritatem,
2990 4815 3378 4873 essentialiter
3417 4813 3552 4884 dici,

1902 4911 2044 4980 quot
2071 4906 2271 4979 utique
2300 4923 2500 4962 verum
2532 4907 2793 4962 est.Nam
2824 4904 2931 4961 etsi
2963 4905 3179 4960 diceret
3208 4904 3390 4959 Deum
3412 4904 3553 4960 sub-

1901 4994 2254 5052 stantialiter
2281 5011 2409 5051 esse
2431 4992 3058 5066 justitiam,verissime
3089 4990 3290 5063 utique
3311 4991 3551 5047 diceret.

1898 5088 2013 5140 Cur
2037 5084 2233 5157 itaque
2264 5083 2385 5138 hinc
2417 5083 2531 5138 duo
2563 5099 2689 5154 qua
2721 5079 3185 5138 substantialiter
3207 5080 3266 5135 in
3297 5081 3435 5151 Deo,
3460 5078 3557 5135 vel

1906 5174 2081 5231 etiam
2112 5171 2578 5229 substantialiter
2607 5172 2761 5226 Deus
2792 5186 2920 5225 esse
2952 5168 3309 5237 dicuntur,id
3340 5173 3429 5225 est
3454 5186 3555 5224 vo-

1903 5262 2103 5318 luntas
2134 5263 2263 5333 ejus
2294 5263 2351 5315 et
2377 5258 2590 5315 veritas
2618 5260 2747 5329 ejus
2776 5256 3082 5328 pluraliter
3110 5256 3268 5312 dicta
3296 5257 3358 5312 in
3406 5256 3559 5311 Scri-

1903 5351 2094 5424 pturis
2124 5350 2400 5422 leguntur
2431 5364 2443 5401 :
2481 5347 2644 5401 Sicut
2672 5346 2923 5402 habetur
2949 5345 3006 5400 in
3035 5344 3423 5419 Psalmo,ipso
3453 5344 3562 5401 Do-

1904 5439 2064 5495 mino
2093 5437 2320 5493 dicente
2354 5434 2714 5504 :Miriﬁcavit
2758 5450 2940 5490 omnes
2970 5435 3276 5491 voluntates
3313 5451 3461 5490 meas
3493 5434 3554 5488 in

1902 5530 2009 5594 eis;
2041 5530 2097 5582 et
2127 5522 2266 5581 alibi
2295 5538 2307 5578 :
2340 5524 2532 5578 Inveni
2562 5522 2732 5577 David
2760 5524 2944 5593 ﬁlium
2968 5527 3120 5581 Jesse
3150 5526 3339 5579 virum
3366 5539 3560 5579 secun-

1901 5616 2033 5679 dum
2076 5629 2170 5676 cor
2214 5626 2415 5683 meum,
2467 5612 2563 5687 qui
2608 5611 2782 5689 faciat
2823 5624 3007 5673 omnes
3051 5613 3360 5673 voluntates
3388 5626 3574 5687 mecm,
