3896 6208
136 434 247 496 113

1097 431 1330 495 LIBER
1370 429 1782 493 ADVERSUS
1823 428 2182 492 JOANNEM
2231 429 2570 493 SCOTUM.

3424 430 3539 492 114

124 567 282 631 ratio
312 582 327 623 ε
361 563 553 640 gratia
581 580 721 624 vero
768 563 886 638 iam
931 562 1062 638 ipsa
1090 563 1345 622 donatio.
1377 562 1538 628 Quod
1587 560 1785 634 itaque
1814 561 1870 630 Α
1898 566 1955 619 ct
1983 560 2208 619 sincere
2237 561 2308 619 de
2340 562 2703 635 praescientia
2730 564 2787 620 et
2816 560 3325 636 praedestinatione
3349 564 3545 622 divina

132 656 217 715 ait
251 654 569 728 Apostolus
603 673 617 712 ε
652 658 769 713 Non
796 671 864 712 ex
893 656 1167 727 operibus,
1199 670 1267 709 ne
1294 656 1435 726 forte
1465 654 1584 725 quis
1612 653 1789 707 extol-

134 746 302 811 latur,
326 747 503 817 ipsius
534 747 687 800 enim
714 760 905 799 sumus
930 744 1269 814 ﬁgmentum,
1293 743 1464 797 creati
1495 743 1550 796 in
1574 741 1790 798 Christo

129 834 263 892 Jesu
293 837 355 890 in
381 834 638 906 operibus
680 833 852 899 bonis,
879 831 1070 904 gratia
1114 836 1232 901 est;
1267 831 1422 902 quod
1471 833 1667 885 autem
1699 845 1787 885 se-

134 924 373 997 quitur:
407 926 553 995 Quae
576 923 913 994 praeparavit
939 922 1101 985 Deus,
1126 928 1186 975 ut
1205 921 1263 975 in
1286 920 1401 975 illis
1426 919 1790 985 ambulemus,

131 1011 571 1086 pradestinatio
601 1014 709 1073 est.
743 1027 869 1084 qua
902 1010 1029 1066 sine
1057 1007 1423 1080 praescientia
1452 1024 1567 1063 non
1602 1010 1792 1079 potest

130 1118 265 1167 esse
292 1118 306 1156 ς
333 1104 523 1173 potest
551 1104 748 1156 autem
778 1114 907 1155 esse
948 1099 1075 1154 sine
1106 1097 1613 1170 prwdestinatione
1644 1114 1790 1168 prae-

129 1190 402 1249 scientia.
433 1187 945 1245 Praedestinatione
977 1187 1193 1259 quippe
1222 1186 1375 1241 Deus
1406 1202 1473 1241 ea
1502 1185 1793 1257 praescivit

129 1297 268 1353 qua
291 1279 618 1351 fueratipse
637 1276 940 1333 facturus?
962 1276 1123 1333 Unde
1148 1274 1372 1331 dictum
1394 1278 1502 1343 est,
1519 1276 1649 1345 fecit
1666 1289 1792 1345 quae

125 1373 330 1442 futura
357 1376 504 1425 sunt.
528 1366 800 1424 Praescire
843 1370 1040 1422 autem
1078 1368 1285 1437 potens
1325 1368 1433 1431 est,
1452 1362 1629 1420 etiam
1663 1381 1790 1435 quae

128 1457 265 1532 ipse
286 1475 402 1514 non
420 1456 578 1522 facit,
593 1456 750 1512 sicut
766 1471 1129 1527 quaecunque
1151 1457 1409 1527 peccata.
1424 1453 1569 1517 Quia
1585 1453 1635 1508 si
1653 1456 1793 1508 sunt

129 1548 410 1621 quaedam
440 1563 568 1619 quae
598 1546 679 1601 ita
711 1548 949 1617 peccata
978 1547 1135 1611 sunt,
1160 1548 1228 1598 ut
1254 1560 1434 1615 poenae
1466 1542 1585 1598 sint
1614 1541 1791 1598 etiam

129 1640 534 1711 peccatorum.
559 1634 721 1691 Unde
752 1633 975 1689 dictum
1005 1636 1131 1689 est:
1156 1633 1222 1687 Et
1250 1631 1477 1688 tradidit
1504 1632 1629 1687 illos
1655 1636 1792 1687 Deus

132 1729 200 1783 in
230 1727 517 1799 reprobam
542 1732 795 1789 mentem,
828 1731 891 1779 ut
915 1724 1128 1795 faciant
1155 1737 1282 1793 qum
1320 1738 1428 1776 non
1467 1722 1792 1776 conveniunt

129 1818 271 1888 (ιω.
304 1831 430 1879 xcv,
467 1814 525 1868 11
568 1828 671 1868 sec.
704 1813 851 1879 LXX)
873 1828 887 1866 :
912 1811 1037 1866 Non
1070 1810 1149 1866 ibi
1181 1814 1484 1881 peccatum
1536 1809 1636 1865 Dei
1682 1813 1788 1877 est,

1900 652 2117 708 sentire
2142 651 2451 707 desiderat.
2474 651 2578 708 Illa
2607 657 2800 709 autem
2834 653 2965 709 novi
2991 653 3373 726 disputatoris
3401 654 3544 711 deﬁ-

1898 741 2063 808 nitio,
2090 758 2207 813 qua
2225 740 2346 797 haec
2371 742 2485 797 duo
2508 745 2670 797 tanta
2697 741 3045 798 discretione
3066 743 3361 809 distincta,
3382 747 3547 802 tanta

1897 830 2199 903 diligentia
2239 830 2492 886 discreta
2538 848 2723 887 unum
2756 831 3028 905 idemque
3076 849 3203 889 esse
3254 834 3545 890 deﬁniun-

1898 924 2013 986 tur,
2040 921 2245 975 merito
2276 936 2393 974 suae
2424 919 2696 976 falsitatis
2723 925 2897 993 atque
2929 921 3166 977 fallaciae
3197 924 3432 995 penitus
3452 924 3549 979 ab-

1892 1010 2155 1081 jicienda
2184 1014 2291 1065 est.
2318 1009 2445 1065 Sive
2472 1010 2628 1064 enim
2652 1010 2761 1065 hoc
2792 1010 2888 1066 ille
2913 1016 3220 1082 propterea
3239 1011 3432 1068 taliter
3452 1013 3547 1068 de-

1900 1098 2068 1153 ﬁnire
2097 1097 2363 1165 voluerit,
2394 1101 2458 1152 ut
2503 1114 2570 1153 ea
2594 1097 2791 1165 (sicuti
2827 1100 2951 1169 jam
2993 1100 3376 1171 praemiserat)
3406 1101 3544 1158 sub-

1901 1186 2254 1242 stantialiter
2282 1185 2342 1239 in
2369 1186 2482 1240 Deo
2512 1185 2669 1241 velut
2697 1203 2883 1241 unum
2905 1203 3032 1243 esse
3051 1189 3401 1255 ostenderet,
3424 1189 3546 1245 ina-

1901 1274 1993 1329 nis
2023 1278 2080 1329 et
2106 1273 2311 1329 frivola
2340 1278 2429 1329 est
2458 1275 2585 1344 ejus
2615 1274 2880 1343 assertio,
2901 1275 3020 1331 sive
3056 1276 3166 1332 hoc
3215 1278 3418 1334 docere
3446 1296 3544 1334 vo-

1900 1361 2092 1431 luerit,
2118 1365 2273 1435 quod
2307 1362 2427 1417 haec
2458 1363 2517 1417 in
2543 1363 2860 1434 Scripturis
2877 1363 3189 1421 indiscrete
3206 1371 3263 1422 et
3282 1367 3544 1435 confuse,

1901 1456 2075 1524 atque
2101 1452 2499 1507 indifferenter
2517 1451 2898 1524 intelligenda
2919 1453 3059 1521 sint,
3081 1455 3545 1512 manifestissimi

1901 1540 2114 1597 erroris
2145 1545 2252 1596 est.

1971 1629 2290 1702 Subjungit
2306 1630 2459 1686 idem
2482 1631 2814 1702 disputator
2842 1636 2898 1687 et
2928 1632 3069 1688 dicit
3099 1650 3112 1687 :
3144 1634 3450 1690 Homintem
3480 1631 3551 1689 ad

1898 1726 2066 1776 Deum
2096 1736 2254 1791 quem
2283 1720 2452 1775 libero
2481 1720 2711 1775 arbitrio
2729 1721 2848 1776 sine
2873 1722 3058 1777 labore
3084 1722 3411 1792 deseruerat,
3432 1724 3552 1779 sine

1902 1809 2106 1864 laboris
2145 1809 2324 1864 studio
2373 1816 2424 1863 et
2471 1812 2805 1881 cooperantis
2834 1812 3037 1879 gratiae
3078 1810 3216 1867 dono
3262 1813 3552 1884 pervenire

130 1905 242 1969 sed
284 1902 602 1976 judicium.
635 1900 916 1966 Quocirca
961 1898 1393 1972 praedestinatio
1442 1899 1540 1955 Dei
1575 1916 1701 1971 quae
1731 1899 1791 1953 in
1825 1935 1874 2000 Β
1901 1914 2012 1954 non
2034 1914 2209 1969 posse.
2240 1898 2301 1953 In
2336 1897 2550 1970 quibus
2580 1899 2770 1954 verbis
2802 1900 2953 1971 quod
2990 1900 3131 1955 dicit
3160 1901 3419 1973 primum
3451 1901 3552 1955 ho-

128 1995 296 2059 bono
325 1995 435 2058 est,
476 1988 673 2064 gratiae
721 1994 811 2046 est
861 1992 950 2058 (ut
998 1989 1142 2058 dixi)
1172 1988 1515 2061 praeparatio
1553 2006 1565 2043 :
1608 1987 1797 2061 gratia
1827 1986 1873 2000 "
1909 1986 2122 2042 minem
2147 1986 2328 2042 libero
2350 1986 2588 2041 arbitrio
2620 1991 2803 2043 Deum
2834 1988 3318 2060 deseruisse,jam
3350 1989 3554 2061 utique

128 2099 273 2140 vero
306 2084 397 2141 est
424 2080 612 2152 ipsius
654 2078 1184 2153 praedestinationis
1216 2079 1475 2135 eﬂ‘ectus.
1510 2078 1653 2133 Item
1685 2077 1796 2132 alio

128 2171 265 2228 loco
288 2171 383 2242 (De
410 2174 554 2226 Dono
594 2185 828 2241 persev.,
861 2184 989 2239 cap.
1024 2167 1116 2235 44)
1162 2183 1175 2221 :
1219 2167 1369 2238 [llmc
1418 2169 1526 2233 est,
1583 2166 1794 2238 inquit,

130 2256 578 2334 praedestinatio
621 2260 959 2312 sanctorum
1008 2255 1153 2311 nihil
1199 2255 1380 2321 aliud,
1414 2256 1797 2328 praescientia,

128 2347 383 2415 scilicet,
406 2350 464 2403 et
494 2345 839 2418 praeparatio
865 2343 1283 2400 beneficiorum
1314 2344 1414 2399 Dei
1444 2344 1659 2415 quibus
1682 2361 1800 2399 cer—

128 2436 370 2499 tissime
417 2434 745 2491 liberantur
790 2433 1129 2506 quicunque
1178 2432 1551 2489 liberantur:
1594 2437 1801 2489 caetera

130 2531 342 2591 autem
376 2523 477 2581 ubi
510 2523 623 2579 nisi
660 2523 720 2579 in
750 2540 951 2580 massa
979 2522 1324 2594 perditionis
1356 2522 1552 2578 divino
1575 2522 1800 2593 judicio

130 2614 607 2688 relinquuntur.]
640 2613 720 2668 Ex
752 2611 969 2685 quibus
1007 2611 1283 2668 omnibus
1332 2612 1515 2667 sancti
1548 2611 1802 2668 doctoris

128 2703 336 2762 verbis
384 2702 711 2761 clarissime
741 2704 1002 2774 apparet,
1030 2700 1307 2757 distincte
1358 2705 1414 2755 et
1463 2701 1693 2773 proprie
1743 2700 1801 2755 in

130 2793 367 2859 sanctis
400 2791 567 2849 libris
588 2790 771 2864 accipi
801 2791 1011 2846 debere
1032 2788 1481 2862 praescientiam,
1505 2795 1562 2844 et
1592 2791 1804 2861 praede-

132 2883 524 2941 stinationem
548 2897 562 2936 :
589 2896 695 2937 nec
717 2897 843 2952 quae
864 2882 1030 2935 tanta
1046 2877 1327 2934 distantia
1347 2878 1498 2933 inter
1520 2895 1579 2934 se
1602 2879 1807 2934 distin-

130 2976 429 3046 guuntur,
456 2985 643 3025 unum
687 2973 862 3040 atque
907 2966 1063 3023 idem
1095 2983 1225 3023 esse
1264 2966 1414 3022 sicut
1441 2966 1552 3022 iste
1583 2966 1802 3034 deﬁnit,

130 3059 393 3133 intelligi
426 3058 657 3114 debere.
688 3058 908 3113 Tamen
940 3054 1256 3128 aliquando
1287 3054 1479 3127 ipsum
1515 3056 1808 3128 praedesti-

133 3148 468 3214 nationem,
486 3163 614 3219 quae
640 3161 945 3216 nunquam
970 3144 1096 3199 sine
1120 3143 1485 3216 praescientia
1505 3147 1613 3211 est,
1629 3144 1804 3200 etiam

1906 2074 1965 2130 in
1997 2075 2300 2131 deserente
2331 2075 2513 2130 Deum
2545 2078 2601 2130 et
2633 2075 2864 2131 deserto
2896 2092 2930 2130 a
2960 2076 3075 2132 Deo
3106 2093 3221 2132 non
3251 2081 3376 2133 erat
3406 2076 3554 2133 libe-

1906 2180 2038 2221 rum
2057 2163 2364 2219 arbitrium
2388 2164 2459 2218 ad
2486 2164 2725 2233 bonum,
2748 2163 2850 2219 illa
2873 2169 2930 2221 et
2956 2169 3174 2221 natura:
3197 2166 3361 2223 bonae
3383 2184 3417 2221 a
3438 2167 3554 2223 Deo

1908 2253 2174 2319 conditae,
2198 2257 2255 2308 et
2282 2252 2480 2325 gratiae
2520 2270 2555 2307 a
2606 2257 2719 2309 Deo
2759 2253 2986 2309 donatae
3042 2255 3212 2311 beata
3271 2254 3552 2321 libertate,

1910 2359 2086 2415 quam
2119 2341 2431 2414 Apostolus
2479 2342 2851 2397 commendat
2898 2343 3099 2399 dicens
3132 2361 3144 2400 :
3184 2345 3282 2401 Ubi
3322 2346 3558 2417 Spiritus

1907 2432 2149 2497 Domini,
2184 2431 2264 2486 ibi
2291 2432 2513 2486 libertas
2537 2432 2607 2499 (II
2630 2432 2759 2488 Cor.
2783 2447 2864 2500 ιιι,
2893 2432 3003 2500 l7);
3028 2435 3127 2488 sed
3160 2437 3283 2489 erat
3308 2433 3558 2490 liberum

1908 2521 2317 2577 tantummodo
2349 2521 2420 2575 ad
2471 2520 2715 2588 malum,
2750 2524 2807 2576 et
2837 2527 3071 2594 peccato
3101 2523 3441 2579 dominante
3466 2539 3561 2578 ca-

1912 2610 2263 2684 ptivum.De
2309 2627 2426 2682 qua
2475 2609 2807 2665 miserrima
2860 2610 3126 2666 libertate
3174 2616 3233 2667 et
3288 2611 3565 2668 servitute

1908 2699 2222 2771 Apostolus
2252 2698 2545 2754 conversis
2577 2697 2848 2754 ﬁdelibus
2879 2698 3058 2754 dicit:
3094 2700 3226 2755 Cum
3255 2703 3404 2756 enim
3422 2702 3567 2756 servi

1910 2791 2097 2844 essetis
2125 2790 2350 2860 peccati,
2379 2788 2543 2843 liberi
2569 2790 2758 2859 fuistis
2772 2790 3026 2859 justitiee
3055 2790 3228 2859 (Rom.
3252 2807 3328 2856 v1,
3361 2790 3474 2857 20).
3500 2790 3567 2845 Et

1911 2874 2124 2932 iterum
2158 2893 2172 2931 :
2206 2877 2433 2933 Nescitis
2461 2878 2723 2947 quoniam
2749 2879 2844 2931 cui
2879 2877 3143 2933 exhibelis
3173 2894 3260 2933 vos
3288 2894 3468 2934 servos
3494 2879 3565 2934 ad

1912 2966 2286 3033 obedicndum,
2319 2967 2462 3020 servi
2488 2967 2618 3021 estis
2648 2965 2766 3036 ejus
2810 2968 2903 3020 cui
2944 2965 3192 3034 obeditis,
3213 2969 3327 3022 sive
3357 2970 3564 3033 peccati

1912 3060 1975 3113 in
2011 3064 2258 3122 mortem,
2296 3056 2410 3109 sive
2456 3053 2779 3110 obeditionis
2827 3054 2897 3109 ad
2931 3055 3214 3126 justitiam
3257 3055 3413 3124 (Ibid.
3450 3056 3560 3128 16).

1914 3146 2077 3203 Unde
2108 3149 2166 3200 et
2194 3142 2478 3199 Dominus
2510 3142 2586 3197 ait
2611 3159 2624 3196 :
2650 3144 2838 3198 Omnis
2860 3145 2957 3214 qui
2982 3145 3118 3215 facit
3141 3151 3420 3216 peccatum
3447 3160 3561 3201 ser-

136 3238 391 3296 nomine
442 3234 819 3308 praescientiae
880 3232 1199 3305 signiﬁcari
1254 3232 1411 3288 idem
1468 3234 1669 3288 doctor
1724 3234 1807 3289 ita
1846 3303 1875 3308 _
1915 3253 2013 3291 vus
2042 3242 2117 3290 est
2138 3234 2343 3306 peccati
2373 3234 2679 3302 (Joan.vm,
2715 3233 2825 3300 33).
2861 3233 2930 3287 Et
2959 3233 3165 3289 beatus
3198 3233 3400 3289 Petrus
3432 3250 3564 3307 apo-

130 3326 408 3385 ostendit
439 3303 639 3380 dicens
680 3324 821 3397 (cap.
848 3303 979 3391 18):
1009 3322 1357 3395 [Aliquando
1401 3322 1605 3378 eadem
1657 3340 1802 3394 prae-
1835 3303 1877 3369 (ἶ
1918 3324 2105 3382 stolus
2137 3303 2151 3378 ξ
2184 3325 2219 3377 A
2257 3338 2358 3394 quo
2401 3322 2571 3386 enim,
2616 3320 2828 3393 inquit,
2858 3324 2980 3394 quis
3029 3331 3337 3395 separatur,
3368 3303 3488 3395 ejus
3515 3331 3568 3379 et

135 3413 468 3474 destinatio
500 3412 865 3486 signiﬁcatur
905 3410 1081 3467 etiam
1127 3412 1362 3467 nomine
1408 3410 1801 3481 praascientian,

134 3505 303 3563 sicut
323 3502 410 3558 ait
444 3502 758 3574 Apostolus
782 3519 795 3556 :
828 3505 952 3557 Non
980 3502 1184 3573 repulit
1208 3504 1349 3556 Deus
1377 3501 1589 3571 plebem
1624 3517 1802 3571 suam,

134 3608 316 3666 quam
344 3592 628 3664 praesciuit
651 3592 826 3658 (Rom.
861 3606 940 3656 xx,
964 3590 1042 3659 2).
1064 3589 1167 3644 Hic
1211 3588 1368 3660 quod
1399 3589 1481 3644 ait
1505 3591 1803 3660 prmscivit,

135 3699 266 3740 non
297 3684 454 3736 recte
484 3677 850 3751 intelligitur,
872 3677 987 3733 nisi
1020 3676 1479 3749 praedestinavit;
1509 3678 1663 3748 quod
1695 3677 1805 3732 cir-

135 3767 512 3830 cumstantia
558 3768 747 3839 ipsius
802 3765 1070 3823 lectionis
1119 3764 1393 3822 ostendit.
1439 3766 1810 3838 Loquebatur

136 3859 307 3917 enim
335 3858 409 3913 de
439 3855 705 3928 reliquiis
729 3856 1230 3926 Judaeorum,quae
1258 3852 1429 3909 salvae
1462 3854 1622 3909 factae
1649 3861 1806 3922 sunt,

138 3944 540 4019 pereuntibus
572 3941 823 4010 caeteris;
853 3941 982 3998 ideo
1014 3958 1149 3997 cum
1182 3941 1445 4008 dixisset,
1467 3942 1623 3997 unde
1654 3959 1810 3997 nunc

140 4037 411 4109 agimus,
425 4049 537 4088 non
554 4033 758 4104 repulit
771 4036 906 4087 Deus
917 4031 1128 4103 plebem
1141 4047 1321 4097 suam,
1336 4047 1502 4102 quam
1512 4033 1809 4102 praesciuit,

142 4128 287 4199 post
315 4121 519 4194 aliqua
547 4123 786 4181 secutus
808 4118 1076 4191 adiunxit
1099 4136 1111 4174 :
1135 4119 1291 4189 Quod
1312 4121 1593 4191 quaerebat
1621 4122 1809 4187 Israel,

145 4215 253 4271 hoc
284 4229 398 4269 non
425 4219 504 4267 est
544 4216 861 4267 consecutus
893 4227 912 4264 :
940 4209 1125 4265 electio
1172 4216 1355 4264 autem
1400 4217 1683 4264 consecuta
1713 4218 1811 4276 est,

146 4303 348 4362 caeteri
390 4316 513 4356 vero
541 4300 798 4356 crescenti
827 4299 963 4353 bunt
991 4296 1148 4368 (Ibid.
1182 4298 1259 4368 7).
1284 4297 1346 4351 In
1391 4296 1497 4352 hac
1535 4313 1669 4369 ergo
1702 4297 1815 4353 cle-

149 4389 353 4448 ctione
380 4393 439 4444 et
469 4388 529 4443 in
562 4386 656 4443 bis
682 4385 969 4457 reliquiis,
993 4402 1121 4457 quae
1148 4402 1249 4457 per
1274 4386 1587 4441 electionem
1615 4390 1821 4456 gratia?

150 4480 333 4537 salvae
355 4480 526 4550 facta
550 4484 699 4539 sunt,
728 4473 910 4529 voluit
940 4473 1187 4546 intelligi
1221 4474 1661 4547 plebem,quam
1696 4493 1821 4549 pro-
1856 4542 1863 4545 _

152 4572 367 4641 pter-ea
385 4566 543 4621 Deus
564 4580 675 4619 non
696 4564 916 4635 repulit,
941 4562 1082 4634 quia
1099 4564 1395 4634 praesciuit.
1416 4563 1624 4619 Nullus
1646 4565 1824 4637 igitur

1912 3431 2097 3472 servus
2143 3421 2220 3468 est
2249 3413 2325 3481 (II
2353 3418 2499 3467 Pelr.
2530 3429 2591 3475 ιι,
2619 3412 2725 3480 19).
2751 3412 2859 3467 Sed
2891 3416 2948 3467 et
2994 3411 3382 3484 captivitatem
3433 3428 3564 3485 pec-

1915 3505 2027 3561 cati
2060 3504 2266 3559 beatus
2296 3500 2510 3556 Paulus
2541 3517 2655 3555 non
2703 3504 2855 3556 tacet
2902 3500 3100 3556 dicens
3134 3518 3146 3556 :
3186 3501 3358 3558 Video
3386 3508 3568 3557 autem

1915 3595 2089 3649 alium
2119 3593 2287 3662 legem
2318 3593 2378 3645 in
2397 3589 2656 3645 membris
2676 3592 2811 3645 meis
2832 3598 3224 3662 repugnantem
3243 3591 3353 3660 legi
3369 3592 3569 3647 mentis

1913 3698 2074 3750 mea},
2106 3689 2157 3737 et
2184 3681 2457 3752 captivum
2484 3696 2569 3734 me
2599 3679 2880 3735 ducentem
2909 3682 2967 3734 in
3001 3681 3172 3748 legem
3195 3682 3422 3751 peccati,
3445 3695 3571 3751 qua:

1917 3779 1994 3828 est
2025 3774 2082 3827 in
2113 3770 2369 3826 membris
2393 3770 2529 3823 meis
2552 3768 2723 3840 (Rom.
2747 3786 2867 3836 vni,
2889 3769 3001 3833 23).
3022 3768 3116 3824 Sic
3144 3769 3341 3842 itaque
3370 3768 3566 3836 homo,

1922 3865 1987 3916 ut
2015 3859 2233 3914 dictum
2287 3862 2394 3922 est,
2417 3858 2692 3912 deserens
2738 3856 2944 3923 Deum,
2964 3861 3022 3912 et
3070 3857 3335 3912 desertus
3367 3874 3401 3912 a
3429 3858 3567 3925 Deo,

1924 3949 2111 4003 factus
2143 3951 2233 4002 est
2264 3947 2403 4001 liber
2416 3946 2676 4017 justitiaz,
2703 3944 2794 3998 cui
2829 3945 3041 3999 servire
3071 3944 3279 4013 noluit,
3303 3953 3354 4001 et
3382 3963 3569 4002 servus

1918 4038 2124 4110 peccati
2144 4038 2204 4091 in
2225 4042 2472 4100 mortem,
2488 4033 2625 4105 quia
2643 4032 2831 4087 noluit
2850 4050 2979 4088 esse
2998 4050 3201 4089 servus
3218 4033 3569 4093 obeditionis

1925 4127 1997 4181 ad
2021 4125 2345 4196 justitiam;
2376 4127 2433 4177 et
2462 4138 2565 4193 per
2596 4121 2703 4176 hoc
2732 4121 3019 4192 incipiens
3049 4121 3261 4178 habere
3291 4122 3351 4177 in
3382 4138 3568 4179 mem-

1927 4215 2047 4271 bris
2078 4213 2201 4270 suis
2230 4212 2416 4285 legcm
2467 4215 2890 4283 repugnantem
2940 4210 3054 4283 legi
3103 4211 3316 4267 mentis
3349 4228 3489 4278 sum,
3523 4215 3581 4268 et

1929 4303 2319 4377 captivantem
2345 4317 2406 4356 se
2430 4300 2486 4355 in
2511 4299 2694 4372 legem
2720 4300 2937 4372 peccati
2963 4316 2974 4355 :
2997 4300 3215 4356 amissa
3236 4317 3371 4373 ergo
3394 4300 3583 4374 gratia

1929 4409 2075 4447 verae
2102 4389 2408 4457 libertatis,
2426 4406 2543 4460 qua
2568 4390 2677 4444 Deo
2700 4392 2929 4461 poterat
2960 4388 3246 4444 cohaerere
3269 4393 3326 4445 et
3347 4389 3538 4445 dicere
3567 4406 3581 4446 :

1936 4483 2076 4540 Mihi
2104 4488 2285 4535 autem
2314 4484 2415 4534 Dco
2466 4477 2747 4534 adhazrerc
2798 4477 2996 4532 bonum
3023 4486 3101 4533 est
3127 4479 3235 4549 (Ps.
3270 4495 3439 4544 uxu,
3471 4480 3584 4547 28),

1934 4568 2149 4625 infelici
2182 4568 2450 4623 libertate
2481 4565 2798 4621 voluntatis
2828 4584 2946 4621 suae
2977 4566 3221 4622 adhaesit
3252 4570 3506 4639 peccato,
3529 4570 3587 4623 et

154 4657 264 4728 qui
296 4655 423 4710 hec
451 4651 750 4725 intelligit,
772 4668 986 4724 negare
1006 4651 1091 4707 vel
1125 4652 1395 4706 dubitare
1422 4653 1781 4724 permittitur
1808 4673 1821 4710 :
1858 4670 1905 4734 ι)
1938 4660 2129 4713 factus
2150 4662 2241 4712 est
2271 4673 2472 4710 scrvus
2495 4656 2874 4727 captivusque
2906 4656 3241 4727 peccati.De
3262 4673 3378 4727 qua
3408 4656 3587 4710 servi-

157 4745 267 4807 uhi
300 4743 388 4802 ait
416 4740 753 4815 Apostolus,
779 4758 885 4797 non
947 4742 1151 4812 repulit
1202 4746 1341 4796 Deus
1384 4742 1595 4813 plebem
1647 4760 1825 4809 suam,

154 4849 334 4906 quam
349 4833 655 4905 praecinit,
677 4828 1251 4903 praedestinationem
1274 4830 1605 4902 signiﬁcare
1621 4832 1831 4889 voluis-

157 4939 225 4980 se
254 4920 590 4994 :praascivit
610 4918 767 4975 enim
791 4916 1071 4990 reliquias
1092 4934 1241 4990 quas
1264 4920 1587 4974 secundum
1609 4920 1835 4979 electio-

158 5027 306 5075 nem
335 5010 542 5084 gratia:
573 5008 766 5064 fuerat
794 5008 918 5080 ipse
949 5007 1213 5063 facturus
1237 5024 1250 5062 :
1274 5006 1385 5063 hoc
1416 5012 1505 5063 est
1533 5024 1668 5083 ergo
1690 5028 1832 5082 prae-

158 5098 522 5165 destinavit;
561 5095 691 5153 sine
717 5095 894 5152 dubio
924 5095 1081 5152 enim
1112 5096 1426 5169 praescivit,
1457 5096 1504 5151 si
1538 5100 1835 5169 praedesti-

162 5188 360 5256 mit;
398 5187 503 5245 sed
554 5184 1006 5258 praedestinasse
1065 5189 1123 5240 et
1170 5185 1281 5240 hoc
1328 5185 1631 5258 praescisse
1682 5192 1835 5260 quod

1940 4753 2062 4804 tute
2093 4753 2150 4801 et
2182 4746 2515 4817 captivitate
2547 4745 2700 4800 exire
2731 4748 2787 4798 ct
2816 4743 3049 4800 liberari
3092 4760 3205 4799 non
3237 4748 3449 4815 potest,
3474 4742 3588 4798 nisi

1944 4853 2045 4910 per
2076 4852 2209 4890 eum
2244 4834 2343 4906 qui
2378 4834 2493 4889 ait:
2522 4834 2583 4888 Si
2614 4849 2698 4889 vos
2739 4834 2913 4888 Filius
2953 4833 3285 4899 liberaverit,
3314 4839 3441 4886 tunc
3470 4846 3591 4887 vere

1944 4927 2105 4981 liberi
2132 4926 2290 4979 eritis
2314 4923 2492 4995 (Joan.
2523 4939 2640 4988 vm,
2663 4924 2774 4990 36).
2799 4922 2867 4975 Et
2898 4921 3023 4976 ideo
3045 4920 3277 4991 quando
3299 4919 3473 4975 homo
3496 4920 3592 4975 de-

1946 5013 2129 5071 seruit
2148 5012 2353 5076 Deum,
2381 5010 2685 5066 manifeste
2709 5013 2846 5064 tunc
2868 5007 3065 5063 amisit
3085 5008 3410 5063 libertatem
3432 5007 3590 5074 boni,

1946 5108 2003 5159 et
2032 5120 2148 5158 non
2181 5099 2465 5156 remansit
2493 5100 2657 5167 liber,
2684 5096 2795 5152 nisi
2836 5097 2907 5151 ad
2942 5096 3182 5151 malum.
3209 5096 3371 5152 Unde
3404 5095 3595 5152 nesci-

1950 5210 2083 5248 mus
2117 5208 2221 5246 cur
2248 5189 2382 5244 talis
2426 5189 2485 5243 in
2534 5205 2598 5243 eo
2643 5186 2884 5242 libertas
2934 5185 3139 5241 debeat
3185 5184 3596 5258 praedicari,ac

165 5278 366 5339 fuerat
396 5276 524 5349 ipse
575 5273 1063 5344 facturus.]-Ecoe
1094 5273 1234 5345 quid
1268 5276 1435 5346 sequi
1489 5276 1718 5336 debeat.
1740 5279 1840 5351 qui
1950 5299 2068 5338 non
2100 5279 2294 5352 potius
2325 5276 2503 5333 deleri
2534 5281 2591 5331 et
2619 5273 2826 5330 caveri.

157 5366 343 5437 ium
362 5362 526 5437 piam
547 5361 740 5423 sancti
763 5360 951 5417 Patris
972 5360 1426 5435 intelligentiam
1453 5380 1595 5420 sane
1620 5370 1678 5420 et
1700 5385 1843 5439 pure

2025 5370 2100 5442 (α)
2123 5367 2285 5431 Quod
2317 5370 2511 5420 autem
2545 5363 2841 5432 dicit,sine
2872 5362 3075 5442 laboris
3103 5363 3303 5432 studio,
3334 5372 3385 5421 et
3413 5379 3598 5436 coope-

1193 5459 1407 5515 NOTIE
1446 5460 1778 5522 DUVALLII
1817 5465 2179 5527 DOGTORIS
2216 5460 2614 5517 SORBONICI.

167 5566 289 5608 nus
318 5549 393 5604 de
426 5545 942 5621 praedestinatione
966 5548 1037 5603 ad
1060 5547 1308 5620 gratiam
1332 5548 1607 5621 loquitur.
1623 5586 1691 5595 -
1708 5556 1847 5614 Vas-

170 5637 324 5695 quez
357 5618 784 5697 in‘quaestione
812 5619 901 5697 23,
942 5618 1161 5697 r_part.
1194 5624 1252 5676 ι).
1287 5618 1552 5689 Thomas;
1603 5626 1839 5697 Suarez,

170 5686 573 5768 dpusculo'de
604 5686 1137 5768 Praedestinatione.

245 5762 326 5834 (α)
388 5760 539 5818 Cum
606 5758 933 5831 Pelagianis
992 5760 1231 5817 tollebat
1286 5762 1528 5830 Erigone
1590 5767 1840 5838 gratiam

1967 5553 2431 5630 praevenientem,
2462 5553 2517 5603 et
2547 5546 2732 5630 solum
2764 5553 3171 5630 cooperantem
3203 5548 3459 5630 gratiam.
3483 5551 3602 5604 sta-

1960 5618 2124 5683 tuere
2154 5621 2477 5692 videbatur,
2508 5618 2667 5692 quod
2695 5618 2933 5692 acriter
2963 5619 3171 5675 refellit
3208 5618 3606 5692 Augustinus,

1956 5704 2021 5755 ut-
2053 5698 2219 5753 docet
2251 5688 2658 5757 Bellarminus,
2692 5688 2794 5744 lib.
2827 5707 2903 5755 vn,
2937 5707 2988 5745 c.
3025 5692 3111 5758 15,
3146 5688 3333 5747 οοηοιῖ
3365 5693 3416 5747 4.
