3896 6208
354 388 479 450 ’115

1459 390 1686 453 FLORI
1730 384 2045 451 DIACONI
2089 385 2663 453 LUGDUNENSIS.

3662 388 3770 450 116

361 525 536 581 rantis
564 525 767 594 gratiae
795 523 933 580 dono
970 522 1241 580 hominem
1278 522 1349 579 ad
1385 530 1551 581 Deum
1583 524 1870 596 pervenire
1894 536 2001 576 non
2032 517 2088 585 Α
2114 518 2411 592 Scriptura
2439 524 2708 592 testatur,
2732 538 2839 580 nec
2869 520 3021 580 sicut
3048 523 3269 580 donum
3298 521 3425 589 Dei,
3450 537 3588 579 cum
3610 521 3773 579 intel-

360 632 531 687 posse.
564 613 731 669 aliter
776 614 920 668 ﬁdes
968 612 1253 669 catholica
1304 617 1480 679 tenet,
1507 631 1634 685 quae
1685 612 2009 667 certissime

364 704 568 769 credit,
582 704 753 775 juxta
775 701 1168 774 evangelicam
1195 705 1252 756 et
1280 700 1659 772 apostolicam
1683 701 2006 767 veritatem,

364 792 526 849 nullo
549 794 700 848 bono
718 808 907 863 opere,
922 790 1082 845 nullo
1098 792 1251 845 bono
1274 791 1480 845 merito
1502 789 2010 862 prmoedcnte,solo

364 883 564 954 gratize
581 881 787 937 divinae
811 879 1088 935 beneficio
1111 880 1408 935 hominem
1424 878 1633 935 salvari
1650 883 1705 934 et
1721 878 1915 933 venire
1935 878 2009 933 ad

363 972 567 1027 Deum.
590 970 753 1025 Sicut
782 969 907 1037 ipse
941 968 1222 1024 Dominus
1243 968 1418 1023 dicit:
1444 969 1606 1023 Nemo
1632 974 1803 1039 potest
1827 969 2013 1022 venire

364 1062 434 1116 ad
464 1077 564 1127 me,
589 1061 703 1114 nisi
725 1060 909 1124 Pater,
934 1060 1030 1130 qui
1048 1059 1205 1113 misit
1225 1073 1329 1119 me,
1356 1058 1588 1111 traxerit
1608 1073 1731 1111 eum
1753 1056 2011 1125 (Ionam,

365 1151 568 1219 411).Et
614 1146 930 1219 Apostolus
961 1145 1412 1218 diligentissime
1459 1144 1714 1200 inculcat
1743 1143 2015 1200 ﬁdelibus

364 1239 600 1295 dicens:
628 1239 694 1292 Ei
722 1244 905 1291 autem
946 1237 1044 1306 qui
1086 1251 1196 1290 non
1247 1240 1520 1305 operatur,
1552 1233 1789 1288 credenti
1835 1239 2015 1287 autem

363 1333 422 1385 in
456 1345 581 1385 eum
618 1328 716 1397 qui
747 1325 1016 1396 justiﬁcat
1046 1324 1296 1394 impium,
1329 1330 1612 1394 reputatur
1640 1323 1756 1392 ejus
1785 1320 1916 1392 ﬁdes
1947 1320 2018 1375 ad

354 1419 635 1490 justitiam
663 1415 837 1483 (Rom.
866 1430 942 1477 IV,
974 1413 1050 1481 5).
1084 1412 1153 1467 Et
1184 1412 1396 1467 iterum
1427 1428 1440 1465 :
1476 1411 1828 1466 Arbitramur
1849 1411 2014 1481 justi-

364 1508 522 1579 βεανὶ
550 1505 825 1560 hominem
849 1518 919 1555 ex
946 1500 1058 1571 ﬁde
1096 1502 1216 1555 sine
1264 1501 1514 1571 operibus
1561 1501 1695 1569 legis
1725 1500 1899 1567 (Rom.
1933 1516 2015 1563 ιιι,

362 1597 479 1662 28).
502 1596 571 1649 Et
601 1608 673 1647 ne
704 1589 911 1646 saltem
944 1588 1133 1661 ipsam
1165 1590 1337 1643 ﬁdem
1380 1587 1490 1644 sibi
1521 1589 1888 1660 deputarent,
1915 1584 2016 1658 qui

2116 608 2320 682 ligitur
2349 611 2579 683 proprie
2602 611 2855 684 Spiritus
2880 617 3143 679 sanctus,
3166 612 3420 669 refertur
3439 613 3511 668 ad
3548 612 3768 668 Patrem

2118 703 2176 753 et
2200 697 2433 765 Filium,
2450 701 2621 772 cujus
2645 704 2735 756 est
2764 701 3004 758 donum.
3027 702 3143 757 Ista
3162 718 3421 774 namque
3444 701 3506 755 in
3528 699 3634 756 illa
3655 717 3774 755 san-

2118 791 2211 842 cta
2232 792 2289 842 et
2310 805 2544 844 summa
2564 788 2851 845 Trinitate
2878 790 2960 845 sic
2983 791 3318 846 referuntur
3338 790 3409 845 ad
3432 788 3775 853 invicem,ut

2120 875 2442 949 singularia
2464 877 2541 932 ibi
2566 877 2705 941 sint,
2726 895 2830 934 nec
2852 878 3103 934 alterum
3119 879 3190 934 de
3209 878 3392 935 altero
3412 879 3533 934 dici
3556 878 3774 951 possit:

2122 981 2277 1019 unus
2298 964 2453 1019 enim
2480 966 2561 1020 ibi
2584 970 2671 1021 est
2690 966 2856 1022 Pater
2874 968 3295 1040 genitor,unus
3313 967 3500 1023 Filius
3522 966 3776 1040 genitus,

2123 1070 2277 1107 unus
2312 1053 2566 1125 Spiritus
2606 1058 2845 1110 sanctus
2888 1056 3205 1127 procedens
3231 1072 3242 1111 :
3268 1071 3454 1111 unum
3498 1055 3776 1121 Verbum,

2122 1145 2179 1197 et
2207 1140 2423 1214 imago,
2450 1148 2505 1198 et
2536 1143 2813 1216 splendor
2861 1143 3048 1200 Patris
3092 1145 3244 1216 quod
3298 1148 3390 1199 est
3437 1144 3780 1217 unigenitus

2125 1229 2305 1286 Filius
2334 1247 2345 1285 :
2372 1248 2554 1287 unum
2590 1233 2809 1288 donum
2852 1232 2951 1288 Dei
2997 1232 3180 1288 Patris
3217 1236 3275 1289 et
3318 1232 3474 1300 Filii,
3503 1234 3665 1306 quod
3699 1237 3782 1289 est

2125 1318 2377 1391 Spiritus
2407 1324 2667 1376 sanctus.
2691 1321 2761 1375 Et
2788 1320 2911 1376 haec
2940 1320 3011 1376 de
3040 1320 3292 1394 singulis
3319 1320 3564 1394 singula
3590 1319 3678 1376 ita
3708 1320 3780 1376 ibi

2124 1406 2555 1481 intelliguntur,
2579 1412 2644 1463 ut
2672 1408 3138 1481 uniuscujusque
3160 1425 3421 1481 persona;
3452 1409 3780 1482 proprietas

2127 1493 2199 1551 ad
2230 1496 2477 1551 alterum
2500 1498 2751 1552 transire
2781 1514 2896 1553 non
2930 1498 3112 1570 possit
3138 1515 3151 1553 :
3178 1498 3337 1554 verbi
3359 1498 3576 1571 gratia,
3604 1503 3673 1553 ut
3700 1499 3779 1554 vel

2130 1584 2298 1640 Pater
2325 1601 2586 1657 unquam
2613 1585 2793 1642 Filius
2815 1586 2929 1642 dici
2950 1587 3159 1660 possit,
3177 1586 3267 1643 vel
3299 1586 3483 1643 Filius
3506 1587 3783 1643 naturali-

364 1684 609 1742 veniunt
639 1680 712 1736 ad
742 1680 924 1735 Deum
959 1682 1132 1750 atque
1164 1678 1245 1733 ita
1272 1676 1428 1732 velut
1461 1676 1552 1732 sui
1584 1676 1779 1749 operis
1812 1675 2020 1732 merito
2130 1678 2218 1729 ter
2243 1674 2406 1730 Pater
2435 1674 2913 1748 intelligatur,vel
2946 1675 3201 1749 Spiritus
3231 1680 3473 1733 sanctus
3498 1676 3676 1733 Pater
3695 1682 3787 1733 aut

367 1779 425 1831 et
457 1788 571 1828 non
603 1768 860 1842 gratuita
889 1767 990 1822 Dei
1023 1767 1174 1822 dono
1197 1783 1259 1823 se
1289 1770 1561 1838 putarent
1586 1782 1713 1821 esse
1742 1764 2017 1831 salvatos,

2131 1761 2327 1819 Filius.
2348 1763 2723 1820 Manifestum
2749 1768 2840 1820 est
2869 1764 3067 1838 igitur,
3091 1769 3156 1820 ut
3184 1764 3467 1832 diximus,
3499 1766 3649 1838 quia
3678 1783 3785 1822 non

367 1860 623 1920 ostendit
638 1858 751 1913 alio
772 1856 898 1912 loco
914 1856 1091 1911 etiam
1114 1855 1304 1927 ipsam
1320 1854 1493 1909 fidem
1513 1854 1611 1909 Dei
1630 1855 1852 1909 donum
1869 1870 2017 1919 esse,
2046 1887 2097 1953 B
2128 1851 2212 1953 ita
2241 1852 2946 1953 refertur‘preedestinatio
2994 1854 3065 1909 ad
3115 1854 3321 1953 Deum,
3349 1854 3510 1953 sicut
3542 1855 3791 1911 refertur

364 1970 498 2009 cum
521 1949 698 2005 dicit:
726 1946 913 2003 Gratia
940 1945 1085 2000 salvi
1110 1946 1247 2015 facti
1273 1946 1421 2010 estis,
1443 1960 1541 2013 per
1570 1942 1762 2013 ﬁdem;
1790 1947 1848 1999 et
1876 1959 2012 1997 εοη-

363 2042 528 2097 tinuo
560 2036 868 2109 subjungit
891 2051 905 2088 :
929 2036 995 2089 Et
1024 2033 1122 2088 hoc
1148 2049 1259 2088 non
1279 2049 1348 2088 ex
1366 2033 1546 2097 vobis;
1572 2034 1673 2088 Dei
1689 2032 1893 2086 donum
1911 2039 2009 2099 est,

361 2147 471 2186 non.
501 2145 570 2184 ea:
593 2126 866 2199 operibus,
888 2139 958 2178 ne
988 2125 1110 2195 quis
1139 2122 1406 2191 glorietur
1429 2121 1593 2193 (Eph.
1629 2138 1687 2187 ιι,
1717 2120 1770 2185 8,
1800 2121 1877 2187 9).
1902 2120 2014 2176 Un-

361 2219 432 2274 de
454 2217 632 2273 ctiam
668 2214 841 2279 Deus,
867 2211 1020 2266 sicut
1048 2210 1173 2283 ipse
1214 2208 1529 2282 Apostolus
1568 2214 2007 2277 commemorat,

358 2324 461 2380 per
490 2302 834 2377 prophetam
867 2299 1043 2355 dicit:
1075 2301 1331 2355 Inventus
1358 2315 1482 2353 sum
1510 2314 1544 2353 τι
1570 2314 1679 2353 non
1711 2289 2009 2369 quaerenti-

357 2397 454 2452 bus
482 2409 569 2449 me
594 2411 611 2447 :
638 2392 825 2463 palam
857 2390 1093 2460 apparui
1116 2389 1203 2443 his
1232 2389 1329 2459 qui
1348 2403 1563 2442 menon
1594 2388 2007 2455 interrogabant

355 2486 481 2557 (Isa.
508 2498 632 2537 LXV.
657 2481 766 2547 11).
790 2477 889 2533 Vel
915 2476 1068 2533 sicut
1105 2476 1164 2531 in
1211 2479 1412 2531 nostra
1448 2474 1701 2530 editione
1742 2473 1956 2545 legitur
1987 2492 2000 2530 :

355 2574 814 2642 Qumsieruntme
842 2568 940 2638 qui
980 2574 1105 2621 ante
1150 2581 1261 2619 non
1306 2565 1736 2632 interrogabant,
1783 2566 2002 2620 invene-

351 2669 483 2717 runt
514 2660 612 2731 qui
648 2673 757 2712 non
799 2656 1139 2727 qumsierunt
1183 2669 1287 2708 me.
1323 2653 1465 2707 Ecce
1520 2650 2004 2708 manifestissima

354 2749 541 2824 gratia
569 2747 696 2803 sine
724 2744 1019 2817 operibus,
1048 2760 1151 2814 per
1180 2758 1357 2814 quam
1393 2740 1662 2797 homines
1693 2758 1807 2796 non
1840 2758 2002 2813 quaa-

353 2843 546 2896 rentes
576 2837 780 2901 Deum,
806 2850 921 2888 non
955 2832 1146 2888 solum
1175 2830 1437 2898 veniunt,
1462 2831 1564 2886 sed
1595 2830 1769 2886 etiam
1803 2847 2000 2902 perve-

354 2929 525 2985 niunt
544 2926 615 2981 ad
643 2925 826 2979 Deum
852 2939 866 2978 :
892 2922 1045 2977 sicut
1069 2920 1378 2975 innumera
1399 2917 1770 2991 parvulorum
1795 2917 1998 2986 millia,

354 3017 453 3091 qui
483 3015 686 3085 utique
724 3010 871 3067 nihil
920 3010 1055 3065 boni
1086 3008 1311 3080 operari
1366 3012 1698 3080 potuerunt,
1733 3006 1858 3063 sola
1887 3007 2001 3062 fide

352 3102 620 3161 Ecclesiae
642 3104 698 3157 et
718 3098 1174 3171 regenerationis
1208 3095 1414 3169 gratia,
1439 3113 1569 3151 cum
1612 3096 1672 3151 in
1703 3096 1804 3151 tali
1835 3099 1999 3152 aetate

353 3211 420 3250 ex
450 3208 603 3264 aqua
632 3193 688 3245 et
718 3187 940 3259 Spiritu
974 3186 1178 3252 renati,
1207 3191 1263 3241 et
1292 3184 1594 3257 originalis
1624 3185 1844 3259 peccati
1871 3185 1997 3241 vin-

2127 1941 2297 1996 Pater
2324 1941 2393 1997 ad
2424 1941 2655 2005 Filium,
2681 1942 2860 1998 Filius
2882 1944 2955 1999 ad
2988 1946 3241 2009 Patrem,
3265 1943 3521 2015 Spiritus
3546 1948 3789 2000 sanctus

2122 2030 2193 2084 ad
2220 2029 2448 2085 Patrem
2472 2034 2529 2085 et
2550 2030 2783 2086 Filium.
2808 2032 3007 2104 Neque
3026 2032 3184 2088 enim
3216 2031 3667 2104 prmdestinatio
3698 2033 3789 2089 ali-

2121 2134 2237 2190 qua
2266 2124 2357 2174 est
2387 2119 2616 2191 pr0prie
2648 2120 2705 2176 in
2728 2120 3015 2177 Trinitate
3043 2137 3326 2193 personae,
3353 2125 3419 2176 ut
3437 2122 3513 2176 ad
3538 2121 3787 2178 alteram

2119 2212 2256 2263 natu
2266 2208 2465 2263 raliter
2495 2209 2795 2265 referatur.
3166 2280 3167 2283 η

2190 2297 2459 2352 Refertur
2490 2302 2683 2353 tamen
2716 2298 2957 2354 omnino
2988 2298 3191 2354 eadem
3237 2298 3687 2371 praedestinatio
3718 2301 3781 2355 ad

2116 2383 2323 2451 Deum,
2351 2385 2409 2439 id
2439 2389 2529 2440 est
2552 2386 2624 2440 ad
2656 2389 2839 2441 totam
2886 2385 3063 2442 simul
3095 2386 3465 2454 Trinitatem,
3493 2405 3636 2460 qua:
3667 2394 3785 2445 tota

2113 2476 2203 2527 est
2247 2474 2667 2546 praadcstinans
2715 2491 3079 2548 quascunque
3121 2475 3541 2548 praedestinata
3579 2482 3773 2534 sunt:

2114 2562 2253 2633 quia
2276 2563 2499 2635 absque
2518 2564 2696 2618 dubio
2718 2565 2967 2620 refertur
2984 2565 3421 2637 praedestinatio
3441 2566 3514 2620 ad
3546 2567 3778 2639 praede-

2112 2650 2452 2720 stinantem,
2479 2653 2631 2707 sicut
2662 2657 2720 2708 et
2748 2654 3096 2726 gubernatio
3126 2654 3196 2709 ad
3240 2654 3706 2726 gubernantem,
3728 2660 3781 2711 et

2112 2739 2415 2811 dispositio
2447 2741 2517 2795 ad
2552 2740 3055 2812 disponentem,et
3077 2741 3372 2797 ordinatio
3394 2741 3466 2797 ad
3492 2743 3781 2800 ordinan-

2109 2832 2247 2883 tem.
2273 2828 2387 2883 Nec
2408 2826 2622 2901 aliquis
2646 2828 2908 2900 unquam
2935 2834 3055 2885 tam
3081 2830 3335 2886 absurde
3355 2834 3415 2885 et
3433 2830 3783 2904 importune

2110 2916 2511 2972 contentiosus
2531 2916 2659 2985 fuit,
2680 2922 2743 2971 ut
2760 2918 2941 2973 Deum
2966 2918 3167 2973 omnia
3186 2918 3603 2991 disponentem
3638 2920 3787 2977 dice-

2109 3008 2196 3060 ret
2215 3021 2343 3060 esse
2365 3004 2842 3078 dispositionem;
2875 3007 3073 3062 omnia
3095 3007 3525 3080 gubernantem
3555 3009 3619 3064 di
3631 3010 3789 3067 ceret

2108 3109 2235 3149 esse
2257 3094 2772 3165 gubernationem;
2800 3095 2999 3150 omnia
3014 3095 3383 3151 ordinantem
3403 3097 3640 3154 diceret
3660 3116 3787 3156 esse

2107 3181 2570 3251 ordinationem;
2605 3187 2885 3255 putamus
2914 3184 3070 3256 quod
3103 3200 3209 3240 nec
3236 3185 3436 3240 omnia
3468 3188 3783 3258 praedesti-

354 3281 482 3338 culo
505 3256 780 3342 absoluti,
800 3280 976 3346 atque
998 3274 1080 3330 ita
1100 3274 1316 3330 fuerint
1336 3256 1862 3348 defuncti,'absque
1886 3274 2006 3330 ulla
2035 3256 2078 3321 Ο
2118 3271 2312 3326 nanda
2336 3271 2850 3342 prmdestinantem
2877 3271 3191 3344 quisquam
3224 3272 3438 3328 dixerit
3465 3256 3601 3331 esse
3637 3292 3782 3349 prae-

352 3368 715 3427 dubitatione
735 3365 807 3420 ad
826 3364 1010 3419 Deum
1035 3364 1397 3436 perveniunt.
1413 3362 1595 3419 Aliter
1609 3381 1743 3437 ergo
1762 3363 1996 3428 sentire,

350 3460 409 3514 id
440 3463 530 3513 cst
559 3455 856 3511 hominem
887 3453 1107 3524 absque
1137 3451 1352 3507 laboris
1385 3453 1471 3507 sui
1508 3453 1702 3509 studio
1723 3453 1793 3508 ad
1819 3458 2000 3508 Deum

351 3545 649 3619 pervenire
670 3560 786 3599 non
820 3559 1010 3613 posse,
1037 3559 1148 3595 non
1182 3546 1271 3596 est
1300 3540 1677 3605 catholicum,
1703 3541 1803 3597 sed
1840 3541 2000 3597 Pcla-

349 3636 611 3709 gianum.
630 3631 931 3687 Invenitur
950 3630 1007 3685 in
1028 3629 1221 3685 libello
1239 3631 1410 3701 cujus
1434 3630 1640 3686 titulus
1654 3634 1742 3683 est
1758 3630 2003 3701 Dogma~

350 3730 475 3780 tum
504 3719 1345 3789 Ecclesiasticorum,qumdam
1380 3718 1516 3775 talis
1546 3717 1805 3773 definitio
1826 3719 1999 3785 (Gen-

352 3813 485 3869 nad.
521 3811 586 3866 de
617 3810 756 3866 Eccl.
780 3809 1034 3879 doqmat.,
1061 3825 1187 3880 cap.
1210 3808 1321 3879 21).
1348 3808 1457 3863 Sed
1490 3806 1750 3871 omnino,
1775 3811 1841 3861 ut
1861 3805 2002 3862 dixi-

354 3918 487 3957 mus
514 3899 687 3972 (sicut
716 3903 773 3953 et
802 3897 917 3952 alia
948 3896 1231 3952 nonnulla
1260 3896 1317 3952 in
1351 3897 1554 3952 eodem
1588 3894 1823 3965 libello),
1848 3894 2002 3950 Pela-

352 3988 507 4063 giani
529 3986 743 4043 erroris
764 3990 869 4041 est.
890 3986 959 4039 Et
977 3983 1105 4039 ideo
1123 3983 1458 4055 quicunque
1476 3998 1609 4036 eum
1633 3985 1868 4053 propter
1887 3980 2001 4037 alia

353 4078 618 4150 quaedam
646 4074 812 4130 utilia
843 4072 1003 4144 legit,
1027 4090 1161 4128 cum
1185 4070 1524 4142 hujusmodi
1556 4068 1637 4124 ibi
1668 4085 1878 4126 sensus
1908 4070 1997 4125 in—

349 4167 588 4230 venerit,
615 4162 949 4219 meminorit
988 4160 1231 4217 sollicite
1268 4158 1527 4231 Apostoli
1566 4157 1999 4218 dicentis:0m-

349 4257 446 4309 nia
471 4256 714 4324 probate,
738 4251 875 4324 quod
905 4251 1105 4305 bonum
1133 4256 1210 4303 est
1236 4254 1404 4302 tenete
1436 4245 1481 4316 (1
1512 4244 1687 4299 Thess.
1722 4261 1775 4310 v,
1809 4245 1924 4311 2|).

420 4342 599 4397 Addit
624 4344 756 4412 post
802 4340 923 4394 hmo
971 4338 1067 4393 ille
1095 4340 1151 4392 et
1182 4335 1340 4401 dicit,
1374 4332 1904 4405 prrrdestinationem
1936 4334 1997 4387 in

345 4432 450 4487 Deo
478 4429 779 4486 secundum
818 4427 1181 4484 substantiam
1226 4439 1355 4487 esse,
1390 4423 1613 4477 relative
1658 4430 1841 4477 autem
1865 4420 1998 4493 ﬁeri

342 4537 450 4576 non
478 4536 650 4589 posse.
676 4518 787 4572 Sed
812 4518 882 4571 de
914 4515 1022 4570 hoc
1049 4513 1189 4585 quid
1221 4511 1391 4566 nobis
1422 4509 1632 4565 melius
1662 4514 1761 4564 aut
1791 4525 1995 4565 conve-

2110 3360 2560 3416 destinationem
2587 3378 2600 3416 :
2628 3377 2762 3416 cum
2788 3360 2909 3416 haec
2930 3361 3146 3427 omnia,
3164 3360 3460 3433 sicutjam
3486 3363 3777 3432 diximus,

2110 3449 2165 3505 id
2199 3452 2290 3505 est
2319 3449 3029 3521 dispositio.gubernatio,
3049 3450 3359 3517 ordinatio,
3383 3452 3777 3523 praedestina-

2108 3538 2207 3605 tio,
2233 3538 2422 3609 magis
2444 3539 2515 3592 ad
2538 3538 2825 3609 opera,vel
2850 3540 2920 3594 ad
2949 3538 3344 3610 operationem
3369 3540 3675 3599 Creatoris
3697 3560 3776 3599 re

2110 3626 2348 3681 ferenda
2368 3626 2788 3698 intelligantur.
2805 3628 2915 3683 Sed
2938 3628 3067 3692 iste,
3095 3626 3326 3684 etiamsi
3354 3646 3508 3684 nova
3527 3638 3776 3687 conten-

2110 3715 2265 3770 tione
2282 3716 2576 3770 aftirmare
2591 3720 2835 3771 conetur
2851 3715 2934 3772 ita
2952 3732 3081 3772 esse
3096 3716 3279 3772 Deum
3297 3734 3364 3773 su
3373 3717 3548 3774 bstan
3558 3720 3778 3777 tialiter

2110 3804 2705 3875 praedestinationem,
2723 3805 2877 3860 sicut
2894 3804 3217 3871 veritatem,
3233 3805 3584 3873 bonitatem,
3597 3809 3777 3880 justi-

2107 3891 2271 3959 tiam,
2288 3896 2353 3947 ut
2374 3908 2475 3963 per
2497 3892 2605 3949 hoc
2621 3893 2779 3949 velut
2797 3893 3082 3966 singulari
3108 3898 3337 3949 tantum
3357 3912 3612 3953 numero
3632 3915 3777 3970 pre-

2108 3980 2420 4035 destinatio
2442 3980 2689 4036 dicenda
2715 3981 3011 4037 videatur:
3042 3981 3195 4037 sicut
3223 3981 3514 4056 singulari
3536 3988 3775 4042 tantum

2109 4084 2351 4123 numero
2379 4067 2594 4123 dicitur
2623 4070 2797 4137 Dcus,
2811 4069 3046 4138 veritas,
3068 4070 3322 4137 bonitas,
3345 4070 3590 4141 justitia
3614 4092 3629 4129 :
3656 4092 3772 4131 non

2106 4161 2302 4213 tamen
2325 4158 2437 4213 ista
2461 4158 2964 4229 argumentatione
2986 4159 3215 4214 efficere
3241 4163 3434 4231 potest
3453 4166 3524 4217 ut
3544 4164 3773 4233 prede-

2106 4245 2343 4301 stinatio
2376 4246 2475 4300 Dei
2514 4246 2689 4301 etiam
2723 4246 3190 4302 substantialiter
3218 4248 3373 4303 Deus
3405 4248 3520 4305 dici
3555 4253 3771 4322 possit,

2106 4351 2220 4389 non
2243 4333 2534 4406 duplicem
2560 4334 2771 4390 habeat
2796 4337 3089 4401 effectum,
3107 4340 3165 4392 et
3184 4337 3377 4409 operis
3397 4337 3775 4395 distributio-

2105 4439 2262 4488 nem,
2276 4422 2499 4478 scilicet
2512 4422 2598 4479 vel
2623 4424 2681 4479 in
2707 4423 3129 4497 praeparatione
3136 4426 3162 4497 j
3170 4430 3440 4481 ustorum
3458 4428 3534 4482 ad
3555 4426 3767 4497 vitam,

2101 4510 2187 4566 vel
2210 4510 2267 4565 in
2294 4511 2776 4582 praaordinatione
2804 4512 3117 4585 impiorum
3151 4513 3222 4569 ad
3258 4513 3769 4589 interitumzquia

343 4608 601 4663 nientius
630 4606 914 4665 videatur,
939 4604 1062 4673 jam
1096 4615 1294 4670 supra,
1328 4603 1392 4652 ut
1423 4597 1741 4669 potuimus,
1766 4598 1987 4652 dictum
2023 4617 2067 4682 D
2101 4604 2159 4654 et
2180 4599 2414 4671 justitia
2456 4600 2759 4656 verissime
2807 4601 2961 4656 Deus
2992 4601 3211 4658 dicitur
3240 4618 3254 4657 :
3289 4619 3396 4659 nec
3444 4620 3582 4660 cum
3635 4606 3769 4678 ipsa

342 4700 448 4752 cst.
473 4697 691 4751 Tamen
725 4692 863 4765 quia
900 4690 995 4744 hic
1036 4686 1263 4743 addidit
1312 4684 1880 4757 praedestinationem
1912 4686 1985 4740 ad

342 4786 525 4841 Deum
557 4781 794 4839 relative
824 4779 939 4834 dici
971 4794 1085 4831 non
1117 4790 1308 4848 posse,
1333 4773 1641 4829 manifeste
1666 4790 1781 4828 non
1804 4773 1883 4827 ita
1904 4790 1988 4830 re—

339 4874 524 4928 fertur
576 4866 1008 4944 praedestinatio
1059 4865 1129 4918 ad
1183 4864 1390 4929 Deum,
1427 4860 1578 4917 sicut
1626 4862 1873 4917 refertur
1927 4860 1988 4917 in

342 4965 543 5017 sancta
564 4958 867 5021 Trinitate,
890 4956 1056 5010 Pater
1075 4953 1144 5007 ad
1169 4950 1397 5013 Filium,
1425 4950 1602 5005 Filius
1630 4950 1701 5005 ad
1736 4951 1985 5020 Patrem,

341 5050 598 5121 Spiritus
624 5049 863 5101 sanctus
896 5042 967 5096 ad
1000 5046 1336 5111 utrumque,
1360 5038 1446 5094 vel
1468 5039 1693 5112 genitor
1722 5040 1793 5094 ad
1824 5040 1987 5111 geni-

340 5143 489 5203 tum,
508 5136 740 5209 genitus
761 5133 830 5187 ad
857 5131 1200 5204 genitorem,
1217 5129 1536 5200 procedens
1557 5129 1628 5182 ad
1650 5132 1984 5200 utrumque.

339 5225 454 5279 Nec
481 5222 634 5277 sicut
653 5221 909 5275 Verbum
934 5217 1032 5273 Dei
1058 5234 1191 5272 cum
1218 5216 1582 5289 intelligitur,
1611 5217 1785 5271 Filius
1807 5219 1981 5274 refer-

338 5316 435 5365 tur
456 5310 527 5365 ad
549 5307 973 5376 Pat.rcm,cujus
991 5311 1081 5360 est
1096 5305 1370 5360 Verbum.
1386 5306 1455 5360 Et
1469 5321 1601 5360 cum
1627 5304 1779 5361 idem
1807 5306 1983 5361 Filius

336 5397 551 5453 dicitur
572 5400 771 5464 imago,
787 5395 1035 5448 refertur
1054 5394 1325 5449 similiter
1344 5394 1414 5449 ad
1442 5394 1688 5461 Patrem,
1705 5395 1874 5464 cujus
1895 5399 1985 5450 est

334 5486 549 5554 imago.
573 5485 643 5538 Et
672 5499 808 5537 cum
840 5482 1049 5536 dicitur
1094 5482 1349 5555 splendor
1391 5483 1606 5551 gloriae,
1634 5484 1879 5537 refertur
1909 5484 1979 5537 ad

335 5577 611 5627 :rtcrnam
643 5570 857 5637 lucem,
881 5586 949 5625 ex
979 5588 1095 5642 qua
1124 5576 1230 5638 est,
1255 5576 1313 5628 et
1350 5575 1521 5641 cujus
1567 5570 1844 5641 splendor
1871 5575 1979 5626 est.

338 5657 552 5714 Candor
597 5668 675 5715 est
722 5659 871 5714 enim
919 5659 1055 5715 lucis
1101 5669 1327 5717 aeternae
1373 5661 1522 5730 (Sap.
1554 5673 1658 5727 vn,
1685 5660 1799 5728 25),
1835 5659 1986 5714 sicut

2098 4692 2248 4743 Deus
2261 4687 2724 4744 substantialiter
2738 4688 3327 4763 intelligitur,plurali
3343 4708 3598 4751 numero
3610 4700 3766 4751 recte

2096 4776 2456 4832 enuntiatur.
2477 4778 2547 4832 Et
2583 4782 2777 4832 tamen
2813 4778 3047 4850 justitia
3074 4779 3344 4852 Dei,quaa
3376 4780 3558 4838 etiam
3608 4783 3767 4840 Deus

2096 4866 2349 4932 est,sine
2392 4866 2573 4920 dubio
2603 4866 2896 4938 duplicem
2944 4866 3121 4924 habet
3168 4869 3465 4937 effectum,
3488 4870 3769 4928 videlicet

2094 4953 2181 5009 vel
2215 4954 2275 5008 in
2305 4955 2774 5010 remuneratione
2814 4956 3123 5023 bonorum,
3146 4955 3236 5012 vel
3274 4956 3335 5013 in
3378 4958 3768 5016 damnatione

2098 5042 2562 5099 malorum.Cum
2585 5058 2721 5114 ergo
2747 5044 2816 5098 ad
2851 5044 3364 5116 praedestinantem
3390 5046 3584 5103 Deum
3607 5054 3767 5104 recte

2097 5131 2327 5186 dicatur
2342 5129 2578 5185 relative
2600 5131 3053 5201 prsidestinatio,
3067 5132 3225 5188 sicut
3245 5134 3316 5189 ad
3340 5134 3763 5208 disponentem

2092 5218 2505 5290 dispositio,ad
2528 5219 2952 5290 gubernantem
2978 5221 3348 5293 gubernatio,
3373 5224 3447 5279 ad
3476 5224 3765 5280 ordinan-

2091 5311 2207 5362 tem
2236 5305 2545 5373 ordinatio,
2566 5306 2640 5361 ad
2674 5312 3014 5379 operantem
3044 5310 3325 5381 operatio,
3350 5310 3761 5370 ad‘creantem

2092 5394 2306 5450 creatio
2331 5410 2343 5447 :
2369 5399 2425 5449 et
2464 5394 2695 5450 etiamsi
2746 5394 2966 5467 aliquid
3000 5396 3226 5452 ratione
3275 5400 3509 5455 ostendi
3544 5402 3756 5473 possit,

2093 5481 2687 5538 substantialiterdici
2706 5482 2915 5538 debere
2937 5485 3515 5555 praedestinationem
3538 5488 3760 5555 Dei,vel

2092 5570 2662 5643 prtedestinationem
2704 5571 2889 5626 Deum
2917 5588 2931 5625 :
2956 5571 3170 5644 duplex
3212 5579 3412 5630 tamen
3452 5576 3586 5648 ejus
3616 5578 3760 5634 effe-

2092 5666 2219 5716 ctus
2251 5658 2562 5730 Scripturzc
2612 5664 2825 5715 sanctze
2876 5659 3164 5717 immobili
3215 5663 3461 5720 veritate
3491 5665 3756 5723 declara-
