3896 6208
163 259 288 319 133

1143 262 1377 325 LIBER
1418 260 1833 325 ADVERSUS
1874 258 2250 330 JOANNEM
2295 266 2629 330 SCOTUM.

3479 278 3503 336 1
3518 277 3595 336 3-4

170 396 397 446 natum
431 392 597 448 bona}
634 411 668 449 a
699 398 812 449 Deo
850 394 1124 464 conditis;
1159 400 1285 452 erat
1324 397 1384 450 in
1412 395 1619 451 honore
1642 393 1840 468 gratia:
1867 395 1926 467 Î‘
1953 397 2051 451 sed
2085 398 2154 451 de
2186 397 2283 454 illa
2312 399 2623 471 voluntate,
2644 419 2761 474 qua
2786 403 2872 459 vel
2904 420 3204 462 summum
3228 406 3446 462 bonum
3470 407 3597 463 dili-

172 478 292 535 sibi
324 496 360 534 a
390 483 505 535 Deo
536 479 783 536 collatae.
809 481 918 537 Sed
950 480 1109 537 hunc
1140 480 1421 537 honorem
1446 479 1651 536 divinae
1675 480 1838 535 boni-

178 567 324 625 tatis
352 572 408 624 et
436 569 662 642 gratiae,
687 569 842 626 unde
864 569 1104 626 haberet
1127 587 1237 625 non
1270 570 1562 638 intellexit,
1586 586 1721 625 cum
1748 570 1843 625 de-

178 661 341 714 serto
382 657 652 715 Creatore
700 658 771 714 de
820 674 882 715 se
929 659 1325 732 praesumpsit,
1358 662 1435 725 et,
1469 658 1843 731 suggestione

176 746 497 820 serpentis,
530 746 648 803 Deo
688 746 901 803 similis
932 752 1213 819 tanquam
1255 747 1364 802 sub
1406 746 1565 803 nullo
1597 746 1841 803 Domino

176 852 312 891 esse
338 835 692 909 concupivit.
713 836 877 893 Unde
901 841 957 891 et
988 835 1112 908 ipse
1143 836 1349 891 merito
1379 853 1414 892 a
1444 836 1711 892 Creatore
1741 836 1841 892 de-

178 928 402 996 sertus,
435 928 596 980 totus
624 922 685 980 in
718 924 974 980 deterius
1004 928 1400 981 commutatus
1431 929 1538 993 est,
1562 929 1619 980 et
1647 924 1844 981 anima

176 1012 450 1069 videlicet
485 1017 542 1069 et
571 1029 810 1086 corpore
844 1030 857 1070 :
893 1013 1111 1078 anima,
1137 1012 1279 1086 quia
1317 1012 1539 1070 amissa
1576 1012 1844 1069 libertate

169 1101 450 1173 justitize,
464 1100 683 1157 amissa
701 1100 968 1158 libertate
991 1101 1157 1157 bona:
1178 1100 1587 1172 voluntatis,et
1605 1106 1842 1174 peccato

179 1190 528 1246 dominante
550 1192 882 1262 depressus,
905 1207 973 1246 ea
993 1208 1120 1263 qua:
1145 1208 1383 1247 sursum
1407 1195 1567 1261 sunt,
1588 1208 1844 1263 quaerere

180 1279 455 1348 cessavit,
489 1283 545 1334 et
574 1279 798 1349 intima,
830 1278 987 1335 velut
1034 1280 1224 1349 bruto,
1248 1283 1304 1335 et
1352 1280 1604 1352 pecudeo
1635 1297 1842 1351 sensu,

182 1368 498 1441 appetivit;
560 1385 797 1440 corpore
856 1385 1010 1437 vero,
1053 1368 1193 1440 quia
1249 1367 1456 1425 mortis
1511 1368 1843 1425 conditione

182 1457 509 1513 damnatus
535 1461 599 1512 ut
631 1457 691 1512 in
724 1462 936 1513 terram
962 1462 1019 1513 et
1044 1457 1363 1530 pulverem,
1395 1458 1547 1513 unde
1568 1462 1845 1530 sumptus

184 1551 298 1613 est,
335 1563 495 1602 more
534 1546 938 1618 jumentorum
986 1545 1423 1612 dissolveretur,
1460 1546 1599 1619 justi
1629 1545 1844 1618 judicii

188 1636 543 1691 sententiam
572 1634 815 1708 excepit.
837 1636 975 1690 Ecce
998 1635 1071 1691 ad
1105 1638 1393 1707 quantum
1418 1634 1639 1690 malum
1671 1635 1846 1691 devo-

186 1723 315 1779 luta
346 1730 435 1780 est
466 1724 725 1780 humana
753 1729 982 1790 natura,
1014 1724 1232 1797 peccati
1266 1722 1474 1779 merito
1505 1728 1625 1780 tota
1655 1723 1712 1778 in
1746 1724 1845 1779 (le-

186 1814 376 1870 terius
408 1817 787 1879 commutata,
808 1812 1073 1868 libertate
1096 1812 1169 1867 ad
1195 1813 1413 1867 bonum
1436 1812 1749 1878 amissa,et
1771 1811 1844 1866 ad

188 1903 389 1958 solum
422 1901 644 1957 malum
688 1902 1081 1975 appetendum
1121 1901 1322 1969 libera,
1350 1901 1462 1957 nisi
1501 1902 1629 1972 ejus
1660 1902 1848 1974 gratia

188 1998 438 2049 sanetur
467 1995 524 2047 et
565 1991 1008 2064 redintegretur,
1042 1992 1139 2064 qui
1175 1992 1324 2046 venit
1360 2006 1627 2062 quaerere,
1657 2000 1707 2045 et
1734 1991 1844 2046 sal-

186 2099 323 2139 vere
351 2081 493 2155 quod
515 2083 754 2154 perierat
783 2082 933 2153 (Luc.
956 2098 1070 2148 nux,
1104 2080 1211 2152 10).

260 2169 541 2244 Angelica
569 2174 767 2226 autem
789 2173 999 2225 natura
1019 2173 1305 2241 quantum
1338 2168 1392 2223 in
1414 2167 1644 2224 diabolo
1667 2170 1723 2224 et
1751 2186 1851 2224 an-

189 2260 342 2334 gelis
364 2261 496 2331 ejus
517 2259 847 2332 depravata,
866 2263 924 2314 et
944 2257 1301 2314 horribiliter
1329 2256 1388 2313 in
1411 2257 1670 2313 deterius
1691 2275 1847 2313 com-

192 2356 426 2406 mutata
445 2347 766 2414 sit,amisso
800 2347 979 2402 libero
1006 2345 1246 2402 arbitrio
1277 2347 1348 2402 ad
1383 2347 1697 2415 bonum,ut
1728 2364 1839 2402 non

193 2442 394 2497 solum
429 2439 501 2493 ad
535 2437 677 2493 illud
724 2435 1019 2492 ullatenus
1066 2452 1391 2509 assurgere,
1426 2435 1524 2491 sed
1574 2453 1680 2491 nec
1708 2434 1853 2492 velle

184 2531 317 2601 jam
346 2529 663 2601 possint.et
685 2527 756 2581 ad
781 2524 970 2580 solum
996 2523 1216 2581 malum
1242 2542 1544 2597 nunquam
1566 2526 1852 2581 mutanda

195 2618 427 2674 malitia
479 2616 766 2682 conversi,
802 2615 935 2687 quis
981 2614 1155 2687 digne
1210 2614 1397 2686 possit
1454 2630 1849 2687 expavescere,

197 2714 422 2780 quanto
454 2705 651 2761 minus
671 2704 861 2760 verbis
887 2703 1209 2776 explicare?
1228 2702 1374 2758 Nam
1396 2707 1451 2758 et
1476 2703 1734 2776 corporis
1755 2721 1854 2758 na-

194 2804 335 2855 tura
363 2797 495 2868 ipsa
524 2800 634 2863 est,
667 2799 724 2851 et
753 2810 915 2859 sana,
943 2798 999 2849 et
1028 2797 1280 2867 aegrota:
1313 2792 1415 2848 sed
1447 2809 1574 2865 qua:
1607 2792 1756 2848 valet
1786 2810 1852 2849 ac

195 2890 355 2962 viget
376 2887 528 2942 bono
546 2882 978 2955 sanitatis,ejus
996 2881 1311 2938 amissione
1331 2882 1391 2937 in
1413 2881 1668 2938 deterius
1687 2899 1854 2938 versa

195 2980 480 3051 gravatur
507 2979 564 3030 et
609 2972 890 3045 affligitur
918 2971 1121 3028 morbo
1160 2970 1545 3045 egritudinis.
1578 2971 1688 3027 Sed
1722 2971 1849 3035 iste,

196 3066 303 3139 qui
328 3066 576 3120 liberam
592 3062 971 3129 voluntatem,
987 3063 1043 3116 et
1063 3059 1313 3116 liberum
1333 3060 1641 3116 arbitrium
1664 3061 1734 3115 ad
1758 3060 1854 3116 bo-

1950 483 2052 557 git,
2071 503 2204 541 cum
2228 493 2383 543 recta
2402 493 2509 556 est,
2530 490 2587 545 id
2611 495 2701 547 est
2722 492 3029 560 Deum,vel
3057 493 3327 551 intimum
3350 496 3592 565 bonum,

1951 589 2083 629 cum
2106 592 2284 646 prava
2307 582 2417 644 est,
2439 576 2496 633 id
2519 584 2608 634 est
2629 582 2940 637 mundum.
2963 586 3094 639 IIzec
3123 584 3279 640 enim
3305 583 3594 653 voluntas,

1951 678 2085 717 cum
2108 681 2226 720 una
2249 664 2327 721 sit
2348 670 2557 723 natura
2574 685 2708 725 cum
2728 686 2795 725 ea
2818 670 3115 728 voluntate
3138 690 3253 745 qua
3274 691 3442 731 mens
3462 673 3594 730 dili-

1950 751 2034 822 git
2059 751 2335 825 seipsam,
2352 754 2606 812 multum
2626 760 2822 814 tamen
2845 759 3026 816 distat
3050 761 3351 817 affectione
3377 779 3390 818 :
3416 780 3595 836 quan-

1951 844 2077 895 tum
2101 841 2281 898 distat
2304 843 2456 900 inter
2475 844 2845 903 dilectionem
2868 848 2983 916 sui,
3007 854 3065 905 et
3083 850 3451 908 dilectionem
3473 851 3593 920 Dei,

1949 927 2105 984 inter
2132 930 2502 990 dilectionem
2560 935 2672 1003 sui,
2707 941 2764 991 et
2805 937 3178 995 dilectionem
3235 941 3460 996 mundi.
3493 940 3598 998 111a

1950 1018 2108 1073 enim
2138 1018 2436 1077 voluntate
2486 1024 2742 1095 seipsam
2782 1031 2942 1082 amat
2975 1044 2989 1081 :
3021 1028 3134 1085 ista
3187 1029 3482 1086 voluntate
3509 1029 3597 1086 vel

1954 1111 2135 1161 Deum
2165 1107 2355 1182 diligit
2383 1127 2560 1183 super
2604 1129 2686 1180 se,
2714 1113 2802 1170 vel
2836 1117 3126 1173 mundum
3158 1118 3309 1175 intra
3356 1136 3436 1175 se.
3462 1121 3595 1185 Quae

1950 1197 2148 1250 tamen
2180 1197 2468 1266 voluntas,
2510 1204 2575 1255 ut
2620 1200 2899 1271 diximus,
2923 1208 3133 1261 natura
3191 1224 3309 1263 una
3352 1213 3461 1275 est,
3494 1208 3596 1263 sed

1952 1283 2253 1340 affectione
2281 1287 2533 1343 efï¬citur
2557 1289 2803 1348 diversa.
2832 1292 2897 1346 Et
2924 1292 3243 1366 singularis
3265 1300 3354 1351 est
3372 1296 3431 1352 in
3454 1296 3597 1353 dile-

1952 1372 2141 1429 ctione
2164 1374 2339 1441 sui,et
2360 1376 2663 1449 multiplex
2686 1379 2743 1434 in
2762 1380 3075 1438 dilectione
3100 1400 3294 1439 rerum
3311 1385 3597 1442 bonarum

1950 1460 2039 1516 vel
2060 1461 2348 1519 malarum
2368 1465 2586 1536 quibus
2602 1467 2854 1524 trahitur
2874 1468 2991 1526 sive
3007 1470 3369 1529 distrahitur.
3389 1474 3455 1529 Et
3470 1473 3599 1529 ideo

1953 1566 2087 1605 cum
2111 1550 2211 1607 illa
2228 1551 2497 1610 voluntas
2522 1561 2761 1623 naturae,
2782 1559 2852 1614 de
2873 1577 2990 1631 qua
3009 1560 3215 1618 beatus
3232 1563 3601 1635 Augustinus

1955 1640 2238 1711 disputat,
2256 1640 2312 1696 id
2336 1646 2425 1698 est
2446 1661 2563 1715 qua
2592 1662 2758 1703 mens
2778 1647 2971 1720 diligit
2999 1649 3079 1705 sei
3086 1666 3276 1722 psam,
3299 1650 3447 1707 nihil
3478 1668 3602 1725 per-

1955 1728 2138 1797 tineat
2164 1730 2234 1785 ad
2269 1729 2514 1788 liberum
2547 1734 2854 1791 arbitrium
2883 1741 2940 1792 et
2968 1736 3210 1795 liberam
3240 1739 3600 1797 voluntatem

1954 1833 2069 1889 quo
2089 1817 2175 1873 vel
2200 1819 2353 1874 bona
2373 1826 2750 1892 appetuntur,
2764 1824 2851 1880 vel
2874 1826 3049 1895 mala,
3068 1829 3167 1884 sed
3194 1831 3599 1887 tantummodo

1956 1907 2170 1961 mentis
2193 1907 2288 1975 sit,
2309 1913 2365 1963 et
2385 1911 2457 1965 ad
2489 1910 2678 1983 ipsam
2706 1915 3016 1983 referatur;
3044 1917 3241 1974 minus
3263 1918 3490 1987 callide,
3513 1918 3600 1975 vel

1956 1993 2134 2049 nimis
2155 1993 2333 2050 stulte
2360 1995 2468 2052 iste
2489 1998 2758 2072 adjungit
2777 2001 2828 2056 ei
2849 2000 3197 2073 libertatem,
3212 2010 3269 2061 et
3288 2011 3453 2063 vocat
3470 2023 3600 2063 eam

1955 2080 2206 2138 liberum
2247 2083 2576 2154 arbitrium,
2613 2088 2699 2144 vel
2748 2087 2991 2147 liberam
3041 2092 3416 2153 voluntatem.
3440 2098 3603 2164 Quod

1958 2171 2163 2227 beatus
2184 2174 2548 2245 Augustinus
2579 2176 2916 2235 nullatenus
2939 2181 3101 2249 dicit,
3116 2188 3173 2239 et
3199 2184 3353 2240 absit
3373 2190 3437 2241 ut
3455 2186 3605 2243 dice-

1959 2264 2063 2315 ret.
2080 2260 2219 2326 Quis
2243 2261 2399 2316 enim
2422 2263 2641 2319 nesciat
2669 2264 2821 2322 hanc
2852 2270 3066 2326 mentis
3085 2270 3463 2342 voluntatem,
3489 2291 3606 2348 qua

1960 2349 2214 2420 seipsam
2238 2350 2362 2406 vult
2391 2357 2447 2407 et
2477 2352 2689 2426 diligit,
2712 2356 2986 2414 omnibus
3007 2358 3347 2418 hominibus
3373 2367 3607 2420 natura-

1959 2436 2096 2493 liter
2124 2455 2252 2494 esse
2281 2456 2675 2510 communem,
2699 2450 2756 2498 et
2788 2461 3019 2518 semper
3059 2447 3229 2505 liberi
3277 2451 3502 2508 arbitrii
3531 2452 3603 2509 ad

1960 2525 2215 2598 seipsam
2246 2529 2609 2585 amandum?
2629 2533 2762 2597 Quin
2791 2533 2948 2589 enim
2982 2545 3146 2593 mens
3176 2538 3235 2593 in
3267 2522 3606 2598 hominibus

1960 2621 2068 2681 est,
2095 2616 2207 2670 nisi
2247 2618 2567 2674 amentium
2618 2622 2673 2675 et
2721 2621 3102 2692 dementiam,
3135 2627 3306 2698 cujus
3337 2627 3606 2686 voluntas

1961 2720 2075 2759 non
2095 2704 2433 2761 naturaliter
2445 2706 2665 2775 velit,et
2686 2712 2942 2766 mentem
2965 2711 3059 2768 cui
3078 2713 3312 2781 inest,et
3326 2716 3604 2791 seipsam,

1961 2794 2304 2862 esse,vivere
2323 2794 2675 2854 incolumem
2697 2801 3079 2870 permanere?
3102 2803 3186 2858 Ad
3210 2802 3319 2859 hoc
3339 2805 3605 2862 omnium

1961 2882 2248 2940 mentium
2270 2883 2537 2941 voluntas
2558 2889 2647 2942 est
2675 2886 2876 2943 libera.
2893 2889 3041 2955 Quid
3062 2890 3220 2946 enim
3241 2891 3485 2951 liberius
3504 2895 3607 2951 tali

1958 2972 2275 3040 voluntate,
2292 2990 2419 3046 quae
2441 2977 2825 3043 mentem,cui
2848 2976 3019 3047 inest,
3035 2978 3225 3053 diligit
3243 2997 3391 3051 esse,
3416 2982 3611 3056 diligit

1963 3062 2170 3131 vivere,
2187 3062 2376 3135 diligit
2397 3080 2510 3119 non
2530 3064 2719 3136 perire
2733 3067 2756 3120 Î¡
2770 3064 2857 3120 vel
2874 3065 3013 3138 quid
3036 3068 3225 3141 magis
3242 3070 3607 3142 superï¬‚uum

197 3134 503 3221 num,non
535 3150 722 3208 credit
757 3166 885 3206 esse
918 3150 1137 3206 bonum
1178 3150 1448 3205 humanm
1486 3149 1722 3217 mentis,
1747 3149 1849 3205 sed
1881 3134 1923 3200 C
1961 3156 2018 3207 et
2048 3134 2574 3223 supervacuum,iit
2601 3152 2737 3210 talis
2758 3134 3029 3212 voluntas
3047 3134 3373 3228 appelletur
3400 3158 3605 3228 libera,

192 3244 393 3317 ipsam
437 3245 712 3307 mentem,
768 3256 957 3311 neque
1008 3256 1137 3296 esse
1167 3239 1226 3295 in
1260 3243 1474 3307 mente,
1497 3239 1600 3296 sed
1661 3239 1851 3311 ipsam

195 3338 485 3402 mentem,
516 3329 747 3386 videtur
781 3327 1145 3385 occasionem
1184 3345 1436 3396 sumere,
1464 3328 1619 3385 sicut
1639 3328 1766 3400 jam
1797 3332 1854 3384 et

192 3439 382 3494 supra
412 3420 689 3488 diximus,
712 3435 782 3474 ex
828 3417 1183 3490 quibusdam
1215 3418 1404 3474 verbis
1454 3419 1636 3474 sancti
1663 3419 1850 3489 Augu-

179 3513 330 3568 stini
360 3511 420 3565 in
454 3508 620 3565 libris
662 3508 732 3563 de
776 3507 1060 3564 Trinitate
1089 3509 1210 3577 (lib.
1233 3526 1290 3576 x,
1314 3526 1363 3565 e.
1389 3510 1450 3565 11
1485 3514 1542 3565 et
1572 3512 1681 3578 12),
1716 3526 1850 3565 cum

182 3601 289 3657 ille
332 3598 614 3655 veraciter
645 3596 884 3652 omnino
931 3596 1106 3665 dicat,
1142 3602 1198 3653 et
1252 3605 1529 3667 mentem,
1555 3603 1613 3655 et
1660 3600 1851 3656 scien-

179 3691 336 3745 tiam
361 3687 596 3744 mentis.
622 3703 739 3758 qua
760 3684 1012 3758 seipsam
1036 3687 1286 3752 novit,et
1312 3688 1670 3744 voluntatem
1693 3706 1852 3745 men-

181 3779 267 3834 tis
297 3795 421 3850 qua
451 3776 705 3848 seipsam
732 3774 856 3829 vult
886 3779 942 3831 et
966 3775 1175 3848 diligit,
1201 3788 1377 3832 Unam
1411 3794 1541 3834 esse
1573 3778 1851 3834 naturali-

181 3874 279 3923 ter
310 3865 875 3936 substantiam,qua3
908 3868 964 3919 et
1011 3871 1101 3920 est
1141 3865 1464 3937 existendo,
1487 3871 1546 3924 et
1596 3868 1849 3942 seipsam

181 3954 460 4027 agnoscit
490 3954 748 4021 sciendo,
782 3959 840 4009 et
883 3954 1139 4027 seipsam
1178 3955 1301 4012 vult
1355 3956 1672 4030 diligendo.
1704 3956 1850 4014 Vere

182 4046 350 4101 enim
382 4044 491 4098 hoc
526 4049 733 4111 totum,
758 4042 817 4097 id
847 4047 937 4098 est
960 4047 1016 4100 et
1037 4061 1225 4117 mens,
1247 4049 1304 4101 et
1329 4045 1665 4114 scientia,et
1685 4063 1851 4103 amor

181 4135 282 4190 sui
318 4130 792 4188 substantialiter
820 4149 1005 4187 unum
1038 4138 1195 4189 sunt.
1228 4135 1361 4199 Quae
1394 4140 1590 4192 tamen
1622 4135 1761 4201 duo,
1789 4136 1847 4191 id

179 4228 277 4280 est
310 4220 642 4287 scientiam,
667 4224 726 4276 et
761 4220 1117 4278 voluntatem
1162 4223 1399 4290 mentis,
1424 4241 1541 4296 qua
1591 4223 1846 4297 seipsam

180 4311 353 4369 novit
382 4314 441 4366 et
468 4308 680 4382 diligit,
703 4326 816 4365 non
850 4310 991 4366 dicit
1023 4311 1118 4367 ille
1140 4329 1267 4369 esse
1288 4318 1546 4370 mentem
1568 4312 1846 4379 hominis,

179 4402 286 4457 sed
320 4400 383 4454 in
416 4404 614 4454 mente
644 4398 934 4467 hominis;
967 4404 1025 4456 et
1062 4400 1190 4457 ideo
1220 4402 1400 4475 hujus
1431 4402 1849 4476 disputationis

178 4488 543 4547 manifestus
574 4491 662 4542 est
691 4503 871 4544 error.

256 4577 425 4645 Quod
446 4593 581 4632 cum
599 4575 670 4632 de
689 4575 873 4632 libero
891 4576 1132 4634 arbitrio
1149 4578 1649 4653 disputatur,quo,
1662 4580 1849 4639 libera

176 4666 449 4724 hominis
478 4662 798 4731 voluntate,
824 4663 912 4720 vel
933 4664 1154 4721 bonum
1175 4666 1264 4722 vel
1286 4666 1508 4724 malum
1532 4671 1843 4743 appetitur,

176 4774 297 4814 non
317 4756 391 4811 de
409 4752 511 4809 illa
522 4752 821 4809 voluntate
836 4753 1030 4827 agitur
1041 4770 1158 4826 qua
1174 4771 1343 4812 mens
1359 4756 1551 4831 diligit
1566 4760 1841 4833 seipsam,

1962 3256 2090 3312 qua;
2109 3258 2412 3312 nunquam
2432 3246 2623 3314 potest
2636 3259 2765 3299 esse
2781 3242 3043 3313 aliud,ad
3055 3244 3414 3319 diligendam
3430 3248 3609 3316 se,vel

1961 3330 2033 3386 ad
2053 3334 2308 3386 mentem
2327 3332 2496 3403 cujus
2512 3336 2601 3387 est
2620 3349 2632 3386 :
2651 3337 2753 3387 aut
2772 3335 2835 3387 ut
2849 3333 3053 3388 eadem
3072 3334 3208 3390 talis
3222 3334 3494 3395 voluntas
3514 3355 3610 3410 ap-

1960 3417 2210 3490 pelletur
2230 3417 2477 3475 liberum
2500 3419 2832 3493 arbitrium,
2856 3437 2991 3476 cum
3013 3423 3323 3480 arbitrium
3344 3441 3472 3482 esse
3492 3443 3608 3482 non

1962 3507 2167 3581 possit,
2201 3508 2316 3564 nisi
2346 3508 2405 3562 in
2432 3508 2679 3566 diversis
2718 3510 2911 3579 rebus,
2929 3528 3057 3584 qua;
3080 3512 3498 3581 discernendis,
3519 3514 3608 3571 vel

1961 3596 2372 3668 dijudicandae,
2402 3596 2490 3653 vel
2532 3596 2830 3671 eligendae,
2863 3599 2983 3656 sive
3022 3603 3395 3673 reprehendat
3424 3602 3610 3660 sunt?

1959 3686 2243 3742 Voluntas
2260 3703 2392 3741 vero
2414 3686 2628 3743 mentis
2648 3686 2795 3742 nihil
2811 3686 2964 3744 inter
2979 3689 3060 3745 sei
3067 3707 3235 3763 psam
3254 3692 3607 3749 diversitatis

1961 3774 2234 3841 inveniat,
2250 3775 2347 3831 sed
2378 3780 2434 3830 et
2457 3775 2711 3848 seipsam
2733 3792 2966 3848 semper
2985 3779 3286 3850 aequaliter
3304 3781 3529 3855 diligat,
3552 3788 3609 3838 et

1959 3863 2212 3920 naturali
2244 3880 2383 3936 pace
2423 3868 2598 3935 atque
2636 3865 2859 3920 unitate
2898 3882 3129 3938 semper
3157 3867 3269 3924 sibi
3300 3870 3603 3926 cohaereat.

2029 3953 2269 4009 Desinat
2298 3952 2494 4024 itaque
2525 3952 2733 4020 dicere,
2754 3969 2888 4007 cum
2919 3953 2990 4008 de
3018 3952 3200 4011 libero
3229 3956 3471 4012 arbitrio
3502 3958 3604 4013 ho-

1958 4043 2135 4098 minis
2166 4041 2378 4115 agitur,
2401 4057 2517 4113 quo
2547 4039 2634 4096 vel
2664 4042 2816 4096 bona
2836 4042 2909 4097 ad
2931 4041 3205 4113 salutem,
3231 4043 3320 4101 vel
3350 4046 3511 4101 mala
3531 4046 3601 4102 ad

1955 4130 2274 4205 perniciem
2288 4147 2455 4186 suam
2468 4128 2657 4202 diligit
2667 4128 2864 4197 ,talem
2877 4130 3234 4188 voluntatem
3251 4132 3464 4188 mentis
3475 4151 3603 4191 esse

1956 4218 2403 4286 naturam.Quia
2422 4217 2556 4274 licet
2575 4223 2633 4274 et
2660 4217 2791 4291 ipsa
2818 4219 2898 4274 sit
2919 4220 3134 4277 mentis
3162 4221 3452 4288 voluntas,
3474 4239 3602 4295 quae

1955 4314 2014 4367 et
2033 4310 2112 4366 sei
2120 4326 2305 4381 psam,
2322 4311 2379 4364 et
2399 4308 2519 4364 hinc
2540 4307 2756 4381 diligit,
2780 4311 2974 4364 tamen
2996 4308 3113 4365 alia
3134 4310 3435 4367 affectione
3466 4311 3602 4368 dili-

1954 4400 2039 4472 git
2060 4398 2479 4471 seipsam,quaa
2499 4396 2581 4452 ita
2601 4396 2886 4453 naturalis
2901 4403 2990 4453 est
3006 4403 3070 4453 ut
3090 4415 3395 4472 nunquam
3419 4405 3603 4457 mute-

1874 4505 1919 4569 Î¹)
1953 4500 2074 4558 tur;
2099 4488 2212 4543 alia
2233 4486 2537 4542 allâ€˜ectiene
2557 4486 2752 4560 diligit
2780 4485 2913 4553 ista,
2935 4503 3064 4559 quae
3085 4489 3324 4547 omnino
3346 4491 3603 4546 variatur

1956 4586 2014 4637 et
2033 4582 2314 4644 mutatur,
2333 4576 2476 4630 dum
2498 4574 2586 4631 vel
2620 4576 2691 4630 ad
2723 4575 2878 4631 bona
2900 4576 2988 4631 vel
3018 4577 3091 4632 ad
3121 4577 3277 4633 mala
3306 4578 3603 4652 diligenda

1956 4666 2312 4727 convertitur
2333 4666 2440 4737 (a);
2472 4681 2609 4720 nam
2648 4664 2697 4719 si
2738 4663 2873 4721 talis
2911 4664 3180 4722 voluntas
3226 4667 3460 4735 mentis,
3485 4684 3602 4740 qua

1955 4776 2070 4816 non
2091 4756 2345 4829 seipsam
2369 4771 2555 4822 mens,
2569 4753 2670 4809 sed
2700 4752 2816 4809 alia
2835 4752 2920 4809 vel
2943 4754 3098 4810 bona
3116 4754 3202 4811 vel
3231 4754 3388 4811 mala
3407 4755 3602 4829 diligit

1185 4878 1396 4935 NOT/E
1436 4881 1770 4938 DUVALLII
1810 4881 2164 4939 DOCTORIS
2201 4877 2604 4936 SORBONIGI.

254 4984 479 5112 (aiNon
503 4984 837 5056 assequitur
858 4987 1109 5040 mentem
1124 4984 1369 5042 Joannis
1382 4986 1641 5062 Erigenaz
1658 4988 1844 5046 Eccle-

176 5056 269 5138 _s_ia
351 5055 745 5138 ugdunensis,
776 5060 1062 5138 quantum
1104 5055 1229 5138 ipse
1257 5073 1502 5138 possum
1532 5060 1837 5138 conjicere.

172 5129 291 5185 Nec
310 5127 477 5183 enim
497 5127 641 5182 dicit
661 5127 849 5199 primo
866 5127 1488 5200 Erigenagvolu'ntatem
1506 5135 1563 5186 et
1582 5127 1839 5188 animam

176 5201 615 5275 ejusdemresse
646 5198 891 5275 naturae2
915 5198 1014 5275 sed
1048 5198 1239 5275 solum
1260 5200 1620 5275 voluntatem
1652 5202 1841 5275 ipsius

175 5267 398 5328 mentis
421 5274 479 5325 et
499 5268 711 5345 anima:
731 5267 791 5324 in
815 5268 1123 5345 dilectione
1145 5271 1408 5345 suipsius
1436 5288 1605 5345 agere
1636 5267 1702 5329 ut
1730 5291 1839 5345 na-

173 5347 399 5418 turam,
424 5357 544 5418 non
578 5343 775 5418 autem
794 5340 1162 5418 Etliberam.
1188 5340 1586 5418 secundq'pie
1624 5344 1842 5418 pariter

175 5418 233 5485 et
260 5411 554 5471 catholico
585 5411 766 5468 sentit
794 5411 1041 5485 Erigena
1078 5428 1214 5469 cum
1253 5413 1395 5470 dicit
1422 5411 1746 5472 libertatem
1776 5415 1836 5471 in

174 5483 416 5542 homine
452 5490 589 5555 post
620 5483 1327 5560 peccatumremansisse,
1348 5485 1607 5560 vigorem
1638 5493 1837 5560 tam_en

174 5562 231 5618 et
253 5552 803 5635 potestatem'illius
825 5554 1127 5617 amisisse:
1153 5556 1347 5635 arguit
1365 5552 1561 5620 alitem
1582 5573 1717 5621 eum
1739 5558 1838 5643 Ec-

1952 4989 2129 5045 clesia
2158 4985 2567 5060 Lugdunensis
2592 4985 2748 5057 quod
2771 4984 3015 5060 accipiat
3036 4984 3362 5060 libertatem
3394 4991 3459 5042 ut
3482 5003 3598 5043 ser-

1948 5061 2122 5117 vituti
2154 5055 2375 5131 pec'cati
2407 5055 2736 5129 opponatur
2755 5058 2926 5126 juxta
2956 5055 3298 5131 illud_Joan.
3320 5074 3459 5114 Vin:
3490 5060 3599 5127 Qui

1947 5135 2086 5204 facit
2138 5128 2459 5204 peccatum,
2493 5144 2681 5204 servas
2725 5134 2806 5204 est
2844 5128 3354 5204 peccataErigena
3375 5135 3594 5204 _tamen

1949 5197 2078 5259 eam
2109 5197 2212 5274 pro
2234 5199 2521 5274 facultate
2569 5200 2641 5254 ad
2675 5197 3232 5274 _utrumlibet,_tam'
3252 5199 3326 5274 ad
3373 5200 3595 5257 bonum

1951 5268 2129 5346 quam
2179 5273 2250 5328 ad
2299 5268 2798 5346 malum,accipi_t,
2818 5285 2997 5346 quam
3053 5268 3112 5324 in
3168 5270 3406 5327 homine
3462 5276 3596 5346 post

1948 5340 2253 5418 peccatum
2287 5355 2585 5418 remanere
2630 5356 2697 5394 ex
2727 5340 3066 5418 Augustino
3118 5345 3342 5418 certum
3374 5340 3483 5418 est,
3514 5342 3596 5398 ita

1947 5409 2015 5471 ut
2044 5411 2361 5484 disputatio
2391 5410 2500 5484 hoc
2529 5409 2657 5484 loco
2684 5409 2952 5484 videatur
2988 5427 3121 5484 esse
3145 5413 3217 5467 de
3245 5413 3500 5469 nomine.
3523 5444 3594 5456 -â€”

1946 5479 2359 5549 Bellarininus,
2391 5479 2491 5538 lib.
2524 5496 2562 5536 Î½
2600 5481 2673 5538 de
2713 5481 2932 5552 Gratia,
2983 5487 3042 5540 et
3087 5482 3190 5546 lib.
3221 5484 3384 5554 Arb.,
3415 5484 3592 5545 variis

1946 5554 2261 5637 capitibus.
