3896 6208
349 289 465 348 133

1447 283 1674 345 FLom
1721 249 2034 343 ulscoih
2080 260 2653 344 LUGDUNENSIS.

3660 250 3766 337 136

345 420 561 494 quibus
582 422 685 477 aut
704 417 1087 484 beatiﬂcetur,
1102 420 1203 473 aut
1222 415 1437 474 misera
1457 416 1766 484 afﬁciatur,
1781 419 1995 473 natura
2014 417 2073 486 Α
2102 415 2310 489 potuit,
2335 414 2448 472 nisi
2470 428 2574 490 per
2593 414 3057 488 redemptionem
3078 411 3271 468 crucis
3291 413 3353 468 et
3379 407 3600 467 mortis
3620 404 3766 465 Chri-

345 508 499 567 esset
528 506 806 575 hominis,
829 505 983 563 sicut
1026 504 1137 561 iste
1167 503 1328 571 dicit,
1353 508 1455 560 aut
1498 504 1651 560 bona
1679 507 1835 560 esset
1863 507 1994 558 tan-

340 599 670 664 tummodo,
693 600 797 652 aut
826 594 1001 667 mala,
1029 598 1087 650 et
1114 609 1184 650 ex
1212 591 1326 650 alio
1357 592 1416 648 in
1449 592 1607 648 aliud
1639 590 1854 648 mutari
1878 606 1992 647 non

342 691 559 760 posset.
584 686 715 742 Hec
743 684 924 758 igitur
941 682 1231 753 voluntas,
1257 680 1317 737 id
1349 686 1439 737 est
1466 679 1602 737 talis
1635 679 1858 737 affectio
1887 678 1994 736 hi1-

344 776 529 832 mana?
552 773 869 831 voluntatis
879 774 1050 845 juxta
1075 771 1378 828 veritatem
1407 771 1846 843 Scripturarum
1866 768 1990 838 Dei,

343 883 378 921 a
399 856 552 922 bono
572 864 843 920 Creatore
862 861 1017 918 bona
1035 864 1092 917 et
1112 864 1271 917 recta
1289 864 1378 917 est
1396 860 1575 915 insita
1596 858 1841 923 homini,
1855 874 1991 914 cum

342 959 655 1021 crearetur,
684 951 805 1007 hac
837 950 917 1023 (in
949 949 1049 1006 illo
1085 953 1430 1022 cooperante
1468 948 1568 1005 Dei
1602 947 1811 1021 gratia)
1842 947 1999 1003 bona

341 1048 400 1100 et
428 1047 585 1099 recta
615 1039 957 1114 pet-mansit,
982 1037 1245 1111 quandiu
1284 1036 1541 1093 Creatori
1584 1035 1675 1108 pie
1717 1035 1989 1091 obedivit.

340 1132 453 1189 Sed
486 1130 625 1204 quia
653 1131 712 1185 et
743 1129 874 1201 ipsa
902 1127 1165 1183 humana
1184 1130 1396 1181 natura
1421 1125 1493 1180 ab
1524 1121 1991 1180 incommutabili

339 1223 607 1279 Creatore
628 1216 933 1275 mutabilis
949 1214 1185 1273 condita
1199 1217 1373 1280 est,et
1386 1212 1521 1270 talis
1537 1213 1762 1269 affectio
1780 1213 1991 1269 mentis

338 1311 611 1367 humana:
629 1304 900 1364 similiter
920 1302 1224 1360 mutabilis
1241 1306 1350 1372 est,
1367 1302 1529 1357 stetit
1546 1301 1606 1357 in
1626 1301 1780 1357 bono
1804 1300 1918 1373 (adj
1928 1310 1992 1356 u-

339 1400 510 1456 vante
536 1392 637 1454 Dei
674 1394 885 1471 gratia)
914 1398 971 1448 et
999 1391 1211 1448 cecidit
1256 1386 1328 1446 ad
1379 1389 1602 1446 malum
1632 1388 1858 1445 occulto
1892 1389 1989 1444 Dei

330 1486 576 1560 judicio,
601 1485 804 1541 eadem
847 1481 1036 1555 gratia
1078 1480 1325 1536 deserta.
1349 1478 1420 1534 Et
1452 1478 1626 1547 (sicut
1670 1477 1991 1551 saepissime

339 1574 562 1632 dictum
592 1576 706 1641 est)
734 1588 861 1644 qua:
892 1575 1017 1627 erat
1047 1567 1231 1625 libera
1267 1566 1340 1624 ad
1370 1567 1612 1635 bonum,
1642 1567 1862 1622 amissa
1888 1563 1990 1622 illa

338 1662 494 1720 felici
533 1662 820 1728 libertate,
845 1658 1019 1731 accpit
1048 1672 1178 1713 esse
1208 1654 1318 1713 sub
1350 1654 1571 1729 peccati
1622 1655 1838 1711 misera
1867 1670 1987 1710 ser-

337 1750 542 1809 'vitute.

408 1790 767 1912 Excljungit
794 1835 892 1892 ille
923 1833 1093 1909 quasi
1124 1832 1451 1892 definiendo
1484 1850 1497 1887 :
1538 1834 1865 1888 Libertatem
1894 1832 1990 1887 ho-
2020 1790 2069 1856 Β

336 1933 479 1987 mini
502 1936 624 2002 post
653 1934 935 2000 peccatum
972 1926 1319 1990 remansisse,
1340 1925 1577 1993 vigorem
1606 1931 1658 1978 et
1678 1912 1991 1995 potestatem

337 2022 454 2093 ejus
480 2017 799 2092 perdidisse.
829 2016 894 2070 In
916 2014 1133 2086 quibus
1154 2012 1347 2068 verbis
1375 2028 1486 2067 non
1514 2016 1601 2066 est
1622 2011 1846 2066 diutius
1867 2024 1988 2065 mo—

340 2110 631 2165 randum:
656 2104 812 2178 quia,
840 2103 991 2159 sicut
1022 2119 1201 2174 supra
1211 2102 1339 2173 jam
1370 2100 1583 2173 saepius
1605 2100 1989 2172 diximus,qui

339 2202 473 2254 ante
516 2199 821 2269 peccatum
880 2194 1004 2248 erat
1062 2191 1255 2246 libera:
1282 2188 1620 2257 voluntatis,
1654 2194 1710 2244 et
1766 2194 1989 2244 natura:

338 2288 526 2351 bonae,
548 2289 607 2342 et
628 2284 779 2339 dono
817 2282 1016 2355 gratia:
1040 2280 1111 2336 ad
1146 2295 1447 2335 summum
1488 2283 1544 2334 et
1573 2282 1855 2333 aeternum
1887 2279 1990 2333 bo-

340 2388 505 2443 num,
526 2374 599 2430 ad
626 2373 779 2445 quod
803 2370 1075 2427 conditus
1104 2370 1293 2425 fuerat
1322 2369 1663 2435 amandum,
1692 2371 1749 2422 et
1769 2365 1993 2421 deside-

339 2465 611 2529 randum,
639 2460 1038 2534 quaerendum,
1066 2457 1480 2514 inveniendum
1508 2461 1565 2512 et
1596 2454 1990 2528 contemplan-

338 2554 502 2620 dum,
523 2550 814 2626 peccando
840 2547 962 2620 [al.,
986 2546 1243 2620 peccato]
1266 2545 1475 2601 cecidit
1506 2561 1538 2599 a
1571 2549 1732 2599 tanto
1756 2543 1992 2610 bono,et

337 2645 512 2715 factus
540 2649 617 2697 est
643 2655 827 2695 servus
850 2638 1075 2711 peccati,
1100 2635 1252 2692 sicut
1279 2634 1565 2691 Dominus
1596 2632 1721 2706 ipse
1742 2637 1992 2688 testatur

339 2732 576 2788 dicens:
602 2727 793 2785 Omnis
833 2727 930 2799 qui
955 2727 1092 2797 facit
1114 2732 1396 2797 peccatum
1425 2737 1612 2779 servus
1658 2727 1740 2777 est
1781 2724 1992 2793 peccati

339 2821 516 2894 (Joan.
547 2834 667 2887 VIII,
700 2817 821 2890 34);
856 2814 916 2872 et
962 2814 1170 2871 beatus
1219 2813 1424 2869 Petrus
1470 2808 1769 2885 apostolus
1797 2810 1939 2866 dicit
1971 2828 1984 2865 :

337 2910 375 2966 ,4
427 2924 531 2982 quo
573 2909 723 2965 enim
778 2907 902 2980 quis
957 2910 1268 2977 superatur,
1299 2903 1415 2974 ejus
1471 2909 1523 2958 et
1568 2914 1757 2957 servus
1812 2907 1891 2956 est
1919 2899 1994 2971 (II

336 3005 483 3056 Petr.
512 3014 571 3067 ll,
599 2996 845 3067 l9):ita,
880 2994 1100 3050 amisso
1131 2988 1285 3048 dono
1316 2988 1751 3064 gratiae,vitiato
1782 2993 1839 3044 et
1862 3005 1986 3044 cor-

337 3093 509 3160 rupto
530 3091 588 3142 et
611 3085 922 3158 depravata
953 3080 1105 3139 bono
1137 3084 1380 3146 naturae,
1405 3079 1489 3136 sic
1519 3075 1932 3133 miserabiliter
1956 3094 1991 3133 a

2104 504 2200 571 sti,
2228 504 2380 560 sicut
2424 503 2739 577 Apostolus
2770 503 2852 559 ait
2883 504 2956 560 ad
2988 500 3298 577 quosdam,
3328 499 3434 573 qui
3484 506 3558 556 Se
3607 498 3767 555 aliter

2103 594 2392 667 putabant
2430 610 2601 665 posse
2641 592 2954 665 justificari
3008 610 3021 648 :
3072 592 3221 665 Ergo
3271 590 3534 645 Christus
3592 589 3767 662 grati:

2101 690 2347 738 mortuus
2376 690 2453 738 est
2472 683 2617 753 (Gal.
2642 699 2703 749 ιι,
2726 680 2839 749 21),
2863 688 2914 736 et
2950 681 3070 738 hazc
3096 687 3173 736 est
3197 678 3483 752 sapientia
3514 677 3689 745 verbi,
3714 679 3768 732 in

2102 786 2209 843 qua
2238 778 2529 828 evacuatur
2556 788 2697 826 crux
2727 770 2932 826 Christi
2962 771 3012 841 (ι
3042 770 3173 826 Cor.
3208 785 3247 837 ι,
3295 767 3406 837 17).
3428 767 3590 822 vere
3617 766 3765 822 enim

2102 859 2151 915 ’si
2182 864 2314 933 post
2342 856 2501 916 aliud
2534 862 2839 933 peccatum
2869 874 3065 914 veram
3096 856 3430 914 libertatem
3464 855 3655 912 homo
3680 854 3769 911 ha-

2100 950 2235 1005 bere
2263 949 2477 1022 potuit,
2501 966 2617 1005 non
2636 947 2892 1021 indig'uit
2910 946 3335 1021 redemptione,
3360 954 3482 1001 non
3513 944 3768 1016 indi‘guit
3864 948 3865 953 ‘

2102 1037 2486 1111 redemptore,
2510 1040 2567 1093 et
2595 1037 2933 1111 superﬂuus
2964 1040 3055 1092 est
3078 1035 3369 1092 adventus
3388 1033 3646 1103 Christi,
3668 1051 3764 1089 su-

2099 1128 2322 1200 perflua
2352 1131 2442 1183 est
2472 1142 2629 1182 mors
2660 1125 2893 1181 Christi.

2171 1217 2333 1282 Quod
2356 1220 2551 1273 autem
2575 1214 2717 1271 dicit
2736 1214 2846 1271 iste
2863 1224 3170 1287 peccantem
3190 1213 3468 1270 hominem
3494 1229 3611 1268 non
3638 1215 3765 1266 ami-

2098 1307 2233 1361 sisse
2260 1306 2566 1361 libertatem
2592 1304 2681 1360 sed
2730 1305 2903 1376 ipsius
2951 1304 3221 1359 libertatis
3272 1304 3523 1373 vigorem
3554 1308 3611 1357 et
3633 1308 3766 1373 pote-

2096 1402 2308 1461 statem,
2331 1411 2446 1450 non
2486 1396 2637 1449 recte
2682 1392 2844 1457 dicit,
2864 1392 3005 1465 quia
3036 1409 3151 1448 non
3200 1396 3352 1448 recte
3398 1390 3616 1447 'sen‘tit.
3647 1388 3761 1444 Non

2098 1483 2256 1539 enim
2286 1483 2507 1539 bonum
2538 1481 2829 1538 libertatis
2866 1499 2935 1538 ex
2979 1484 3142 1554 parte
3188 1478 3380 1535 tenuit
3410 1480 3468 1535 et
3504 1488 3581 1534 ex
3611 1473 3764 1551 parte

2098 1572 2326 1641 amisit;
2361 1572 2485 1640 sed,
2513 1570 2667 1627 sicut
2713 1571 2993 1644 vigorem,
3027 1574 3084 1625 et
3121 1572 3474 1643 potestatem
3535 1566 3761 1623 liberta-

2098 1660 2195 1729 tis,
2222 1661 2303 1716 ita
2332 1660 2521 1733 ipsam
2554 1659 2807 1732 perdidit
2836 1658 3191 1729 libertatem,
3213 1661 3281 1713 ut
3302 1657 3432 1729 jam
3454 1673 3575 1729 per
3605 1672 3670 1711 se
3699 1656 3763 1711 ad

2098 1767 2298 1806 verum
2332 1749 2573 1817 bonum,
2609 1748 2763 1804 unde
2812 1747 3043 1816 cecidit,
3091 1745 3239 1803 liber
3285 1763 3417 1803 esse
3456 1762 3589 1801 non
3639 1752 3765 1817 pos-

2100 1839 2195 1896 sit.
2232 1838 2534 1894 Remansit
2570 1841 2769 1893 autem
2798 1836 2947 1893 liber
2994 1837 3068 1892 ad
3119 1835 3376 1904 malum;
3412 1834 3588 1907 quia,
3622 1833 3769 1889 sicut

2099 1926 2285 1983 libera
2310 1926 2608 1982 voluntate
2636 1926 2893 1982 deseruit
2932 1926 3175 1991 bonum,
3207 1924 3288 1980 ita
3319 1922 3511 1978 libera
3564 1920 3765 1977 volun-

2100 2021 2217 2072 tate
2250 2016 2494 2072 adhzesit
2542 2014 2716 2071 malo.
2742 2014 2928 2070 Habet
2958 2014 3154 2085 itaque
3200 2013 3377 2069 homo
3429 2016 3576 2084 post
3608 2009 3763 2066 illam

2098 2105 2535 2161 damnationem
2556 2103 2809 2160 liberum
2830 2103 3283 2176 arbitrium,quo
3304 2100 3553 2175 praprla
3571 2100 3766 2158 volun-

2098 2197 2217 2248 tate
2250 2190 2517 2247 inclinari
2548 2195 2737 2265 potest
2765 2194 2822 2246 et
2848 2189 3164 2246 inclinatur
3192 2190 3265 2246 ad
3298 2188 3556 2259 malum,
3594 2188 3763 2245 habet

2099 2280 2349 2337 liberum
2373 2280 2703 2349 arbitrium,
2726 2297 2840 2352 quo
2864 2279 3050 2352 possit
3070 2290 3380 2352 assurgere
3401 2278 3481 2333 ad
3504 2278 3760 2343 bonum;

2099 2375 2162 2427 ut
2193 2374 2388 2426 autem
2421 2370 2690 2441 assurgat
2712 2369 2783 2424 ad
2818 2368 3038 2423 bonum
3069 2384 3183 2423 non
3216 2384 3345 2423 esse
3376 2367 3639 2440 propriae
3663 2368 3762 2422 vir-

2098 2460 2262 2527 tutis,
2284 2459 2385 2515 sed
2418 2458 2615 2533 gratia:
2649 2458 2748 2514 Dei
2782 2456 3136 2523 miserentis,
3163 2456 3343 2512 llabet
3376 2457 3645 2512 liberum
3675 2475 3763 2511 ar-

2096 2549 2338 2605 bitrium
2368 2552 2434 2603 ut
2465 2547 2651 2620 possit
2681 2547 2827 2602 bene
2855 2544 3021 2613 velle,
3057 2552 3121 2601 ut
3150 2547 3337 2619 possit
3367 2547 3520 2602 bene
3555 2547 3759 2611 vivere,

2098 2643 2163 2695 ut
2182 2637 2370 2713 posSit
2389 2642 2500 2694 Deo
2524 2637 2844 2705 adhaerere;
2867 2637 2966 2691 sed
2995 2639 3057 2691 ut
3076 2636 3225 2691 bene
3245 2634 3403 2701 velit,
3422 2641 3493 2691 ut
3518 2636 3674 2691 bene
3694 2635 3764 2691 vi—

2093 2730 2282 2796 vat,ut
2303 2731 2417 2783 Deo
2438 2725 2748 2793 adhaereat,
2772 2742 2887 2780 non
2908 2729 2997 2780 est
3017 2732 3136 2781 sua:
3157 2724 3413 2790 virtutis,
3430 2725 3541 2781 Sed
3567 2724 3762 2797 gratim

2095 2816 2198 2873 Dei
2227 2815 2580 2872 miserentis.
2607 2816 2754 2870 Nam
2782 2818 2839 2871 et
2868 2813 2970 2886 qui
3000 2813 3256 2887 graviter
3280 2818 3551 2887 aegrotat,
3578 2817 3765 2887 potest

2097 2904 2211 2962 dici
2234 2921 2405 2978 posse
2427 2903 2681 2977 recipere
2703 2903 3036 2969 sanitatem,
3052 2903 3152 2958 sed
3175 2906 3243 2959 ut
3272 2894 3523 2975 recipiat
3544 2903 3762 2959 sanita-

2096 2999 2234 3063 tem,
2252 2994 2425 3049 habet
2446 2991 2841 3049 necessarium
2860 2991 3379 3048 medicamentum.
3396 2993 3469 3048 Et
3486 2992 3598 3064 qui
3618 3002 3761 3047 mo‘r-

2096 3088 2235 3139 tuus
2265 3087 2373 3153 est,
2396 3087 2592 3155 posset
2622 3081 2735 3137 dici
2778 3096 2951 3154 posse
2982 3096 3307 3153 resurgere,
3330 3095 3512 3155 posse
3546 3084 3755 3149 vivere,

337 3158 502 3233 tanta
523 3173 800 3230 felicitate
820 3170 1022 3244 lapsus
1043 3173 1151 3237 est,
1177 3172 1242 3224 ut
1262 3169 1333 3223 ad
1367 3165 1513 3222 illud
1536 3167 1755 3223 bonum
1779 3181 1985 3223 aman—
2018 3158 2060 3224 C
2098 3189 2215 3228 non
2246 3176 2442 3227 tamen
2474 3187 2583 3227 sua
2608 3170 2841 3237 virtute,
2878 3170 2980 3226 sed
3010 3169 3132 3226 Dei.
3168 3170 3254 3225 Ita
3282 3172 3340 3226 et
3374 3168 3643 3227 liberum
3674 3188 3757 3227 ar-

339 3265 505 3332 dum,
518 3266 576 3319 et
592 3259 1032 3337 perimendum,
1051 3258 1142 3314 cui
1165 3256 1445 3312 inhaerere
1460 3255 1740 3311 debuerat
1759 3254 1987 3311 nullum

339 3352 525 3427 possit
552 3351 766 3407 habere
796 3360 1121 3413 recursum,
1155 3343 1271 3400 nisi
1310 3360 1415 3417 per
1452 3342 1989 3400 misericordissimi

339 3438 795 3501 reconciliatoris
823 3439 882 3491 et
902 3432 1243 3491 mediatoris
1269 3430 1571 3501 auxilium,
1596 3436 1653 3489 et
1684 3431 1989 3504 sanguinis

339 3530 468 3603 ejus
489 3527 765 3602 pretium,
787 3540 821 3581 a
841 3540 957 3596 quo
990 3521 1337 3579 redimimur
1356 3522 1426 3577 de
1450 3524 1615 3577 tanta
1635 3521 1988 3594 captivitate,

341 3626 405 3675 ut
434 3616 691 3688 recipere
740 3613 1039 3687 possimus
1087 3611 1398 3684 pristinam
1441 3610 1792 3677 libertatem,
1825 3614 1882 3666 et
1920 3611 1991 3665 de

340 3706 597 3765 inimicis
636 3702 963 3760 efﬁciamur
1000 3701 1193 3757 amici.
1228 3700 1309 3756 De
1339 3714 1453 3773 quo
1495 3699 1810 3755 mediatore
1840 3699 1993 3755 Scri-

342 3802 508 3870 ptum
538 3798 628 3851 est
658 3810 672 3851 :
708 3794 855 3851 Unus
885 3793 1035 3848 enim
1065 3794 1211 3847 Deus
1239 3797 1290 3846 et
1318 3789 1587 3846 mediator
1609 3789 1713 3846 Dei
1738 3796 1789 3845 et
1817 3789 1992 3845 homi-

340 3900 475 3938 num
502 3883 658 3939 homo
690 3881 938 3938 Christus
979 3880 1151 3947 Iesus,
1185 3880 1287 3951 qui
1312 3878 1461 3935 dedit
1501 3878 1740 3950 seipsum
1786 3876 1992 3933 redem-

336 3975 580 4047 ptionem
598 3987 698 4045 pro
739 3970 991 4028 omnibus
1020 3973 1073 4040 (ι
1106 3969 1240 4025 Tim.
1274 3982 1332 4035 ιι,
1358 3970 1444 4037 5);
1477 3971 1537 4024 et
1582 3967 1795 4024 iterum
1822 3983 1834 4022 :
1862 3968 1997 4023 Cum

342 4063 561 4119 inimici
587 4076 845 4128 essemus,
875 4059 1215 4116 reconciliati
1258 4068 1447 4114 sumus
1476 4057 1582 4113 Deo
1624 4073 1726 4130 per
1769 4064 1997 4113 mortem

341 4154 453 4224 ﬁlii
478 4152 596 4225 ejus
616 4153 790 4221 (Rom.
812 4166 871 4218 v,
894 4148 1004 4221 lO).
1028 4147 1372 4220 Quicunque
1402 4162 1539 4220 ergo
1575 4146 1736 4215 dicit,
1764 4148 1896 4218 post
1925 4144 1995 4199 il-

341 4240 463 4296 lam
508 4237 997 4312 transgressionis
1044 4236 1514 4292 infelicissimam
1568 4235 1821 4302 ruinam,
1858 4248 1994 4306 qua,

310 4384 311 4387 η
344 4329 565 4385 amissa
592 4326 841 4401 pristina
869 4325 1157 4391 libertate,
1192 4325 1379 4381 factus
1408 4329 1499 4380 est
1529 4338 1731 4380 servus
1754 4322 1993 4396 peccati,

344 4418 534 4473 factus
564 4419 653 4472 est
672 4428 875 4471 servus
903 4414 1032 4484 ejus
1053 4428 1087 4469 a
1107 4422 1222 4485 quo
1254 4416 1313 4469 et
1342 4417 1654 4486 superatus
1684 4415 1791 4479 est,
1806 4412 1996 4466 factus

343 4503 621 4561 inimicus
642 4502 762 4573 Dei,
786 4506 842 4559 et
868 4501 1091 4575 indiget
1113 4516 1229 4557 uno
1251 4500 1568 4557 mediatore
1590 4503 1647 4556 et
1666 4497 2000 4556 reconcilia-
2026 4529 2075 4594 Ι)

345 4598 486 4663 tore,
511 4606 615 4665 per
643 4606 819 4664 quem
852 4590 1101 4664 accipiat
1143 4586 1601 4662 redemptionem
1634 4602 1667 4644 a
1699 4587 1994 4656 servitute,

345 4687 404 4739 et
433 4676 964 4738 reconciliationem
996 4680 1068 4735 ad
1110 4678 1318 4734 Deum.
1351 4677 1487 4734 Post
1523 4677 1695 4747 hanc,
1729 4677 1993 4749 inquam,

309 4775 467 4828 'tam
500 4785 774 4843 magnam
822 4773 880 4825 et
924 4765 1322 4824 miserabilem
1372 4765 1628 4833 ruinam,
1661 4765 1998 4839 quicunque

347 4860 487 4915 dicit
514 4876 649 4916 eum
680 4858 959 4915 habuisse
981 4856 1067 4913 vel
1093 4856 1308 4912 habere
1333 4854 1663 4912 libertatem
1694 4857 1767 4912 ad
1796 4868 1998 4913 verum

346 4949 566 5006 bonum
609 4947 1031 5022 appetendum,
1062 4945 1387 5002 amandum
1424 4949 1482 5003 et
1521 4946 1995 5019 promerendum,

348 5037 463 5095 nisi
496 5055 598 5111 per
625 5037 875 5110 gratiam
899 5034 1020 5091 veri
1053 5033 1393 5091 mediatoris
1421 5034 1764 5104 redimatur,
1784 5022 2001 5107 justiﬁ-

347 5132 532 5195 cetur,
556 5124 964 5182 reconcilietur
1009 5128 1068 5180 et
1111 5123 1476 5194 reformatur,
1508 5124 1750 5181 omnino
1799 5129 2003 5181 contra

347 5214 524 5271 fidem
568 5212 834 5270 Ecclesiae
891 5213 1088 5280 sentit,
1109 5216 1313 5269 contra
1356 5212 1659 5270 veritatem
1706 5212 2005 5288 Evangeli-

349 5320 478 5361 cam
509 5304 566 5360 et
595 5296 976 5375 apostolicam
1017 5301 1205 5374 docet,
1228 5306 1286 5359 et
1324 5302 1564 5360 omnino
1601 5303 1911 5375 (quantum
1941 5298 2002 5358 in

350 5410 412 5450 se
439 5396 552 5462 est)
588 5394 898 5448 evacuator
944 5396 1034 5447 est
1080 5391 1272 5449 crucis
1299 5392 1536 5461 Christi,
1561 5396 1869 5448 evacuator
1912 5394 2005 5447 est

351 5480 560 5539 mortis
578 5479 813 5537 Christi.
830 5480 976 5548 Quia
1004 5480 1055 5537 si
1076 5480 1243 5539 aliter
1260 5481 1437 5539 homo
1467 5485 1602 5555 post
1629 5479 1779 5536 illud
1808 5494 2005 5553 pecca-

350 5574 481 5633 tum
500 5585 696 5631 veram
718 5569 931 5630 mentis
953 5568 1281 5632 libertatem
1304 5570 1518 5630 habere
1538 5572 1641 5629 aut
1661 5583 2003 5647 recuperare

2098 3259 2341 3318 bitrium
2362 3258 2619 3316 hominis
2642 3257 2821 3315 semel
2843 3259 3195 3325 sauciatam,
3221 3259 3403 3315 semel
3425 3252 3755 3325 mortuum,

2099 3353 2292 3424 potest
2320 3344 2537 3418 sanari,
2560 3364 2677 3405 non
2726 3353 2923 3405 tamen
2972 3365 3081 3405 sua
3133 3347 3371 3419 virtute,
3402 3350 3509 3405 sed
3573 3348 3757 3424 gratia

2100 3437 2433 3494 miserentis
2482 3436 2696 3493 Dei.Et
2724 3435 2854 3493 ideo
2885 3445 3035 3493 recte
3084 3454 3289 3494 omnes
3337 3438 3758 3509 admonentur,

2102 3530 2257 3583 recte
2280 3526 2558 3582 omnibus
2577 3526 2820 3582 verbum
2851 3524 2953 3582 Dei
2984 3526 3357 3598 praedicatur,
3374 3528 3521 3600 quia
3545 3528 3763 3587 habent

2102 3632 2273 3690 posse
2305 3615 2556 3679 credere,
2589 3613 2809 3671 habent
2855 3631 3030 3687 posse
3059 3616 3314 3672 converti
3349 3616 3422 3672 ad
3457 3621 3675 3689 Deum,
3707 3624 3763 3676 ut

2102 3705 2276 3762 verbo
2306 3704 2667 3760 extrinsecus
2716 3703 3087 3774 admonente,
3122 3708 3181 3760 et
3228 3703 3391 3761 intus
3423 3706 3549 3763 Deo
3583 3710 3766 3765 susci-

2102 3794 2287 3861 taute,
2311 3791 2410 3865 qui
2436 3792 2688 3848 audiunt
2710 3792 3074 3849 reviviscant.
3100 3791 3174 3848 Ut
3195 3796 3349 3849 recte
3369 3794 3442 3849 de
3463 3795 3770 3869 hujusmo-

2106 3882 2166 3938 di
2195 3882 2434 3938 homine
2463 3878 2728 3938 dicatur:
2759 3883 2901 3951 Quia
2928 3887 3175 3938 mortuus
3211 3884 3422 3955 fuerat,
3451 3888 3501 3940 et
3532 3886 3768 3951 revixit;

2100 3973 2363 4045 perierat,
2387 3977 2440 4027 et
2466 3972 2718 4027 inventus
2756 3979 2855 4027 est.
2878 3970 2959 4027 De
2988 3969 3099 4026 hac
3130 3971 3527 4045 possibilitate
3558 3974 3768 4030 huma—

2107 4072 2194 4117 nze
2228 4064 2470 4128 naturas,
2505 4074 2632 4132 quze
2663 4064 2858 4116 tamen
2911 4058 3056 4114 nihil
3104 4058 3260 4118 valet
3304 4059 3533 4134 absque
3566 4062 3767 4119 divina

2107 4149 2304 4223 gratiae
2356 4147 2642 4222 largitate,
2686 4149 2767 4205 ita
2814 4149 3021 4205 beatus
3050 4149 3419 4223 Augustinus
3466 4150 3643 4209 docet
3687 4151 3767 4207 di-

2108 4254 2246 4294 cens
2295 4237 2385 4309 (de
2411 4236 2676 4295 Praedest.
2727 4242 2922 4306 sanet,
2973 4254 3099 4311 cap.
3132 4239 3189 4309 5)
3226 4255 3293 4294 :«
3326 4238 3505 4296 Posse
3557 4240 3765 4297 habere

2108 4328 2305 4397 ﬁdem,
2330 4326 2481 4383 sicut
2526 4340 2699 4399 posse
2742 4326 2957 4383 habere
2988 4324 3331 4385 charitate‘m
3394 4330 3624 4385 natura:
3682 4332 3765 4385 est

2108 4415 2417 4473 hominum
2443 4432 2455 4471 :
2479 4416 2694 4472 habere
2714 4418 2908 4471 autem
2936 4416 3133 4485 ﬁdem,
3159 4417 3311 4473 sicut
3336 4415 3556 4475 habere
3586 4416 3761 4474 chari-

2107 4510 2311 4574 tatem,
2335 4504 2525 4578 gratia
2550 4508 2641 4560 est
2671 4503 2954 4560 ﬁdelium.
2983 4526 3010 4554 ››
3034 4505 3145 4561 Sed
3178 4521 3314 4562 cum
3338 4502 3622 4563 voluntas
3651 4523 3760 4564 cre-

2107 4595 2283 4651 dendi
2314 4593 2445 4649 aliis
2475 4592 2854 4667 praeparatur,
2878 4591 3011 4649 aliis
3040 4610 3157 4649 non
3187 4596 3557 4668 praeparatur
3588 4614 3627 4653 α
3652 4596 3759 4652 Do-

2106 4684 2287 4751 mino,
2314 4680 2769 4739 discernendum
2802 4686 2892 4737 est
2930 4681 3072 4754 quid
3104 4682 3299 4739 veniat
3328 4683 3401 4740 de
3432 4684 3757 4741 misericor-

2107 4770 2204 4829 dia
2231 4773 2380 4844 ejus,
2405 4770 2546 4843 quid
2568 4770 2637 4826 de
2660 4768 2907 4842 judicio.
2937 4771 3215 4829 Universae
3236 4773 3386 4827 enim
3415 4774 3528 4830 viae
3545 4773 3762 4831 Domitii

2105 4860 2481 4918 misericordia
2511 4868 2565 4917 et
2588 4862 2790 4916 veritas
2836 4862 2950 4929 (Ps.
2995 4877 3145 4916 xxxv.
3197 4862 3307 4931 10).
3357 4861 3760 4935 Investigabiles

2108 4956 2304 5009 autem
2336 4956 2478 5007 sunt
2522 4952 2634 5007 viae
2678 4951 2854 5022 ipsius
2885 4950 3057 5019 (Rom.
3091 4967 3153 5017 ιι,
3182 4950 3295 5023 33).
3322 4950 3759 5025 Investigabiles

2107 5039 2289 5112 igitur
2317 5042 2473 5105 sunt,
2504 5040 2564 5093 et
2603 5034 3009 5092 misericordia
3055 5053 3173 5109 qua
3216 5036 3403 5110 gratis
3448 5036 3681 5107 liberat,
3709 5038 3760 5092 et

2108 5128 2321 5186 veritas
2352 5143 2469 5200 qua
2489 5127 2654 5198 juste
2672 5125 2922 5198 judicat.

2179 5218 2232 5273 5.
2268 5217 2382 5272 Iste
2411 5218 2725 5290 postquam
2758 5214 3012 5272 inaniter
3047 5217 3105 5271 et
3142 5210 3429 5272 fallaciter
3459 5212 3610 5273 dixit
3637 5217 3757 5289 post

2111 5308 2416 5379 peccatum
2462 5303 2690 5362 homini
2733 5303 3061 5361 libertatem
3104 5303 3483 5376 remansisse,
3516 5301 3757 5377 subjecit

2112 5393 2285 5450 aliam
2310 5392 2764 5467 conclusionem,
2778 5397 2836 5449 et
2853 5392 2967 5449 ait:
2985 5392 3209 5466 Semper
3225 5396 3755 5451 naturam-incitam

2105 5496 2263 5558 posse
2302 5489 2355 5539 et
2391 5484 2651 5557 perﬁcere
2687 5482 2920 5539 nonnisi
2965 5497 3068 5554 per
3109 5484 3375 5558 gratiam.
3404 5485 3573 5552 Quod
3604 5482 3652 5540 si
3683 5482 3755 5537 ita

2112 5571 2273 5646 dicit,
2297 5571 2468 5650 quasi
2498 5576 2710 5632 natura
2736 5568 2997 5631 hominis
3026 5586 3132 5651 per
3167 5569 3422 5633 liberum
3452 5572 3750 5636 arbitrium
