3896 6208
143 377 240 439 Mi

1078 370 1307 431 LIBER
1352 370 1765 431 ADVERSUS
1807 368 2175 431 JOANNEM
2222 368 2558 431 SCOTUM.

3410 377 3523 435 142

142 524 286 565 mum
316 505 492 563 distat
524 504 679 559 inter
707 507 1006 577 peccatum
1028 506 1083 558 ct
1103 519 1333 575 poenam
1358 502 1759 575 peccati,quod
1791 505 1846 571 Α
1876 500 2081 557 vitium
2104 503 2452 569 naturae,sed
2470 503 2656 560 virtus
2675 521 2744 560 ex
2760 504 2966 559 divina:
2982 505 3182 577 gratiae
3206 506 3520 578 inlusione,

141 600 419 673 peccatum
450 593 603 649 illud
634 592 796 649 solus
833 591 1006 648 homo
1036 591 1197 660 fecit;
1233 591 1453 663 peccati
1484 608 1614 647 vero
1645 608 1770 664 poe-

120 703 261 743 nam
282 687 336 741 et
362 682 487 756 ipse
506 681 747 749 meruit,
762 686 820 737 et
842 681 995 737 Deus
1015 680 1511 752 justejudicando
1535 679 1765 735 inﬂixit.

118 776 199 831 .Et
226 773 345 830 ideo
381 769 487 827 tali
518 768 1027 844 argumentatione
1070 784 1441 841 nequaquam
1474 767 1771 824 concludit

137 862 213 919 vel
240 860 488 919 ostendit
519 859 630 916 iste
652 859 808 932 quod
828 856 972 923 vult,
994 856 1263 913 videlicet
1282 857 1450 929 quasi
1473 856 1634 913 nulla
1655 874 1771 930 po:-

137 970 203 1008 na
230 949 463 1024 peccati,
489 948 655 1005 nulla
684 946 941 1016 miseria,
972 945 1199 1002 nullum
1238 945 1614 1019 suppliqium,
1639 963 1767 1018 quae

135 1038 496 1115 peccantibus
527 1037 885 1110 irrogantur,
911 1052 944 1090 a
974 1036 1089 1091 Deo
1115 1036 1251 1091 sint.
1277 1036 1347 1090 Et
1365 1034 1496 1091 ideo
1518 1052 1633 1092 non
1663 1052 1768 1107 po-

134 1130 301 1185 tuisse
319 1144 353 1183 a
376 1132 486 1183 Deo
508 1124 915 1200 predestinari
938 1123 1274 1197 iniquorum
1296 1127 1508 1180 aeterna
1540 1124 1765 1197 suppli-

134 1217 214 1273 cia
235 1234 247 1272 ε
269 1216 405 1288 quia
435 1215 509 1271 ab
541 1215 667 1289 ipso
698 1231 814 1271 non
838 1217 999 1283 sunt,
1021 1213 1173 1270 sicut
1200 1216 1528 1287 peccatum,
1551 1212 1632 1268 ita
1660 1229 1766 1269 nec

131 1304 667 1379 supplicium.Cum,
684 1303 837 1359 sicut
848 1303 975 1375 jam
998 1319 1179 1376 supra
1198 1301 1585 1370 ostendimus,
1605 1318 1767 1374 aper-

132 1394 345 1451 tissime
386 1396 590 1449 contra
637 1392 794 1449 hunc
841 1409 1098 1448 errorem
1147 1390 1450 1464 Scriptura
1505 1390 1762 1447 clamet:

129 1484 269 1540 Bona
294 1490 345 1539 et
371 1483 562 1550 mala;
592 1484 702 1538 vita
732 1489 784 1538 et
810 1498 993 1549 mors;
1016 1488 1315 1553 paupertas
1360 1488 1413 1536 et
1455 1481 1703 1536 honestas
1731 1496 1767 1535 a

129 1574 224 1629 Deo
250 1579 375 1627 sunt
392 1572 585 1641 (Eccli.
609 1588 688 1641 x1,
724 1569 834 1639 44).
858 1569 984 1626 Non
1016 1569 1217 1642 utique
1246 1569 1347 1626 illa
1375 1568 1552 1636 mala,
1582 1567 1768 1624 homi-

131 1678 223 1718 nes
252 1661 564 1734 peccando,
588 1664 646 1716 et
686 1658 888 1732 inique
928 1659 1172 1732 agendo,
1196 1658 1590 1727 committunt,
1616 1674 1765 1730 quo-

130 1767 249 1805 rum
278 1749 518 1806 omnino
575 1752 781 1805 auctor
811 1748 966 1805 Deus
1014 1764 1128 1804 non
1177 1752 1292 1816 est;
1326 1748 1427 1803 sed
1484 1747 1602 1816 illa,
1636 1763 1763 1820 quae

126 1844 349 1913 propter
377 1842 620 1912 peccata
658 1837 1000 1894 hominibus
1035 1838 1199 1909 justo
1233 1837 1331 1893 Dei
1357 1836 1582 1909 judicio
1615 1836 1763 1892 irro-

125 1933 344 2001 gantur,
363 1927 519 1984 sicut
549 1927 754 1995 fames,
770 1927 976 1993 caedes,
995 1925 1368 1993 hostilitates,
1383 1925 1758 1993 vastationes,

127 2022 177 2073 et
202 2021 413 2073 caetera:
443 2033 738 2084 aerumnae,
771 2020 829 2071 et
859 2014 1054 2072 clades
1096 2032 1108 2071 :
1152 2016 1224 2071 de
1253 2014 1470 2087 quibus
1500 2019 1557 2070 et
1584 2014 1761 2070 Amos

126 2105 397 2179 propheta
429 2105 697 2162 dicit:Si
735 2107 841 2162 erit
885 2106 1097 2161 rnatum
1142 2106 1201 2160 in
1250 2106 1468 2161 civitate
1496 2104 1636 2176 quod
1665 2106 1763 2160 Do-

125 2196 297 2250 minus
342 2211 457 2250 non
499 2196 630 2267 fecit
653 2194 833 2268 (Amos
862 2211 945 2263 III,
977 2194 1052 2266 6).
1078 2194 1146 2249 Et
1174 2194 1300 2266 ipse
1345 2192 1631 2249 Dominus
1661 2210 1765 2266 per

126 2282 323 2339 Isaiam
372 2284 720 2357 prophetam
769 2284 897 2340 ait:
943 2284 1052 2353 Ego
1103 2284 1364 2339 Dominus
1415 2285 1622 2348 faciens
1666 2300 1763 2355 pa-

124 2389 245 2437 cem,
294 2381 346 2428 et
399 2388 595 2428 creans
647 2372 860 2428 malum
907 2372 1033 2445 (lsa.
1086 2389 1211 2439 xcv,
1243 2372 1324 2445 7).
1359 2370 1523 2427 Unde
1578 2375 1635 2427 et
1690 2371 1762 2426 de

124 2461 329 2518 talibus
360 2461 537 2517 malis
575 2460 930 2534 quibusdam
979 2462 1375 2517 comminatur
1421 2461 1622 2517 dicens
1653 2477 1666 2515 :
1701 2461 1766 2517 Et

123 2549 377 2606 adducam
415 2566 581 2622 super
619 2567 706 2606 eos
747 2551 914 2618 mala,
947 2567 1159 2606 annum
1206 2552 1531 2606 uisitationis
1576 2566 1765 2605 eorum

123 2639 240 2711 (ler.
272 2657 348 2707 χι,
368 2640 485 2710 23).
518 2639 587 2694 Et
614 2639 827 2695 iterum
858 2655 871 2693 :
907 2638 1254 2709 Congregabo
1283 2656 1450 2711 super
1476 2655 1562 2695 eos
1590 2639 1760 2703 mala,

120 2734 167 2783 et
202 2731 429 2798 sagittas
481 2745 630 2784 meas
678 2727 948 2800 complebo
994 2730 1056 2783 in
1105 2731 1186 2784 eis
1237 2729 1405 2800 (Deut.
1439 2745 1613 2797 xxxn,
1645 2727 1760 2797 23).

119 2818 244 2883 Quae
264 2817 470 2872 omnia
500 2816 654 2873 Deus
679 2833 876 2873 creare
899 2817 1134 2884 dicitur,
1163 2834 1273 2872 non
1308 2817 1474 2888 quasi
1507 2816 1763 2888 aliquam

121 2912 381 2961 naturam
405 2906 743 2973 condendo;
767 2906 869 2961 sed
902 2923 970 2961 ea
993 2907 1158 2977 justo
1188 2922 1297 2961 suo
1318 2906 1545 2976 judicio
1575 2906 1768 2961 decer-

120 2995 321 3064 nendo,
356 2996 745 3065 instituendo,
770 2999 826 3051 et
873 2995 1195 3051 inferendo.
1221 2996 1522 3061 Quomodo
1571 2999 1766 3050 autem

120 3089 264 3140 recte
289 3085 658 3158 distinguere
679 3089 736 3140 et
757 3084 1079 3158 intelligere
1100 3084 1420 3140 debeamus
1441 3085 1765 3139 secundum

120 3170 267 3229 hunc
301 3189 574 3243 sensum,
596 3174 749 3246 quod
800 3176 937 3229 Deus
972 3182 1200 3229 mortem
1228 3189 1337 3229 non
1382 3175 1512 3245 fecit
1540 3172 1688 3245 (Sap.
1724 3190 1762 3240 ι,

119 3261 222 3331 43).
245 3262 315 3318 Et
346 3266 551 3319 tamen
580 3245 725 3319 mors
751 3280 785 3319 a
813 3265 915 3319 Deo
946 3267 1034 3318 est
1064 3262 1226 3334 (Eccl.
1259 3279 1338 3329 xr,
1374 3262 1484 3334 44).
1508 3260 1768 3317 Clarissi-
1797 3245 1840 3312 C

120 3366 206 3406 me
235 3351 448 3408 beatus
477 3352 839 3425 Augustinus
879 3351 1114 3424 exponit
1150 3356 1208 3407 et
1236 3351 1491 3407 ostendit
1520 3350 1720 3406 dicens
1747 3367 1759 3406 :

120 3439 371 3506 [Justum
398 3440 499 3497 Dei
513 3440 806 3513 judicium
829 3444 919 3498 est
937 3445 1001 3496 ut
1021 3445 1259 3513 peccato
1281 3457 1386 3496 suo
1404 3438 1652 3512 quisque
1672 3455 1766 3512 pe-

118 3533 253 3596 reat,
280 3546 420 3584 cum
446 3533 755 3602 peccatum
787 3530 943 3587 Deus
976 3546 1089 3585 non
1124 3529 1317 3596 faciat,
1343 3527 1496 3585 sicut
1524 3533 1581 3584 et
1611 3546 1764 3585 mor-

113 3623 224 3673 tem
250 3634 366 3673 non
392 3618 551 3674 fecit.
572 3618 639 3673 Et
659 3622 856 3675 tamen
875 3635 1050 3691 quem
1072 3622 1257 3674 morte
1279 3618 1522 3692 dignum
1547 3621 1762 3688 censet,

114 3707 337 3763 occidit.
363 3707 535 3763 Unde
562 3706 776 3781 legitur
795 3712 933 3765 Deus
964 3715 1187 3764 mortem
1213 3724 1325 3763 non
1350 3709 1499 3778 fecit.
1530 3708 1598 3763 Et
1627 3705 1766 3780 legi-

111 3799 201 3851 tur
222 3813 236 3851 :
257 3794 404 3853 Mors
434 3803 487 3853 et
517 3797 629 3852 vita
659 3813 693 3851 a
720 3797 823 3852 Deo
860 3804 957 3853 est.
985 3798 1118 3863 Quae
1164 3797 1279 3852 duo
1313 3813 1426 3852 non
1458 3812 1586 3852 esse
1616 3794 1768 3851 inter

113 3899 169 3939 se
204 3884 509 3941 contraria
538 3885 793 3958 profecto
814 3884 972 3942 videt
994 3884 1263 3958 quisquis
1286 3885 1358 3941 ab
1381 3884 1654 3957 operibus
1685 3884 1767 3940 di-

112 3972 254 4030 vinis
268 3973 505 4046 judicia
525 3973 721 4031 divina
742 3974 1040 4030 discernit.
1061 3975 1206 4038 Quia
1225 3973 1385 4030 aliud
1407 3976 1497 4030 est
1516 3974 1765 4031 creando

114 4076 221 4117 non
251 4062 589 4120 instituisse
620 4062 949 4133 mortalem,
978 4062 1134 4119 aliud
1167 4062 1489 4135 judicando
1518 4063 1767 4136 plectere

114 4155 522 4222 peccatorem.]

178 4239 338 4304 Quod
364 4245 568 4297 autem
599 4241 908 4316 subjungit
938 4242 1067 4310 iste,
1092 4246 1150 4298 et
1170 4241 1312 4298 dicit
1334 4259 1348 4297 :
1369 4242 1767 4299 Stultissimum

112 4344 219 4386 me
263 4328 527 4387 dubitare
570 4331 875 4387 humanum
925 4333 1258 4389 voluntatem
1310 4348 1425 4388 esse
1473 4333 1767 4389 secundum

113 4426 388 4476 naturam.
430 4419 641 4476 Verum
674 4425 763 4476 est
801 4420 1038 4494 quidem
1070 4422 1226 4494 quod
1257 4421 1528 4479 voluntas
1558 4421 1766 4478 animas

116 4506 418 4567 rationalis
451 4509 776 4566 secundum
798 4514 1073 4566 naturam
1104 4515 1161 4567 et
1188 4510 1248 4567 in
1281 4517 1489 4568 natura
1508 4516 1597 4568 est
1618 4512 1769 4584 ejus-

1877 590 2086 646 vitium
2105 608 2173 647 ex
2193 592 2436 664 propria:
2453 592 2767 649 voluntatis
2784 593 3209 666 depravatione.
3227 596 3294 651 Et
3310 596 3418 652 hoc
3437 601 3527 652 est

1878 678 2128 736 liberum
2161 679 2431 737 humana:
2455 681 2669 739 mentis
2688 681 3014 747 arbitrium,
3032 686 3262 741 cum’ad
3292 684 3411 755 illa,
3436 685 3524 741 vel

1877 767 1976 824 illa
2005 770 2330 842 appetenda
2349 771 2587 827 ail‘ectus
2617 770 2875 828 hominis
2897 771 3231 829 inclinatur.
3255 774 3362 838 Qui
3395 774 3528 831 affe-

1878 861 2006 913 ctus
2038 875 2143 914 nec
2174 862 2334 914 extra
2364 864 2637 915 naturam
2658 861 2919 932 est,quia
2952 861 3010 917 in
3045 867 3352 934 utramque
3384 880 3523 936 par-

1880 951 1997 1002 tem
2020 952 2341 1019 spontanea
2361 948 2655 1004 voluntate
2686 955 2967 1023 movetur,
2994 968 3096 1008 nec
3123 956 3317 1008 tamen
3341 951 3525 1008 solius

1878 1039 2096 1091 natura:
2119 1040 2234 1106 est;
2259 1037 2358 1093 sed
2385 1042 2448 1093 ut
2476 1039 2546 1093 ad
2576 1039 2728 1094 bona
2759 1041 3290 1109 moveatur,divina
3309 1041 3522 1097 excita-

1874 1129 1991 1190 tur,
2017 1128 2073 1180 et
2094 1125 2287 1199 agitur
2310 1126 2526 1199 gratia;
2551 1131 2615 1182 ut
2637 1144 2767 1183 vero
2799 1128 2871 1184 ad
2903 1129 3079 1196 mala,
3103 1130 3339 1203 propria
3359 1130 3522 1203 cupi-

1875 1212 2053 1269 ditate
2074 1214 2622 1286 depravatur.Quod
2654 1215 2783 1272 ideo
2810 1216 2867 1272 in
2900 1217 3010 1273 hoc
3038 1217 3163 1274 loco
3193 1218 3446 1275 breviter
3465 1222 3523 1277 et

1875 1300 2201 1374 diligenter,
2227 1307 2400 1375 prout
2420 1304 2739 1376 potuimus,
2756 1305 3278 1362 demonstrandum
3298 1307 3521 1380 putavi-

1874 1406 2028 1457 mus,
2042 1394 2105 1445 ut
2122 1390 2370 1447 scienter
2386 1392 2751 1447 discernatur
2770 1397 2825 1448 et
2845 1392 3207 1467 intelligatur
3223 1413 3400 1468 quam
3423 1397 3522 1452 ab-

1873 1479 2048 1535 surde
2077 1483 2134 1534 et
2164 1479 2447 1536 fallaciter
2486 1479 2815 1537 naturalem
2850 1483 3259 1540 tantummodo
3291 1483 3520 1539 arbitrii

1871 1566 2203 1623 libertatem
2234 1566 2343 1623 iste
2370 1568 2589 1641 ubique
2618 1586 2876 1626 asserere
2906 1574 3166 1641 conetur,
3190 1575 3428 1644 propter
3456 1570 3520 1626 il-

1871 1653 1990 1710 lam
2021 1654 2242 1712 scilicet
2270 1656 2539 1713 humanae
2571 1658 2785 1714 mentis
2810 1658 3319 1733 voluntatem,qua
3348 1664 3516 1717 natu-

1872 1742 2074 1799 raliter
2093 1743 2286 1818 diligit
2317 1745 2588 1818 seipsam.
2612 1747 2726 1802 Nec
2757 1748 3023 1816 attendit,
3045 1752 3148 1804 aut
3168 1754 3322 1805 certe
3351 1748 3521 1806 dissi-

1873 1831 2231 1901 mulat,nihil
2248 1835 2320 1890 ad
2339 1834 2680 1906 hujusmodi
2694 1836 3047 1893 voluntatem
3065 1838 3518 1911 pertinere,cum

1872 1922 1943 1977 de
1962 1921 2146 1979 libero
2162 1923 2399 1979 arbitrio
2417 1924 2638 1996 agitur;
2657 1925 2758 1981 sed
2775 1926 2846 1981 ad
2865 1925 3028 1982 illam
3046 1944 3172 1999 quae
3191 1926 3303 1983 alio
3321 1927 3515 1995 modo,

1872 2011 1987 2068 alia
2006 2012 2327 2081 affectione,
2343 2011 2429 2068 vel
2452 2014 2524 2069 ad
2548 2014 2700 2069 bona
2719 2014 3012 2087 diligenda
3033 2015 3120 2072 vel
3143 2016 3215 2072 ad
3241 2015 3397 2072 mala
3425 2032 3521 2089 pe-

1871 2101 2065 2168 tenda,
2091 2104 2192 2156 aut
2221 2100 2414 2157 divina
2443 2101 2630 2174 gratia
2659 2103 2863 2173 adjuta
2891 2107 2992 2159 aut
3023 2121 3128 2160 suo
3151 2104 3289 2161 vitio
3311 2104 3517 2177 depra-

1869 2193 2002 2245 vata
2032 2193 2313 2245 movetur.
2336 2191 2414 2245 Ac
2435 2207 2538 2263 per
2562 2190 2668 2246 hoc
2701 2191 3078 2249 manifestum
3101 2197 3189 2249 est
3210 2193 3366 2266 quod
3390 2194 3518 2265 ejus

1871 2282 1992 2334 tam
2024 2279 2385 2335 contentiosa
2414 2284 2471 2334 et
2518 2280 2787 2353 pervicax
2813 2280 3079 2351 intentio,
3104 2299 3221 2354 qua
3267 2281 3517 2338 liberum

1872 2367 2180 2423 arbitrium
2212 2368 2558 2425 naturaliter
2581 2370 2889 2426 defendere
2919 2376 3187 2440 conatur,
3210 2370 3519 2427 manifeste

1872 2475 2041 2514 cassa
2068 2463 2126 2514 et
2156 2458 2318 2515 irrita
2360 2463 2468 2515 est.
2494 2460 2658 2525 Quia,
2684 2459 2819 2515 licet
2850 2461 2907 2515 in
2940 2465 3151 2518 natura
3178 2460 3435 2517 hominis
3464 2465 3521 2517 et

1870 2547 2167 2604 voluntate
2197 2547 2468 2604 humanae
2500 2548 2713 2605 mentis
2760 2548 3010 2605 liberum
3054 2550 3337 2607 consistat
3365 2550 3519 2606 arbi-

1872 2636 2139 2705 trium,et
2161 2636 2504 2693 naturaliter
2519 2637 2731 2694 habeat
2744 2655 2917 2711 posse
2933 2640 3155 2695 bonum
3172 2639 3337 2709 velle,
3351 2656 3522 2712 posse

1876 2730 2028 2781 recte
2052 2725 2261 2794 vivere,
2292 2744 2463 2799 posse
2487 2727 2654 2783 beate
2677 2744 2833 2800 esse;
2858 2733 3074 2797 tamen,
3101 2734 3163 2784 ut
3192 2729 3384 2802 ipsum
3419 2730 3522 2784 bo-

1875 2833 2017 2870 num
2042 2816 2278 2884 velit,ut
2308 2820 2459 2872 recte
2485 2815 2655 2888 vivat,
2672 2820 2735 2872 ut
2766 2818 2934 2873 beata
2959 2818 3080 2886 flat,
3105 2834 3219 2873 non
3253 2818 3427 2873 habet
3455 2835 3527 2872 ex

1876 2922 1984 2960 sua
2014 2905 2245 2973 virtute,
2276 2906 2376 2960 sed
2409 2922 2476 2960 ex
2507 2904 2631 2960 sola
2663 2904 2868 2961 divina:
2897 2906 3097 2978 gratim
3127 2905 3413 2978 largitate.

1947 2993 2058 3049 Sed
2091 2994 2231 3066 quia
2262 2994 2369 3049 iste
2400 2993 2501 3049 tali
2534 2994 3036 3067 argumentatione
3076 3012 3183 3050 nos
3230 2999 3524 3050 coarctare

1828 3124 1837 3129 τ
1873 3082 2017 3149 vult,
2046 3086 2112 3137 ut
2142 3086 2245 3138 aut
2284 3082 2541 3138 divinam
2579 3082 3148 3155 praedestinationem
3179 3100 3249 3139 ex
3279 3083 3525 3140 dimidia

1876 3176 2038 3245 parte
2068 3187 2372 3245 negemus,
2396 3176 2497 3227 aut
2519 3173 2783 3228 eamdem
2804 3172 3371 3245 praedestinationem
3398 3190 3525 3245 per-

1874 3260 2020 3316 fecte
2041 3261 2353 3316 asserendo
2376 3259 2626 3315 liberum
2644 3260 2946 3315 videamur
2964 3259 3166 3316 tollere
3188 3260 3521 3332 arbitrium,

1874 3349 2029 3406 sicut
2044 3348 2217 3405 etiam
2236 3348 2433 3405 Cicero
2452 3349 3072 3422 disputabat,divinam
3093 3350 3520 3423 praescientiam

1876 3438 2277 3512 impugnando
2299 3443 2354 3495 et
2378 3439 2664 3512 negando,
2682 3455 2950 3495 asserens
2968 3440 3120 3512 quod
3146 3438 3195 3495 si
3215 3455 3345 3496 vere
3366 3445 3523 3498 esset

1874 3526 1975 3583 Dei
2005 3527 2388 3600 praescientia,
2414 3545 2530 3584 non
2556 3532 2755 3601 posset
2774 3545 2902 3585 esse
2932 3528 2992 3584 in
3014 3527 3354 3586 hominibus
3385 3527 3524 3586 libe-

1876 3633 2007 3671 rum
2039 3616 2345 3672 arbitrium
2372 3634 2385 3672 :
2409 3621 2512 3674 aut
2540 3617 2589 3672 si
2621 3620 2776 3673 esset
2805 3618 2864 3672 in
2896 3615 3237 3675 hominibus
3267 3618 3518 3676 liberum

1875 3704 2206 3773 arbitrium,
2238 3705 2458 3761 nullam
2490 3722 2619 3762 esse
2657 3706 2758 3762 Dei
2797 3706 3248 3778 praescientiam.
3272 3706 3435 3764 Unde
3465 3712 3522 3763 et

1875 3794 2051 3868 elegit
2075 3793 2174 3850 ille
2203 3794 2596 3868 impiissimus
2622 3799 2678 3851 et
2701 3794 3062 3851 detestabilis
3086 3795 3525 3869 blasphemator

1876 3884 1997 3953 Dei,
2013 3888 2077 3940 ut
2097 3883 2346 3941 liberum
2374 3884 2629 3941 hominis
2651 3884 2961 3941 arbitrium
2982 3885 3398 3956 defenderet,et
3417 3886 3520 3943 Dei

1875 3972 2298 4046 praescientiam
2316 3974 2670 4031 omnimodis
2680 3975 3201 4048 denegaret.Quem
3216 3973 3328 4033 iste
3339 3992 3519 4047 quam

1876 4078 2091 4135 magna
2119 4080 2187 4119 ex
2216 4066 2378 4135 parte
2409 4063 2469 4118 in
2508 4063 2617 4119 hac
2646 4063 3042 4136 disputatione
3088 4080 3197 4119 sua
3241 4063 3429 4137 sequi,
3465 4070 3524 4122 et

1878 4151 2096 4208 imitari
2116 4152 2384 4208 videatur
2404 4152 2568 4208 facile
2589 4151 2986 4226 intelligit,qui
3003 4151 3314 4226 diligenter
3332 4154 3530 4210 adver-

1879 4240 1969 4296 tit.
1997 4240 2143 4304 Quia
2171 4240 2271 4311 qui
2319 4246 2493 4314 negat
2521 4240 2622 4297 Dei
2653 4241 3104 4315 prescientiam,
3138 4246 3311 4317 negat
3352 4242 3530 4300 etiam

1880 4327 1982 4385 Dei
2013 4328 2622 4401 praedestinationem,
2642 4345 2769 4400 quae
2800 4329 2926 4384 sine
2974 4324 3339 4401 praescientia
3368 4328 3533 4387 nulla

1881 4422 1988 4475 est.
2014 4417 2086 4474 Ut
2114 4434 2251 4492 ergo
2294 4417 2668 4474 manifestius
2715 4423 2773 4474 et
2817 4417 3071 4475 lucidius
3128 4418 3530 4493 intelligamus

1881 4507 2172 4581 quomodo
2223 4512 2541 4580 utrumque
2571 4507 2874 4565 verissime
2915 4508 3445 4578 constet,videlicet
3473 4512 3531 4565 et

114 4594 236 4650 dem
266 4596 488 4655 anima
518 4596 849 4667 rationalis;
880 4599 1002 4668 sed,
1026 4598 1179 4655 sicut
1210 4616 1362 4672 saepe
1382 4601 1509 4672 jam
1537 4600 1759 4655 dictum
1788 4617 1839 4687 Β
1879 4597 2076 4654 divina
2096 4596 2552 4670 praedestinatio,
2568 4602 2625 4653 et
2643 4596 2894 4653 liberum
2912 4597 3172 4655 hominis
3193 4598 3527 4669 arbitrium,

114 4687 211 4751 est,
227 4684 440 4741 eadem
463 4683 593 4759 ipsa
614 4686 897 4744 naturalis
914 4686 1185 4745 voluntas
1203 4688 1370 4745 aliter
1390 4689 1765 4763 intelligenda
1789 4683 1829 4687 ⁷
1878 4705 1985 4746 nec
2015 4687 2254 4744 omnino
2276 4686 2525 4743 alterum
2546 4686 2727 4743 altero
2751 4688 3106 4754 destruatur,
3130 4688 3527 4744 necessarium

112 4776 192 4826 est
220 4789 360 4828 cum
398 4789 467 4830 se
496 4773 625 4835 vult
652 4778 711 4831 et
740 4775 951 4849 diligit,
974 4781 1030 4833 et
1060 4778 1130 4832 ad
1185 4794 1248 4833 se
1296 4777 1561 4849 refertur,
1596 4795 1775 4850 quam

114 4876 275 4917 nemo
298 4860 544 4918 dubitat
565 4878 798 4941 semper
818 4863 1160 4920 naturaliter
1180 4865 1393 4921 bonam
1417 4882 1574 4935 esse;
1609 4866 1779 4922 aliter

111 4965 233 5006 vero
254 4967 400 5006 cum
417 4950 510 5007 vel
534 4950 852 5010 Dominum
876 4951 971 5028 pie
988 4952 1199 5027 diligit,
1215 4954 1300 5010 vel
1324 4971 1589 5027 perverse
1611 4972 1779 5011 mun-

114 5036 343 5099 dum,et
372 5039 452 5095 ad
481 5055 550 5096 ea
577 5040 826 5098 refertur
845 5060 973 5121 qua
998 5042 1082 5098 vel
1106 5060 1286 5115 supra
1318 5060 1402 5113 se,
1425 5043 1515 5100 vel
1542 5043 1696 5099 infra
1716 5061 1778 5101 se

114 5124 317 5199 diligit.
342 5127 421 5183 Et
454 5126 584 5184 ideo
606 5129 735 5199 jam
780 5129 916 5188 talis
948 5130 1240 5199 voluntas,
1267 5148 1381 5188 non
1416 5133 1487 5188 ad
1522 5138 1777 5190 mentem

115 5231 275 5272 suam
307 5233 456 5273 cum
488 5217 835 5275 naturaliter
854 5220 1036 5290 inest;
1062 5221 1165 5279 sed
1195 5221 1266 5278 ad
1293 5220 1452 5278 aliud
1475 5221 1563 5279 vel
1585 5221 1767 5292 aliud,

117 5304 261 5375 quod
283 5309 461 5363 extra
479 5305 874 5363 substantiam
897 5314 987 5365 est
1013 5310 1212 5379 relata,
1236 5314 1428 5383 potest
1448 5327 1576 5367 esse
1601 5316 1657 5367 et
1677 5312 1773 5367 bo-

115 5408 183 5447 na
200 5398 257 5450 et
278 5393 467 5465 mala,
493 5411 611 5452 non
634 5400 866 5465 natura,
891 5398 993 5454 sed
1015 5399 1315 5457 affectione
1340 5416 1352 5454 :
1378 5398 1643 5456 videlicet
1669 5405 1770 5456 aut

116 5485 256 5539 recte
285 5482 606 5557 superiora
635 5484 951 5559 diligendo,
979 5487 1196 5560 quibus
1241 5487 1633 5558 beatiﬁcatur;
1669 5494 1770 5545 aut

118 5586 278 5641 prave
307 5573 652 5647 appetendo
684 5574 978 5643 inferiora,
1002 5575 1218 5649 quibus
1255 5577 1670 5650 corrumpitur.
1704 5579 1768 5635 In

114 5674 223 5740 qua
250 5678 316 5722 re
345 5679 473 5722 non
497 5663 629 5740 jam
651 5666 741 5723 est
765 5663 889 5724 sola
918 5669 1157 5739 natura;
1189 5665 1290 5725 sed
1316 5670 1416 5726 aut
1437 5666 1642 5741 virtus,
1667 5673 1770 5731 aut

1884 4778 2123 4836 omnino
2145 4780 2202 4833 et
2223 4776 2455 4833 salubre
2480 4775 2885 4833 existimamus
2905 4777 2965 4832 in
2988 4777 3095 4834 hoc
3115 4777 3242 4834 loco
3262 4777 3391 4850 ipsa
3408 4794 3529 4833 ver-

1886 4868 1960 4923 ba
1982 4866 2171 4923 sancti
2185 4866 2497 4939 Augustini
2514 4867 3110 4940 subjungere,quibus
3127 4867 3404 4923 adversus
3426 4867 3533 4922 im-

1887 4955 2044 5029 piam
2075 4955 2368 5011 Ciceronis
2399 4955 2875 5028 disputationem,
2905 4960 3220 5028 utrumque
3249 4955 3530 5023 defendit,

1890 5050 2209 5116 utrumque
2262 5046 2583 5101 tenendum
2642 5044 2989 5103 suavissime
3038 5046 3205 5102 docet
3253 5044 3533 5119 (Aug.,de

1889 5134 2049 5190 Civil.
2081 5135 2203 5204 Dei,
2237 5132 2339 5188 lib.
2361 5150 2416 5201 v,
2449 5150 2498 5188 c.
2530 5135 2608 5205 9).

1957 5224 2036 5291 [In
2060 5222 2187 5287 has,
2209 5221 2734 5295 inquit,angustias
2752 5230 3008 5282 coarctat
3023 5225 3288 5281 animum
3310 5224 3534 5299 religio-

1886 5329 2042 5379 sum,
2077 5316 2142 5369 ut
2170 5327 2355 5367 unum
2389 5310 2566 5382 eligat
2596 5328 2626 5367 e
2656 5313 2909 5382 duobus,
2933 5319 3036 5371 aut
3065 5332 3194 5373 esse
3223 5313 3443 5388 aliquid
3474 5315 3535 5371 in

1887 5406 2090 5457 nostra
2109 5400 2429 5465 voluntate,
2454 5403 2556 5454 aut
2585 5416 2702 5455 non
2725 5417 2853 5456 esse
2872 5404 3297 5475 praescientiam
3320 5405 3540 5460 futuro-

1881 5487 2332 5556 rum.Quoniam
2356 5490 2676 5559 utrumque
2696 5489 3018 5547 arbitratur
3037 5509 3163 5549 esse
3186 5510 3299 5550 non
3327 5506 3540 5566 posse;

1887 5580 1988 5637 sed
2014 5578 2064 5635 si
2080 5576 2330 5634 alterum
2354 5574 2817 5643 conﬁrmabitur,
2834 5577 3083 5636 alterum
3106 5580 3231 5637 tolli
3252 5600 3265 5638 :
3286 5583 3336 5639 si
3359 5583 3542 5656 elege‘

1892 5669 2081 5731 rimus
2103 5662 2530 5746 praescientiam
2548 5664 2904 5735 futurorum,
2917 5667 3042 5726 tolli
3057 5668 3375 5729 voluntatis
3391 5672 3549 5731 arbi-t
