3896 6208
372 412 489 473 143

1471 412 1698 473 FLOR]
1743 410 2059 473 DIACONI
2107 411 2256 473 LUG
2270 412 2677 474 DUNENSIS.

3668 402 3770 468 [α

368 544 579 612 trium;
604 543 653 600 si
674 542 1023 616 elegerimus
1042 542 1362 600 voluntatis
1383 543 1715 611 arbitrium,
1736 543 1859 600 tolli
1883 560 2020 616 prte-
2047 543 2102 611 Α
2134 560 2265 599 mea
2300 544 2446 600 mori
2479 549 2534 600 et
2564 543 2686 600 falli
2720 561 2835 600 non
2862 546 3073 616 potest.
3096 542 3319 599 Dicitur
3335 539 3492 598 enim
3524 538 3771 613 omnipo-

370 633 676 691 scientiam
709 632 1063 688 futurorum.
1092 634 1219 704 Ipse
1265 632 1461 705 itaque
1492 650 1559 689 ex
1590 634 1819 689 duobus
1850 631 2024 705 elegit

367 722 620 779 liberum
649 720 971 777 voluntatis
1001 721 1333 787 arbitrium,
1363 722 1518 794 quod
1553 727 1617 777 ut
1648 723 2021 777 confirmare-

366 815 485 880 tur,
534 809 766 883 negavit
816 809 1242 882 praescientiam
1303 810 1329 864 f
1372 814 1633 865 turorum
1672 827 1683 865 :
1722 815 1895 882 atque
1944 809 2025 863 ita

367 898 511 956 dum
542 897 667 954 vult
696 898 884 954 facere
907 897 1144 965 liberos,
1170 898 1308 953 facit
1337 898 1668 972 sacrilegos.
1695 898 2023 971 Religiosus

367 992 565 1045 autem
597 986 831 1043 animus
875 991 1194 1059 utrumque
1225 987 1408 1059 eligit,
1445 992 1759 1059 utrumque
1791 988 2026 1043 confite-

371 1081 489 1145 tur,
515 1081 571 1132 et
602 1076 716 1131 fide
746 1074 981 1148 pietatis
1005 1084 1321 1148 utrumque
1354 1077 1704 1143 conﬁrmat.]
1732 1077 1871 1131 Item
1895 1080 2028 1147 post

373 1166 711 1239 aliquanta:
740 1164 1013 1236 [Spiritus
1046 1182 1182 1237 ergo
1218 1165 1347 1219 vita:
1382 1164 1481 1237 qui
1527 1165 1777 1220 viviﬁeat
1806 1165 2024 1233 omnia,

376 1259 717 1326 Creatorque
743 1258 831 1309 est
861 1254 1056 1308 omnis
1078 1254 1340 1325 corporis
1363 1259 1418 1309 et
1439 1254 1633 1310 omnis
1655 1254 1829 1309 creati
1856 1253 2025 1326 spiri-

374 1347 493 1411 tus,
532 1343 658 1417 ipse
688 1345 778 1397 est
808 1342 981 1408 Deus,
1017 1342 1263 1413 spiritus
1296 1342 1498 1414 utique
1530 1359 1644 1396 non
1677 1348 1936 1408 creatus;
1970 1342 2027 1395 iu

374 1433 503 1506 qius
531 1431 828 1487 voluntate
859 1448 1095 1485 summa
1126 1434 1385 1503 potestas
1416 1435 1524 1499 est,
1553 1448 1671 1503 qua
1700 1435 2028 1486 creatorum

375 1520 692 1594 spirituum
722 1519 907 1576 bonas
929 1518 1259 1575 voluntates
1282 1520 1540 1591 adjuvat,
1566 1519 1754 1575 malas
1776 1519 2027 1590 judicat,

378 1625 584 1667 omnes
600 1608 865 1677 ordinat;
886 1612 942 1663 et
960 1608 1318 1680 quibusdam
1337 1608 1543 1663 tribuit
1563 1608 2033 1681 potestates,qui-

382 1699 636 1755 busdam
660 1714 773 1753 non
796 1696 1019 1752 tribuit.
1041 1697 1203 1753 Sicut
1220 1692 1376 1751 enim
1399 1696 1664 1752 omnium
1687 1700 2031 1752 naturarum

381 1791 606 1845 creator
635 1790 744 1854 est,
778 1787 857 1841 ita
888 1786 1154 1841 omnium
1186 1790 1543 1858 potestatum
1576 1786 1763 1855 dator,
1791 1804 1903 1841 non
1936 1803 2031 1841 vo-

2131 637 2262 689 tens
2290 632 2554 689 faciendo
2587 634 2742 706 quod
2774 632 2915 700 vult,
2951 649 3069 689 non
3126 631 3399 704 patiendo
3460 630 3616 704 quod
3666 646 3770 685 non

2130 720 2275 777 vult.
2303 723 2465 789 Quod
2499 722 2549 777 ei
2583 722 2629 779 si
2673 721 2982 790 accideret,
3007 737 3381 795 nequaquam
3412 718 3775 791 omnipotens

2132 815 2305 866 esset.
2340 810 2502 867 Unde
2550 815 2861 884 propterea
2899 811 3168 883 quaedam
3230 827 3345 867 non
3404 813 3617 881 potest,
3648 805 3776 879 quia

2133 897 2505 971 omnipotens
2544 904 2653 955 est.
2689 899 2782 956 Sic
2827 899 3007 955 etiam
3056 916 3191 956 cum
3240 898 3519 964 dicimus,
3553 911 3775 953 necesse

2134 1003 2262 1043 esse
2294 990 2376 1056 ut,
2419 1004 2554 1043 cum
2583 988 2880 1055 volumus,
2920 987 3102 1044 libero
3139 986 3385 1043 velimus
3438 983 3700 1050 arbitrio,
3727 989 3778 1041 et

2132 1093 2336 1131 verum
2362 1076 2563 1148 procul
2597 1076 2774 1133 dubio
2807 1075 3101 1145 decimus;
3129 1080 3323 1133 etnon
3354 1076 3483 1131 ideo
3509 1072 3775 1147 ipsumli-

2136 1165 2343 1220 berum
2374 1165 2683 1221 arbitrium
2725 1165 3057 1222 necessitati
3105 1164 3479 1237 subjicimus,
3504 1181 3632 1234 quae
3665 1162 3774 1218 adi-

2137 1253 2247 1307 mit
2274 1252 2621 1309 libertatem.
2646 1254 2796 1309 Sunt
2827 1253 3009 1327 igitur
3046 1257 3256 1309 nostra:
3286 1250 3641 1318 voluntates,
3661 1268 3775 1324 qua

2137 1346 2194 1396 et
2216 1341 2353 1414 ipsae
2378 1340 2598 1398 faciunt
2618 1342 2904 1415 quidquid
2926 1341 3170 1398 volendo
3191 1340 3463 1409 facimus,
3490 1341 3649 1413 quod
3674 1357 3777 1397 non

2138 1428 2301 1485 ﬁeret
2331 1429 2379 1486 si
2413 1428 2726 1487 nollemus.
2760 1432 2884 1487 Non
2924 1448 3060 1505 ergo
3102 1435 3409 1504 propterea
3437 1427 3585 1486 nihil
3615 1435 3701 1487 est
3725 1428 3777 1485 in

2138 1522 2338 1575 nostra
2363 1517 2829 1593 voluntatc,quia
2854 1520 3010 1576 Deus
3039 1519 3329 1592 praescivit
3350 1518 3492 1592 quid
3526 1519 3777 1576 futurum

2138 1611 2293 1663 esset
2320 1606 2379 1662 in
2412 1612 2610 1664 nostra
2658 1607 2984 1677 voluntate;
3019 1625 3131 1665 non
3166 1608 3321 1664 enim
3354 1608 3455 1681 qui
3507 1606 3619 1664 hoc
3649 1625 3777 1680 prte-

2140 1696 2328 1763 scivit,
2360 1695 2507 1752 nihil
2556 1696 2863 1769 praescivit.
2897 1697 3072 1753 Porro
3122 1696 3173 1753 si
3224 1695 3321 1753 ille
3352 1694 3454 1769 qui
3505 1695 3780 1769 praescivit

2142 1785 2280 1857 quid
2314 1785 2577 1840 futurum
2600 1789 2753 1842 esset
2784 1786 2842 1841 in
2877 1790 3079 1842 nostra
3098 1785 3417 1852 voluntate,
3441 1803 3560 1841 non
3593 1785 3781 1857 utique

376 1876 694 1978 luntatum.
715 1874 877 1931 Malae
905 1874 1119 1947 quippe
1143 1874 1476 1931 voluntates
1502 1876 1574 1930 ab
1602 1873 1839 1982 illo‘non
1873 1877 2030 1944 sunt,
2060 1917 2108 1982 B
2142 1872 2313 1974 nihil,
2337 1875 2438 1930 sed
2489 1873 2713 1982 aliquid
2738 1874 3055 1982 prtescivit;
3088 1874 3349 1982 profecto
3394 1878 3453 1931 et
3502 1872 3604 1982 illo
3652 1890 3781 1971 pra:-

378 1963 657 2039 quoniam
689 1968 891 2019 contra
922 1969 1195 2019 naturam
1229 1969 1392 2031 sunt,
1417 1980 1543 2035 quze
1577 1964 1646 2019 ab
1680 1963 1778 2020 illo
1810 1968 1938 2031 est.]
1966 1964 2035 2019 Et
2062 1961 2108 1982 ”
2144 1963 2330 2019 ciente
2391 1968 2478 2019 est
2535 1962 2756 2036 aliquid
2789 1964 2849 2018 in
2910 1968 3111 2019 nostra
3165 1962 3481 2019 voluntate.
3519 1961 3787 2029 Quocirca

379 2058 515 2127 post
544 2052 777 2125 aliqua:
807 2051 1035 2122 [Causa,
1080 2052 1290 2124 inquit,
1332 2070 1548 2121 rerum,
1579 2070 1705 2125 quae
1737 2052 1896 2119 facit,
1930 2070 2031 2107 nec

381 2140 466 2212 ﬁt,
492 2143 645 2199 Deus
675 2145 792 2210 est;
840 2139 965 2197 alite
1019 2157 1151 2196 vero
1209 2158 1397 2196 causae
1457 2141 1697 2212 faciunt,
1721 2146 1779 2196 et
1836 2142 2029 2195 fiunt:

382 2231 675 2306 quomodo
700 2229 880 2303 igitur
900 2230 1041 2286 ordo
1065 2229 1518 2301 causarum,qui
1549 2230 1872 2302 przescienti
1905 2247 2031 2284 eer-

380 2324 478 2378 tus
507 2323 597 2377 est
628 2323 763 2386 Deo,
797 2317 855 2373 id
888 2323 974 2374 est
1006 2322 1070 2373 ut
1100 2318 1243 2373 nihil
1275 2318 1351 2373 sit
1384 2318 1442 2373 in
1479 2324 1674 2374 nostra
1703 2317 2035 2373 voluntate?

380 2426 517 2467 cum
548 2407 606 2464 in
643 2407 771 2482 ipso
802 2423 1113 2463 causarum
1136 2407 1336 2463 ordine
1364 2423 1641 2480 magnum
1673 2406 1928 2463 habeant
1957 2406 2037 2463 lo-

384 2515 519 2556 cum
552 2501 762 2554 nostrae
794 2496 1165 2563 voluntates.]

455 2588 598 2644 Item
633 2590 765 2659 post
792 2602 978 2657 pauca
1006 2602 1018 2640 :
1049 2584 1230 2651 [Quod
1262 2601 1393 2641 vero
1427 2590 1620 2656 negat,
1651 2585 1863 2657 inquit,
1888 2585 2039 2640 ordi-

385 2677 519 2733 dem
551 2675 814 2732 omnium
857 2691 1170 2729 causarum
1215 2691 1342 2729 esse
1392 2674 1815 2740 certissimum,
1848 2678 1903 2728 et
1933 2673 2037 2728 Dei

386 2762 759 2839 praeseientize
793 2763 1188 2830 notissimum,
1210 2761 1343 2834 plus
1366 2779 1501 2817 eum
1525 2780 1701 2835 quam
1733 2762 1908 2819 Stoici
1939 2763 2037 2817 de-

385 2858 672 2914 testamur
704 2868 717 2906 :
752 2856 855 2908 aut
885 2851 1039 2908 enim
1074 2868 1201 2907 esse
1245 2851 1429 2907 Deum
1484 2856 1679 2925 negat,
1704 2856 1805 2907 aut
1833 2852 1881 2908 si
1913 2868 2040 2908 esse

389 2943 701 2999 confitetur
720 2942 926 3009 Deum,
946 2958 1120 3013 quem
1145 2944 1318 3012 negat
1348 2941 1655 3012 praescium
1677 2941 2039 3009 futurorum;

390 3033 567 3089 etiam
600 3030 684 3087 sic
715 3029 862 3086 nihil
892 3029 1033 3085 dicit
1063 3029 1221 3084 aliud
1248 3047 1423 3101 quam
1449 3030 1604 3101 quod
1626 3029 1721 3085 ille
1742 3030 1878 3085 divit
1912 3031 2044 3085 insi-

2141 2051 2301 2109 nullo
2328 2054 2499 2108 modo
2522 2051 2767 2125 cogitur,
2792 2056 2895 2107 aut
2925 2056 3147 2108 retenta
3167 2051 3537 2125 praescientia
3563 2050 3661 2108 Dei
3690 2048 3783 2106 tol-

2140 2140 2255 2197 lere
2278 2140 2589 2197 voluntatis
2615 2139 2923 2196 arbitrium
2950 2158 2963 2195 :
2988 2145 3090 2197 aut
3119 2145 3340 2197 retento
3365 2139 3687 2196 voluntatis
3706 2156 3787 2196 ar-

2143 2230 2339 2297 bitrio,
2359 2230 2538 2285 Deum
2556 2230 2735 2302 (quod
2759 2230 2921 2285 nefas
2946 2233 3056 2299 est)
3074 2245 3286 2303 negare
3307 2228 3621 2302 praescium
3645 2227 3787 2284 futu-

2144 2336 2372 2387 rorum;
2397 2320 2495 2375 sed
2526 2325 2843 2390 utrumque
2864 2317 3294 2391 amplectimur,
3310 2322 3637 2391 utrumque
3667 2316 3789 2373 iide-

2144 2408 2276 2465 liter
2305 2414 2361 2463 et
2391 2408 2667 2463 veraciter
2707 2406 3059 2463 conﬁtemur
3090 2425 3103 2463 :
3137 2405 3281 2462 illud
3316 2412 3381 2462 ut
3419 2407 3571 2464 bene
3602 2405 3788 2462 creda-

2147 2514 2299 2565 mus,
2324 2497 2431 2552 hoc
2458 2501 2519 2551 ut
2543 2497 2687 2552 bene
2708 2497 2990 2553 vivamus.
3013 2494 3162 2553 Male
3188 2499 3383 2552 autem
3409 2494 3648 2563 vivitur,
3662 2496 3713 2551 si
3729 2494 3789 2550 de

2147 2586 2262 2642 Deo
2295 2604 2409 2641 non
2443 2586 2587 2641 bene
2619 2585 2891 2641 creditur.
2918 2585 3081 2642 Unde
3102 2583 3257 2642 absit
3286 2602 3320 2641 a
3348 2585 3521 2641 nobis
3546 2585 3680 2656 ejus
3709 2601 3791 2640 ne-

2147 2691 2285 2748 gare
2341 2673 2788 2747 praescientiam,
2821 2678 2887 2729 ut
2944 2673 3124 2731 libere
3155 2673 3427 2742 velimus,
3450 2689 3573 2746 quo
3635 2670 3792 2745 adju-

2147 2767 2319 2819 vante
2350 2780 2557 2819 sumus
2608 2761 2775 2818 liberi
2807 2761 2893 2819 vel
2932 2764 3174 2820 erimus.
3207 2763 3375 2819 Juste
3425 2762 3632 2836 itaque
3661 2779 3794 2835 pra-

2150 2852 2270 2907 mia
2308 2852 2480 2908 bonis
2524 2851 2716 2922 factis,
2740 2856 2798 2907 et
2856 2851 3107 2925 peccatis
3160 2850 3451 2925 supplicia
3479 2852 3795 2909 constituta

2151 2945 2291 2996 sunt
2326 2960 2339 2997 :
2375 2957 2564 3012 neque
2607 2940 2763 2995 enim
2815 2940 2942 2997 ideo
3002 2945 3204 3015 peccat
3258 2939 3457 3007 homo,
3479 2940 3627 3014 quia
3659 2939 3794 2996 Deus

2149 3029 2319 3086 illum
2341 3032 2715 3102 peccaturum
2746 3046 2874 3086 esse
2903 3029 3222 3102 praescivit;
3256 3028 3373 3085 imo
3394 3027 3525 3085 ideo
3560 3046 3681 3085 non
3710 3027 3795 3084 due

382 3123 545 3196 piens
575 3122 633 3177 in
666 3119 823 3176 corde
850 3136 949 3175 suo
972 3135 985 3173 ε
1011 3124 1131 3175 Non
1179 3126 1256 3172 est
1304 3123 1445 3173 Deus
1468 3119 1636 3190 (Psal.
1661 3136 1783 3188 xm,
1818 3119 1867 3190 l)
1895 3135 1907 3174 :
1942 3116 2043 3190 qui
2152 3119 2371 3175 bitatur
2401 3117 2596 3190 ipsum
2644 3135 2902 3191 peccare,
2926 3135 3060 3174 cum
3092 3122 3312 3191 peccat,
3337 3118 3476 3190 quia
3503 3115 3611 3174 ille
3642 3117 3795 3188 cujus

389 3210 549 3265 enim
571 3226 686 3264 non
709 3211 796 3263 est
818 3206 1129 3279 praesciens
1153 3205 1417 3261 omnium
1443 3208 1797 3274 futurorum,
1818 3224 1932 3262 non
1957 3210 2047 3261 est
2155 3207 2520 3281 praascientia
2549 3206 2667 3263 falli
2700 3225 2814 3263 non
2846 3211 3056 3280 potest,
3089 3224 3205 3263 non
3236 3206 3442 3278 fatum,
3471 3222 3599 3264 non
3633 3206 3795 3263 fortu-

390 3297 596 3371 utique
629 3297 802 3352 Deus.
828 3295 1192 3367 Quapropter
1222 3301 1279 3349 et
1317 3294 1640 3350 voluntates
1673 3302 1881 3351 nostra:
1914 3302 2039 3351 tan-
2071 3282 2114 3349 C
2151 3314 2307 3365 nam,
2333 3313 2447 3351 non
2479 3295 2698 3368 aliquid
2723 3295 2902 3361 aliud,
2930 3295 3032 3351 sed
3054 3294 3249 3368 ipsum
3273 3298 3662 3367 peccaturum
3684 3310 3794 3351 esse

388 3390 516 3443 tum
547 3385 742 3441 valent
778 3388 1064 3456 quantum
1115 3384 1264 3438 Deus
1289 3400 1386 3438 eas
1417 3382 1604 3439 valere
1634 3382 1815 3439 voluit
1866 3389 2041 3457 atque

390 3474 706 3547 praescivit;
724 3478 782 3529 et
800 3472 928 3527 ideo
948 3470 1232 3543 quidquid
1254 3470 1796 3540 valent,certissime
1814 3472 2036 3529 valent:

392 3562 531 3635 (cap.
558 3562 647 3631 10)
676 3564 732 3617 et
761 3560 913 3632 quod
950 3560 1183 3615 facturae
1228 3564 1385 3627 sunt,
1414 3558 1552 3631 ipsa:
1584 3561 1822 3617 omnino
1854 3561 2037 3618 factu—

392 3666 467 3707 rae
497 3654 657 3717 sunt,
685 3650 826 3722 quia
854 3648 1133 3704 valituras
1177 3652 1351 3719 atque
1393 3649 1649 3705 facturas
1683 3648 1777 3705 ille
1810 3650 2039 3722 praesci-

389 3739 473 3796 vit
498 3739 596 3811 (a),
619 3740 792 3811 cujus
836 3737 1200 3810 prazsoientia
1244 3735 1368 3791 falli
1402 3755 1512 3792 non
1548 3742 1756 3809 potest.
1792 3739 1850 3795 Si
1882 3740 2038 3794 enim

393 3828 712 3886 necessitas
744 3832 943 3882 nostra
984 3825 1082 3880 illa
1110 3826 1358 3881 dicenda
1389 3831 1494 3895 est,
1522 3845 1647 3899 qua:
1700 3846 1811 3883 non
1861 3833 1951 3884 est
1977 3828 2037 3885 in

390 3920 591 3974 nostra
619 3919 924 3989 potestate,
950 3915 1070 3982 sed,
1098 3912 1327 3971 etiamsi
1359 3914 1655 3987 nolumus,
1680 3917 1858 3973 efﬁcit
1884 3918 2038 3990 quod

389 4009 601 4079 potest,
619 4005 773 4061 sicut
801 4009 890 4061 est
919 4003 1237 4061 necessitas
1268 4004 1505 4073 mortis;
1538 4006 1916 4063 manifestum
1949 4011 2040 4063 est

386 4094 715 4152 voluntates
747 4098 995 4161 nostras,
1016 4093 1231 4165 quibus
1266 4097 1415 4150 recte
1436 4092 1524 4149 vel
1557 4111 1860 4168 perperam
1892 4095 2038 4151 vivi-

389 4186 505 4253 tur,
529 4185 639 4240 sub
669 4182 770 4238 tali
805 4183 1150 4238 necessitate
1182 4200 1297 4238 non
1330 4200 1476 4240 esse.
1506 4183 1688 4239 Multa
1718 4185 1875 4241 enim
1897 4184 2037 4240 faci-

390 4288 523 4329 mus
554 4288 702 4345 quze,
728 4270 777 4328 si
807 4270 1119 4340 nollemus,
1153 4288 1268 4326 non
1309 4273 1511 4343 utique
1544 4272 1886 4338 faceremus,
1923 4288 2038 4343 quo

388 4360 665 4433 primitus
687 4359 930 4433 pertinet
952 4361 1146 4433 ipsum
1170 4360 1310 4416 velle
1335 4378 1347 4415 :
1378 4378 1514 4416 nam
1538 4359 1586 4414 si
1608 4360 2035 4429 volumus,est;

388 4449 439 4506 si
461 4449 757 4517 nolumus,
778 4466 891 4504 non
913 4454 1020 4506 est.
1035 4449 1160 4504 Non
1183 4448 1340 4503 enim
1357 4448 1639 4504 vellemus
1656 4448 1703 4502 si
1723 4446 2033 4504 nollemus.

388 4537 449 4595 Si
477 4543 672 4594 autem
713 4538 813 4593 illa
844 4538 1122 4593 deﬁnitur
1170 4553 1297 4592 esse
1348 4535 1689 4600 necessitas,
1712 4536 2037 4592 secundum

388 4640 564 4699 quam
596 4627 847 4683 dicimus
875 4643 1111 4682 necesse
1133 4640 1260 4680 eese
1283 4629 1347 4679 ut
1376 4625 1456 4680 ita
1488 4624 1563 4679 sit
1589 4606 1821 4696 aliquid
1839 4624 1926 4681 vel
1962 4626 2041 4682 ita
2072 4650 2118 4715 Ι)

387 4714 509 4783 fiat,
535 4715 733 4772 nescia
754 4733 858 4770 cur
881 4715 1057 4771 etiam
1082 4714 1398 4767 timeamus
1422 4729 1492 4767 ne
1516 4712 1684 4768 nobis
1708 4712 2039 4770 libertatem

387 4805 615 4861 auferat
669 4804 1007 4860 voluntatis.
1040 4802 1237 4873 Neque
1296 4800 1450 4856 enim
1502 4805 1559 4855 et
1588 4801 1766 4857 vitam
1825 4802 1948 4871 Dei,
1984 4809 2040 4860 et

386 4893 812 4964 praescientiam
845 4892 945 4946 Dei
970 4891 1083 4946 sub
1112 4889 1456 4945 necessitate
1489 4889 1785 4962 ponimus,
1810 4891 1857 4948 si
1891 4892 2043 4951 dica-

387 4996 522 5037 mus
553 4997 786 5036 neeesse
817 4996 945 5034 esse
996 4984 1173 5033 Deum
1224 4994 1456 5049 semper
1487 4978 1691 5045 vivere,
1726 4984 1781 5035 et
1830 4988 2042 5039 cuneta

387 5068 675 5141 praescire,
695 5068 849 5123 sicut
877 5084 980 5121 nec
1010 5070 1270 5137 potestas
1301 5067 1429 5137 ejus
1464 5068 1770 5136 minuitur,
1794 5086 1926 5126 cum
1960 5072 2043 5127 di-

388 5158 541 5213 citur
570 5156 739 5222 mori,
770 5154 1009 5226 fallique
1063 5171 1178 5209 non
1212 5171 1409 5225 posse;
1444 5156 1526 5211 sic
1559 5158 1713 5213 enim
1766 5158 1873 5215 hoc
1923 5178 2039 5216 non

387 5249 599 5318 potest,
626 5248 692 5300 ut
712 5244 930 5316 potius,
955 5244 1001 5298 si
1033 5247 1251 5316 posset,
1277 5244 1520 5299 minoris
1542 5252 1695 5301 esset
1719 5248 1919 5320 utique
1942 5266 2041 5321 po-

387 5332 637 5390 testatis.
663 5331 836 5387 Recte
882 5330 1098 5404 quippe
1131 5332 1511 5403 Omnipotens
1557 5333 1919 5407 dicitur,'qui
1951 5341 2042 5393 ta-

2148 3384 2455 3458 praascivit,
2480 3386 2582 3457 qui
2623 3384 2671 3441 si
2723 3385 2886 3454 nolit,
2923 3384 3125 3457 utique
3173 3402 3289 3441 non
3337 3390 3573 3456 peccat;
3609 3384 3711 3442 sed
3753 3382 3795 3439 si

2148 3491 2386 3548 peccare
2419 3474 2689 3545 noluerit,
2718 3475 2891 3531 etiam
2924 3474 3033 3530 hoc
3063 3474 3159 3530 ille
3185 3474 3515 3548 praescivitj

2221 3563 2350 3619 Haze
2372 3563 2445 3619 ad
2468 3563 2919 3621 instructionem
2937 3567 2992 3619 et
3009 3562 3515 3619 conﬁrmationem
3539 3567 3794 3619 nostram

2149 3657 2351 3708 contra
2379 3652 2649 3707 humanae
2682 3650 3155 3726 praesumptionis
3186 3654 3242 3707 et
3271 3651 3795 3725 argumentationis

2148 3758 2373 3798 errores
2394 3742 2775 3798 beatissimus
2792 3743 2995 3798 doctor
3014 3740 3377 3798 lucidissime
3393 3738 3793 3814 disseruit,qui

2148 3831 2324 3886 etiam
2357 3830 2470 3886 alio
2502 3828 2627 3887 loco
2658 3831 2728 3887 de
2760 3830 2868 3886 hac
2900 3829 3104 3887 eadem
3129 3848 3187 3886 re
3218 3831 3300 3886 ita
3321 3828 3433 3885 ait:
3462 3828 3790 3897 [Neminem

2148 3924 2301 3975 Deus
2332 3919 2403 3975 ad
2439 3919 2798 3992 peccandum
2830 3920 3005 3993 cogit,
3029 3918 3304 3991 praevidet
3342 3922 3538 3975 tamen
3573 3936 3676 3976 eos
3704 3914 3794 3991 qui

2148 4008 2383 4081 propria
2400 4005 2693 4063 voluntate
2709 4008 3176 4081 peccabunt.Cur
3190 4024 3327 4082 ergo
3345 4007 3798 4079 nonjudicetju-

2150 4100 2300 4165 stus,
2314 4114 2441 4169 quae
2460 4096 2582 4152 ﬁeri
2606 4114 2718 4151 non
2744 4097 2897 4168 cogit
2914 4097 3192 4168 praescius
3213 4114 3226 4152 :
3249 4096 3401 4152 sicut
3417 4095 3579 4153 enim
3599 4112 3801 4153 memo-

2150 4185 2236 4242 ria
2258 4202 2365 4241 sua
2396 4203 2567 4241 nemo
2591 4185 2744 4259 cogit
2770 4187 2923 4241 facta
2951 4203 3080 4243 esse
3111 4203 3238 4258 quae
3269 4185 3704 4259 praeterierunt,
3725 4184 3797 4242 sic

2148 4274 2302 4330 Deus
2325 4291 2441 4329 non
2464 4274 2619 4347 cogit
2640 4272 3009 4347 praescientia
3034 4292 3142 4330 sua
3167 4274 3590 4348 facienda,quae
3617 4273 3801 4330 futura

2148 4366 2304 4419 sunt.
2324 4363 2395 4418 Et
2412 4362 2565 4418 sicut
2587 4362 2760 4419 homo
2780 4363 3047 4435 quaedam
3068 4381 3197 4436 qua:
3229 4362 3361 4419 fecit
3392 4363 3689 4431 meminit,
3707 4378 3800 4418 nec

2150 4456 2343 4507 tamen
2364 4450 2562 4506 omnia
2574 4469 2701 4523 qua:
2722 4450 2992 4507 meminit
3008 4452 3174 4521 fecit;
3194 4450 3275 4508 ita
3294 4455 3446 4509 Deus
3457 4451 3662 4509 omnia
3677 4468 3799 4525 quo-

2150 4557 2279 4595 rum
2300 4539 2421 4613 ipse
2435 4545 2638 4596 auctor
2654 4544 2761 4608 est,
2778 4540 3085 4613 prazseivit;
3104 4558 3356 4613 quorum
3371 4545 3572 4597 autem
3593 4559 3708 4599 non
3722 4542 3797 4596 est

2152 4628 2342 4684 malus
2368 4634 2588 4696 auctor,
2608 4629 2810 4700 justus
2842 4634 2934 4685 est
2964 4628 3160 4698 ultor.]
3183 4630 3325 4686 Item
3349 4629 3421 4686 de
3451 4626 3796 4687 immutabili

2151 4717 2374 4773 ratione
2396 4735 2589 4773 rerum
2619 4717 2993 4774 mutabilium
3024 4717 3082 4773 in
3112 4717 3251 4785 Deo,
3274 4723 3332 4774 et
3352 4718 3424 4775 de
3445 4724 3664 4775 aeterna
3681 4719 3797 4790 ejus

2152 4823 2216 4862 ac
2237 4805 2492 4880 generali
2524 4806 3054 4879 praedestinatione,
3072 4811 3131 4862 et
3151 4807 3523 4881 przescientia
3542 4807 3658 4864 alio
3684 4806 3797 4864 loco

2149 4894 2229 4951 ita
2250 4894 2423 4951 dicit:
2447 4894 2557 4962 [Ira
2577 4895 2676 4952 Dei
2701 4913 2815 4952 non
2840 4895 3203 4968 perturbatio
3223 4895 3406 4952 animi
3430 4898 3564 4970 ejus
3585 4900 3695 4968 est,
3708 4892 3797 4951 sed

2141 4982 2435 5055 judicium
2453 5001 2569 5056 quo
2600 4984 2894 5057 irrogatur
2915 5001 3087 5056 poena
3108 4983 3662 5057 peccato.Cogitatio
3682 4999 3799 5041 vero

2151 5074 2279 5143 ejus
2292 5078 2347 5128 et
2363 5072 2698 5145 recogitatio
2715 5074 3136 5129 mutandarum
3159 5088 3356 5129 rerum
3370 5079 3462 5130 est
3479 5073 3802 5130 immutabi-

2152 5159 2224 5216 lis
2246 5161 2413 5217 ratio.
2438 5161 2564 5216 Non
2587 5162 2743 5217 enim
2767 5162 2921 5218 sicut
2943 5161 3268 5229 hominem,
3292 5162 3375 5218 ita
3396 5160 3586 5220 Deum
3615 5163 3802 5235 cujus-

2151 5266 2330 5322 quam
2351 5249 2485 5305 facti
2506 5248 2597 5305 sui
2622 5250 3059 5324 pcenitet,cujus
3077 5250 3256 5307 estde
3274 5250 3558 5308 omnibus
3577 5249 3798 5309 omnino

2152 5338 2328 5393 rebus
2360 5341 2479 5392 tam
2510 5338 2624 5393 fixa
2654 5340 2964 5409 sententia,
2999 5356 3179 5412 quam
3210 5343 3362 5396 certa
3395 5339 3765 5413 praecientiaJ

1387 5439 1600 5495 NOT/E
1638 5440 1978 5498 DUVALLII
2018 5443 2373 5501 DOCTORIS
2413 5442 2814 5500 SORBONICI.

396 5510 416 5603 ξ
455 5527 531 5600 (ιι)
562 5526 706 5583 Cum
736 5526 818 5603 ait
834 5527 1191 5603 voluntatem
1220 5526 1388 5603 illiud
1411 5544 1538 5603 esse
1564 5529 1849 5603 facturam
1874 5533 2029 5603 quod

383 5597 538 5672 Deus
564 5597 869 5672 prmscivit,
891 5615 1007 5655 non
1028 5600 1151 5655 vult
1172 5598 1593 5672 praescientiam
1610 5599 1694 5672 im
1702 5597 1917 5672 ponere
1939 5620 2031 5657 vo-

379 5669 598 5762 juntati
637 5671 1064 5745 necessitatem,
1085 5669 1220 5729 cuin
1268 5670 1379 5730 hoc
1427 5669 1764 5729 haereticuin
1794 5673 1889 5747 sit,
1926 5675 2028 5733 sed

2140 5536 2371 5588 tantum
2403 5530 2791 5589 infallibiliter
2827 5550 2956 5591 esse
3000 5533 3286 5592 facturam
3317 5539 3377 5592 et
3408 5534 3796 5594 indubitanter

2141 5607 2505 5681 eventuram,
2530 5604 2720 5681 posito
2762 5605 2916 5681 quod
2966 5609 3120 5681 Deus
3166 5605 3248 5662 ita
3294 5606 3640 5681 praescierit,
3671 5622 3794 5666 cum

2140 5675 2269 5753 ejus
2299 5675 2667 5752 praescic'ntia
2699 5675 2943 5735 minime
2974 5675 3231 5739 fallatur.
