3896 6208
395 415 422 477 1
434 417 510 475 4Ἰ

395 552 544 617 bera,
591 546 768 603 adhuc
811 544 1076 602 animalis
1120 546 1335 611 merito,
1384 545 1519 615 quia
1559 543 1829 610 mortalis,
1869 544 2048 615 potuit
2070 547 2120 612 Α

390 655 630 714 peccare,
663 637 923 709 quoniam
950 634 1128 690 adhuc
1153 650 1263 689 non
1291 642 1410 689 erat
1434 635 1831 705 perfecta,qu$
1859 634 2048 705 utique

389 728 647 804 perfectio
700 726 963 780 libertatis
1005 731 1124 795 post
1184 722 1435 778 mandati
1489 722 1791 778 custodiam
1849 721 2047 793 imple-

394 827 568 888 retur,
624 815 756 871 dum
810 815 863 870 ei
911 812 1174 886 peccandi
1219 813 1468 867 voluntas
1519 813 1739 883 penitus
1799 813 2046 883 auferre-

394 917 706 1056 ⁷Ἦὲνὶῖαηε
733 1002 938 1051 motum
987 993 1136 1048 nulli
1183 991 1516 1046 animalium
1543 997 1748 1062 praeter
1774 990 2049 1045 hominem

396 1105 725 1149 concessum.

466 1182 520 1236 6.
545 1180 735 1250 Sitque
762 1176 889 1231 talis
917 1171 1226 1244 cli/Terentia
1256 1171 1401 1225 inter
1429 1169 1665 1224 liberum
1693 1167 1934 1223 hominis
1961 1184 2049 1223 ar-

400 1272 646 1335 bitrium,
679 1274 730 1322 et
750 1266 865 1338 ejus
884 1260 1271 1325 substantiam,
1314 1265 1373 1314 ut
1417 1265 1619 1313 natura
1666 1258 1727 1312 in
1776 1257 2049 1312 voluntate

395 1355 933 1423 rationali,liberum
960 1366 1084 1406 vero
1113 1350 1409 1403 arbitrium
1439 1348 1557 1419 ejus
1580 1346 1970 1412 libertate,sive
1990 1348 2047 1402 in

396 1457 547 1506 motu
577 1446 768 1503 liberae
793 1441 1124 1498 naturaliter
1152 1438 1466 1504 voluntatis,
1490 1437 1603 1492 sive
1628 1438 1686 1491 in
1715 1450 1942 1491 munere
1971 1436 2051 1490 in-

399 1536 745 1607 telligentia’.

466 1629 522 1681 7.
585 1624 719 1692 Quae
769 1620 898 1688 tria,
958 1617 1016 1673 id
1070 1625 1149 1672 est
1205 1616 1363 1683 liber,
1422 1621 1598 1670 motus
1656 1614 2046 1682 intelligentia,

400 1718 635 1773 liberum
663 1710 960 1768 arbitrium
986 1708 1129 1763 inter
1149 1722 1206 1761 se
1233 1711 1563 1777 componunt
1592 1722 1609 1757 :
1640 1710 1720 1769 ut,
1752 1704 1897 1758 sicut
1919 1701 2049 1757 sub-

393 1805 598 1862 stantia
646 1804 705 1858 in
755 1815 862 1872 qua
905 1804 1001 1864 est,
1053 1797 1203 1851 trina
1239 1796 1315 1850 sit
1363 1811 1375 1848 :
1427 1800 1504 1847 est
1551 1793 1720 1857 enim,
1750 1799 1800 1847 et
1837 1792 1969 1857 vult,
2002 1799 2054 1847 et

395 1897 501 1952 scit
547 1912 565 1947 :
610 1893 689 1947 ita
730 1897 781 1946 et
828 1885 969 1943 illud
1013 1885 1224 1941 trinum
1255 1883 1382 1953 ﬁat;
1414 1882 1573 1947 liber,
1606 1888 1803 1948 motus,
1837 1880 2049 1936 intelli—
2083 1915 2127 1980 Β

438 2000 555 2041 8718.

402 2003 631 2137 θωόἷιοᾱ
662 2083 799 2140 ergo
839 2063 998 2131 dicit,
1034 2063 1313 2118 interioris
1356 2059 1593 2115 hominis
1636 2060 2053 2115 substantialem

399 2162 647 2218 trinitem
678 2158 735 2212 in
764 2154 997 2211 essentia
1025 2160 1074 2208 et
1106 2151 1377 2206 voluntate
1404 2157 1454 2204 et
1483 2149 1713 2204 scientia
1757 2150 2046 2211 contineri,

398 2266 467 2305 ex
496 2250 739 2321 parteex
752 2238 1249 2314 disputationibus
1266 2237 1449 2294 sancti
1479 2235 2050 2311 Augustiniinlibris

399 2338 470 2393 de
500 2334 783 2391 Trinitate
815 2330 1095 2401 sumpsit;
1130 2346 1198 2383 ex
1229 2330 1391 2400 parte
1421 2327 1491 2381 de
1530 2343 1636 2381 suo
1685 2325 2047 2399 excogitavit.

397 2426 551 2483 Dicit
579 2423 735 2479 enim
767 2422 972 2477 beatus
1002 2416 1365 2492 Augustinus
1399 2416 1469 2470 de
1501 2418 1703 2471 sancta
1732 2420 1788 2470 et
1820 2432 2052 2472 summa

398 2514 684 2572 Trinitate
706 2507 1137 2583 disputans(lib.
1163 2524 1238 2574 1x,
1272 2508 1448 2577 cap.2,
1480 2513 1531 2560 et
1562 2506 1659 2560 lib.
1694 2523 1786 2571 xv,
1818 2522 1937 2577 cap.
1966 2507 2046 2575 7),

399 2608 457 2660 et
486 2604 556 2658 de
584 2603 778 2657 mente
808 2596 1066 2653 hominis
1085 2594 1183 2651 ubi
1205 2595 1274 2649 ad
1297 2592 1612 2666 imaginem
1640 2597 1696 2649 et
1718 2593 2050 2650 similitudi-

396 2709 531 2749 nem
562 2690 663 2747 Dei
694 2687 966 2745 conditur
994 2689 1101 2752 est,
1137 2682 1583 2739 similitudinem
1615 2682 1687 2737 ad
1718 2683 1901 2738 Deum
1930 2687 2046 2738 tra-

397 2780 568 2849 hens,
600 2783 665 2834 ut
694 2794 797 2850 per
824 2775 986 2832 illam
1018 2772 1334 2845 imaginem
1365 2770 1648 2826 trinitatis
1682 2788 1807 2844 quae
1848 2775 1938 2827 est
1986 2770 2043 2826 in

395 2874 591 2927 mente
620 2864 877 2923 hominis
909 2862 1238 2920 sublevaret
1263 2877 1368 2916 nos
1416 2861 1484 2915 ad
1531 2858 2044 2933 contemplandum

395 2964 718 3029 utcumque
748 2953 1095 3010 Trinitatem
1129 2968 1256 3022 quae
1286 2949 1441 3005 Deus
1473 2949 1754 3017 est.Dicit,
1780 2950 2041 3021 inquam.

397 3048 518 3103 hanc
549 3045 679 3114 tria,
713 3044 773 3099 id
803 3047 892 3099 est
919 3059 1068 3107 esse,
1104 3056 1297 3105 nosse,
1330 3043 1386 3093 et
1413 3037 1579 3104 velle,
1614 3038 1695 3093 ita
1742 3039 1800 3093 in
1852 3042 2046 3094 mente

396 3134 654 3193 hominis
675 3131 1012 3197 inveniri,ut
1043 3132 1101 3184 et
1131 3128 1406 3183 distincte
1428 3126 1538 3181 tria
1559 3126 1758 3194 sint,et
1781 3127 2045 3183 substan-

396 3226 479 3280 tia
499 3239 684 3279 unum
711 3220 858 3285 sint;
891 3217 1154 3274 videlicet
1175 3215 1410 3288 quando
1429 3231 1749 3287 mens,qu:e
1774 3216 2048 3271 naturali-

398 3315 487 3368 ter
517 3283 981 3380 est,naturaliter
1012 3283 1249 3360 novitse
1273 3308 1331 3359 et
1362 3283 1703 3358 naturaliter
1730 3303 1939 3369 vult,id
1962 3310 2050 3361 est
2079 3283 2122 3349 C

401 3399 593 3473 diligit
622 3413 815 3465 se,nec
846 3396 917 3451 ad
951 3394 1107 3450 aliud
1140 3396 1279 3447 tunc
1310 3392 1558 3447 refertur
1584 3392 1713 3461 ejus
1744 3393 1950 3449 notitia
1991 3398 2049 3451 et

396 3488 669 3546 voluntas
701 3484 814 3540 nisi
847 3484 917 3539 ad
946 3482 1402 3554 seipsam.Tunc
1428 3479 1583 3535 enim
1616 3479 1750 3535 licet
1777 3480 2047 3538 distincte

398 3576 806 3647 intelligantur
852 3572 975 3627 hmo
1023 3570 1136 3626 tria
1182 3586 1308 3625 esse
1353 3568 1412 3623 in
1463 3572 1676 3635 mente,
1710 3570 1767 3625 id
1801 3575 1889 3625 est
1919 3588 2047 3629 esse

397 3669 455 3721 et
503 3680 676 3719 nosse
726 3679 808 3728 se,
858 3664 914 3716 et
960 3659 1104 3714 velle
1152 3676 1235 3725 se,
1299 3662 1493 3713 tamen
1553 3662 1609 3713 et
1665 3659 1860 3730 ipsum
1918 3677 2047 3717 esse

396 3757 631 3820 natura,
694 3751 752 3806 id
814 3752 902 3805 est
953 3747 1205 3804 essentia
1259 3746 1472 3803 mentis
1528 3751 1635 3815 est,
1695 3752 1750 3804 et
1807 3749 2044 3806 omnino

395 3840 742 3898 naturaliter
788 3838 945 3895 novit
983 3855 1065 3904 se,
1099 3840 1157 3893 et
1187 3836 1529 3891 naturaliter
1556 3835 1679 3891 vult
1709 3854 1805 3905 se;
1838 3842 1893 3894 et
1925 3843 2046 3895 tota

395 3933 568 3998 est,et
596 3928 749 3984 sicut
776 3932 900 3983 tota
928 3926 1103 3982 habet
1130 3942 1277 3992 esse,
1313 3924 1397 3980 sic
1422 3924 1597 3980 etiam
1628 3929 1748 3981 tota
1779 3943 1841 3982 se
1864 3927 2043 3995 novit,

394 4020 479 4076 sic
511 4022 632 4074 tota
660 4034 721 4075 se
748 4016 874 4072 vult
904 4018 960 4072 et
990 4014 1202 4088 diligit.
1236 4015 1305 4069 Et
1334 4014 1462 4070 ideo
1493 4018 1632 4069 tunc
1688 4019 1909 4087 quanta
1955 4020 2044 4073 est

392 4108 647 4167 essentia
678 4108 826 4179 ejus,
862 4110 1027 4161 tanta
1054 4109 1142 4160 est
1169 4108 1226 4159 et
1256 4102 1461 4159 notitia
1490 4104 1619 4176 ejus
1671 4108 1728 4158 et
1772 4104 2041 4161 voluntas

393 4199 541 4271 ejus.
576 4198 645 4252 Et
676 4212 745 4251 ex
772 4195 881 4252 hac
914 4193 1349 4264 comparatione
1381 4192 1654 4248 admonet
1692 4192 1900 4248 beatus
1932 4194 2038 4249 do-

393 4290 535 4352 ctor,
563 4288 629 4338 ut
657 4300 725 4339 ex
753 4282 1137 4339 similitudine
1169 4281 1382 4336 mentis
1413 4284 1622 4336 nostra
1655 4296 2040 4353 exsurgamus

394 4374 464 4429 ad
498 4371 862 4445 contemplan
873 4372 1005 4427 dam
1024 4387 1217 4426 veram
1235 4369 1580 4424 Trinitatem
1602 4385 1729 4439 qua
1745 4369 1899 4424 Deus
1920 4374 2036 4426 est:

393 4467 459 4518 ut
489 4462 641 4518 sicut
671 4461 789 4517 haec
820 4462 953 4526 tria,
987 4459 1044 4514 id
1077 4464 1165 4515 est
1196 4475 1343 4523 esse,
1379 4473 1549 4512 nosse
1578 4473 1659 4524 se,
1694 4460 1750 4511 et
1780 4457 1922 4513 velle
1953 4475 2037 4525 se,

391 4551 473 4607 ita
501 4551 881 4606 inveniuntur
911 4549 968 4603 in
1003 4553 1196 4603 mente
1228 4545 1579 4610 hominis,ut
1597 4550 1651 4599 et
1672 4545 1900 4616 proprie
1923 4546 2039 4601 sin-

390 4640 529 4714 gula
559 4640 988 4705 discernantur,
1023 4640 1081 4691 et
1112 4639 1306 4690 tamen
1358 4631 1822 4688 substantialiter
1851 4638 1907 4688 et
1936 4651 2037 4690 na-
2067 4652 2117 4715 ι)

388 4727 656 4784 turaliter
685 4744 868 4783 unum
905 4726 1040 4782 sint.
1077 4724 1143 4779 Et
1167 4722 1373 4793 quinta
1403 4725 1490 4776 est
1520 4720 1650 4791 ipsa
1680 4726 2036 4785 mens,tanta

387 4820 526 4873 tunc
558 4817 635 4872 sit
663 4820 721 4871 et
750 4814 960 4871 notitia
978 4812 1067 4868 sui
1088 4815 1147 4867 et
1163 4808 1395 4864 dilectio
1426 4807 1684 4880 sui,quia
1708 4812 1829 4864 tota
1854 4827 1915 4865 se
1938 4828 2036 4867 no-

381 4905 484 4973 vit,
514 4909 633 4961 tota
662 4920 724 4959 se.
755 4902 919 4975 diligi
955 4918 967 4955 :
1002 4900 1083 4954 ita
1113 4915 1182 4953 ex
1212 4897 1321 4951 hac
1351 4895 1606 4969 imagine
1654 4901 1710 4951 et
1757 4897 2033 4955 similitu-

384 4994 520 5049 dine
554 4993 650 5048 Dei
679 4989 1049 5047 sublevemus
1083 4985 1441 5041 intellectum
1466 4985 1535 5039 ad
1571 4983 1757 5056 ipsam
1787 4988 2036 5044 Trinita-

382 5085 502 5137 tem
535 5079 851 5143 Domini,et
881 5090 1270 5149 agnoscamus
1290 5072 1350 5127 in
1373 5073 1502 5145 ipsa
1525 5074 1693 5129 beata
1722 5078 1778 5129 et
1799 5092 2035 5133 summa

382 5169 688 5234 Trinitate,
722 5165 999 5221 distincte
1028 5168 1084 5218 et
1117 5162 1347 5234 proprie
1380 5161 1491 5216 tria
1519 5178 1668 5227 esse,
1696 5163 1752 5217 id
1805 5168 1892 5219 est
1923 5170 2029 5221 Pa-

380 5259 553 5322 trem,
584 5259 642 5309 et
673 5254 904 5319 Filium,
939 5256 993 5307 et
1024 5251 1305 5322 Spiritum
1355 5254 1646 5317 sanctum,
1680 5256 1736 5307 et
1770 5252 1889 5307 haec
1919 5253 2033 5309 tria.

382 5341 771 5400 essentialiter
801 5346 859 5396 et
888 5339 1233 5396 naturaliter
1278 5357 1460 5394 unum
1509 5356 1654 5408 esse,
1688 5344 1747 5395 et
1772 5341 2033 5413 ‘aqnalia

382 5433 604 5499 esse,ut
633 5434 891 5501 quentus
911 5432 999 5485 est
1020 5429 1096 5483 ibi
1123 5429 1514 5495 Pater,tantns
1544 5434 2030 5500 agnoscaturesse

380 5524 438 5574 et
470 5518 673 5588 Filius,
706 5522 906 5572 tantus
938 5522 995 5572 et
1025 5517 1277 5588 Spiritus
1318 5521 1576 5573 sanctus.
1610 5517 1839 5589 Sicque,
1873 5518 2032 5573 velut

378 5623 483 5679 per
513 5605 816 5678 speculum
851 5610 907 5661 et
935 5605 992 5660 in
1025 5606 1330 5678 aenigmate
1363 5607 1575 5661 mentis
1607 5610 1816 5661 nostra:
1849 5606 2033 5661 disea-

379 5711 513 5751 mus
542 5694 863 5765 intelligere
885 5699 1146 5751 sanctam
1168 5694 1876 5762 'Ilrinitatem,distinctam
1901 5711 2031 5765 per-

1492 409 1727 473 FLOR!
1772 408 2088 472 nucem
2132 409 2703 474 LUGDUNENSIS.
2790 382 2805 388 ’

3692 411 3793 474 1-48

2153 543 2566 612 sonis,unitam
2598 542 3241 618 substantia,aequalem
3272 545 3488 603 natura
3515 547 3791 621 atquepa-

2154 634 2384 701 tentia.J

2228 725 2345 780 Iste
2372 740 2505 780 vero
2535 740 2669 780 cum
2702 723 2822 779 haec
2850 722 3107 796 legisset,
3140 728 3260 780 tam
3291 724 3517 781 utiliter
3547 729 3606 781 et
3653 724 3790 782 salu-

2155 814 2335 870 briter
2364 814 2435 869 ad
2466 812 2957 869 illuminationem
2989 816 3199 870 nostra:
3233 814 3368 869 fidei
3401 814 3702 882 dicta,non
3720 822 3797 871 est

2157 906 2465 959 contentus
2496 901 2893 958 moderamine
2922 905 2980 959 et
3008 902 3222 976 pietate
3243 901 3430 959 sancti
3453 903 3795 971 doctoris,ne

2156 991 2436 1048 terminos
2448 991 2520 1047 ab
2532 1008 2598 1047 eo
2615 991 2880 1064 prmﬁxos
2893 992 3194 1048 excederet
3212 1007 3225 1045 :
3247 991 3348 1048 sed
3370 991 3601 1047 addidit
3621 993 3689 1048 de
3704 1011 3797 1049 suo
3894 1050 3896 1065 ,

2156 1081 2312 1153 quod
2327 1080 2786 1153 hmctriaquaain
2803 1084 2995 1137 mente
3026 1079 3283 1137 hominis
3313 1082 3793 1154 contemplantur,
3894 1082 3896 1091 '

2156 1169 2412 1226 Trinitas
2434 1170 2512 1225 sit
2530 1169 2969 1226 substantialis:
2991 1187 3126 1226 cum
3158 1169 3415 1226 Trinitas
3438 1171 3795 1227 substantilis

2156 1263 2213 1316 et
2243 1258 2631 1327 substantive,
2664 1258 2723 1312 id
2744 1262 2831 1313 est
2870 1276 2997 1332 quae
3020 1258 3490 1315 substantialiter
3518 1258 3582 1314 in
3623 1277 3796 1332 perso-

2157 1350 2250 1406 nis
2280 1349 2585 1415 consistat,
2616 1346 2953 1404 nullatenus
2982 1346 3227 1404 inveniri
3257 1348 3465 1420 possit,
3489 1348 3612 1405 nisi
3640 1351 3794 1407 unius

2156 1438 2278 1495 Dei.
2312 1438 2475 1494 Unde
2504 1443 2562 1494 et
2591 1436 2744 1493 idem
2779 1437 3001 1503 doctor,
3035 1454 3107 1493 ne
3138 1437 3273 1509 quis
3303 1442 3456 1494 erret
3486 1436 3548 1493 in
3598 1438 3795 1495 talibus

2157 1527 2404 1585 sollicite
2433 1527 2729 1591 admonet,
2762 1530 2819 1582 et
2847 1527 3016 1582 docet
3066 1526 3127 1581 in
3176 1526 3397 1582 eisdem
3428 1526 3628 1594 libris,
3661 1531 3794 1601 quod

2157 1634 2273 1673 non
2303 1617 2480 1673 homo
2511 1615 2588 1672 sit
2618 1616 2740 1671 haec
2769 1615 2900 1685 tria,
2934 1616 3035 1671 sed
3067 1614 3324 1672 hominis
3352 1615 3442 1672 vel
3474 1616 3534 1671 in
3580 1617 3798 1674 homine

2157 1706 2277 1762 sint
2305 1706 2426 1761 haec
2448 1704 2578 1760 tria.
2612 1704 2754 1760 Cum
2788 1720 2819 1760 e
2850 1703 3139 1760 contrario
3193 1704 3251 1759 in
3293 1708 3498 1761 sancta
3526 1706 3800 1763 Trinitate

2159 1794 2258 1851 illa
2283 1795 2396 1850 tria
2425 1811 2553 1866 qua:
2587 1793 2857 1849 distincte
2887 1793 2968 1849 ibi
3018 1797 3439 1868 agnoscuntur,
3473 1796 3801 1852 nullatenus

2159 1885 2270 1940 dici
2303 1884 2553 1940 debeant
2582 1887 2684 1938 aut
2713 1881 2939 1955 possint
2971 1882 3029 1938 in
3066 1900 3181 1939 uno
3213 1882 3329 1939 Deo
3360 1899 3512 1951 esse,
3547 1886 3657 1941 sed
3686 1902 3803 1941 vere

2161 1991 2313 2028 unus
2345 1973 2498 2028 Deus
2527 1989 2674 2028 esse.
2726 1971 2923 2045 Neque
2967 1972 3123 2028 enim
3164 1972 3511 2029 Trinitatem
3560 1974 3777 2030 dicimu

2158 2078 2286 2119 esse
2315 2062 2374 2117 in
2408 2062 2539 2127 Deo,
2575 2061 2675 2117 sed
2707 2060 2896 2134 ipsam
2924 2061 3267 2118 Trinitatem
3301 2062 3486 2118 Deum
3510 2062 3633 2120 :sic
3662 2064 3802 2120 enim

2158 2150 2283 2224 ipse
2314 2153 2551 2207 sanctus
2583 2149 2782 2206 doctor
2811 2149 2954 2205 dicit
2983 2148 3104 2223 (lib.
3139 2168 3213 2206 xv
3241 2150 3307 2208 de
3333 2153 3762 2225 Trinit.,eap.6)
3790 2170 3803 2208 :

2159 2239 2514 2310 [Invenimus
2544 2238 2602 2293 in
2633 2238 2870 2294 homine
2898 2237 3241 2306 trinitatem,
3274 2238 3333 2295 id
3363 2244 3450 2296 est
3472 2245 3735 2297 mentem
3758 2246 3807 2297 et

2159 2328 2426 2384 notitiam
2458 2344 2573 2400 qua
2604 2344 2666 2383 se
2698 2327 2937 2395 novit,et
2966 2327 3335 2384 dilectionem
3367 2346 3486 2402 qua
3517 2347 3586 2386 se
3609 2330 3805 2403 diligit;

2160 2420 2257 2474 sed
2291 2419 2412 2475 hzec
2443 2420 2555 2474 tria
2582 2417 2666 2475 ita
2691 2423 2832 2475 sunt
2870 2419 2930 2473 in
2979 2418 3237 2485 homine,
3272 2426 3336 2475 ut
3380 2437 3498 2476 non
3538 2421 3678 2494 ipsa
3704 2422 3807 2478 sint

2157 2507 2334 2563 homo
2369 2524 2382 2563 :
2417 2508 2592 2564 homo
2623 2507 2780 2563 enim
2811 2508 3079 2573 est,sicut
3102 2513 3162 2564 et
3180 2512 3404 2565 veteres
3433 2509 3805 2577 definierunt,

2158 2595 2375 2652 animal
2409 2597 2688 2653 rationale
2714 2595 2980 2652 mortale.
3016 2596 3121 2652 Illa
3149 2614 3285 2671 ergo
3318 2598 3621 2655 excellunt
3646 2600 3704 2655 in
3725 2600 3810 2656 110·

2157 2686 2333 2753 mine,
2365 2702 2479 2740 non
2512 2684 2639 2758 ipsa
2669 2691 2808 2741 sunt
2833 2685 3026 2753 homo,
3061 2689 3118 2742 et
3166 2703 3282 2742 una
3328 2702 3611 2759 persona,
3646 2689 3704 2744 id
3732 2694 3810 2744 est

2156 2773 2427 2847 singulus
2457 2774 2707 2846 quisque
2737 2774 2956 2841 homo.]
2988 2774 3172 2830 Habet
3200 2773 3301 2830 illa
3329 2776 3443 2832 tria
3486 2777 3550 2832 in
3605 2782 3807 2834 mente.

2153 2862 2240 2919 vel
2266 2866 2519 2919 mentem
2554 2879 2567 2917 :
2603 2879 2667 2917 ac
2697 2880 2799 2935 per
2829 2863 2937 2918 hoc
2985 2861 3085 2918 illa
3134 2880 3249 2919 non
3294 2864 3469 2920 homo
3519 2871 3688 2933 sunt,
3719 2867 3807 2922 sed

2154 2950 2411 3007 hominis
2442 2955 2599 3019 sunt,
2633 2950 2718 3006 vel
2760 2950 2817 3006 in
2868 2950 3104 3007 homine
3138 2956 3295 3008 sunt.
3329 2953 3609 3010 Detracta
3641 2955 3803 3010 etiam

2154 3057 2413 3112 corpore,
2447 3039 2495 3095 si
2529 3038 2654 3095 sola
2683 3038 2881 3095 anima
2910 3039 3199 3112 cogitetur
3227 3039 3470 3114 aliquid,
3493 3044 3633 3115 ejus
3656 3061 3809 3099 mens

2153 3134 2242 3185 est
2271 3133 2553 3201 tanquam
2588 3132 2763 3200 caput
2792 3129 2940 3199 ejus,
2974 3128 3059 3185 vel
3093 3129 3318 3195 oculus,
3354 3130 3440 3185 vel
3475 3131 3685 3199 facies,
3721 3132 3803 3186 sed
3894 3166 3896 3207 ζ

2158 3235 2273 3273 non
2305 3217 2429 3273 tunc
2453 3222 2518 3273 ut
2545 3234 2788 3289 corpora
2817 3216 3127 3289 cogitanda
3157 3219 3449 3274 sunt.l\'on
3479 3219 3678 3291 igitur
3697 3220 3804 3276 ani-

2162 3324 2278 3373 ma,
2327 3307 2429 3363 sed
2473 3306 2629 3378 quod
2679 3305 2906 3361 excellit
2954 3307 3012 3362 in
3059 3308 3277 3373 anima,
3311 3325 3478 3364 mens
3530 3316 3803 3366 vocatur:

2156 3396 2422 3469 nunquid
2474 3400 2669 3451 autem
2719 3412 3037 3467 possumus
3085 3396 3278 3452 dicere
3335 3396 3695 3455 Trinitatem
3735 3399 3805 3453 sic.

2155 3502 2284 3541 esse
2317 3486 2375 3540 in
2407 3485 2543 3549 Deo,
2578 3488 2643 3539 ut
2673 3483 2893 3556 aliquid
2929 3484 3027 3541 Dei
3059 3484 3155 3550 sit,
3189 3502 3295 3542 nec
3326 3485 3455 3559 ipsa
3483 3486 3568 3543 sit
3616 3488 3807 3545 Deus?

2228 3560 2343 3629 lste
2372 3589 2505 3628 vero
2537 3576 2847 3645 postquam
2881 3588 2994 3628 non
3028 3577 3181 3629 recte
3212 3574 3677 3632 substantialem
3700 3576 3807 3632 Tri-

2155 3662 2397 3718 nitatem
2429 3661 2487 3716 in
2518 3661 2734 3718 mentis
2766 3662 3022 3717 essentia
3051 3666 3109 3717 et
3153 3662 3451 3720 voluntate
3476 3668 3539 3720 et
3570 3665 3809 3721 scientia
3894 3728 3896 3751 Ι

2155 3749 2439 3807 contineri
2469 3750 2631 3817 dixit,
2665 3751 2826 3806 addit
2854 3749 3045 3806 adhuc
3077 3749 3236 3806 aliud
3283 3752 3472 3824 pejus,
3506 3752 3721 3810 dicens
3749 3754 3809 3809 de
3894 3749 3896 3819 ξ

2154 3839 2282 3913 ipsa
2311 3838 2568 3895 hominis
2599 3843 2793 3895 mente
2826 3856 2840 3894 :
2873 3840 2979 3895 Nec
3006 3839 3165 3895 aliud
3208 3843 3264 3897 ei
3306 3858 3420 3897 esse
3449 3846 3504 3898 et
3536 3844 3702 3912 velle,
3723 3860 3810 3899 nec

2152 3928 2309 3984 aliud
2338 3929 2474 3984 velle
2491 3935 2543 3983 et
2561 3930 2730 3996 scire,-
2750 3936 3035 4000 -totamque
3056 3930 3265 3987 animae
3282 3938 3549 3986 natu-ram
3572 3933 3812 3988 volunta-

2153 4025 2261 4072 tem
2287 4031 2434 4083 esse;
2464 4015 2557 4070 sed
2586 4014 2703 4072 haec
2731 4017 2840 4070 tria
2860 4032 3031 4071 unam
3058 4016 3490 4072 naturam.Cum
3522 4035 3558 4073 e
3588 4023 3811 4075 contra-
3894 4014 3896 4077 ἶ

2152 4106 2236 4161 rio
2270 4103 2607 4160 firmissime
2638 4104 2782 4160 fides
2813 4107 3007 4160 teneat
3037 4104 3260 4161 nullam
3292 4109 3631 4163 creaturam
3668 4123 3809 4166 esse.

2152 4193 2208 4249 id
2244 4198 2332 4249 est
2362 4209 2467 4249 nec
2498 4190 2844 4265 angelicam,
2886 4209 2989 4248 nec
3042 4192 3388 4261 humanam,
3421 4211 3554 4267 quae
3614 4195 3702 4252 ita
3747 4195 3815 4251 sit

2150 4281 2436 4354 simplicis
2469 4286 2710 4349 naturae,
2742 4281 2830 4337 vel
2862 4280 3149 4351 essentia,
3179 4287 3242 4338 ut
3270 4283 3424 4356 quod
3454 4287 3547 4339 est
3577 4285 3633 4340 ei
3668 4301 3808 4349 esse,

2150 4369 2256 4426 hoc
2287 4371 2366 4425 sit
2395 4368 2739 4442 intelligere,
2773 4370 2912 4441 quia
2939 4370 3207 4427 videlicet
3236 4374 3428 4442 potest
3455 4388 3590 4429 esse
3611 4378 3674 4428 et
3702 4389 3806 4428 non
3894 4370 3896 4377 ’

2150 4458 2492 4531 intelligere.
2526 4459 2642 4513 Nec
2673 4458 2828 4531 quod
2860 4463 2950 4514 est
2980 4458 3030 4515 ei
3062 4474 3213 4527 esse,
3237 4458 3347 4516 hoc
3378 4465 3470 4516 est
3497 4460 3808 4533 velle,quia
3894 4454 3896 4493 ί

2148 4551 2341 4618 potest
2370 4562 2499 4601 esse
2529 4550 2587 4601 et
2624 4563 2739 4601 non
2770 4546 2935 4602 velle.
2970 4548 3085 4603 Nec
3116 4547 3223 4603 hoc
3253 4547 3336 4603 illi
3369 4552 3459 4605 est
3488 4565 3624 4605 esse
3657 4548 3805 4622 quod

2147 4635 2489 4707 nosse,quia
2514 4639 2703 4707 potest
2733 4652 2861 4692 esse
2888 4641 2945 4692 et
2977 4653 3091 4692 non
3126 4637 3449 4693 nosse.Nec
3480 4637 3593 4693 hoc
3616 4637 3703 4694 illi
3725 4643 3806 4694 est

2143 4742 2272 4780 esse
2304 4725 2461 4796 quod
2495 4723 2900 4796 diligere,quia
2926 4728 3116 4796 potest
3145 4742 3275 4782 esse
3306 4731 3364 4781 et
3391 4742 3512 4781 non
3532 4726 3801 4800 diligere.

2144 4813 2338 4870 Solius
2368 4818 2561 4868 autem
2593 4813 2799 4868 divinae
2828 4818 3049 4869 natura:
3080 4817 3170 4869 est
3199 4831 3436 4870 summa
3454 4814 3561 4870 illa
3580 4821 3643 4871 et
3662 4815 3804 4872 inef-

2142 4900 2339 4957 fabilis
2368 4899 2734 4973 simplicitas,
2769 4904 2834 4957 ut
2883 4902 3037 4974 quod
3087 4906 3176 4958 est
3223 4903 3274 4958 ei
3320 4919 3471 4974 esse,
3504 4903 3615 4959 hoc
3650 4904 3703 4960 ei
3734 4904 3805 4960 sit
3894 4956 3896 4961 .

2143 4989 2425 5064 quidquid
2458 4989 2738 5046 veraciter
2767 4989 2984 5046 dicitur
3008 5006 3156 5047 esse.
3188 4991 3363 5047 Verbi
3393 4991 3609 5065 gratia,
3645 4993 3798 5064 quod

2142 5084 2231 5135 est
2257 5078 2307 5134 ei
2338 5094 2487 5144 esse,
2521 5078 2629 5133 hoc
2658 5082 2748 5133 est
2777 5078 3122 5152 intelligere,
3159 5080 3299 5152 quia
3341 5097 3455 5136 non
3490 5086 3581 5136 est
3608 5080 3671 5136 in
3706 5080 3801 5136 illo

2141 5167 2296 5223 aliud
2328 5165 2586 5221 essentia
2614 5170 2671 5220 et
2698 5165 2856 5221 aliud
2889 5166 3274 5241 intelligentia
3307 5185 3321 5222 :
3356 5168 3456 5224 sed
3509 5169 3670 5240 quod
3716 5174 3801 5224 est

2140 5253 2411 5319 essentia,
2455 5253 2565 5307 hoc
2612 5252 3026 5327 intelligentia;
3079 5259 3137 5309 et
3186 5254 3341 5326 quod
3385 5255 3799 5330 intelligentia,

2139 5343 2247 5398 hoc
2286 5340 2557 5397 essentia.
2591 5341 2873 5399 Similiter
2917 5359 3034 5398 non
3082 5346 3172 5399 est
3215 5342 3299 5398 illi
3349 5342 3513 5399 aliud
3562 5362 3697 5401 esse
3743 5350 3797 5399 et

2140 5430 2295 5485 aliud
2329 5428 2652 5500 sapientem
2683 5430 2980 5502 esse,quia
3009 5447 3124 5486 non
3146 5434 3238 5486 est
3259 5432 3320 5486 in
3350 5430 3482 5487 illos
3514 5431 3678 5488 aliud
3714 5449 3798 5488 es-

2140 5517 2329 5573 sentia
2375 5522 2431 5571 et
2475 5516 2633 5573 aliud
2686 5519 2972 5590 sapientia
3004 5535 3018 5574 :
3053 5520 3155 5575 sed
3187 5520 3341 5593 quod
3373 5521 3657 5587 essentia,
3691 5521 3796 5577 hoc

2139 5605 2448 5678 sapientia,
2479 5610 2537 5661 et
2567 5608 2722 5678 quod
2754 5607 3060 5679 sapientia,
3095 5608 3205 5664 hoc
3258 5609 3536 5665 essentia.
3574 5614 3653 5666 De
3684 5627 3797 5682 qua

2140 5711 2200 5750 re
2231 5694 2385 5749 idem
2418 5693 2623 5750 beatus
2654 5695 2857 5750 doctor
2886 5695 2969 5750 ita
2996 5694 3279 5768 loquitur,
3309 5696 3513 5752 dicens
3547 5713 3561 5753 :
