3896 6198
134 401 243 468 133

1091 400 1324 465 LIBER
1363 400 1776 467 ADVERSUS
1818 400 2184 501 JQANNEM
2226 403 2567 470 SCOTUM.

3418 406 3537 473 l5!

130 542 192 595 ut
218 535 405 610 possit
431 532 602 606 velle,
624 536 693 593 ut
721 532 908 610 possit
948 535 1124 593 etiam
1162 550 1336 608 posse
1365 535 1518 608 quod
1553 534 1773 591 bonum
1804 537 1857 603 Α
1883 536 1977 602 cit,
2007 552 2182 593 sermo
2213 554 2309 610 qui
2348 540 2582 612 scriptus
2624 548 2704 597 est
2731 559 2751 597 :
2780 540 3042 617 Absorpta
3087 552 3167 603 est
3206 563 3356 605 mors
3382 566 3416 606 a
3446 550 3505 606 vi
3516 576 3535 588 -

129 631 242 694 est;
267 630 331 681 ut
358 630 557 681 autem
591 624 703 681 hoc
726 624 881 696 velit,
907 629 973 680 ut
1000 624 1109 680 hoc
1140 624 1325 697 possit
1355 641 1471 680 non
1502 623 1681 679 habet
1709 640 1778 679 ex

128 732 207 783 se,
230 715 330 770 sed
363 730 433 769 ex
472 711 573 770 illo
603 718 836 770 tantum
884 716 982 786 qui
1024 720 1279 786 operatur
1307 711 1368 767 in
1399 712 1674 768 cordibus
1705 712 1778 766 fi-

128 803 267 860 lium
297 810 348 858 et
378 803 518 859 velle
542 811 594 858 et
622 803 881 875 perﬁcere
899 818 1000 874 pro
1027 802 1164 858 bona
1188 802 1486 858 voluntate.
1520 800 1659 856 Inde
1690 804 1780 856 est

128 891 223 948 illa
249 890 651 948 ecclesiastica
678 896 735 946 et
756 889 1102 947 fidelissima
1130 888 1411 958 definitio,
1436 906 1614 962 quam
1647 888 1779 944 bea-

128 985 217 1037 tus
245 996 400 1053 papa
428 979 774 1036 leestinus
806 979 971 1054 ponit
1006 978 1067 1035 in
1117 978 1372 1036 Decretis
1420 978 1546 1034 suis
1576 979 1778 1035 dicens

126 1070 377 1143 (Calest.,
410 1071 585 1142 Epist.
638 1068 708 1124 ad
756 1069 897 1125 Gall.
948 1066 1126 1141 episc.
1159 1067 1323 1138 819):
1353 1071 1367 1134 [
1394 1069 1481 1123 Ita
1532 1072 1686 1123 Deus
1716 1067 1776 1121 in

126 1157 396 1215 cordibus
430 1156 737 1214 hominum
785 1162 963 1230 atque
994 1155 1055 1211 in
1094 1156 1221 1229 ipso
1271 1155 1453 1212 libero
1503 1159 1781 1229 operatur

125 1242 380 1311 arbitrio,
415 1251 484 1301 ut
522 1250 726 1301 sancta
763 1244 1063 1317 cogitatio,
1093 1244 1257 1317 pium
1286 1243 1620 1309 consilium,
1652 1259 1777 1300 om-
1804 1272 1805 1275 η

125 1332 327 1406 nisque
358 1337 561 1391 motus
589 1334 753 1390 bona;
778 1330 1099 1389 voluntatis
1121 1348 1189 1389 ex
1218 1332 1335 1389 Deo
1367 1334 1480 1389 sit:
1510 1332 1648 1406 quia
1677 1349 1781 1406 per

124 1421 284 1478 illum
316 1421 545 1495 aliquid
577 1422 715 1477 boni
745 1437 1084 1494 possumus,
1107 1422 1234 1478 sine
1255 1438 1370 1494 quo
1398 1420 1545 1477 nihil
1577 1438 1781 1494 possu-

126 1516 295 1579 mus.]
337 1510 410 1567 Et
458 1510 675 1567 iterum
706 1510 892 1580 (Ibid,
918 1512 973 1579 8)
1003 1527 1017 1566 :
1050 1509 1281 1578 [Omnia
1317 1510 1533 1580 studia,
1580 1510 1781 1566 omnia

126 1616 295 1674 opera
314 1615 383 1656 ac
411 1598 622 1656 merita
651 1603 991 1656 sanctorum
1017 1599 1089 1654 ad
1116 1599 1217 1655 Dei
1243 1598 1490 1672 gloriam
1513 1598 1779 1655 laudem-

127 1704 234 1762 que
262 1687 568 1744 referenda
617 1692 772 1744 sunt.
797 1686 944 1753 Quia
998 1703 1170 1744 nemo
1215 1686 1454 1744 aliunde
1484 1688 1534 1744 ei
1567 1687 1778 1760 placet,

127 1776 235 1833 nisi
253 1793 321 1833 ex
342 1792 410 1833 eo
436 1777 593 1848 quod
624 1776 750 1850 ipse
774 1776 1115 1844 donaverit.)
1142 1777 1223 1832 Ex
1244 1793 1363 1849 qua
1384 1775 1704 1849 apostolica
1723 1781 1782 1832 et

128 1864 520 1922 ecclesiastica
549 1864 887 1922 deﬁnitione
915 1864 1245 1921 certissime
1274 1864 1603 1921 ostenditur
1632 1864 1779 1921 nihil
1810 1906 1857 1972 Β

127 1966 291 2026 posse
320 1953 383 2008 in
406 1953 651 2010 homine
679 1953 933 2009 liberum
955 1954 1264 2009 arbitrium
1289 1954 1361 2009 ad
1385 1954 1776 2027 appetendum

126 2042 208 2098 vel
238 2044 640 2116 peragendum
690 2042 933 2109 bonum,
974 2041 1089 2099 nisi
1140 2042 1316 2097 fuerit
1345 2041 1557 2097 Christi
1589 2041 1780 2115 gratia

128 2129 459 2186 liberatum.
482 2131 586 2187 Est
611 2136 809 2188 tamen
839 2129 1090 2186 liberum
1112 2130 1184 2186 ad
1209 2129 1617 2202 malum,quia,
1643 2147 1777 2186 cum

127 2224 339 2291 peccat,
361 2236 480 2275 non
506 2214 705 2292 aliqua
728 2218 1076 2275 necessitate
1095 2218 1342 2292 cogitur,
1359 2219 1460 2275 sed
1482 2218 1779 2275 voluntate

130 2308 354 2380 propria
381 2309 757 2385 depravatur.

191 2396 366 2452 Addit
395 2396 609 2453 deinde
655 2398 767 2453 iste
798 2401 855 2453 et
884 2396 1027 2452 dicit
1058 2413 1073 2452 :
1105 2397 1262 2453 Sicut
1297 2397 1539 2453 animale
1583 2410 1778 2468 corpus

125 2487 294 2556 potuit
326 2486 494 2553 mori,
529 2486 662 2558 quia
712 2485 890 2542 adhuc
931 2502 1045 2542 non
1091 2494 1211 2542 erat
1253 2489 1574 2558 perfectum,
1616 2485 1672 2540 id
1699 2493 1778 2541 est

130 2575 433 2647 spirituale,
454 2576 539 2630 ita
565 2576 838 2641 voluntas,
862 2575 1036 2631 libera
1064 2574 1242 2630 adhuc
1269 2575 1533 2630 animalis
1559 2576 1774 2643 merito,

131 2665 257 2735 quia
280 2665 534 2722 mortalis
558 2666 739 2735 potuit
764 2679 1002 2735 peccare,
1029 2666 1291 2735 quoniam
1319 2663 1499 2719 adhuc
1523 2678 1632 2719 non
1662 2670 1782 2719 erat

127 2755 379 2825 perfecta,
401 2767 535 2825 quae
573 2755 763 2825 utique
786 2754 1047 2825 perfectio
1077 2753 1349 2809 libertatis
1380 2762 1501 2825 post
1527 2753 1781 2809 mandati

131 2841 423 2897 custodiam
456 2842 800 2913 impleretur,
821 2841 953 2897 dum
972 2843 1027 2898 ei
1041 2841 1308 2914 peccandi
1325 2843 1578 2898 voluntas
1596 2841 1781 2917 aufer-

131 2936 310 2996 retur;
341 2929 444 2984 ubi
479 2928 618 3002 quid
646 2928 805 2985 aliud
828 2929 1141 2986 dicendum
1170 2930 1241 2985 de
1267 2945 1505 3002 corpore
1535 2929 1778 2986 animali

130 3023 186 3073 et
212 3018 527 3091 spirituali,
558 3019 670 3074 nisi
713 3019 868 3091 quod
899 3018 1209 3091 Apostolus
1240 3019 1408 3075 docet
1437 3019 1638 3076 dicens
1671 3035 1684 3074 :
1718 3020 1782 3076 Si

129 3114 201 3161 est
231 3109 427 3180 corpus
472 3107 731 3171 animale,
768 3115 820 3163 et
864 3115 943 3162 est
986 3107 1299 3179 spirituale,
1331 3109 1474 3163 sicut
1515 3109 1781 3180 scriptum

129 3204 242 3251 est:
270 3199 453 3266 factus
483 3200 562 3253 est
587 3199 799 3268 primus
827 3198 983 3253 homo
1015 3196 1186 3253 Adam
1220 3199 1279 3252 in
1317 3200 1567 3254 animam
1594 3200 1779 3255 viven-

1886 627 2029 680 toria
2062 627 2252 698 (Ibid.,
2280 629 2371 695 53,
2402 630 2524 698 54);
2556 639 2617 685 ut
2658 647 2853 704 corpus
2902 637 3053 706 quod
3098 653 3245 705 nunc
3293 640 3536 696 animale

1884 717 2192 772 seminatur
2220 716 2275 771 in
2310 724 2515 782 morte,
2548 728 2678 775 tunc
2718 732 2969 793 resurgat
3014 726 3303 797 spirituale
3331 728 3528 799 (Ibid,

1886 803 2003 873 44),
2028 803 2188 860 nullo
2211 807 2337 878 jam
2369 807 2644 865 alimento
2671 814 3143 882 sustentandum,
3166 815 3328 872 nulla
3356 816 3534 875 mole-

1886 892 1998 948 stia
2025 897 2542 967 corrumpendum,
2567 898 2729 955 nulla
2758 905 2943 958 morte
2964 902 3532 973 dissolvendum,sed

1887 982 2009 1037 solo
2062 983 2272 1054 spiritu
2330 988 2543 1043 interna
2599 989 3039 1048 immortalitate
3092 994 3529 1055 viviﬁcandum.

1887 1070 2065 1134 Quale
2094 1078 2218 1128 erat
2244 1073 2419 1130 etiam
2466 1076 2729 1134 futurum
2761 1096 2973 1153 corpus
3000 1084 3134 1140 Adin
3162 1085 3327 1143 nulla
3353 1089 3532 1145 inter-

1886 1160 2124 1217 cedente
2156 1166 2360 1231 morte,
2385 1163 2501 1220 Deo
2530 1167 2659 1238 ejus
2680 1168 3069 1227 obedientiam
3102 1184 3529 1249 remunerante,

1886 1249 1935 1304 si
1970 1266 2085 1305 non
2117 1257 2430 1322 peccasset.

1960 1404 2163 1474 itaque
2186 1418 2388 1461 verum
2412 1407 2651 1479 quidem
2674 1414 2762 1467 est
2781 1414 2937 1485 quod
2964 1415 3155 1473 adhuc
3176 1420 3429 1480 animale
3447 1441 3538 1482 es-

1888 1495 1976 1548 set
1996 1508 2209 1564 corpus
2237 1495 2522 1561 Ada3,nec
2551 1496 2611 1553 in
2645 1498 2806 1556 illam
2839 1501 3346 1566 immortalitatem
3375 1529 3536 1570 com-

1888 1585 2347 1655 mutatum,quaz
2374 1584 2424 1641 ei
2451 1585 2638 1643 fuerat
2667 1588 2884 1659 danda,
2907 1593 2957 1649 si
2987 1594 3081 1666 pie
3111 1597 3389 1657 obediens
3419 1602 3536 1660 Deo

1888 1672 2348 1760 permansisset:
2372 1672 2453 1730 ita
2473 1681 2541 1731 ut
2560 1681 2619 1732 et
2642 1678 2692 1734 si
2715 1696 2830 1736 non
2853 1689 3170 1753 peccasset,
3193 1695 3394 1760 posset
3421 1707 3537 1749 non

1890 1759 2058 1827 mori,
2073 1765 2131 1817 et
2161 1761 2210 1817 si
2246 1769 2561 1834 peccasset,
2587 1772 2784 1838 posset
2825 1773 3003 1841 mori;
3040 1759 3418 1837 manifestum
3449 1780 3540 1839 est

1889 1862 2022 1903 eum
2043 1849 2174 1906 ideo
2200 1852 2347 1908 mori
2366 1853 2802 1929 potuisse,quia
2822 1860 3069 1917 necdum
3093 1864 3284 1922 fuerat
3301 1868 3539 1926 immor-

1887 1936 2114 1995 talitate
2134 1940 2407 1997 donatus.
2435 1944 2597 2008 Quod
2627 1950 2824 2002 autem
2862 1948 2923 2005 in
2952 1950 3050 2008 illo
3080 1953 3317 2013 homine
3344 1958 3538 2016 adhuc

1887 2026 2161 2084 animalis
2203 2032 2359 2085 esset
2409 2031 2701 2103 voluntas,
2727 2034 2786 2090 id
2815 2042 2906 2093 est
2947 2043 3271 2100 secundum
3325 2048 3537 2105 animo

1887 2113 2159 2171 humana
2189 2117 2535 2189 appetitum,
2553 2124 2610 2177 et
2637 2136 2754 2179 non
2783 2127 3107 2185 secundum
3137 2131 3407 2204 spiritum
3436 2136 3538 2193 Dei

1884 2204 2083 2260 vivens
2108 2204 2230 2261 sive
2252 2206 2604 2281 intelligens,
2628 2215 2693 2266 ut
2716 2214 2980 2271 nondum
3002 2223 3158 2274 esset
3186 2219 3245 2276 in
3278 2221 3537 2281 interiori

1886 2293 2144 2362 homine,
2172 2293 2230 2351 id
2263 2301 2354 2352 est
2381 2296 2441 2352 in
2470 2298 2681 2370 spiritu
2705 2304 2919 2361 mentis
2950 2322 3070 2362 sua:
3102 2307 3402 2381 spiritalis,
3435 2315 3538 2371 sed

1886 2381 2079 2438 adhuc
2109 2382 2405 2453 animalis,
2435 2385 2492 2441 id
2522 2392 2613 2444 est
2632 2390 2984 2462 animaliter,
3009 2412 3124 2452 non
3156 2397 3543 2471 spiritualiter

1886 2473 2185 2541 sentiens;
2235 2474 2309 2529 de
2346 2475 2622 2548 qualibus
2682 2479 2823 2537 dicit
2870 2485 3222 2556 Apostolus:
3259 2491 3542 2549 Animalis

1885 2571 2069 2619 autem
2094 2564 2252 2621 homo
2278 2581 2390 2620 non
2415 2570 2651 2640 percipit
2704 2587 2770 2645 ea
2825 2588 2952 2645 qua
3004 2584 3137 2632 sunt
3183 2580 3416 2650 spiritus
3443 2582 3545 2637 Dei

1887 2653 1937 2719 (Ι
1962 2653 2092 2708 Cor.
2126 2669 2189 2720 ιι,
2222 2655 2310 2725 14)
2336 2672 2349 2708 :
2378 2655 2505 2711 Non
2546 2656 2628 2714 ita
2664 2661 2921 2718 ostendit
2958 2665 3296 2736 Apostolus,
3321 2668 3420 2740 qui
3451 2685 3540 2725 sa-

1884 2749 2223 2797 cramentum
2246 2742 2387 2799 illud
2409 2761 2678 2815 magnum
2702 2751 2855 2820 quod
2882 2752 3143 2809 futurum
3167 2760 3292 2811 erat
3310 2759 3371 2812 in
3389 2757 3545 2815 Chri-

1885 2839 1967 2921 sto
1996 2838 2048 2887 et
2075 2833 2137 2887 in
2165 2832 2424 2901 Ecclesia,
2458 2835 2530 2890 ab
2578 2834 2708 2908 ipso
2750 2837 2897 2896 dicit
2925 2857 3054 2897 esse
3102 2843 3540 2916 prophetatum,

1889 2921 2125 2992 quando
2154 2921 2348 2978 divino
2380 2923 2582 2996 utique
2613 2925 2871 2998 repletus
2902 2928 3123 3002 Spiritu
3155 2932 3237 2987 ait
3268 2950 3282 2988 :
3316 2935 3545 3006 Propter

1887 3011 1985 3066 hoc
2011 3011 2287 3083 relinquet
2312 3012 2469 3069 homo
2505 3022 2721 3086 patrem
2760 3032 2926 3073 suum
2952 3026 3006 3074 et
3027 3027 3261 3076 matrem
3286 3036 3464 3092 suam,
3493 3031 3547 3081 et

1889 3099 2191 3157 adharebit
2228 3117 2397 3158 uxori
2443 3118 2581 3170 suae,
2612 3112 2667 3160 et
2716 3115 2882 3162 erunt
2933 3107 3039 3163 duo
3098 3110 3159 3164 in
3212 3125 3379 3167 carne
3429 3129 3544 3169 una

1887 3191 2101 3261 (Ephes.
2135 3207 2189 3256 v,
2222 3192 2334 3262 31).
2368 3191 2594 3258 Quibus
2634 3194 2827 3251 verbis
2861 3196 3173 3269 Apostolus
3202 3202 3541 3272 exponendo

132 3289 232 3338 tem
261 3302 280 3338 :
309 3286 642 3341 novissimus
684 3285 871 3341 autem
916 3288 975 3340 in
1022 3287 1286 3358 spiritum
1328 3286 1698 3358 viviﬁcaan
1727 3287 1782 3360 (I
1808 3276 1853 3343 C
1890 3279 2222 3350 subjunxit;
2252 3282 2672 3338 Sacramentum
2710 3285 2811 3340 hoc
2834 3302 3100 3354 magnum
3145 3296 3227 3344 est
3253 3307 3271 3343 :
3299 3290 3410 3359 Ego
3441 3307 3543 3346 au-

133 3373 244 3428 Cor.
274 3388 366 3440 xv,
412 3373 504 3439 44,
551 3373 659 3446 45).
691 3374 761 3429 Et
804 3390 1006 3446 supra,
1039 3388 1173 3429 cum
1228 3374 1300 3430 de
1357 3376 1780 3433 resurrectione

132 3467 495 3517 mortuorum
534 3461 885 3534 loqueretur,
915 3463 998 3517 ait
1030 3479 1044 3516 :
1078 3463 1401 3519 Seminalur
1421 3479 1616 3535 corpus
1653 3467 1779 3520 ani-

132 3550 283 3616 male,
314 3557 509 3619 surget
551 3566 746 3626 corpus
792 3551 1083 3623 spirituale
1111 3551 1297 3622 (Ibid,
1325 3552 1435 3623 44).
1469 3552 1532 3608 In
1563 3551 1779 3624 quibus

128 3636 310 3693 verbis
331 3638 629 3711 quomodo
650 3638 1133 3712 distinguendum
1150 3644 1240 3695 est
1258 3630 1453 3712 carpas
1467 3642 1709 3697 animale
1727 3649 1780 3698 et

129 3742 313 3800 corpus
338 3728 657 3800 spirituale,
682 3728 795 3784 nisi
827 3729 982 3800 quod
1011 3744 1204 3800 contus
1246 3730 1489 3785 animale
1520 3745 1624 3803 per
1652 3729 1777 3786 ani-

131 3826 277 3871 mam
300 3816 716 3872 tantummodo
737 3815 1064 3873 mortaliter
1085 3821 1143 3873 et
1161 3818 1622 3890 corruptibiliter
1635 3818 1777 3874 vivi-

131 3903 322 3959 catur?
338 3903 525 3971 Quale
552 3908 679 3960 erat
698 3919 910 3976 corpus
932 3905 1061 3960 Adae
1082 3905 1261 3960 etiam
1284 3909 1418 3961 ante
1438 3910 1774 3978 peccatum;

131 3992 279 4062 quia,
310 3992 421 4047 etsi
456 3992 710 4048 necdum
741 3996 867 4048 erat
897 3992 1069 4048 merti
1110 3997 1168 4049 et
1207 3993 1567 4065 corruptioni
1597 3994 1775 4051 desti-

131 4084 342 4147 natum,
365 4082 600 4152 poterat
638 4084 837 4136 tamen
881 4081 1103 4154 peccati
1136 4081 1343 4137 merito
1392 4082 1690 4156 corrumpi
1719 4086 1778 4139 et

131 4168 266 4222 mori
298 4185 312 4223 :
345 4168 507 4223 sicut
530 4156 739 4240 utique
769 4173 826 4225 et
860 4168 921 4223 in
954 4168 1053 4224 illo
1086 4167 1317 4225 factum
1348 4174 1439 4226 est
1466 4174 1524 4226 et
1552 4170 1613 4226 in
1643 4170 1775 4227 uni-

131 4270 284 4310 versa
297 4257 428 4328 ejus
449 4254 727 4329 progenie
748 4256 833 4324 fit,
848 4257 1013 4328 justo
1034 4255 1199 4314 illius
1212 4257 1438 4328 judicio
1460 4263 1635 4332 atque
1652 4259 1776 4316 vin-

130 4342 273 4399 dicta
297 4343 402 4416 qui
435 4344 557 4399 ait:
583 4348 769 4401 Donec
803 4348 1097 4402 revertaris
1127 4348 1187 4402 iu
1219 4355 1424 4404 terram
1452 4348 1597 4404 unde
1621 4365 1774 4405 sum-

126 4440 263 4503 ptus,
282 4448 358 4501 es,
381 4433 519 4505 quia
542 4432 731 4505 pulvis
749 4450 826 4499 es,
853 4442 905 4490 et
931 4435 993 4490 in
1016 4436 1299 4507 pulverem
1324 4438 1634 4494 reverteris.
1652 4432 1776 4510 Spi-

131 4521 318 4578 rituale
343 4538 486 4578 vera
511 4528 708 4594 cbrpus
746 4522 984 4593 dicitur,
1013 4541 1129 4581 non
1177 4525 1334 4597 quod
1387 4541 1600 4597 corpus
1644 4542 1775 4583 esse

131 4608 377 4678 desistat,
398 4615 460 4667 et
488 4601 734 4684 spiritus
762 4613 865 4668 ﬁat
882 4630 903 4704 ς
924 4614 1067 4686 quia
1108 4612 1243 4704 licet
1284 4613 1610 4686 spirituale,
1641 4630 1772 4672 vere
1802 4639 1849 4704 Β

130 4701 309 4755 tamen
331 4712 548 4772 corpus
571 4700 644 4757 ab
668 4700 937 4774 Apostolo
965 4689 1323 4775 appellatur;
1358 4702 1458 4758 sed
1488 4707 1631 4759 tunc
1652 4719 1774 4760 cor-

130 4801 229 4859 pus
251 4788 560 4862 spirituale
591 4789 701 4846 erit
722 4791 958 4863 quando
988 4790 1091 4865 per
1115 4786 1389 4865 spiritum
1420 4792 1770 4850 immortali-

129 4877 226 4941 ter,
245 4882 303 4933 et
331 4876 859 4950 incorruptibiliter
878 4879 1294 4948 vivificabitu‘r;
1324 4879 1502 4945 Onale
1532 4887 1591 4938 et
1614 4881 1676 4937 in
1708 4899 1771 4939 se

128 4962 376 5020 exhibuit
408 4965 770 5025 novissimus
799 4966 1097 5036 Adam,'id
1120 4972 1218 5024 est
1264 4969 1549 5026 Dominus
1595 4970 1771 5028 Jesus

128 5046 383 5111 Christus
400 5052 467 5110 in
487 5057 929 5121 resurrectione,
950 5073 1056 5130 per
1082 5072 1261 5129 quam
1291 5057 1494 5130 utique
1525 5058 1769 5116 mortale

131 5142 325 5216 corpus
354 5143 516 5218 quod
555 5149 912 5218 susceperat,
944 5142 1006 5201 in
1045 5143 1544 5203 immortalitatem
1583 5150 1641 5204 et
1678 5144 1766 5204 in-

131 5231 555 5304 corruptionem
570 5231 893 5301 transtulit,
914 5233 1062 5291 et-in
1095 5234 1316 5290 sanctis
1336 5234 1462 5293 suis
1486 5248 1589 5308 per
1612 5252 1768 5293 eam-

130 5316 247 5374 dem
275 5314 747 5399 incorruptionis-
766 5322 1012 5394 gratiam
1045 5322 1105 5377 in
1130 5323 1448 5379 novissimo
1477 5323 1570 5381 die
1598 5326 1767 5382 exhi-

131 5402 290 5463 bebit.
323 5396 493 5463 Cum'
523 5406 700 5464 etiam
728 5408 788 5464 in
819 5408 985 5483 ipsis,
1011 5410 1182 5480 juxta
1207 5412 1478 5468 eumdem
1525 5415 1768 5486 Aposto-

129 5489 238 5549 lum
286 5513 301 5553 :
351 5496 732 5571 Corruptibile
786 5498 884 5554 hoc
939 5498 1183 5555 induerit
1237 5502 1685 5574 incorruptelam,
1715 5510 1769 5560 et

1892 3376 1997 3424 tem
2026 3368 2146 3425 dico
2176 3371 2234 3425 in
2269 3371 2481 3427 Christo
2510 3379 2562 3428 et
2589 3374 2649 3427 in
2676 3374 2921 3430 Ecclesia
2937 3375 3119 3445 (Ibid,
3142 3378 3236 3449 32)
3261 3395 3274 3433 :
3299 3376 3545 3442 Quomo-

1887 3458 1962 3512 do
1993 3474 2134 3514 orno
2165 3475 2280 3514 non
2326 3459 2610 3532 spiritalis
2640 3466 2765 3517 erat
2794 3463 3062 3520 voluntas
3092 3466 3220 3537 ejus
3270 3467 3343 3523 ad
3369 3472 3545 3524 recte

1886 3546 2220 3617 vivendum,
2253 3549 2465 3622 spiritu
2510 3551 2733 3623 adjuta,
2767 3557 2824 3607 et
2853 3552 3209 3623 illuminata,
3244 3570 3372 3628 qua:
3417 3560 3546 3612 erat

1889 3634 2062 3691 etiam
2095 3636 2422 3708 prophetali
2469 3638 2661 3711 gratia
2707 3639 3055 3710 sublimata;
3099 3642 3300 3716 potuit
3347 3648 3543 3701 tamen

1886 3740 2125 3798 peccare
2144 3725 2321 3781 etiam
2346 3726 2674 3799 spiritualis
2693 3729 2963 3787 voluntas
2979 3730 3039 3787 in
3060 3732 3316 3790 deterius
3341 3733 3540 3807 lapsa;

1886 3812 2042 3869 sicut
2064 3815 2321 3870 ostendit
2342 3816 2498 3873 idem
2519 3817 2833 3889 Apostolus
2853 3819 3031 3875 etiam
3054 3819 3351 3893 spiritales
3373 3838 3545 3896 posse

1886 3903 2121 3969 tentari,
2146 3902 2204 3958 id
2228 3908 2315 3959 est
2339 3905 2661 3962 tentatione
2679 3908 2901 3979 peccati
2931 3907 3131 3981 aliqua
3151 3910 3541 3982 superari,ubi

1887 3991 1969 4047 ait
2001 4008 2013 4045 :
2046 3996 2288 4059 Fratres,
2321 3995 2451 4048 etsi
2482 4002 2894 4065 prwoceupatus
2935 3998 3110 4068 fuerit
3154 3997 3312 4054 homo
3342 4001 3403 4055 in
3429 4001 3541 4055 ali-

1883 4094 1989 4151 quo
2017 4078 2229 4149 delicto,
2260 4096 2351 4136 vos
2392 4083 2489 4153 qui
2526 4082 2844 4153 spirituales
2894 4087 3043 4152 estis,
3088 4086 3403 4157 hujusmodi
3448 4091 3541 4144 in-

1882 4170 2078 4225 struite
2106 4170 2168 4224 in
2193 4169 2398 4240 spiritu
2429 4170 2699 4238 lenitatis,
2730 4173 3083 4229 considerans
3112 4176 3366 4247 teipsum,
3387 4192 3461 4233 ne
3487 4185 3541 4234 et

1883 4265 1944 4313 tu
1964 4260 2194 4315 tenteris
2222 4256 2370 4327 (Gal.
2402 4275 2479 4326 γι,
2515 4260 2588 4329 1).
2621 4259 2713 4316 Sic
2744 4277 2881 4334 ergo
2920 4260 3189 4319 voluntas
3230 4262 3390 4321 illius
3436 4265 3542 4323 ho-

1883 4346 2063 4402 minis
2092 4346 2270 4403 etiam
2302 4346 2628 4420 spiritualis
2648 4354 2877 4423 poterat
2898 4352 3141 4421 tentari,
3164 4358 3392 4426 poterat
3420 4359 3543 4412 ten-

1881 4434 2101 4493 tatione
2142 4435 2437 4509 superari;
2486 4441 2569 4504 et,
2602 4436 2652 4493 si
2699 4440 3065 4512 pervenisset
3113 4441 3436 4501 obediendo
3467 4445 3540 4501 ad

1882 4524 2045 4581 illam
2076 4524 2500 4597 plenitudinem
2542 4526 2926 4589 beatitudinis
2973 4529 3072 4587 ubi
3119 4532 3247 4603 jam
3303 4548 3542 4605 pecom

1882 4630 2000 4671 non
2028 4617 2244 4687 posset,
2278 4630 2392 4671 non
2440 4615 2512 4671 ab
2540 4629 2610 4672 eo
2664 4619 2944 4690 peccandi
2976 4619 3246 4677 voluntas
3276 4621 3539 4678 auferre-

1883 4706 1997 4772 tur,
2032 4707 2096 4759 ut
2125 4703 2234 4760 iste
2264 4702 2423 4771 dicit,
2450 4721 2578 4777 quae
2609 4705 2669 4761 in
2699 4722 2766 4763 eo
2800 4706 2961 4764 nulla
2990 4712 3133 4777 erat,
3162 4708 3265 4764 sed
3294 4708 3423 4782 ipsa
3442 4710 3540 4766 bo-

1882 4810 1958 4848 na
1988 4790 2422 4866 voluntas,qu:e
2453 4791 2538 4849 illi
2566 4793 2773 4863 inerat,
2798 4799 2966 4853 tanta
2995 4795 3271 4853 felicitate
3305 4798 3537 4869 perﬁce-

1880 4887 2062 4947 retur,
2084 4886 2151 4937 ut
2199 4883 2271 4939 ad
2321 4882 2544 4939 malum
2600 4885 2817 4940 mutari
2876 4901 2993 4940 non
3051 4887 3268 4955 posset.
3302 4885 3536 4958 Triplex

1879 4969 2037 5025 enim
2056 4972 2248 5026 status
2269 4969 2541 5026 humanas
2558 4970 2877 5028 voluntatis
2899 4970 3149 5027 ﬁdeliter
3166 4971 3413 5046 intelligi
3436 4990 3535 5047 po-

1878 5061 2011 5125 test,
2032 5056 2300 5115 videlicet
2338 5059 2491 5130 quod
2526 5060 2751 5131 primus
2792 5058 2890 5115 ille
2920 5058 3097 5116 homo
3128 5058 3211 5116 ita
3239 5060 3404 5117 bona
3434 5079 3532 5119 vo-

1876 5145 2122 5203 luntatis
2151 5147 2421 5204 conditus
2442 5151 2552 5215 est,
2577 5151 2662 5213 ut,
2687 5146 2736 5204 si
2762 5147 2954 5214 vellet,
2976 5151 3177 5221 posset
3198 5165 3314 5206 non
3337 5167 3535 5222 pecca-

1878 5235 2142 5292 re.Nunc
2165 5240 2361 5293 autem
2384 5233 2560 5291 etiam
2578 5234 2764 5291 sancti
2787 5234 3076 5301 homines,
3092 5235 3235 5308 quia
3248 5253 3317 5293 ex
3330 5238 3531 5297 vitiata

1876 5324 2037 5380 illius
2071 5321 2490 5395 propagatione
2520 5327 2864 5391 nascuntur,
2889 5323 3161 5395 quamvis
3189 5324 3390 5395 velint,
3412 5343 3529 5384 non

1876 5411 2103 5486 possint
2132 5427 2247 5465 non
2280 5424 2537 5481 peccare.
2555 5410 2716 5466 Unde
2738 5415 2795 5466 et
2815 5411 3073 5484 quotidie
3100 5413 3392 5469 veracitur
3411 5415 3526 5472 Deo

1875 5502 2111 5558 dicunt:
2138 5499 2326 5553 Debite
2355 5498 2510 5552 nobis
2556 5499 2739 5555 debita
2766 5509 2949 5557 nostra
2971 5499 3178 5574 (Matth.
3210 5519 3287 5571 vx,
3317 5502 3429 5572 l2).
3463 5503 3527 5560 In

127 5585 335 5644 mortale
361 5586 469 5646 hoc
503 5584 750 5644 induerit
776 5588 1269 5657 immortalitatem,
1296 5598 1359 5646 ut
1407 5591 1766 5650 absorbeatur
1872 5588 1973 5646 illa
2003 5590 2197 5643 autem
2228 5582 2591 5644 beatitudine
2618 5603 2750 5658 qua:
2792 5588 2876 5645 eis
2918 5590 3194 5647 donanda
3221 5594 3332 5657 est,
3362 5597 3531 5651 tanta

129 5672 248 5740 quod
273 5683 350 5732 est
397 5676 635 5733 mortale
662 5692 701 5731 α
730 5677 1297 5750 υῆαςοιϊηῳιθαιαν,
1329 5680 1473 5735 sicut
1516 5681 1629 5752 ipse
1674 5680 1763 5735 d2-

1872 5678 2083 5735 virtute
2115 5672 2402 5732 solidandi
2433 5680 2599 5745 sunt,
2626 5678 2844 5749 ut‘jam
2860 5696 2990 5738 non
3006 5678 3526 5752 possintposoare,
