3896 6198
365 371 483 433 155

1457 373 1691 436 FLORI
1733 371 2050 435 DIAGONI
2096 373 2675 440 LUGDUNENSIS.

3654 379 3761 443 156

363 515 516 574 sicut
542 516 706 571 tanta
734 508 1188 584 incorruptionis
1215 508 1405 585 gratia
1434 508 1735 580 induendi,
1760 512 1826 566 ut
1857 527 2007 566 nun-
2037 508 2091 576 Α
2120 505 2283 565 illius
2311 508 2501 582 gratia
2519 508 2694 566 fuerit
2712 508 3242 585 instauratum,qui
3264 509 3347 569 ait
3368 529 3383 569 :
3405 513 3471 570 Si
3488 531 3580 572 vos
3598 514 3760 573 Filius

362 621 543 679 quam
570 603 801 678 possint
830 602 998 659 mori.

434 694 649 751 Mirum
679 696 770 750 est
796 696 992 749 autem
1022 709 1129 749 cur
1157 692 1266 748 iste
1296 691 1651 765 subjungere
1682 690 1928 748 voluerit
1958 695 2015 748 et

361 784 552 841 dicere
587 800 601 839 :
633 785 789 838 Hunc
816 790 1041 849 motum,
1068 781 1124 838 id
1151 790 1230 838 est
1261 782 1428 837 liberi
1456 783 1697 849 arbitrii,
1726 782 1875 837 nulli
1896 784 2015 838 ani-

361 874 617 944 malium,
640 878 844 944 praeter
885 871 1177 940 hominem,
1210 887 1520 927 concessum
1548 888 1681 926 cum
1734 872 2011 927 omnibus

362 962 740 1019 manifestum
758 960 853 1026 sit,
871 961 1024 1033 quod
1047 960 1145 1015 ubi
1172 959 1334 1015 nulla
1354 959 1655 1017 rationalis
1672 965 1884 1016 natura
1902 964 2011 1032 est,

362 1051 515 1108 sicut
545 1052 599 1107 in
635 1050 910 1106 omnibus
936 1049 1145 1116 brutis,
1170 1054 1226 1105 et
1251 1048 2009 1122 irrationalibusjumentis,

360 1140 525 1198 nulla
553 1139 855 1196 rationalis
892 1139 1162 1196 voluntas
1194 1155 1321 1195 csse
1353 1139 1538 1211 possit
1568 1139 1640 1195 ad
1688 1139 2013 1212 appetenda

360 1230 517 1287 bona
543 1229 633 1285 vel
664 1229 858 1286 mala:
889 1230 991 1285 sed
1023 1229 1095 1284 ad
1127 1229 1325 1284 omnia
1355 1246 1482 1300 quae
1527 1232 1711 1301 agunt
1750 1228 1875 1284 sola
1914 1246 2011 1284 na-

359 1318 537 1375 turali
565 1320 737 1376 bruto
779 1322 837 1374 et
880 1318 1178 1374 insensato
1212 1318 1471 1391 appetitu
1506 1318 1815 1373 ducantur.
1848 1317 2011 1373 Unde

361 1412 418 1465 et
446 1425 809 1481 quaecunque
836 1408 908 1464 ab
941 1407 1024 1463 eis
1064 1407 1234 1473 ﬁunt,
1259 1411 1547 1480 quantum
1595 1407 1667 1462 ad
1712 1422 1781 1462 ea
1829 1406 2011 1478 perti-

362 1501 480 1565 net,
514 1514 620 1554 nec
652 1498 805 1553 bona
834 1497 946 1552 dici
982 1502 1227 1569 possunt
1259 1513 1365 1552 nec
1395 1494 1569 1562 mala,
1606 1512 1709 1551 nec
1736 1494 1876 1551 vitia
1905 1512 2010 1552 nec

358 1586 624 1655 virtutes,
658 1586 772 1642 nisi
804 1587 950 1642 forte
978 1586 1108 1641 ideo
1139 1585 1250 1642 sibi
1281 1585 1536 1657 quodam
1571 1585 1745 1640 modo
1773 1601 2010 1656 compa-

358 1676 510 1733 ravit
538 1675 782 1732 humani
814 1674 1036 1731 arbitrii
1066 1677 1290 1740 notum,
1315 1678 1373 1729 et
1400 1674 1708 1730 brutorum
1738 1673 2009 1730 animan-

357 1764 507 1822 tium
538 1763 882 1838 appetitum,
906 1763 1085 1836 quod,
1115 1763 1267 1820 sicut
1314 1762 1412 1819 ille
1452 1761 1807 1819 irrationalis
1836 1778 2012 1835 appe-

355 1853 499 1910 titus
526 1852 652 1910 solo
677 1857 900 1946 naturae
930 1852 1310 1946 incitamento
1340 1850 1553 1924 agitur,
1577 1851 1659 1946 ita
1679 1851 1873 1946 et-iste
1904 1851 2012 1946 hu:
2040 1882 2087 1946 Β

355 1942 513 1999 mani
546 1940 771 1998 arbitrii
803 1945 999 1998 motus
1028 1939 1152 1996 solo
1197 1944 1419 1996 natura:
1451 1956 1570 1995 sum
1619 1939 1901 1995 instinctu
1934 1940 2006 1996 ad

355 2030 510 2102 quod
541 2029 791 2086 voluerit
821 2030 1091 2085 ducatur.
1124 2029 1288 2095 Quod
1328 2045 1509 2100 quam
1540 2028 1619 2084 sit
1648 2028 2009 2086 contrarium

352 2118 581 2175 veritati
611 2134 793 2191 supra
814 2118 942 2190 jam
975 2116 1189 2189 saepius
1216 2118 1685 2173 demonstratum
1716 2120 1824 2173 est.

424 2208 495 2264 Et
523 2208 583 2262 in
612 2210 844 2263 tantum
865 2206 1197 2279 disputator
1225 2205 1337 2261 iste
1367 2204 1700 2261 auditorum
1733 2205 2005 2262 sensibus

353 2300 410 2353 et
440 2295 684 2352 auribus
715 2294 875 2352 abuti
906 2295 1303 2368 praesumpsit,
1326 2298 1392 2350 ut
1420 2294 1681 2361 auderet,
1703 2293 1860 2351 velut
1880 2295 2007 2367 qui-

354 2385 491 2442 dam
516 2383 831 2441 fabricator
861 2387 919 2440 et
951 2382 1169 2456 ﬁgulus
1208 2382 1671 2450 mendaciorum,
1694 2400 1903 2440 novam
1932 2382 2003 2438 li-

353 2473 476 2530 beri
495 2472 720 2530 arbitrii
741 2471 1142 2530 deﬁnitionem
1161 2472 1322 2529 velut
1339 2471 1557 2529 luteam
1576 2476 1631 2528 et
1650 2471 2001 2528 lutulentam

352 2562 594 2635 ﬁngere,
609 2566 664 2618 et
684 2560 854 2633 quasi
884 2577 1168 2634 magnum
1190 2560 1413 2634 aliquid
1444 2560 1792 2617 intuentiam
1814 2560 2002 2617 oculis

351 2666 696 2723 proponere.
723 2649 1041 2721 Subjunxit
1076 2650 1235 2706 enim
1284 2648 1537 2722 posthaec
1569 2654 1627 2705 et
1655 2649 1739 2705 ait
1772 2666 1783 2705 :
1817 2648 2003 2721 Sitque

351 2737 481 2816 talis
520 2738 832 2811 differentia
878 2740 1023 2795 inter
1067 2738 1302 2794 liberum
1346 2739 1585 2795 hominis
1631 2738 1927 2792 arbitrium
1952 2745 2004 2793 et

350 2828 467 2900 ejus
494 2829 880 2896 substantiam,
906 2836 967 2884 ut
992 2836 1194 2883 natura
1215 2828 1333 2900 ejus
1352 2829 1425 2883 sit
1453 2829 1512 2882 in
1532 2827 1806 2882 voluntate
1833 2828 2000 2883 ratio-

348 2917 471 2973 nali
489 2935 509 2972 :
540 2917 779 2973 liberum
804 2934 929 2974 vero
959 2917 1256 2974 arbitrium
1286 2917 1347 2972 in
1373 2917 1492 2989 ejus
1522 2916 1769 2972 libertate
1796 2916 1910 2971 sive
1938 2916 2001 2970 in

349 3013 499 3062 motu
530 3006 721 3064 liberte
736 3007 1076 3063 naturaliter
1100 3006 1415 3073 voluntatis,
1445 3007 1560 3061 sive
1580 3006 1640 3059 in
1657 3020 1885 3060 munere
1916 3006 2000 3059 in-

349 3094 674 3165 telligentia
692 3097 789 3168 (a).
822 3096 965 3151 Ecce
987 3094 1159 3167 quale
1187 3094 1439 3151 liberum
1461 3092 1768 3149 arbitrium
1790 3093 1957 3150 docet
1981 3111 1995 3149 :

351 3182 554 3255 utique
574 3181 971 3257 Pelagianum,
994 3200 1111 3239 non
1128 3180 1556 3239 Christianum!
1582 3182 1753 3254 cujus
1776 3180 1999 3239 scilicet

2124 599 2462 664 liberaverit,
2483 607 2611 655 tunc
2650 615 2772 655 vere
2824 599 2986 656 liberi
3031 601 3188 657 eritis
3216 603 3394 671 (Joan.
3416 621 3541 672 vm,
3565 605 3686 674 36);
3713 611 3763 661 et

2123 688 2223 760 qui
2255 705 2364 744 sua
2393 688 2777 761 inspiratione
2800 693 3017 757 monet,
3043 706 3295 762 quorum
3320 690 3573 749 voluerit
3601 696 3765 752 corda

2123 777 2197 833 ad
2223 778 2420 845 ﬁdem,
2446 777 2597 834 sicut
2617 778 2902 850 propheta
2922 778 3094 834 dicit:
3118 782 3183 836 Et
3202 782 3419 838 movebo
3440 798 3629 840 omnes
3646 801 3765 854 gen-

2122 877 2196 925 tes
2223 878 2274 926 et
2304 871 2480 925 veniet
2512 877 2564 925 et
2599 869 2949 926 Desideratus
2989 873 3197 926 cunctis
3226 871 3482 939 gentibus
3513 873 3682 943 (Jgg.
3712 890 3764 940 ιι,

2121 961 2177 1026 8)
2204 975 2215 1013 :
2240 959 2309 1014 Et
2336 958 2428 1014 cui
2460 956 2720 1031 quotidie
2765 957 3168 1030 supplicantes
3212 959 3505 1032 dicimus:
3533 970 3616 1020 Da
3639 964 3768 1020 mihi

2121 1048 2476 1113 intellectum,
2510 1056 2561 1104 et
2599 1048 2807 1103 discam
2852 1048 3120 1103 mandata
3165 1057 3261 1104 tua
3292 1049 3403 1122 (Ps.
3435 1068 3634 1119 cxvm,
3662 1053 3766 1121 73).

2120 1136 2191 1192 Et
2220 1136 2430 1192 iterum
2466 1154 2479 1191 :
2513 1136 2847 1193 Intellectum
2875 1136 2946 1191 da
2986 1138 3148 1205 mihi,
3175 1146 3228 1194 et
3255 1140 3435 1195 vivam
3463 1142 3601 1211 (1b.,
3631 1141 3765 1210 444).

2120 1229 2200 1281 De
2229 1242 2343 1297 quo
2369 1224 2545 1281 etiam
2579 1223 2874 1281 intellectu
2900 1224 3162 1299 largitori
3184 1227 3405 1299 gratias
3430 1232 3673 1302 agentes
3695 1231 3768 1286 di-

2119 1314 2309 1371 cimus
2333 1330 2348 1371 :
2379 1314 2727 1370 Benedictum
2754 1314 2999 1383 Domino,
3015 1317 3113 1387 qui
3139 1316 3333 1372 tribuit
3361 1319 3507 1374 mihi
3535 1321 3765 1375 intellec-

2120 1411 2234 1460 tum
2261 1404 2377 1472 (Ps.
2401 1421 2493 1472 xv,
2514 1403 2590 1475 7).
2622 1403 2741 1459 Hoc
2771 1420 3025 1476 namque
3056 1407 3146 1460 est
3174 1422 3304 1462 vere
3332 1404 3589 1463 liberum
3620 1409 3765 1463 arbi-

2119 1493 2300 1549 trium
2327 1510 2340 1548 :
2367 1493 2691 1564 non,juxta
2720 1494 2900 1549 istum
2945 1492 3235 1567 Pelagiani
3267 1496 3484 1552 erroris
3516 1502 3765 1555 asserto-

2119 1599 2263 1651 rem,
2288 1599 2508 1639 munus
2530 1586 2776 1649 naturae,
2798 1582 2899 1638 sed
2923 1599 3141 1640 munus
3170 1583 3400 1657 gratiae;
3422 1590 3479 1642 et
3499 1585 3765 1653 liberum,

2119 1671 2259 1744 quia
2287 1671 2497 1727 Christi
2528 1670 2719 1745 gratia
2749 1670 3080 1727 liberatum.

2190 1761 2306 1817 Iste
2335 1777 2469 1817 vero
2500 1777 2636 1816 cum
2663 1760 3026 1817 nominasset
3055 1760 3157 1817 illa
3181 1761 3315 1829 tria,
3340 1762 3398 1819 id
3429 1768 3525 1820 est
3554 1766 3770 1822 arbitrii

2119 1848 2472 1917 libertatem,
2493 1853 2742 1916 motum,
2762 1847 3230 1923 intelligentiam,
3248 1868 3373 1924 quae
3391 1853 3601 1909 omnia
3617 1854 3677 1910 in
3696 1873 3774 1911 so-

2117 1939 2175 1995 la
2203 1943 2425 1996 natura:
2448 1938 2502 1994 vi
2531 1943 2799 1995 constare
2829 1937 3106 2006 afﬁrmat,
3126 1941 3398 2012 producit
3426 1942 3630 2000 adhuc
3659 1945 3773 2016 eju-

2117 2029 2281 2085 sdem
2303 2028 2472 2084 liberi
2492 2026 2903 2100 arbitrii,quod
2928 2026 3054 2101 ipse
3076 2029 3551 2102 conﬁngit,velut
3572 2050 3771 2090 novam

2115 2117 2433 2190 quamdam
2457 2115 2710 2189 efﬁgiem
2732 2131 2801 2172 ex
2830 2115 3020 2173 tribus
3042 2116 3310 2189 partibus
3340 2119 3459 2175 sive
3489 2123 3771 2179 membris

2113 2210 2500 2280 compactam,
2531 2209 2591 2262 et
2617 2203 2760 2261 dicit
2792 2222 2805 2261 :
2840 2205 2976 2275 Quae
3012 2208 3145 2276 tria,
3178 2206 3236 2262 id
3270 2216 3350 2264 est
3378 2209 3545 2282 liber,
3576 2219 3768 2277 motus,

2113 2296 2498 2367 intelligentia,
2533 2294 2769 2349 liberum
2796 2293 3092 2350 arbitrium
3130 2296 3277 2351 inter
3301 2312 3360 2351 se
3384 2308 3727 2366 componunt
3751 2319 3768 2354 :

2111 2392 2191 2451 ut,
2221 2387 2367 2441 sicut
2389 2383 2698 2439 substantia
2727 2384 2789 2438 in
2831 2399 2941 2455 qua
2983 2391 3080 2451 est,
3109 2386 3259 2439 trina
3281 2388 3358 2441 sit
3377 2403 3398 2442 :
3417 2388 3512 2443 Est
3543 2390 3700 2444 enim
3724 2397 3771 2446 et

2110 2474 2244 2541 vult,
2275 2481 2327 2529 et
2354 2474 2490 2535 scit;
2522 2473 2601 2528 ita
2628 2479 2681 2527 et
2708 2470 2850 2528 illud
2877 2472 3088 2528 trinum
3112 2474 3229 2543 ﬁat,
3263 2473 3322 2529 id
3348 2482 3428 2531 est
3451 2476 3623 2548 liber,
3652 2495 3763 2535 me-

2110 2570 2217 2631 tus,
2243 2562 2573 2631 intelligens.
2589 2561 2723 2625 Quae
2745 2559 2945 2616 omnia
2964 2560 3167 2632 utique
3186 2561 3405 2619 idcirco
3428 2564 3601 2634 dicit,
3626 2567 3762 2622 utin

2108 2650 2204 2707 bis
2235 2649 2396 2717 solis,
2433 2649 2488 2704 id
2518 2653 2608 2706 est
2636 2647 2696 2704 in
2747 2649 2877 2721 ipsa
2912 2653 3144 2716 natura,
3175 2654 3233 2706 et
3262 2649 3353 2706 his
3382 2668 3511 2724 quae
3562 2654 3767 2711 insunt

2108 2739 2222 2811 ipsi
2252 2744 2495 2806 naturae,
2518 2737 2766 2793 liberum
2789 2736 3097 2793 arbitrium
3127 2744 3393 2796 constare
3423 2744 3762 2813 contendat,

2105 2828 2373 2885 videlicet
2407 2831 2487 2894 ut,
2522 2826 2674 2883 sicut
2721 2826 2901 2882 menti
2952 2826 3226 2883 humanae
3274 2830 3635 2889 naturaliter
3662 2833 3767 2888 tria

2107 2915 2376 2988 quasdam
2425 2915 2646 2981 insunt,
2682 2915 2739 2972 id
2767 2918 2857 2972 est
2897 2932 3046 2983 esse,
3069 2915 3235 2984 velle,
3261 2916 3429 2988 scire,
3454 2935 3600 2976 cum
3651 2921 3764 2976 hac

2106 3004 2246 3071 duo,
2268 3003 2327 3060 id
2348 3009 2440 3060 est
2462 3003 2751 3073 voluntas,
2775 3008 2835 3061 et
2853 3004 3096 3061 scientia
3122 3007 3534 3064 tantummodo
3569 3009 3688 3077 sui,
3714 3016 3766 3066 et

2106 3092 2494 3163 nonalterius
2525 3093 2606 3149 rei
2637 3092 3001 3167 intelligitur,
3026 3094 3106 3151 ita
3126 3093 3302 3152 etiam
3332 3094 3596 3154 liberum
3618 3099 3764 3155 arbi-

2104 3182 2286 3238 trium
2305 3199 2373 3238 ex
2393 3182 2523 3256 ipsa
2537 3187 2731 3240 mente
2750 3183 3088 3257 procedens,
3103 3188 3161 3239 et
3179 3182 3239 3239 in
3260 3183 3389 3258 ipsa
3404 3186 3762 3255 consistens,

351 3250 565 3328 natura
594 3271 672 3327 sit
710 3250 1014 3327 rationalis
1052 3269 1343 3337 voluntas,
1366 3270 1606 3327 effectus
1633 3250 1767 3327 vero
1797 3269 1857 3325 in
1889 3287 1998 3326 sua
2026 3250 2070 3318 (ἶ
2107 3288 2225 3327 non
2256 3250 2494 3335 aliunde
2523 3272 2625 3329 sed
2655 3288 2724 3329 ex
2750 3250 2856 3329 illa
2884 3272 3098 3329 habeat
3124 3250 3478 3343 libertatem,
3507 3250 3761 3342 motum,

351 3358 607 3416 naturali
626 3360 702 3430 (b)
723 3358 1039 3417 voluntatis
1070 3359 1338 3416 libertate
1358 3359 1666 3428 consistat;
1686 3363 1743 3415 et
1761 3375 1830 3415 ex
1850 3359 1993 3428 sola,

349 3448 440 3505 vel
470 3448 530 3504 in
561 3448 688 3505 sola
717 3448 971 3505 naturali
998 3447 1294 3505 voluntate
1322 3448 1535 3505 habeat
1562 3447 1907 3519 libertatem,
1940 3454 1999 3505 et

353 3541 603 3605 motum,
625 3542 684 3593 et
711 3536 1109 3611 intelligentia
1141 3554 1377 3594 munus.
1405 3539 1522 3594 Nos
1546 3542 1765 3608 autem,
1789 3554 1995 3593 secun-

353 3625 496 3681 dum
519 3625 819 3681 veritatem
841 3624 995 3693 ﬁdei,
1020 3624 1102 3681 ita
1123 3630 1193 3696 (c)
1215 3624 1461 3683 liberum
1482 3626 1793 3683 arbitrium
1814 3626 1872 3680 in
1899 3626 1997 3682 ho-

354 3712 514 3770 mine
532 3713 926 3786 agnoscimus,
953 3718 1035 3781 ut,
1057 3714 1194 3770 licet
1222 3714 1403 3771 menti
1427 3713 1696 3770 rationali
1718 3714 1996 3770 naturali-

352 3804 442 3859 ter
468 3802 545 3858 sit
573 3820 608 3859 a
635 3807 749 3860 Deo
792 3802 1056 3872 insitum,
1078 3809 1136 3860 et
1166 3804 1407 3876 bonum,
1429 3821 1495 3860 ac
1534 3808 1758 3860 rectum
1807 3804 1999 3876 prima

352 3891 685 3949 conditione
705 3892 1012 3962 collatum;
1035 3898 1231 3951 tamen
1254 3893 1475 3967 peccati
1496 3893 1705 3949 merito
1725 3894 1998 3966 deprava-

350 3983 502 4050 tum,
528 3985 585 4038 et
612 3981 867 4038 naturali
912 3981 1125 4039 virtute
1171 3981 1508 4055 spoliatum,
1542 3981 1764 4038 nullam
1812 3981 2000 4055 possit

351 4067 566 4128 habere
595 4072 667 4128 ad
697 4088 898 4129 verum
928 4073 1150 4129 bonum
1187 4071 1537 4139 libertatem,
1571 4070 1801 4127 nullum
1832 4070 1996 4127 bonae

348 4158 665 4218 voluntatis
693 4165 941 4228 motum,
964 4161 1193 4218 nullum
1216 4160 1612 4234 intelligentia:
1638 4159 1859 4227 lumen,
1882 4158 1995 4215 nisi

2107 3360 2585 3435 intelligentiam;
2620 3366 2681 3417 ut
2714 3360 2791 3418 sit
2818 3361 3044 3418 homini
3075 3362 3422 3420 naturaliter
3451 3381 3560 3438 per
3594 3365 3763 3439 huju-

2105 3449 2365 3507 scemodi
2411 3450 2743 3518 arbitrium,
2795 3449 2963 3519 liber,
2994 3455 3214 3519 motus,
3253 3450 3619 3526 intelligens.
3653 3455 3763 3511 Nec

2103 3539 2246 3595 dicit
2274 3544 2528 3596 mentem
2561 3540 2883 3596 humanam
2912 3538 3025 3627 tria
3071 3539 3173 3595 illa
3199 3538 3257 3595 in
3292 3557 3354 3598 se
3384 3541 3632 3611 habere,
3664 3544 3759 3600 sed

2104 3632 2326 3684 natura:
2348 3628 2634 3701 simplicis
2654 3628 2870 3685 trinam
2892 3646 3041 3686 esse.
3065 3628 3136 3684 Et
3155 3628 3359 3686 eodem
3382 3630 3562 3687 modo
3582 3633 3759 3689 etiam

2102 3716 2355 3773 liberum
2377 3717 2687 3773 arbitrium
2709 3733 2838 3774 esse
2853 3717 3238 3790 trinum,quis
3255 3734 3523 3791 unquam
3538 3720 3765 3777 audivit

2103 3809 2227 3861 tam
2257 3806 2683 3862 contentiosam
2704 3805 2917 3862 erroris
2939 3805 3297 3878 impietatem
3310 3806 3338 3862 ‘l
3357 3806 3483 3871 Qua
3505 3807 3594 3865 ita
3612 3809 3765 3866 labo-

2106 3898 2196 3950 rat
2225 3892 2545 3962 includere,
2563 3898 2620 3950 et
2647 3893 2805 3950 velut
2823 3893 3181 3967 quibusdam
3211 3894 3481 3953 terminis
3502 3912 3763 3953 commu-

2104 3981 2230 4038 nire
2258 3981 2510 4038 liberum
2531 3981 2863 4049 arbitrium,
2894 3986 2958 4039 ut
2975 3983 3216 4040 omnino
3246 3982 3389 4039 illud
3417 3983 3474 4039 in
3500 3985 3633 4042 sola
3661 3986 3763 4042 hu-

2106 4087 2293 4126 manae
2324 4075 2543 4127 natura:
2576 4070 2788 4127 virtute
2839 4070 3170 4140 concludat,
3201 4076 3260 4128 et
3287 4072 3361 4127 ab
3407 4089 3476 4128 eo
3522 4074 3761 4147 penitus

2103 4157 2204 4215 Dei
2232 4159 2483 4232 gratiam
2514 4158 2801 4216 excludat.
2825 4159 2972 4227 Quid
3016 4175 3155 4232 ergo
3185 4158 3238 4215 ei
3276 4162 3758 4233 respondendum

1340 4285 1551 4341 NOTJE
1588 4284 1929 4340 DUVALLII
1969 4283 2325 4340 DOCTORIS
2364 4284 2764 4341 SORBONICI.

420 4388 647 4465 (a)_Non
665 4394 756 4465 est
777 4390 1030 4465 quodin
1059 4392 1167 4447 hac
1190 4408 1249 4448 re
1270 4390 1518 4465 Erigena
1538 4393 1837 4463 arguatur,
1859 4406 1991 4465 cum

2102 4388 2220 4446 illis
2250 4390 2406 4447 Deus
2430 4390 2553 4447 vult
2573 4390 2764 4447 adhuc
2782 4406 3126 4448 concurrere
3145 4396 3202 4447 et
3230 4391 3362 4449 illos
3384 4392 3628 4451 auxiliis
3647 4395 3762 4451 suf-

349 4460 610 4534 prteclari
638 4460 892 4533 theologi
918 4460 1245 4534 libertatem
1276 4463 1336 4517 in
1360 4460 1744 4534 voluntateet
1771 4461 1995 4534 ratione
2028 4509 2070 4534 η
2104 4461 2438 4518 ﬁcientibus
2462 4463 2687 4534 juvare.

350 4509 1993 4605 ἱὸὲιῖᾶἰήίῗξΒιῗὲᾰξιῖ’ί’πῖ’ἒζ’ὶιὶἐί.’Ξὶιῖὖῑρῖςὲὁιὶιῌιέἶιῖ
2024 4509 2072 4574 D
2104 4509 2878 4605 ”’ξέ)”ῐῖδὲιὶήἶ’ἱὲὄέινίωη.
2901 4534 3047 4589 Cum
3074 4535 3216 4590 dicit
3244 4533 3613 4592 voluntatem
3644 4553 3757 4592 non

347 4601 666 4675 voluntatis
696 4607 753 4658 et
795 4603 1038 4660 rationis
1067 4621 1197 4660 esse
1227 4604 1413 4670 docet,
1445 4601 1635 4675 magis
1674 4607 1869 4658 tamen
1904 4620 1993 4658 ra-

348 4672 547 4730 tionis.

420 4746 493 4816 (b)
527 4746 653 4801 Hac
682 4745 1005 4818 secundum
1046 4743 1363 4818 potentiam
1396 4743 1751 4800 ordinariam
1783 4742 1993 4818 intelli-

348 4813 539 4889 genda
566 4820 723 4873 sunt.
747 4816 842 4873 Sic
872 4817 1026 4873 enim
1046 4813 1212 4889 "Deus
1242 4816 1300 4870 in
1332 4832 1563 4888 pmnam
1597 4814 1816 4889 peccati
1845 4813 1995 4889 ipso-

349 4886 477 4943 rum
503 4889 916 4944 damnatorum
948 4888 1159 4944 statuit
1201 4903 1264 4943 se
1312 4886 1429 4943 non
1479 4886 1734 4959 amplius
1754 4886 1888 4959 cum
1921 4886 1994 4944 iis

348 4959 585 5031 speciali
616 4959 831 5016 auxilio
856 4975 1281 5032 concursurum
1308 4975 1321 5013 :
1348 4958 1993 5032 perextraordinarium

347 5028 541 5112 autem
573 5036 799 5112 certum
829 5036 919 5087 est
948 5030 1049 5085 illa
1076 5046 1191 5112 non
1223 5028 1366 5112 esse:
1383 5028 1667 5112 privatos;
1702 5046 1841 5112 nec“
1835 5029 1992 5112 enim

346 5099 611 5173 implicat
641 5102 823 5173 Deum
845 5118 946 5173 eos
966 5100 1200 5173 auxiliis
1222 5099 1652 5173 sufﬁcientibus
1671 5106 1730 5156 et
1750 5100 1995 5156 efﬁcaci—

347 5171 460 5244 bus
489 5189 591 5243 per
618 5189 745 5244 quas
774 5171 1161 5228 infallibiliter
1196 5190 1230 5228 a
1267 5171 1640 5228 damnatione
1671 5176 1729 5227 et
1757 5176 1991 5244 peccato

346 5240 734 5316 liberarentur
752 5244 1103 5316 praemunire
1124 5260 1313 5316 posse.
1339 5245 1424 5300 Ita
1444 5244 1510 5300 D.
1541 5240 1798 5316 Thomas
1819 5247 1885 5297 ut
1910 5258 1993 5297 re-

347 5310 499 5388 liqui
512 5310 799 5388 doctores.
827 5316 896 5388 Et
923 5332 991 5388 eo
1020 5310 1195 5371 sensu
1226 5316 1444 5388 pariter
1467 5314 1872 5388 exponendum
1905 5317 1995 5369 est

348 5384 504 5510 guod
554 5383 798 5440 inferius
847 5385 1049 5456 habet,
1101 5383 1310 5459 nempe
1357 5383 1650 5442 daemones
1698 5384 1993 5509 simulcgue

390 5458 656 5510 amnatos
688 5473 892 5510 omnes
922 5474 1024 5510 ner
1051 5463 1351 5510 peccatum
1384 5457 1706 5510 perdidisse
1726 5454 1869 5510 velle
1932 5471 1991 5509 o-

390 5458 656 5530 amnatos
688 5473 892 5530 omnes
922 5454 1351 5530 perpeccat—um
1384 5457 1706 5530 perdidisse
1726 5454 1991 5530 velle_bo-

349 5542 513 5579 num-
542 5525 703 5602 Quod
727 5524 1002 5602 quamvis
1032 5524 1107 5585 ad
1154 5546 1357 5586 omnes
1386 5524 1743 5602 'peccatores
1783 5524 1993 5602 adhuc

349 5597 692 5666 superstites
724 5596 781 5654 in
815 5600 921 5656 hac
950 5600 1067 5657 vita
1104 5596 1431 5658 extendere
1457 5600 1741 5665 videatur,
1765 5596 1996 5652 diversa

349 5670 547 5723 tamen
577 5673 665 5726 est
694 5669 840 5728 ratio
885 5689 1085 5730 eorum
1131 5678 1188 5729 et
1217 5674 1651 5735 damnatorum,
1675 5667 1813 5739 quia
1858 5683 1990 5723 cum

2105 4604 2736 4690 rem'ansis‘se‘l‘iberam
2776 4610 2909 4677 post
2946 4609 3271 4690 peccatum,
3306 4605 3757 4690 intelligendum

2104 4691 2220 4750 non
2250 4679 2337 4732 est
2367 4676 2437 4732 de
2467 4675 2733 4750 libertate
2762 4675 2887 4749 quae
2929 4675 3263 4750 necessitati
3302 4675 3645 4750 opponitur,
3672 4677 3756 4735 vel

2102 4745 2174 4802 de
2204 4751 2440 4820 potente
2466 4747 2598 4820 ipsa
2627 4745 2810 4804 libera
2842 4763 2856 4803 :
2890 4764 3130 4820 semper!
3171 4745 3492 4820 enim—eam
3527 4745 3757 4817 retinet,

2102 4820 2169 4872 ut
2196 4816 2416 4901 passim
2445 4816 2928 4901 docethugust.,
2961 4816 3064 4873 lib.
3096 4818 3162 4874 de
3188 4819 3403 4901 Spiritu
3449 4829 3501 4876 et
3553 4816 3757 4901 littera,

2102 4888 2234 4966 cap:
2247 4891 2352 4966 _33,
2384 4889 2485 4966 sed
2517 4889 2588 4945 de
2611 4888 2898 4966 libertate,
2932 4888 3365 4966 quaeservituti
3397 4893 3628 4964 peccati
3657 4888 3757 4966 opf

2100 4958 2339 5031 ponitur
2364 4959 2553 5034 :_h_anc
2574 4960 2731 5034 enim
2753 4958 2978 5034 certum
3001 4964 3214 5034 estper
3234 4958 3544 5034 peccatum
3565 4958 3758 5019 amitti

2101 5030 2235 5107 cum
2262 5030 2409 5087 servi
2432 5030 2862 5107 ﬁamus‘ipsius
2891 5030 3134 5107 peccati;
3157 5030 3254 5089 ita
3269 5038 3333 5089 ut
3358 5034 3431 5089 ab
3460 5050 3528 5091 eo
3562 5052 3671 5107 per
3697 5050 3758 5090 se

2100 5104 2159 5156 et
2186 5117 2255 5157 ex
2287 5102 2539 5187 propriis
2563 5101 2788 5158 viribus
2819 5101 2946 5187 non.
2979 5104 3277 5187 possimus
3302 5101 3759 5187 resurgere,_ant

2099 5187 2277 5243 opera
2287 5148 2538 5245 lpiel'atis'
2549 5189 2833 5240 exercere,
2848 5148 2949 5230 sed

2099 5242 2172 5316 de
2200 5260 2315 5316 quo
2344 5244 2572 5316 dictum
2595 5250 2684 5300 est
2707 5261 2720 5299 :
2742 5244 2807 5301 Si
2833 5247 3014 5302 Filius
3040 5262 3132 5302 vos
3155 5247 3496 5313 liberaverit,
3527 5264 3656 5304 vere
3685 5247 3755 5302 li-

2102 5315 2228 5391 beri
2243 5316 2401 5391 eritis
2427 5332 2446 5368 :
2478 5315 2620 5391 etin
2653 5316 2829 5391 hunc_
2850 5333 3088 5391 sgnum
3115 5316 3421 5391 vulgatum
3451 5317 3755 5391 illudsi:-

2099 5384 2322 5462 gustini
2354 5384 2636 5462 elogium,
2654 5403 2780 5459 cap.
2803 5388 2876 5462 3Q
2893 5384 3439 5462 Enchiridiizdebet
3463 5388 3712 5462 intelligi
3739 5405 3752 5442 :

2098 5455 2361 5533 Abutens
2382 5455 2557 5513 hoino
2578 5455 2760 5533 liberb
2782 5458 3019 5533 arbitrio
3045 5455 3298 5531 perdidit
3318 5464 3377 5515 et
3396 5461 3623 5533 ipsum,
3639 5455 3753 5516 n'on

2100 5526 2425 5603 secundum
2447 5529 2785 5603 essentiam,
2813 5530 2911 5603 sed
2929 5526 3099 5603 juxta
3118 5546 3247 5603 eam
3269 5526 3451 5603 quam
3474 5536 3612 5589 ante
3633 5548 3755 5603 pec-

2101 5600 2306 5673 cat_um_
2337 5597 2690 5673 sortiebatur
2730 5597 3166 5673 perfectionem.
3202 5597 3751 5672 Ita-Bellum.,’lib.

2100 5685 2136 5723 v
2164 5668 2234 5724 de
2268 5668 2454 5727 Gratia
2477 5678 2531 5727 et
2558 5668 3001 5731 libera'Arbitrio
3029 5689 3134 5746 per
3161 5676 3373 5730 totum.
