3896 6198
151 374 255 436 ιὸτ

1101 373 1334 437 LIBER
1376 370 1795 438 ADVERSUS
1836 368 2206 436 JOANNEM
2249 371 2589 438 SCORUM.

3430 376 3549 442 158

148 513 250 576 est,
263 506 354 565 cui
376 506 506 581 jam
523 505 597 564 de
625 504 740 564 hac
765 523 824 564 re
848 506 1118 581 superius
1145 509 1267 563 tam
1298 506 1487 564 multa
1507 522 1789 580 responsa
1815 503 1871 573 Α
1902 505 2198 575 rebus,vel
2232 506 2302 563 de
2326 507 2502 565 rebus
2534 507 2746 566 futuris
2770 519 2947 582 quam
2968 509 3548 582 praescientia,mani-

148 597 316 655 sunt?
334 597 457 653 Nisi
481 601 547 653 ut
568 596 619 653 si
640 597 1008 653 Christianus
1031 595 1118 652 vel
1139 613 1266 653 esse
1286 596 1373 653 vel
1396 595 1575 652 videri
1606 594 1789 667 cupit,

149 685 377 760 abjiciat
403 686 565 742 hunc
595 686 895 752 insanum,
930 685 1293 741 mortiferum
1315 701 1591 753 errorem,
1616 699 1790 757 quem

149 780 358 850 quanto
391 774 675 832 subtilius
702 774 813 832 sibi
831 774 1082 848 sequi,et
1100 790 1360 831 asserem
1374 774 1792 842 videtur,tanto

146 864 434 922 infelicius
465 881 502 921 a
532 863 766 921 diabolo
796 863 1114 920 includitur
1140 868 1196 919 et
1221 868 1569 930 exemeatur;
1602 866 1677 928 et,
1697 862 1794 918 ab-

140 953 307 1029 jectis
336 953 738 1010 humanarum
761 953 1240 1009 adinventionum
1283 950 1446 1008 falsis
1480 956 1536 1007 et
1580 950 1795 1007 fallaci-

148 1045 253 1101 bus
281 1042 866 1117 argumentis,totum
889 1058 950 1098 se
965 1040 1277 1115 Scriptura;
1308 1045 1521 1097 sanctae
1542 1039 1790 1107 veritati,

147 1136 200 1189 et
226 1130 769 1187 Ecclesiasticorum
804 1130 1041 1186 Patrum
1062 1128 1476 1197 auctoritati,et
1502 1128 1631 1184 ﬁdei
1657 1127 1796 1185 sim-

148 1219 386 1295 plicitati
431 1218 740 1275 humiliter
783 1218 1120 1286 submittat;
1155 1235 1249 1285 ne,
1282 1218 1424 1273 dum
1467 1217 1792 1273 libertatem

148 1325 309 1367 suam
359 1307 476 1365 sibi
530 1306 860 1373 committit,
886 1311 945 1363 et
987 1324 1021 1363 a
1063 1306 1292 1363 Christo
1334 1305 1570 1373 alienat,
1602 1322 1732 1361 vere
1762 1321 1797 1360 a

146 1398 370 1456 Christo
400 1396 646 1453 alienari
677 1400 987 1453 mereatur.
1006 1395 1321 1453 Maledictus
1341 1395 1498 1452 enim
1520 1396 1680 1451 homo
1699 1396 1799 1466 qui

149 1486 361 1560 conﬁdit
390 1488 451 1542 in
482 1487 722 1552 homine,
752 1493 805 1542 et
827 1487 985 1558 ponit
1015 1501 1239 1542 carnem
1282 1484 1567 1540 brachium
1613 1500 1794 1551 suum,

149 1585 198 1635 et
222 1593 256 1632 a
286 1577 523 1633 Domino
549 1574 750 1631 recedit
776 1590 869 1631 cor
895 1575 1012 1648 ejus
1033 1574 1163 1647 (Jer.
1209 1590 1347 1640 xvu,
1377 1574 1454 1641 5).
1479 1572 1797 1630 Benedictus

150 1672 324 1720 autem
371 1664 463 1719 vir
505 1664 607 1742 qui
650 1661 872 1733 conﬁdit
919 1663 981 1717 in
1024 1662 1275 1729 Domino,
1307 1668 1359 1717 et
1388 1662 1493 1716 erit
1537 1661 1799 1716 Dominus

149 1754 343 1826 ﬁducia
373 1753 497 1826 ejus
528 1751 712 1821 (Ibid,
743 1753 822 1821 7).

793 1901 1030 1959 CAPUT
1069 1901 1162 1957 IX.

222 2024 290 2096 (a)
323 2022 490 2078 Nono
521 2017 773 2093 capitulo
802 2017 911 2074 has
943 2016 1311 2074 deﬁnitiones
1338 2017 1501 2090 ponit
1534 2034 1547 2072 :

218 2114 269 2169 Ι.
302 2111 726 2169 Praescientiam
760 2116 812 2165 et
854 2107 1393 2180 praedestinationem
1436 2107 1802 2164 similitudine

154 2219 331 2259 rerum
351 2199 738 2273 temporalium
762 2197 833 2253 ad
861 2201 1031 2253 Deum
1062 2198 1370 2269 transferri.

217 2295 270 2347 2.
303 2292 367 2345 Et
396 2305 614 2346 omnem
656 2286 1193 2360 prwdestinationem
1228 2287 1636 2358 praescientiam
1664 2303 1796 2342 esse.

219 2380 277 2436 Si
306 2395 446 2452 ergo
478 2394 550 2433 ex
591 2394 703 2432 usu
750 2391 948 2430 rerum
981 2373 1411 2447 temporalium,
1446 2392 1573 2447 quae
1620 2374 1799 2430 trium

154 2474 481 2541 temporum
533 2464 866 2521 diversitate
907 2462 1227 2532 variantur,
1260 2462 1319 2519 id
1367 2468 1454 2519 est
1504 2463 1797 2536 praeteriti,

155 2555 455 2632 praesentis
486 2558 547 2611 et
575 2551 976 2626 futuri,magis
1007 2551 1077 2607 ad
1110 2551 1455 2624 temporalia
1485 2552 1797 2624 pertinent,

156 2647 249 2703 ubi
280 2651 400 2701 tam
434 2641 628 2699 multa
657 2642 856 2697 futura
883 2643 1332 2713 exspectantur:
1358 2640 1497 2713 quia
1533 2640 1803 2697 videlicet

158 2732 519 2809 prescientia
539 2736 595 2786 et
616 2728 1049 2803 praedestinatio
1071 2729 1301 2801 proprie
1323 2746 1518 2785 rerum
1539 2734 1627 2786 est
1648 2730 1803 2786 futu-

159 2841 348 2881 rarum
379 2840 392 2877 :
418 2821 580 2894 apud
600 2820 781 2876 Deum
802 2835 937 2873 vero
960 2818 1114 2874 sicut
1135 2816 1279 2872 nihil
1312 2822 1401 2875 est
1419 2818 1800 2892 prmteritum,

159 2914 235 2969 ita
263 2912 437 2968 etiam
472 2907 622 2964 nihil
656 2908 943 2973 futurum,
979 2905 1035 2960 in
1086 2906 1255 2977 cujus
1309 2910 1524 2962 aeterna
1560 2907 1806 2963 scientia

157 2999 502 3058 eternaliter
549 2997 748 3059 omnia
796 2994 1103 3068 przesentia
1132 3000 1290 3050 sunt.
1324 2997 1394 3051 Et
1439 2995 1652 3051 idcirco
1683 2996 1803 3053 haec

160 3091 270 3146 duo
292 3095 485 3161 magis
505 3084 1049 3156 translative,quam
1074 3086 1303 3157 proprie
1325 3085 1395 3140 ad
1410 3085 1591 3141 Deum
1608 3086 1806 3141 dicun-

160 3186 277 3248 tur;
296 3176 593 3251 quomodo
616 3176 724 3231 iste
741 3174 1012 3245 superius
1034 3177 1152 3228 tam
1179 3174 1509 3246 frequenter
1545 3174 1804 3230 deﬁnivit

160 3267 580 3341 priescientiam
613 3267 671 3320 et
704 3261 1276 3336 praedestinationem
1304 3280 1421 3319 non
1453 3263 1645 3319 solum
1676 3264 1799 3331 Dei,

160 3362 213 3413 et
241 3356 295 3411 in
323 3356 441 3411 Deo
474 3369 604 3409 esse
624 3352 799 3424 (quod
830 3350 1005 3406 etiam
1040 3367 1146 3405 nos
1178 3350 1470 3424 fatemur),
1495 3353 1596 3408 sed
1629 3352 1803 3409 etiam

159 3445 339 3519 ipsam
365 3440 759 3499 substantiam
790 3443 847 3495 et
867 3438 1181 3495 essentiam
1224 3438 1321 3494 Dei
1351 3441 1518 3497 esse?
1547 3442 1806 3514 Quapro-

160 3539 281 3607 pter
308 3531 357 3588 si
390 3532 520 3604 ipsc
552 3530 611 3584 in
644 3546 751 3585 sua
780 3526 1177 3600 disputatione
1199 3532 1318 3583 tam
1342 3530 1669 3586 contrarius
1692 3531 1804 3587 sibi

160 3626 259 3690 est,
293 3624 358 3676 ut
385 3619 547 3693 quod
578 3618 745 3690 prius
792 3617 1066 3683 afﬁrmat,
1102 3620 1303 3689 postea
1344 3618 1627 3685 destruat,
1662 3620 1802 3692 quid

160 3726 387 3768 necesse
418 3712 532 3776 est,
568 3711 635 3762 ut
661 3723 771 3763 nos
799 3706 927 3778 ejus
953 3706 1267 3761 vanitatem
1299 3723 1668 3776 evacuemus,
1703 3709 1803 3781 qui

163 3805 274 3855 tam
305 3801 440 3870 apte
466 3813 530 3853 se
561 3796 757 3867 ipsum
790 3794 1068 3850 evacuat?
1082 3794 1139 3849 Si
1163 3797 1361 3851 autem
1380 3794 1583 3867 aliqua
1604 3797 1806 3871 regula

163 3884 484 3960 sophisticae
515 3882 951 3956 disputationis,
964 3898 1140 3955 quam
1163 3882 1287 3955 ipse
1307 3883 1490 3940 solam
1514 3886 1802 3957 sequitur,

164 3974 286 4032 talis
314 3976 510 4042 est,ut
538 3970 698 4029 licite
730 3971 884 4043 apud
915 3969 1251 4027 smeularem
1275 3973 1623 4044 sapientiam
1646 3976 1801 4047 quod

161 4082 269 4121 uno
322 4063 452 4120 loco
502 4061 854 4127 afﬁrmatur,
886 4058 1069 4115 altero
1115 4060 1505 4129 subvertatur,
1539 4062 1639 4134 qui
1687 4079 1803 4119 non

159 4153 339 4210 videat
366 4166 551 4226 quam
574 4149 653 4206 sit
680 4148 1109 4205 contemnenda
1124 4152 1181 4205 et
1201 4148 1433 4222 penitus
1454 4150 1800 4222 abjicienda,

164 4242 255 4298 ubi
283 4240 445 4297 nulla
474 4243 567 4296 est
596 4237 847 4294 ﬁrmitas
896 4237 1176 4304 veritatis,
1210 4242 1267 4295 et
1315 4242 1437 4295 tam
1470 4239 1801 4312 impudens,

161 4336 271 4387 tam
300 4346 538 4404 procax,
569 4332 690 4383 tam
721 4324 991 4399 petulans
1021 4326 1262 4383 libertas
1290 4332 1381 4384 est
1411 4327 1704 4386 falsitatis.

225 4419 380 4486 Quod
408 4433 550 4474 vero
583 4415 664 4472 ait
688 4433 701 4471 :
724 4416 948 4472 Omnem
961 4415 1501 4487 praedestinationem
1515 4421 1809 4491 praescien-

162 4511 441 4575 tiamesse,
475 4523 547 4562 ex
574 4509 736 4578 parte
765 4521 967 4561 verum
997 4510 1086 4560 est
1117 4504 1353 4577 quidem
1379 4523 1391 4561 :
1417 4507 1564 4573 Quia
1611 4509 1806 4565 omnis

1900 593 2216 652 festissima
2246 596 2461 653 falsum
2487 602 2578 653 est
2601 616 2615 655 :
2640 598 2785 664 Quia
2808 600 3171 672 prmscientia
3191 600 3331 674 ipsa:
3353 619 3446 659 res
3466 604 3553 659 fu-

1898 686 2042 739 ture
2056 687 2463 742 tantummodo
2477 688 2882 759 praesciuntur;
2898 689 3408 761 praedestinatione
3417 708 3552 748 vero

1899 774 2079 829 etiam
2112 778 2471 842 statuuntur,
2505 776 2912 847 preﬁniuntur
2953 782 3010 834 et
3038 778 3451 836 decernuntur.
3484 781 3555 836 Et

1902 862 2032 918 ideo
2044 864 2474 935 praedestinatio
2487 864 2801 937 impiorum
2815 867 2887 922 ad
2900 866 3257 940 supplicium
3271 873 3552 925 aeternum

1903 968 2017 1007 non
2052 954 2463 1009 tantummodo
2480 953 2754 1026 praecivit,
2770 955 2869 1011 sed
2898 956 3074 1011 etiam
3099 957 3265 1027 justo
3293 962 3353 1013 et
3385 961 3554 1013 aeter-

1903 1057 1978 1096 no
2001 1040 2227 1113 judicio
2253 1041 2460 1097 statuit
2489 1058 2556 1097 ac
2586 1041 2895 1114 praeﬁnivit
2922 1043 3059 1116 quid
3085 1050 3279 1101 essent
3301 1046 3552 1119 passuri.

2563 1192 2793 1249 CAPUT
2831 1193 2897 1249 X.

1976 1307 2210 1364 Decimo
2241 1307 2495 1380 capitulo
2526 1311 2779 1380 quatuor
2821 1308 3191 1367 deﬁnitiones
3241 1311 3406 1383 ponit
3448 1311 3559 1368 hoc

1906 1398 2079 1453 modo
2114 1413 2128 1451 :

1979 1488 2029 1541 1.
2063 1487 2232 1542 Deum
2277 1488 2538 1558 praescire
2601 1492 2700 1541 aut
2743 1484 3138 1557 predestinare
3187 1497 3425 1560 peccata,
3476 1490 3561 1546 vel

1904 1584 2136 1655 mortem
2165 1576 2246 1631 vel
2270 1592 2460 1648 poenas
2488 1576 2777 1631 hominum
2804 1575 2887 1631 vel
2918 1576 3243 1645 angelorum
3270 1594 3305 1633 a
3334 1585 3558 1634 contra-

1905 1668 1992 1722 rio
2022 1665 2440 1735 intelligendum
2464 1666 2555 1720 sit.

1978 1757 2031 1810 2.
2066 1755 2260 1811 Omnes
2283 1754 2494 1809 malum
2520 1762 2817 1826 peccatum,
2844 1762 2895 1811 et
2921 1771 3141 1827 ptenan
3178 1756 3298 1827 ejus
3323 1771 3436 1814 esse
3465 1775 3482 1811 :
3512 1764 3567 1814 et

1830 1873 1878 1939 Β
1911 1844 2029 1939 haec
2057 1845 2202 1939 nihil
2220 1860 2332 1901 esse
2353 1844 2405 1916 (ὸ
2410 1846 2456 1939 )ἒ

1979 1935 2033 1989 3.
2065 1935 2374 2000 Peccatum,
2405 1934 2628 2005 ejusque
2649 1934 3058 2006 consequentias
3087 1935 3148 1989 in
3192 1942 3368 1991 morte
3401 1942 3566 2007 atque

1907 2024 2134 2079 miseria
2164 2025 2500 2088 constitutas,
2524 2038 2635 2078 non
2663 2022 2821 2078 aliud
2848 2038 2961 2078 esse
2988 2038 3155 2094 quam
3182 2024 3418 2092 integra
3434 2024 3567 2081 vitae

1910 2112 2189 2183 beataeque
2210 2112 2605 2182 eorruptiones,
2639 2112 2720 2166 ita
2747 2118 2810 2166 ut
2846 2112 3072 2181 singula
3118 2112 3357 2181 singulis
3401 2128 3565 2185 oppo-

1907 2209 2132 2257 nantur.
2161 2201 2473 2269 Integritati
2501 2199 2722 2272 quidem
2747 2208 3048 2272 peccatum,
3081 2202 3214 2257 vitee
3241 2217 3404 2267 mors,
3440 2204 3566 2258 bea-

1908 2290 2139 2346 titudini
2159 2290 2407 2345 miseria.
2440 2289 2552 2344 Illa
2578 2296 2727 2353 sunt,
2761 2288 2880 2345 haec
2904 2290 3125 2360 penitus
3154 2304 3260 2344 non
3290 2298 3438 2345 sunt.

1981 2380 2031 2433 4.
2065 2378 2289 2435 Omnem
2315 2392 2589 2449 perversa:
2615 2378 2913 2433 voluntatis
2941 2377 3208 2449 defectum
3252 2379 3337 2434 vel
3376 2381 3564 2450 priva-

1908 2469 2109 2523 tionem
2138 2468 2223 2523 vel
2252 2474 2547 2537 peccatum,
2580 2467 2813 2538 ﬁnisque
2844 2468 3019 2538 ipsius
3045 2482 3193 2522 mors
3235 2469 3568 2540 miseriaque

1908 2557 2305 2629 suppliciorum
2331 2563 2670 2612 aeternorum
2690 2557 2915 2612 omnino
2935 2555 3081 2611 nihil
3102 2572 3241 2626 esse;
3265 2573 3330 2613 ac
3349 2574 3451 2630 per
3469 2558 3567 2613 hoc

1907 2663 2007 2702 nec
2033 2646 2305 2717 praesciri,
2336 2660 2435 2700 nec
2461 2644 2873 2716 praedestinari.

1980 2736 2122 2790 Ecce
2152 2733 2224 2788 ad
2257 2733 2400 2805 quid
2434 2734 2716 2805 perducta
2745 2737 2835 2789 est
2864 2732 2981 2789 ista
2998 2733 3288 2790 diabolica
3307 2733 3567 2806 disputa-

1911 2824 2016 2890 tio,
2050 2826 2114 2878 ut
2142 2822 2320 2878 homo
2348 2821 2449 2894 qui
2480 2821 2605 2877 vult
2626 2820 2806 2877 videri
2840 2821 3493 2896 Christianus,paganis
3509 2827 3569 2879 et

1911 2911 2218 2968 diabolicis
2249 2909 2862 2984 argumentationibus
2892 2927 3128 2966 omnem
3178 2911 3352 2966 ﬁdem
3388 2928 3565 2983 praes-

1912 2999 2136 3056 eientize
2169 3003 2225 3055 et
2255 2997 2785 3071 predestinationis
2808 2998 3174 3071 divinaeque
3197 2998 3408 3072 impios
3427 3017 3567 3071 pree-

1913 3089 2080 3145 scivit
2108 3093 2165 3145 et
2186 3087 2619 3161 praedestinavit
2639 3105 2767 3144 esse
2790 3089 3476 3161 damnandos,quantum
3503 3087 3563 3143 in

1914 3196 1975 3235 se
2002 3182 2110 3243 est,
2128 3179 2426 3233 subvertat
2454 3181 2510 3231 et
2541 3177 2950 3242 destruat,non
2982 3176 3172 3233 solum
3196 3178 3430 3249 justum
3462 3177 3564 3233 Dei

1906 3268 2287 3341 judicium,et
2307 3270 2591 3321 aeternum
2607 3270 2781 3338 atque
2801 3265 3278 3322 incommutabile
3291 3267 3418 3338 ejus
3435 3282 3569 3322 con-

1915 3357 2113 3413 silium
2148 3357 2204 3411 in
2252 3372 2455 3411 eorum
2502 3355 2878 3411 damnatione
2908 3371 3226 3423 evacuans;
3259 3356 3361 3411 sed
3388 3355 3567 3411 etiam

1915 3449 2239 3519 peccatum,
2263 3449 2321 3501 et
2342 3460 2577 3500 omnem
2608 3460 2838 3516 poenam
2871 3460 2938 3499 ac
2967 3443 3405 3501 damnationem
3436 3460 3566 3517 quas

1915 3538 2218 3608 peccatum
2250 3536 2564 3589 consecuta
2594 3531 2908 3600 sunt,nibil
2940 3549 3070 3589 esse
3098 3533 3566 3589 contendens.Ae

1914 3640 2020 3696 per
2046 3622 2175 3688 hoc,
2192 3622 2333 3694 quia
2362 3619 2507 3676 nihil
2541 3620 2680 3686 sint,
2697 3635 2802 3675 nec
2827 3618 3080 3692 prmsciri
3104 3637 3137 3675 a
3162 3620 3412 3687 Deo,nec
3430 3636 3569 3693 prae-

1913 3709 2198 3766 destinari
2248 3708 2526 3782 potuisse.
2560 3710 2649 3763 Ita
2692 3712 2759 3763 ut
2791 3708 3128 3781 ubicunque
3158 3707 3219 3763 in
3249 3707 3568 3780 Seripturis

1913 3797 2155 3865 sanctis,
2189 3796 2310 3852 sive
2337 3797 2395 3851 in
2427 3794 2804 3868 dogmatibus
2835 3794 3071 3849 Patrum
3101 3793 3243 3850 talia
3265 3794 3568 3866 praescisse

1911 3890 1969 3943 et
1996 3886 2445 3958 przedestinasse
2475 3882 2713 3955 legitur,
2746 3900 2781 3939 a
2809 3882 3101 3939 contrario
3130 3882 3316 3955 accipi
3336 3883 3564 3950 debeat,

1910 3975 1970 4031 id
1992 3978 2080 4031 est
2104 3978 2169 4029 ut
2189 3974 2429 4030 omnino
2448 3989 2516 4028 ea
2537 3988 2643 4028 nec
2665 3970 2971 4044 praescisse
2992 3987 3098 4026 nec
3118 3971 3569 4044 praedestinasse

1911 4062 2292 4137 intelligatur.
2307 4061 2469 4127 Quod
2492 4060 2626 4133 quis
2647 4064 2735 4116 est
2755 4059 2914 4115 aliud
2940 4059 3345 4131 dieere,quam
3368 4064 3568 4132 aperte

1912 4151 2209 4209 insanire?
2223 4150 2365 4218 Quis
2386 4148 2543 4206 enim
2564 4165 2830 4221 unquam
2856 4147 3118 4204 ﬁdelium
3135 4147 3222 4204 vel
3246 4148 3465 4205 sentire
3477 4148 3566 4204 vel

1915 4241 2107 4297 dicere
2131 4238 2507 4313 praesumpsit
2532 4237 2673 4309 quia
2704 4238 2860 4310 quod
2892 4237 3043 4293 dixit
3069 4235 3306 4303 veritas,
3329 4252 3447 4293 non
3476 4241 3569 4293 est

1911 4332 2157 4398 veritas;
2190 4329 2345 4402 quod
2376 4328 2578 4383 docuit
2610 4328 2775 4396 ﬁdes,
2801 4326 3018 4383 falsum
3041 4330 3161 4394 est;
3185 4327 3342 4399 quod
3363 4340 3567 4382 omnes

1914 4422 2160 4478 credunt
2190 4417 2412 4485 ﬁdeles,
2437 4415 2584 4471 nihil
2614 4421 2723 4472 est.
2748 4416 2915 4472 Certe
2936 4416 3047 4472 iste
3072 4419 3382 4488 propterea
3421 4415 3566 4481 haec,

1915 4511 1974 4566 id
2006 4513 2095 4565 est
2125 4510 2427 4580 peccatum
2460 4508 2517 4559 et
2545 4519 2781 4560 omnem
2812 4519 3067 4576 pmnam,
3091 4518 3157 4558 ac
3188 4501 3571 4567 miseriam,et

161 4594 585 4670 praedestinatio
605 4594 935 4649 futurorum
948 4609 1065 4649 non
1079 4594 1203 4649 sine
1226 4595 1808 4671 praescientiasit,per
1836 4604 1885 4671 ι)
1915 4592 2425 4659 calamitatem,vel
2450 4591 2833 4665 temporalem
2856 4591 2944 4648 vel
2974 4597 3251 4647 aeternam
3274 4589 3418 4645 nihil
3441 4606 3570 4646 esse

161 4702 325 4757 quam
357 4685 492 4757 ipsa
519 4682 718 4739 futura
746 4683 1155 4755 presciuntur.
1173 4684 1284 4739 Sed
1318 4684 1366 4739 si
1398 4684 1508 4741 hoc
1539 4685 1666 4741 ideo
1713 4688 1800 4742 di-

162 4778 305 4830 ctum
335 4771 595 4845 est,quia
616 4772 663 4828 si
686 4770 831 4827 nihil
852 4771 1110 4844 amplius
1130 4775 1265 4846 agat
1285 4774 1720 4845 praedestinatio
1744 4776 1801 4832 in

1911 4682 2384 4756 contendit,quia
2413 4699 2526 4737 non
2552 4681 2772 4737 habent
2792 4680 3109 4737 essentiam
3147 4678 3209 4734 in
3235 4678 3569 4751 semetipsis

1912 4773 2197 4834 existendi
2217 4770 2305 4828 vel
2323 4770 2704 4838 subsistendi,
2721 4768 2875 4825 sicut
2906 4768 3169 4824 videmus
3191 4767 3407 4823 habere
3435 4767 3546 4823 sub

1149 4914 1365 4971 NOTJE
1401 4913 1749 4974 DUVALLII
1785 4917 2137 4977 DOCTORIS
2176 4911 2577 4971 SORBONICI.

214 5019 293 5102 .(a)
316 5019 549 5102 integro
571 5018 669 5075 illo
689 5020 879 5092 capite
899 5019 1179 5102 suggiliat
1196 5021 1504 5102 Erigenam
1527 5023 1682 5102 quod
1707 5040 1799 5095 pe-

162 5091 630 5171 stilentissimum
644 5107 901 5171 errorem
916 5091 1375 5171 introdueatq—ui
1389 5091 1606 5171 effrena
1626 5091 1803 5150 licen-

163 5161 235 5231 tia
260 5162 539 5218 omnibus
557 5161 715 5217 vitiis
732 5165 789 5217 et
816 5161 1136 5219 sceleribus
1152 5161 1413 5218 habe—nas
1434 5162 1602 5218 laxet.
1618 5170 1803 5231 Quem

164 5228 327 5287 latius
358 5231 549 5288 multo
578 5232 756 5288 hocce
789 5232 1119 5289 miserrimo
1163 5232 1373 5289 szeculo
1423 5228 1805 5291 introducunt

407 5302 752 5377 nostri,_qui
785 5302 1110 5376 quamlibet
1136 5304 1284 5377 legis
1321 5303 1735 5377 obligationem
1771 5325 1805 5363 a

166 5370 409 5428 ﬁdelium
439 5370 767 5429 cervicibus
797 5370 997 5430 arcent
1030 5391 1044 5429 :
1077 5370 1476 5433 aute'libertas'
1487 5379 1577 5431 est
1605 5378 1802 5433 carnis

166 5458 271 5523 non
308 5444 575 5523 spiritus,
610 5444 865 5523 ﬁliorum
911 5444 1128 5523 diaboli
1178 5463 1294 5502 non
1341 5446 1471 5514 Dei;
1501 5446 1671 5507 ἀθαξία
1702 5450 1801 5504 de-

164 5516 357 5587 nique,
379 5516 589 5587 quavis
620 5516 899 5587 servitute
929 5516 1216 5572 miserior.

247 5587 297 5655 b)
319 5585 478 5643 Hanc
501 5586 768 5641 haeresim
788 5585 901 5642 isto
925 5592 1123 5643 nostro
1146 5586 1356 5643 seculo
1376 5589 1448 5643 ab
1470 5587 1673 5644 inferis
1704 5590 1800 5645 de-

165 5656 269 5713 nuo
283 5656 649 5742 suscitarunt
667 5657 980 5723 Quintinus
1002 5658 1331 5731 etrCopinus
1354 5659 1608 5715 Sudores
1633 5658 1800 5715 Flan-

1910 5024 2024 5092 dri,
2054 5041 2090 5098 _a
2133 5017 2434 5098 catholicis
2485 5014 3123 5098 proptereanLiber‘tini
3183 5012 3355 5098 dicti;
3387 5013 3447 5069 id
3478 5019 3568 5069 est

1914 5087 2073 5168 quod
2104 5095 2407 5165 peccatum
2441 5087 2747 5143 nihiliesse
2776 5087 3036 5141 dicerent
3084 5089 3294 5156 praeter
3332 5087 3563 5140 inanem

1913 5172 1970 5222 et
1998 5164 2206 5243 falsum
2226 5160 2563 5243 opinionom
2591 5176 2605 5212 :
2626 5157 2835 5243 deinde
2852 5174 2966 5243 npn
2986 5156 3195 5243 debere
3209 5154 3564 5243 ‘reprehre‘ndi

1911 5254 2011 5293 cos
2036 5226 2459 5308 quigoceidunt,
2477 5228 2863 5308 (amoliantur,
2883 5228 3180 5308 furantur:
3206 5226 3566 5308 tertio,Ch_ri-

1913 5297 2071 5363 .ctum
2103 5301 2247 5360 nihil
2278 5317 2407 5356 esse
2439 5300 2553 5354 nisi
2586 5298 2805 5368 aliquid
2831 5297 3223 5369 compositum
3255 5314 3323 5352 ex
3343 5297 3561 5368 Spiritu

1911 5379 2008 5434 Dei
2042 5381 2099 5433 et
2119 5373 2423 5446 opinione;
2448 5368 3237 5446 quarto_angelos,dzemones
3256 5375 3316 5446 e_t
3336 5369 3565 5446 animas

1913 5447 2057 5504 nihil
2088 5438 2406 5507 esse.Quos
2436 5438 2667 5495 etiamsi
2698 5438 2975 5495 detestari
2999 5456 3061 5495 se
3090 5440 3247 5495 dicat
3266 5438 3559 5506 Calvinus,

1911 5518 2085 5575 editis
2116 5512 2331 5569 libellis
2362 5512 2643 5583 adversus
2672 5526 2790 5575 eos,
2824 5526 2894 5566 ex
2945 5512 3073 5583 ejus
3122 5508 3563 5583 tamengschola

1910 5595 2191 5660 tanquam
2324 5598 2480 5660 equo
2504 5581 2761 5660 Trojano
2787 5581 3026 5660 certum
3039 5586 3133 5660 est
3163 5581 3471 5660 prodiisse.
3498 5612 3562 5622 —

1911 5651 2206 5721 Bellium,
2239 5652 2341 5708 lib.
2373 5651 2415 5707 i1
2446 5654 2519 5708 de
2553 5651 2879 5709 Amissione
2907 5651 3124 5725 gratiae,
3158 5651 3286 5724 cap.
3320 5653 3374 5707 l.
